3966 6426
1496 629 1669 675 ANNO
1719 630 1945 675 DOMINI
1992 632 2170 676 MCIV.

642 830 1280 1033 VEN.
1451 829 3034 1044 GUIBERTUS

249 1154 770 1259 ABBAS
855 1154 1481 1259 SANCTPE
1565 1157 2098 1262 MARLE
2183 1159 2379 1263 DE
2438 1125 3412 1272 NOVIGENTO.

1114 1493 1928 1619 GUIBEBTI
2011 1493 2583 1620 OPERA

67 1747 424 1812 Prodennt
477 1766 658 1811 nunc
706 1746 1004 1828 primum
1055 1748 1124 1809 in
1174 1746 1396 1810 lucem
1444 1765 1583 1810 una
1626 1763 1782 1810 cum
1830 1746 2202 1828 appendice
2253 1746 2334 1809 ad
2387 1747 2638 1809 librum
2704 1748 2986 1810 tertium
3032 1746 3120 1812 De
3182 1747 3331 1812 Vita
3377 1748 3601 1831 ipsius

153 1838 498 1901 nimirum
540 1836 905 1900 llermanni
935 1836 1251 1898 monachi
1282 1835 1432 1898 libri
1480 1841 1646 1912 tres,
1698 1834 1787 1899 De
1836 1834 2183 1899 miraculis
2228 1834 2295 1900 S.
2346 1834 2594 1914 Mariae,
2633 1835 2777 1899 sive
2829 1835 2918 1900 De
2970 1838 3403 1919 reparatione
3439 1837 3605 1902 Lan-

151 1926 503 1990 dunensis
535 1925 877 1998 ecclesiae;
936 1924 1018 1988 De
1089 1923 1308 1987 Geslis
1355 1923 1832 1987 Bartholomaei
1889 1925 2235 2007 episcOpi;
2290 1944 2365 1987 ac
2420 1926 2501 1987 De
2548 1925 2818 2004 origine
2870 1930 2936 1989 et
2975 1926 3396 1990 incremento
3433 1926 3604 1991 Prae-

150 2015 696 2078 monstralensis
729 2013 1014 2076 ordinis.
1055 2012 1221 2076 Item
1265 2012 1451 2077 Nolae
1478 2020 1541 2077 et
1574 2014 2093 2077 observationes
2140 2013 2432 2077 vetustis
2465 2014 2933 2077 monumentis
2966 2015 3233 2078 refertae
3274 2016 3357 2077 ad
3391 2034 3597 2097 quos-

152 2104 317 2166 dam
351 2103 427 2167 V.
468 2102 765 2166 Guiberli
808 2102 1043 2165 libros.
1092 2137 1181 2150 —
1211 2100 1329 2165 His
1364 2101 1694 2165 accedunt
1741 2102 2203 2166 additamenta
2251 2103 2322 2165 in
2372 2103 2621 2184 quibus
2654 2101 2819 2166 Vitae
2854 2101 2922 2167 S.
2973 2101 3347 2180 Geremari,
3384 2103 3454 2168 B.
3502 2105 3601 2170 Si-

149 2194 394 2255 monis
438 2192 707 2255 comitis
741 2189 1233 2272 Crespeiensis,
1264 2196 1330 2255 et
1361 2190 1428 2255 S.
1462 2190 1848 2271 Salaberga:
1879 2192 2281 2265 abbatissae;
2318 2210 2442 2254 nec
2484 2210 2620 2254 nou
2672 2190 2979 2270 Hugonis
3012 2191 3599 2272 Rothomagensis

151 2281 660 2363 archiepiscopi
692 2280 844 2343 libri
874 2285 1014 2342 tres
1051 2279 1459 2359 Dogmatum
1492 2278 1887 2344 Christiana:
1919 2280 2076 2343 fidei
2125 2287 2363 2343 contra
2412 2280 2770 2343 haereticos
2795 2281 2903 2345 sui
2934 2281 3307 2365 temporis;
3362 2288 3427 2346 et
3478 2281 3598 2346 Ro-

150 2370 335 2433 berti
370 2373 454 2433 de
486 2368 715 2433 Monte
738 2369 1189 2432 Accessiones
1219 2374 1421 2451 atque
1444 2368 1799 2452 Appendix
1827 2386 2159 2449 germana
2190 2369 2271 2432 ad
2314 2367 2759 2449 Sigibertum.

68 2543 318 2609 Omnia
356 2540 582 2609 studio
621 2554 687 2609 et
713 2564 914 2632 opera
942 2538 1174 2609 damni
1204 2545 1393 2609 Luca:
1430 2540 1549 2609 d’A
1563 2541 1788 2633 chery,
1830 2539 2146 2609 monachi
2188 2540 2594 2609 Benedictini
2628 2543 3158 2635 congregationis
3199 2546 3270 2612 S.
3326 2544 3578 2612 Mauri.

266 2734 543 2803 (Lutetiae
577 2731 947 2801 Parisiorum,
979 2732 1309 2803 sumptibus
1336 2731 1573 2788 Joannis
1602 2732 1862 2798 Billaine,
1887 2732 1983 2789 via
2010 2733 2292 2800 Jacobzea,
2325 2733 2433 2790 sub
2466 2734 2629 2804 signo
2660 2732 2715 2789 S.
2751 2734 3086 2807 Augustini,
3124 2734 3390 2805 MDCLI.)

1282 3055 2405 3229 PBOLEGOMENA.

1536 3276 2131 3350 AMPLISSIMO

845 3467 1116 3591 DD.
1235 3464 2183 3592 MATTH/EO
2302 3467 2411 3591 M

1242 3464 2183 3592 ΜΑΤΤΗᾸΕΟ
2302 3448 2808 3593 MOLE

1251 3683 1560 3739 SENATUS
1603 3683 2034 3740 PARISIENSIS
2077 3685 2399 3741 PRINCIPI.

118 3873 246 3942 Quo
275 3873 522 3930 tandem
551 3872 766 3939 animo,
827 3878 1203 3942 protopraeses
1246 3868 1616 3939 amplissime,
1672 3868 1986 3926 Guibertus
2032 3868 2125 3925 hic
2172 3878 2362 3927 noster
2408 3871 2605 3928 orbem
2654 3872 2846 3930 denuo
2893 3873 3143 3931 lustrare
3195 3878 3420 3947 gestiat,
3473 3892 3591 3935 non

45 3965 184 4021 satis
213 3962 363 4020 mihi
394 3968 756 4032 compertum
809 3959 1046 4016 minime
1080 3958 1385 4015 difﬁtebor.
1428 3958 1553 4013 Jam
1594 3972 1696 4028 per
1729 3957 1912 4014 multa
1941 3965 2266 4028 temporum
2299 3960 2594 4017 curricula
2626 3961 2682 4017 in
2717 3961 3075 4020 bibliothecae
3117 3965 3433 4035 tranquilla
3464 3973 3590 4022 sta-

48 4054 200 4109 tione
231 4051 467 4122 positus
499 4050 811 4106 dormierat
842 4048 991 4105 inter
1019 4056 1277 4104 mortuos
1307 4046 1451 4103 liber
1474 4046 1825 4116 Guibertus;
1860 4048 1994 4117 quis
2041 4048 2344 4104 suscitavit
2380 4063 2512 4105 eum
2536 4048 2565 4105 ?
2617 4049 2779 4107 Certe
2824 4051 3059 4122 quidem
3092 4066 3209 4109 non
3254 4053 3373 4109 odit
3403 4053 3591 4111 lucem

48 4141 151 4213 qui
181 4154 428 4197 summo
472 4137 668 4195 labore.
699 4146 755 4194 et
801 4151 945 4194 cura
1000 4136 1359 4207 permaxima
1410 4143 1491 4192 tot
1547 4136 1845 4206 pestiferas
1898 4137 2006 4192 aevi
2036 4136 2127 4193 sui
2160 4151 2424 4194 errorum
2480 4137 2893 4211 baereseonque
2923 4142 3190 4199 tenebras
3219 4157 3251 4197 e
3296 4143 3591 4200 mentibus

48 4231 362 4287 hominum
395 4236 455 4284 et
479 4240 673 4283 coram
702 4234 757 4283 et
788 4226 1020 4297 scriptis
1049 4224 1409 4296 propulsare,
1441 4231 1618 4295 atque
1650 4224 1833 4281 divini
1864 4224 2024 4281 verbi
2055 4239 2123 4281 ac
2166 4224 2499 4297 theologicae
2527 4228 2787 4284 veritatis
2828 4229 3193 4299 praeconibus
3224 4229 3403 4286 facem
3434 4245 3589 4301 pra:-

47 4318 194 4376 ferre
222 4333 344 4376 non
373 4316 620 4374 destitit:
651 4323 715 4373 ut
755 4315 964 4373 coast/is
1010 4315 1204 4383 verbo,
1255 4314 1341 4370 sic
1386 4321 1441 4370 et
1492 4315 1733 4384 posteris
1762 4328 1922 4370 nunc
1960 4314 2191 4383 scripto,
2243 4328 2392 4371 novo
2431 4314 2597 4385 quasi
2648 4323 2856 4372 exortu
2917 4315 3193 4389 aﬂulgeat
3230 4318 3588 4389 sapientissi—

46 4423 178 4465 mus
205 4408 440 4475 abbas;
474 4419 690 4462 memor
737 4403 1141 4475 sapientissimi
1194 4402 1346 4475 regis
1382 4401 1558 4471 citati,
1613 4402 1730 4459 imo
1787 4401 2093 4472 Sapientiae
2141 4402 2412 4458 increatae
2444 4424 2460 4457 .-
2512 4405 2808 4473 Sapientia
2832 4406 3176 4474 abscondita,
3214 4412 3265 4460 et
3297 4409 3587 4464 thesaurus

43 4499 277 4565 invisus,
330 4509 463 4566 qua?
503 4496 715 4550 utilitas
761 4496 822 4548 in
879 4495 1128 4564 utrisque
1180 4494 1254 4562 (l)
1317 4491 1588 4548 Attamen
1633 4488 1894 4548 meminit
1936 4492 2125 4548 doctus
2172 4490 2274 4547 iste
2302 4492 2520 4558 Scriba,
2553 4492 2657 4563 qui
2684 4496 2896 4563 pro/ert
2928 4495 2995 4548 de
3037 4496 3290 4550 thesauro
3318 4511 3415 4551 suo
3445 4511 3584 4551 nova

44 4591 299 4641 etvetera
335 4583 444 4656 (2),
470 4583 625 4654 quod
657 4582 869 4639 veritas
896 4581 1095 4638 odium
1133 4581 1339 4651 pariat,
1375 4580 1532 4651 quod
1590 4586 1646 4635 et
1687 4578 1845 4635 omni
1897 4581 2108 4637 szeculo
2163 4595 2276 4637 non
2330 4579 2517 4637 desint
2563 4584 2662 4651 qui
2710 4583 3041 4638 maledicunt
3085 4583 3199 4638 diei
3225 4584 3321 4654 (3),
3355 4585 3589 4656 quique

47 4673 338 4747 fugientes
371 4674 585 4741 lucem,
618 4673 846 4744 privata
884 4686 955 4728 ne
984 4679 1314 4742 arguantur
1340 4685 1534 4741 opera,
1578 4670 1823 4725 aliorum
1872 4668 2153 4724 insultant
2201 4668 2492 4738 operibus.
2525 4669 2649 4736 Quo
2681 4679 2846 4738 pacto
2879 4672 3075 4743 itaque
3124 4680 3240 4729 tam
3292 4673 3586 4731 diuturnae

49 4765 224 4834 quieti
256 4762 591 4819 valedicere
624 4775 739 4818 non
769 4762 978 4818 timet?
1001 4759 1192 4828 Quare
1218 4759 1433 4815 nedum
1466 4759 1774 4823 lucentem,
1802 4756 1900 4813 sed
1938 4764 2279 4828 arguentem
2317 4757 2491 4814 audet
2537 4758 2690 4813 hisce
2720 4759 3077 4829 temporibus
3120 4760 3346 4831 aperire
3383 4761 3588 4818 verita-

48 4858 157 4908 tem
185 4851 214 4906 ?
242 4852 552 4920 Quantum
584 4850 767 4921 capio,
813 4857 1190 4921 protopraases
1220 4847 1627 4914 illustrissime,
1664 4847 1811 4902 idem
1843 4860 1960 4916 quo
2010 4859 2153 4901 usus
2182 4853 2267 4902 est
2295 4846 2432 4902 dum
2486 4846 2543 4903 in
2573 4846 2723 4903 vivis
2752 4855 2967 4918 ageret,
3017 4863 3177 4906 nunc
3203 4848 3376 4906 etiam
3414 4851 3586 4907 adhi-

50 4940 179 4997 bere
205 4939 527 4997 consilium
557 4939 713 4995 ducit
760 4946 1175 5009 opportunum.
1230 4937 1378 4993 Dum
1408 4936 1619 4992 etenim
1676 4934 1837 5006 operi
1889 4933 2145 5004 cuipiam
2202 4942 2522 4990 extremam
2582 4949 2822 4991 manum
2878 4936 3262 5006 imposuisset,
3295 4937 3584 5010 velletque

42 5030 400 5100 jurist‘acere
440 5027 677 5099 publici,
729 5027 872 5083 nihil
922 5026 1126 5083 habuit
1179 5024 1482 5095 antiquius
1536 5037 1713 5095 quam
1772 5030 1834 5078 ut
1882 5035 2189 5093 procerum
2220 5022 2446 5078 animos
2475 5023 2579 5078 sibi
2613 5023 2951 5090 devinciret,
3007 5034 3397 5098 patronosque
3428 5030 3583 5084 omni

50 5118 155 5173 ﬁde
183 5119 443 5190 majores
473 5130 595 5171 sure
625 5123 986 5186 compararet
1028 5115 1328 5173 doctrinae.
1360 5127 1493 5183 quae
1539 5112 1693 5180 (licet
1723 5110 1815 5168 SS.
1849 5112 2085 5167 Patrum
2134 5111 2365 5181 scriptis
2409 5112 2645 5167 omnino
2678 5112 3059 5181 consentiens,
3111 5114 3270 5186 quod
3299 5114 3430 5171 altis
3461 5115 3584 5172 hae-

49 5214 235 5262 rentes
265 5204 572 5261 radicibus
599 5217 844 5266 errores.
881 5217 1066 5259 mores
1097 5216 1398 5272 perversos
1435 5215 1502 5257 ac
1532 5200 1783 5257 nefarios
1834 5213 1979 5256 usus
2038 5200 2351 5269 impeteret)
2402 5215 2570 5271 passa
2624 5210 2769 5257 esset
2804 5200 3149 5271 periculum,
3197 5203 3258 5260 ni
3292 5203 3579 5273 prodeun-

51 5303 158 5351 tem
190 5294 506 5352 sublimior
540 5300 725 5349 tutata
755 5292 953 5349 fuisset
1004 5291 1341 5348 auctoritas.
1375 5290 1524 5358 Quid
1577 5304 1714 5361 ergo
1765 5290 1981 5346 mirum
2021 5289 2069 5342 si
2102 5297 2297 5343 nostra
2345 5289 2454 5345 hac
2486 5290 2607 5359 ipsa
2639 5297 2968 5360 tempestate
2996 5291 3225 5347 nonnisi
3274 5292 3579 5363 cujusdam

52 5384 291 5441 vindicis
324 5382 600 5439 acerrimi
630 5381 1162 5453 sapientissimique
1217 5379 1396 5437 frctus
1454 5379 1728 5449 auspiciis
1760 5379 1818 5434 in
1873 5376 2172 5448 publicum
2209 5377 2438 5447 prodire
2470 5378 2748 5435 detrectat
2772 5378 2801 5434 7
2827 5378 3043 5437 Verum
3078 5380 3377 5437 enimvero
3403 5392 3577 5449 quem

118 5544 199 5615 (1)
228 5544 400 5615 Ecclt'.
439 5557 553 5610 xu,
591 5542 677 5597 l7.

123 5614 189 5684 (2)
221 5614 430 5673 Matth.
463 5628 587 5670 xm.

121 5685 195 5758 (3)
223 5687 323 5742 Job
355 5699 435 5748 ut,
469 5688 503 5741 8

416 5777 698 5843 ΡΑτειοιι.
754 5774 929 5839 CLVI
944 5826 956 5840 .

3224 5775 3248 5834 1
