3966 6416
398 384 458 441 ll
751 431 762 438 .
1269 382 1328 436 ν.
1368 379 1767 437 GUIBERTUS
1801 379 1964 436 ΑΒΜ

2361 378 2391 433 Ε
2429 379 2519 435 DE
2560 379 2966 436 NOVIGENTO.
3850 384 3927 437 1‘2

393 515 602 574 amabo
631 513 1006 571 strenuiorem
1039 520 1093 569 te
1119 512 1639 584 sapientiorcmque
1687 509 1967 566 desideret
2013 507 2420 564 solertissimus
2474 508 2698 565 abbas?
2756 509 2955 580 Neque
2985 524 3151 580 porro
3183 509 3240 566 in
3281 509 3389 566 hac
3417 511 3924 582 gravissimorum

393 585 713 674 temporum
768 602 1035 675 procella,
1069 603 1169 659 ubi
1201 602 1494 658 anxiferas
1544 599 1957 670 Amplitudinis
2007 599 2146 654 Tuas
2201 611 2372 652 curas
2429 598 2695 663 advertit,
2749 600 2965 669 quibus
3002 613 3114 654 non
3147 599 3314 655 modo
3367 600 3710 671 reciprocati
3756 601 3925 672 juris

392 693 812 749 controversias
840 691 1234 762 clientumque
1264 704 1354 746 res
1384 689 1554 760 geris,
1585 689 1678 743 sed
1716 687 1966 744 universi
1993 699 2227 757 quoque
2259 686 2420 756 regni
2469 688 2744 758 prospicis
2769 688 2964 754 saluti,
2996 702 3312 758 suspensus
3345 689 3524 745 hzeret
3554 690 3671 746 tuis
3703 691 3923 744 sistere

393 794 452 836 se
485 779 823 849 liminibus;
850 793 1039 850 neque
1070 779 1216 835 lasso
1256 778 1547 849 negotium
1592 776 1864 832 facessere
1898 782 2166 841 veretur;
2200 774 2242 830 si
2277 775 2508 845 quidem
2555 791 2672 846 quo
2709 777 2878 846 pollet
2908 776 3122 847 ingenii
3183 777 3401 834 lumine
3446 785 3500 834 te
3545 777 3713 834 novit
3744 780 3916 834 omni

392 877 447 925 et
477 868 653 924 animi
678 876 733 924 et
750 868 959 924 virium
1001 866 1364 924 contentione
1396 865 1747 937 superiorem
1803 865 2088 919 evasisse:
2142 862 2308 919 scivit
2362 870 2654 920 tantorum
2698 865 3060 936 negotiorum
3094 865 3240 920 mole
3267 866 3540 934 recreari,
3583 881 3918 938 nunquam

392 970 528 1012 vero
557 956 794 1026 deprimi
831 956 1272 1012 invictissimum
1303 955 1478 1012 Mona.

461 1045 677 1102 Nactus
706 1045 886 1117 igitur
912 1045 1140 1101 heroem
1187 1043 1592 1109 clarissimum,
1623 1043 1816 1098 virum
1848 1040 2138 1097 Themidis
2168 1039 2224 1095 in
2256 1040 2462 1097 throno
2491 1040 2855 1108 residentem,
2892 1048 3068 1111 atque
3111 1041 3252 1097 adeo
3282 1042 3680 1112 praesidentem
3709 1059 3727 1114 ;
3766 1059 3913 1100 cum

392 1133 606 1205 ingenii
637 1134 727 1190 sui
761 1133 877 1190 fetu
908 1132 1208 1203 multiplici
1242 1133 1477 1188 liberius
1504 1131 1649 1187 redit
1677 1130 1747 1186 ad
1783 1130 1958 1186 vitam
1994 1135 2095 1185 tua
2127 1129 2306 1186 tutela
2349 1129 2456 1185 sibi
2488 1137 2777 1199 superstes
2823 1130 3169 1188 Guibertus:
3200 1139 3256 1188 et
3305 1131 3413 1187 sibi
3443 1132 3683 1202 suisque
3717 1134 3919 1203 operi-

389 1221 518 1289 bus,
553 1230 605 1277 te
633 1235 901 1292 supremo
928 1220 1126 1278 Iudice
1171 1220 1352 1276 lucem
1405 1220 1626 1276 reddita
1678 1232 2020 1289 magnopere
2062 1218 2411 1288 gratulatur.
2460 1218 2585 1285 Qua
2633 1217 2688 1273 in
2719 1231 2780 1273 re
2821 1218 3070 1287 profecto
3119 1219 3276 1276 haud
3323 1228 3406 1276 est
3446 1222 3744 1276 Guibertus
3775 1223 3918 1276 vul-

391 1311 514 1380 gari
547 1309 852 1380 prudentia
883 1308 1176 1379 praeditus,
1206 1307 1308 1378 qui
1337 1308 1446 1363 sub
1479 1307 1657 1378 hujus
1678 1306 1992 1377 zequissimi
2027 1307 2280 1376 praesidis
2321 1306 2517 1362 infulis
2559 1306 2917 1362 solummodo
2947 1321 3004 1362 se
3050 1314 3238 1363 tutum
3278 1308 3588 1376 existimat,
3624 1309 3684 1365 in
3721 1311 3913 1380 cujus

387 1396 723 1467 patrocinio,
751 1397 799 1453 si
833 1398 1069 1464 viveret,
1101 1404 1471 1467 versaretur;
1506 1395 1620 1452 imo
1649 1395 1928 1466 singulari
1965 1395 2242 1466 sapientia
2288 1393 2626 1461 illustratus,
2661 1394 2762 1465 qui
2791 1395 2863 1450 ob
2906 1396 3293 1466 quorumdam
3338 1396 3581 1453 livorem
3608 1398 3678 1453 de
3712 1411 3912 1453 causa

388 1499 523 1542 nam

991 1596 1140 1646 stant
1181 1591 1307 1646 belli
1337 1605 1512 1646 causa
1543 1589 1639 1664 [4])

388 1695 648 1752 nonnihil
676 1696 1090 1768 deprecaturus
1121 1697 1276 1768 apud
1309 1697 1572 1754 Molzeum
1603 1710 1838 1753 causam
1866 1695 2107 1752 collocat
2138 1709 2210 1751 ne
2240 1694 2426 1752 cadat.
2460 1694 2596 1763 Quis
2623 1694 2773 1751 enim
2813 1694 2994 1766 judici
3024 1707 3313 1764 supremo,
3353 1693 3656 1765 eidemque
3681 1693 3910 1766 justis-

387 1783 532 1839 simo
561 1783 772 1840 audeat
799 1785 1079 1856 refragari
1109 1785 1136 1840 τ
1168 1787 1220 1842 Si
1253 1787 1576 1840 Gnibertum
1605 1785 1827 1841 nullius
1855 1799 2016 1842 reum
2065 1783 2380 1850 arbitreris,
2431 1783 2623 1840 insons
2667 1783 2808 1854 erit;
2837 1783 2883 1839 si
2914 1791 3026 1839 tute
3072 1790 3342 1853 acceptus
3389 1782 3561 1838 fuerit
3597 1783 3904 1854 aequitati,

387 1871 598 1927 aemula
626 1873 855 1929 virtutis
886 1873 1104 1930 invidia
1135 1874 1218 1930 vel
1260 1874 1511 1944 proderit
1543 1874 1630 1930 vel
1681 1874 1905 1930 nocebit
1957 1873 2122 1939 nihil,
2164 1871 2378 1943 quippe
2409 1871 2464 1928 id
2513 1881 2702 1928 ratum
2761 1872 2998 1941 suisque
3053 1871 3378 1927 absolutum
3437 1872 3696 1926 numeris
3726 1872 3906 1927 facile

387 1959 599 2031 cuique
629 1959 938 2029 videbitur,
970 1962 1065 2018 ubi
1095 1962 1358 2018 acerrimi
1389 1977 1599 2032 przeses
1625 1961 1828 2032 judicii
1862 1976 1965 2017 suo
1987 1961 2228 2030 dignum
2257 1975 2490 2016 assensu
2523 1968 2576 2016 et
2607 1960 2837 2016 nomine
2863 1960 3267 2031 comprobarit.
3301 1959 3458 2016 Felix
3491 1960 3695 2032 utique
3733 1962 3902 2031 quod

388 2048 554 2103 talem
589 2056 896 2119 patronum
936 2051 1294 2120 compererit,
1335 2051 1436 2121 qui
1466 2059 1617 2107 totus
1655 2051 1826 2120 regiis
1858 2049 2219 2120 publicisque
2258 2049 2432 2105 rebus
2475 2049 2739 2104 addictus
2787 2049 3098 2104 maximam
3139 2056 3406 2104 autumat
3451 2047 3802 2116 felicitatem,
3853 2049 3904 2103 si

389 2143 570 2192 totum
601 2151 658 2192 se
687 2137 742 2193 in
775 2137 1004 2193 tuendis
1028 2139 1270 2194 eruditis
1300 2139 1457 2205 viris,
1488 2146 1542 2195 et
1573 2140 1822 2196 maxime
1871 2139 2172 2194 arctiorem
2218 2138 2394 2194 vitam
2443 2138 2860 2208 profitentibus,
2897 2137 3266 2193 libentissime
3308 2136 3529 2203 olTerat,
3572 2136 3904 2208 impendat.

387 2222 476 2279 Sic
509 2231 803 2281 mortuum
835 2225 1106 2282 laudibus
1135 2226 1307 2282 ell‘ero
1336 2227 1668 2296 antistitem,
1697 2227 1795 2298 qui
1841 2241 1900 2283 se
1927 2240 2152 2297 suaque
2178 2234 2309 2283 avet
2359 2227 2560 2283 olferre
2591 2226 2734 2282 bene
2765 2227 3042 2296 beateque
3074 2225 3309 2292 viventi,
3342 2225 3722 2296 omniumque
3747 2227 3902 2297 jura

387 2311 622 2379 videnti,
657 2313 849 2384 legum
878 2315 1133 2370 antistiti.

455 2399 627 2456 Vides
658 2401 854 2471 igitur,
889 2402 1150 2472 princeps
1179 2410 1412 2458 senatus
1459 2403 1863 2471 oculatissime,
1895 2418 2003 2460 cur
2032 2403 2091 2460 in
2123 2411 2310 2466 tuum,
2345 2403 2486 2474 quin
2526 2411 2580 2460 et
2603 2404 2840 2472 justitize
2869 2405 3081 2471 sinum,
3133 2419 3192 2460 se
3224 2403 3459 2474 recipiat
3500 2403 3680 2459 abbas
3714 2403 3902 2460 Novi-

385 2487 671 2559 gentinus.
704 2487 844 2544 Vide
892 2503 998 2545 cur
1024 2505 1081 2545 se
1135 2490 1237 2546 tibi
1287 2490 1473 2552 unice,
1527 2504 1635 2546 cur
1667 2489 1725 2545 in
1780 2503 2042 2560 purpura
2093 2499 2194 2549 tua
2241 2492 2416 2548 decus
2467 2492 2703 2558 ambiat,
2757 2507 2864 2549 cur
2917 2492 3313 2548 auctoritatem
3366 2491 3423 2546 in
3471 2498 3569 2547 tua
3599 2491 3901 2561 sapientia

385 2583 627 2646 qumrat,
657 2590 765 2632 cur
793 2583 958 2633 tuum
991 2591 1197 2634 nomen
1247 2578 1305 2633 in
1349 2591 1590 2648 operum
1638 2591 1876 2633 suorum
1933 2576 2116 2633 fronte
2171 2579 2456 2650 deposcat.
2497 2582 2704 2636 Rursus
2760 2596 2856 2634 cur
2906 2595 3001 2634 suo
3057 2581 3204 2634 cultu
3247 2579 3368 2633 orbi
3402 2581 3652 2633 universo
3680 2582 3904 2633 reniti-

383 2679 531 2718 scere
557 2670 803 2732 conatur,
835 2671 886 2720 et
915 2665 1214 2721 rescindere
1241 2668 1576 2736 sepulturam
1605 2681 1780 2734 suam,
1829 2666 2072 2721 tenebras
2102 2667 2196 2736 (5).
2244 2667 2454 2734 Quidni
2485 2683 2543 2722 se
2591 2669 2662 2723 ad
2709 2668 2882 2724 solem
2936 2668 3093 2724 orbis
3127 2667 3324 2723 Gallici
3360 2667 3508 2722 illico
3535 2667 3900 2723 convertat?

383 2751 568 2808 Solem
597 2753 819 2821 dixero,
850 2753 952 2824 qui
1001 2761 1079 2811 tot
1107 2764 1368 2826 auguste
1401 2762 1731 2811 senatorum
1778 2768 2000 2811 coronae
2030 2755 2215 2810 sidera
2266 2757 2444 2811 oculat
2491 2756 2604 2826 (6);
2646 2770 2818 2827 quem
2876 2763 2952 2813 tot
2997 2756 3166 2812 etiam
3217 2754 3523 2827 purpurati
3555 2755 3753 2810 Patres
3783 2755 3901 2812 de-

384 2838 704 2897 mirantur:

912 2945 1190 3016 Solemque
1217 2961 1394 3014 suum,
1425 2961 1527 3001 sua
1547 2946 1728 3000 sidera
1757 2951 1955 3001 norunt
1986 2947 2060 3017 (7)
2085 2964 2099 3012 ;

380 3048 578 3120 sicque
604 3049 992 3122 tejudicante,
1021 3058 1070 3108 te
1087 3051 1345 3123 jubente,
1372 3053 1560 3108 oritur
1589 3059 1653 3108 ut
1682 3051 1908 3108 Lucifer
1937 3067 2241 3125 nunquam
2272 3055 2552 3126 passurus
2569 3055 2844 3125 eclipsim,
2878 3054 3090 3110 nedum
3115 3066 3404 3110 occasum.

450 3137 546 3195 Sin
578 3153 714 3196 vero
737 3138 1029 3211 (quamvis
1074 3141 1239 3211 plene
1283 3141 1407 3197 suis
1437 3141 1493 3196 in
1523 3140 1747 3210 scriptis
1793 3155 2029 3198 causam
2083 3145 2430 3214 peroraverit
2460 3146 2650 3214 suam)
2709 3143 3016 3199 sciolorum
3056 3156 3358 3198 censuram
3407 3140 3792 3212 pertimescat,
3830 3143 3896 3199 in

377 3227 594 3298 quibus
619 3227 918 3298 plurimum
944 3231 1191 3297 malitia,
1220 3232 1504 3298 sapientiae
1543 3245 1742 3298 parum
1773 3230 1875 3299 (8);
1906 3231 2114 3302 ecquid
2155 3232 2367 3289 mirum
2407 3231 2454 3288 si
2494 3240 2545 3290 te
2584 3233 2833 3303 appellat
2874 3231 3244 3287 scientiarum
3273 3229 3534 3285 omnium
3564 3227 3894 3299 officinam,

375 3315 674 3369 intellectus
702 3317 930 3370 humani
967 3315 1154 3383 linem,
1192 3318 1578 3386 perfectionem
1622 3323 1673 3370 et
1725 3320 2012 3372 terminum
2043 3320 2137 3388 (9),
2167 3328 2226 3374 et
2263 3319 2422 3390 quod
2461 3335 2552 3374 res
2605 3320 2874 3389 postulat,
2903 3319 3158 3387 judieem
3207 3331 3334 3373 reos
3377 3317 3735 3372 severissime
3771 3332 3897 3388 pu-

376 3401 625 3458 nientem
645 3401 675 3457 ?

449 3489 580 3546 Haec
617 3489 690 3546 ad
721 3491 979 3548 votivum
1010 3505 1226 3550 munus
1252 3490 1524 3548 Guiberto
1583 3491 1712 3562 plus
1743 3493 1881 3549 satis
1907 3506 2030 3550 esse
2084 3492 2453 3563 videbantur,
2498 3501 2872 3565 protoprseses
2909 3493 3280 3564 amplissime,
3311 3492 3439 3550 licet
3481 3493 3642 3549 illum
3686 3505 3894 3548 causze

375 3579 674 3651 permultae
703 3581 986 3637 moverint
1016 3594 1182 3652 aeque
1223 3594 1443 3652 graves.
1487 3581 1660 3637 Movit
1710 3582 1992 3652 imprimis
2046 3590 2147 3640 tua
2201 3582 2260 3638 in
2317 3583 2499 3638 Deum
2539 3583 2738 3654 religio
2789 3582 3124 3653 singularis,
3158 3584 3304 3638 mira
3351 3582 3594 3653 justitia,
3636 3581 3894 3639 caelestis

373 3668 771 3740 temperantia.
804 3668 1041 3740 Religio,
1068 3683 1187 3741 qua
1219 3669 1332 3725 Deo
1360 3669 1684 3737 obstrictus,
1746 3671 2042 3741 religatus,
2082 3670 2269 3740 ipsum
2323 3671 2526 3726 intima
2581 3679 2769 3726 mente
2827 3671 3141 3737 veneraris,
3200 3670 3493 3741 sequeris;
3523 3673 3579 3725 et
3611 3682 3751 3740 qua,
3786 3679 3890 3728 ut-

375 3763 504 3825 pote
535 3753 758 3826 primus
787 3769 1071 3827 supremae
1101 3757 1278 3814 curiae
1309 3771 1539 3828 praeses,
1573 3758 1680 3829 ipsi
1709 3758 1932 3815 cultum
1959 3766 2235 3828 tanquam
2282 3759 2466 3830 primo
2513 3773 2707 3816 rerum
2755 3758 3014 3815 omnium
3045 3759 3343 3830 principio,
3402 3759 3626 3815 excelso
3679 3759 3890 3815 animo

373 3842 834 3915 haudquaquam
879 3845 1091 3902 desinis
1120 3845 1413 3903 exhibere.
1467 3847 1716 3913 Iustitia,
1741 3860 1861 3918 qua
1908 3860 2200 3903 summum
2224 3846 2324 3918 jus
2351 3846 2409 3902 in
2459 3848 2703 3917 teipsum
2745 3861 3036 3915 exercens,
3069 3861 3298 3904 summo
3325 3846 3511 3902 Judici
3560 3854 3614 3903 te
3649 3853 3890 3918 tuaque

370 3930 564 3987 omnia
595 3931 790 3988 refers.
822 3931 1244 4004 Temperantia,
1277 3948 1396 4006 qua
1424 3949 1652 3992 summo
1681 3949 1875 3992 rerum
1933 3933 2193 4005 Domino,
2238 3935 2582 4006 dominium,
2622 3951 2740 4008 quo
2787 3936 2897 3992 sub
2928 3950 3059 4007 rege
3110 3935 3306 4007 polles,
3360 3935 3630 4004 demittis,
3662 3948 3887 4006 parum

370 4026 474 4087 est,
514 4019 825 4076 submittis.

439 4106 822 4174 Quamobrem
850 4123 963 4165 non
993 4109 1154 4179 mihi,
1196 4124 1313 4166 non
1353 4109 1647 4179 Guiberto,
1681 4111 1776 4168 sed
1812 4111 2128 4168 virtutibus
2181 4113 2296 4168 tuis
2335 4112 2508 4169 debes
2565 4112 2716 4184 quod
2748 4112 2929 4168 abbas
2971 4126 3030 4169 se
3059 4111 3163 4170 tibi
3207 4111 3505 4180 devoveat,
3535 4111 3638 4182 qui
3671 4118 3726 4168 te
3758 4113 3885 4171 Deo

367 4201 550 4252 totum
585 4197 896 4268 devovisti;
920 4198 1091 4254 debes
1118 4199 1272 4271 quod
1302 4200 1548 4270 supplex
1603 4200 2006 4273 Nongentinus
2055 4199 2127 4256 ad
2173 4201 2414 4272 justitiaa
2445 4209 2561 4258 tua;
2602 4201 2838 4258 oracula
2879 4209 3162 4268 recurrat,
3211 4201 3313 4272 qui
3339 4200 3481 4272 justi
3508 4200 3728 4257 Iudicis
3766 4216 3882 4259 au-

369 4283 614 4340 ctoritati
665 4285 861 4342 omnia
905 4286 1124 4352 debere,
1181 4289 1450 4358 vicesque
1505 4303 1701 4360 gerere
1751 4288 2070 4360 proﬁteris:
2119 4288 2292 4346 debes
2344 4290 2500 4361 quod
2558 4298 2826 4348 mortuus
2869 4289 3077 4348 iterum
3133 4303 3236 4362 per
3265 4297 3319 4346 te
3373 4289 3709 4359 reviviscat,
3769 4292 3882 4362 qui

367 4372 627 4429 animum
658 4380 824 4430 tuum
855 4374 986 4430 vitae
1015 4383 1070 4432 et
1102 4376 1257 4432 necis
1283 4377 1504 4433 auctori
1535 4377 1649 4434 Deo
1673 4377 2018 4450 jampridem
2041 4379 2404 4435 consecrasti.

438 4460 613 4518 Movit
639 4469 737 4517 tua
770 4461 828 4516 in
860 4475 1051 4532 regem
1079 4469 1134 4517 et
1164 4462 1412 4533 patriam
1463 4463 1643 4534 pietas
1688 4464 1922 4534 eximia,
1973 4482 2151 4539 quam
2211 4469 2526 4536 religionem
2576 4467 2822 4523 secundae
2867 4467 3174 4536 majestatis
3227 4465 3535 4538 appellavit
3567 4465 3881 4523 Tertullia-

367 4561 480 4605 nus
511 4549 656 4619 (10):
691 4556 755 4605 ut
812 4563 1016 4606 verum
1065 4550 1138 4605 sit
1177 4551 1334 4622 quod
1389 4551 1530 4608 nihil
1589 4553 1761 4610 haece
1816 4562 1917 4613 tua
1973 4559 2182 4629 pietate
2238 4557 2656 4626 praecellentius
2714 4556 2826 4612 dici
2875 4563 2979 4612 aut
3023 4555 3337 4627 excogitari
3390 4561 3603 4626 queat;
3637 4555 3762 4625 ipsa
3788 4565 3880 4612 est

363 4637 516 4694 enim
543 4650 661 4708 qua
691 4651 883 4694 rerum
918 4637 1206 4695 labantem
1233 4646 1446 4696 statum
1506 4640 1656 4698 inter
1699 4649 1777 4698 tot
1829 4646 1986 4701 necis
2036 4645 2372 4703 discrimina
2428 4644 2682 4714 erexisti,
2735 4643 3058 4710 succolasti,
3094 4643 3416 4713 mborasti;
3463 4643 3583 4713 ipsa
3633 4651 3718 4700 est
3750 4658 3878 4716 qua

365 4723 663 4781 inflexibili
695 4725 939 4782 humero
967 4733 1183 4782 tantam
1215 4740 1410 4784 rerum
1461 4729 1750 4786 sustinens
1792 4733 2017 4802 molem,
2075 4735 2379 4791 immotum
2422 4733 2618 4789 Galliae
2676 4747 2920 4803 regnum
2979 4731 3294 4798 reddidisti,
3349 4739 3546 4802 utpote
3593 4736 3875 4789 constan-

365 4811 574 4869 tissime
598 4811 903 4870 suﬁ‘ultum
926 4813 1108 4885 hujus
1137 4821 1250 4871 tuae
1281 4817 1508 4886 pietatis
1543 4825 1714 4887 partu
1765 4820 1998 4890 triplici,
2051 4821 2160 4878 fide
2187 4821 2486 4888 nimirum,
2515 4821 2834 4876 constantia
2865 4821 3294 4891 prudentiaque
3321 4819 3480 4875 velut
3511 4818 3874 4876 solidissimis

359 4900 662 4958 columnis.
693 4903 834 4959 Inde
865 4903 928 4960 lit
958 4910 1022 4960 ut
1072 4917 1188 4960 non
1217 4911 1377 4961 tuam
1418 4905 1724 4974 duntaxat,
1759 4909 1856 4964 sed
1897 4910 2239 4968 immortalis
2264 4912 2556 4968 memoriae
2607 4911 2880 4968 Ludovici
2921 4911 3067 4967 Iusti
3113 4911 3477 4983 prudentiam
3509 4909 3867 4968 demiretur:

361 4990 532 5059 hanc,
559 4997 611 5047 te
633 5005 767 5062 cum
797 5005 1092 5048 summum
1137 5000 1374 5050 senatus
1419 4993 1736 5065 principem
1791 4996 2023 5068 elegerit
2054 5014 2070 5068 ;
2125 4999 2302 5067 illam,
2336 5013 2468 5057 cum
2520 5006 2731 5056 cuncta
2778 4999 3016 5056 solerter
3041 4999 3248 5070 egeris.
3275 4998 3351 5054 Te
3379 5012 3482 5056 rex
3515 4998 3572 5054 in
3615 4998 3870 5056 dicundo

431 5221 500 5291 (4)
539 5221 764 5278 Eneid.
799 5237 897 5278 vn.

430 5291 502 5362 (5)
523 5291 738 5348 Tertul.
773 5292 852 5348 De
880 5299 1191 5350 resurrect.
1227 5307 1414 5361 carn.,
1443 5307 1492 5349 c.
1525 5293 1615 5348 12.

448 5364 502 5445 ρ)
530 5363 750 5445 [ταῦρε.
785 5363 845 5418 in
872 5363 1114 5431 Claud.;
1147 5365 1293 5421 Plin.
1329 5364 1426 5419 lib.
1459 5379 1636 5420 XXXIV

445 5435 502 5588 ξς
525 5433 1006 5588 ξίξὲῗδδῖάρεη
1057 5573 1070 5586 ,
1111 5583 1121 5588 _
1449 5574 1462 5588 _

443 5575 495 5638 9)
529 5575 830 5641 Averroes,
865 5575 943 5632 De
972 5574 1144 5633 Arist.
1177 5590 1236 5633 Ill
1306 5589 1338 5632 e
1367 5574 1582 5631 anima.

422 5646 532 5714 (10)
562 5646 884 5717 Apologet.,
919 5661 969 5702 c.
1001 5646 1089 5700 35.
