3966 6428
90 431 155 486 1:3
1352 420 1895 480 PROLEGOMENA.
1930 451 1996 460 —
2026 419 2416 477 caerulo.
2715 394 2725 401 ’
3582 422 3650 479 14

82 564 225 635 jure
258 571 543 635 quantus
569 577 629 620 es
654 560 868 625 eflecit;
901 566 966 617 tu
998 560 1057 616 in
1088 573 1280 630 regem
1312 565 1634 628 natumque
1658 555 1787 627 ejus
1817 554 2101 626 optimum
2132 553 2489 612 Ludovicum
2522 553 2761 612 feliciter
2787 563 3147 628 regnantem,
3181 558 3447 615 exsulato
3478 558 3645 615 feroci

90 653 471 717 discrimine,
527 658 863 723 potestatem
898 648 1180 706 retudisti.
1229 647 1436 719 Sicque
1484 659 1587 717 per
1626 654 1678 702 te
1703 644 1807 717 qui
1839 658 2215 716 nequaquam
2244 659 2365 701 esse
2411 644 2677 712 desierat,
2712 645 3136 716 quodammodo
3166 648 3350 705 tutius
3385 661 3487 704 rex
3520 648 3644 715 fuit,

95 744 379 813 quando,
437 740 737 812 metropoli
794 738 1051 796 Franciae
1082 752 1187 794 suo
1234 735 1539 793 conciliata
1586 733 1851 806 principi,
1906 747 2085 805 aquo
2120 733 2354 790 minime
2409 734 2724 803 exciderat,
2779 734 2982 791 throno
3020 734 3231 793 melius
3281 737 3459 794 asseri
3489 737 3649 794 visus

94 840 205 887 est.

174 923 250 978 At
288 920 538 978 aliunde
568 919 612 974 si
645 918 991 975 Guibertum
1042 916 1253 983 foveas,
1300 915 1347 971 si
1380 913 1598 986 fulgeat
1627 913 1685 969 in
1715 920 1847 969 ortu
1879 926 2004 980 suo,
2039 919 2094 969 te
2118 910 2379 983 jubente,
2413 910 2556 982 quia
2600 918 2792 968 noster
2829 920 2934 981 est,
2964 927 3081 970 non
3114 914 3302 987 magis
3331 928 3450 986 qua
3486 913 3564 970 sis
3589 914 3645 970 in

98 1010 386 1066 abbatem
427 1010 598 1065 istum
627 1006 1045 1071 benevolentia,
1095 1018 1271 1076 quam
1325 1003 1714 1060 incredibilem
1746 1016 1887 1073 erga
1915 1015 2006 1057 mc
2051 1001 2478 1072 universosque
2523 1002 2986 1073 congregationis
3017 1002 3070 1059 8.
3105 1004 3293 1061 Mauri
3328 1004 3643 1061 Benedicti-

97 1115 211 1156 nos
245 1100 683 1156 humanitatem
715 1096 1053 1153 deelarabis.
1092 1094 1159 1151 Et
1187 1107 1323 1150 vero
1353 1107 1529 1163 quam
1580 1091 1803 1163 liquido
1828 1093 1949 1163 jam
1980 1089 2205 1146 dudum
2251 1089 2656 1158 declaraveris,
2689 1105 2804 1147 non
2838 1098 2924 1148 est
2951 1106 3128 1163 quem
3171 1092 3376 1165 fugiat.
3412 1094 3645 1165 Accepi-

98 1201 262 1253 mus,
301 1200 523 1258 prmses
569 1184 1004 1252 humanissime,
1038 1197 1171 1255 qum
1208 1180 1422 1239 fuerint
1451 1180 1685 1238 familiae
1718 1188 1927 1237 nostra;
1956 1192 2058 1249 per
2086 1177 2329 1235 Galliam
2376 1178 2563 1245 initia,
2597 1178 2936 1250 inspicimus
2964 1195 3097 1252 qua;
3126 1181 3241 1239 sint
3272 1182 3646 1249 incrementa,

99 1276 476 1347 suspicimus
530 1282 848 1345 utrumque
897 1271 1239 1329 beneficium
1292 1268 1724 1342 congregationi
1758 1275 1967 1325 nostrae
1997 1267 2069 1324 ab
2126 1266 2523 1338 Amplitudine
2557 1268 2681 1325 Tua
2734 1269 2942 1326 studiis
2970 1270 3218 1328 assiduis
3270 1271 3644 1343 impensum:

99 1372 445 1436 utrumque
474 1380 546 1421 ex
578 1373 678 1422 tua
708 1361 1062 1434 benignitate
1099 1359 1263 1417 velut
1301 1374 1374 1416 ex
1410 1358 1564 1415 fonte
1593 1358 1887 1415 uberrimo
1913 1356 2213 1421 scaturire,
2248 1369 2588 1427 perennare,
2623 1357 2791 1415 nobis
2843 1360 3219 1431 gratulantur
3249 1360 3510 1417 benevoli
3543 1375 3650 1417 nec

98 1454 297 1510 invidi
334 1461 575 1525 negant.
622 1454 709 1510 Tu
739 1465 995 1521 namque
1025 1463 1159 1506 cum
1204 1447 1600 1520 procuratoris
1628 1446 1770 1518 regii
1801 1460 2041 1503 munere
2088 1445 2433 1517 fungereris,
2481 1459 2626 1503 cura
2652 1455 2980 1505 nascentem
3026 1450 3341 1521 excepisti;
3389 1450 3519 1507 inde
3548 1450 3648 1508 ubi

101 1544 174 1599 ad
231 1557 545 1600 summum
588 1541 829 1614 justitize
880 1539 1137 1597 tribunal
1199 1543 1304 1595 tua
1333 1545 1387 1594 te
1417 1536 1603 1594 virtus
1649 1534 1878 1605 extulit,
1911 1548 1984 1591 ne
2028 1542 2152 1591 tum
2184 1533 2418 1605 quidem
2476 1536 2764 1592 curatoris
2811 1550 2915 1607 pro
2961 1551 3029 1594 ea
3057 1546 3246 1609 partes
3275 1538 3529 1609 exuisti;
3565 1546 3653 1596 ast

100 1632 323 1704 majori
352 1632 695 1689 auctoritate
725 1628 1081 1695 suil‘ulciens,
1116 1627 1530 1684 adolescentem
1558 1624 1760 1696 juvisti
1790 1624 2073 1694 prmsidio,
2103 1622 2422 1680 obfirmasti
2453 1636 2645 1694 opera,
2672 1624 2804 1696 jure
2831 1626 3148 1696 protexisti.

178 1730 446 1800 Insuper
486 1728 710 1799 placere
738 1726 844 1783 sibi
889 1725 1133 1782 miriﬁce
1161 1723 1551 1781 venerandam
1602 1729 1864 1779 veterum
1913 1721 2258 1791 scriptorum
2290 1719 2609 1776 doctrinam
2644 1735 2745 1790 pro
2790 1736 2898 1779 sua
2929 1737 3067 1794 erga
3095 1738 3293 1780 omnes
3324 1725 3650 1783 urbanitate

105 1819 252 1875 mihi
284 1817 645 1889 significavit
692 1815 1024 1886 Amplitudo
1055 1815 1218 1881 Tua;
1268 1813 1406 1870 dum
1436 1812 1591 1869 enim
1620 1810 1916 1882 epistolam
1950 1810 2006 1866 8.
2039 1809 2319 1866 Barnabze
2348 1823 2383 1864 a
2416 1810 2685 1866 Menardo
2718 1818 2914 1867 nostro
2958 1811 3326 1879 elueidatam,
3364 1822 3463 1871 tuo
3495 1815 3650 1871 dica-

106 1915 225 1963 tam
277 1905 534 1972 nomini,
583 1904 938 1969 obtulissem,
986 1902 1317 1959 scrutandis
1366 1899 1742 1967 bibliothecis,
1802 1898 2152 1970 antiquioris
2181 1898 2291 1954 mvi
2337 1897 2671 1956 doctoribus
2707 1913 2738 1956 e
2768 1900 3009 1972 pulvere
3056 1901 3398 1970 excitandis,
3449 1917 3515 1958 ac
3545 1918 3649 1960 suo

107 1995 498 2053 restituendis
541 1994 732 2060 nitori,
784 2000 885 2049 tua
940 1991 1232 2063 praeluxit,
1274 2005 1407 2062 quae
1456 1989 1595 2046 mihi
1632 2002 1861 2045 summa
1910 1997 2016 2056 est,
2071 1987 2399 2044 auctoritas.
2447 1987 2691 2044 Proinde
2749 1989 2996 2059 placebit
3042 1996 3097 2046 et
3126 1990 3331 2061 opella,
3382 2005 3559 2063 quam
3592 1993 3647 2048 in

107 2084 363 2139 edendis
393 2081 896 2139 observationibus
926 2079 1513 2151 quantulameunque
1543 2076 1855 2147 collocavi;
1887 2090 2001 2132 non
2035 2075 2192 2146 quod
2232 2075 2506 2132 Guiberto
2536 2074 2722 2133 lucem
2753 2077 2957 2134 afferre
2981 2093 3214 2150 queam,
3246 2093 3453 2137 verum
3494 2081 3650 2152 quod

107 2172 371 2228 nimium
431 2170 813 2242 splendorem,
847 2168 951 2240 qui
992 2167 1204 2224 debiles
1235 2166 1426 2223 forsan
1476 2165 1672 2222 oculos
1702 2165 2131 2237 perstringeret,
2182 2164 2469 2221 moderari
2514 2172 2818 2237 utcunque
2849 2167 3020 2224 nitor.
3061 2168 3333 2237 Placebit,
3382 2170 3646 2241 inquam,

111 2267 320 2330 utpote
356 2260 415 2315 in
445 2267 543 2315 tuo
586 2257 952 2315 Benedictino
983 2255 1447 2329 congregationis
1478 2254 1532 2311 8.
1580 2253 1769 2311 Mauri
1799 2253 1915 2310 solo
1944 2260 2068 2309 sata
2110 2256 2385 2324 nataque,
2419 2253 2492 2309 ad
2520 2260 2572 2310 te
2610 2253 2778 2325 pleno
2807 2269 2875 2312 ac
2904 2256 3084 2313 solido
3109 2257 3243 2329 jure
3276 2258 3649 2329 retunditur;

112 2349 405 2405 nimirum
441 2347 607 2405 fundi
640 2348 939 2405 dominum
988 2352 1321 2417 sequuntur
1352 2344 1594 2402 fructus.
1632 2342 1881 2400 Placebit
1906 2342 2138 2399 tandem
2171 2356 2287 2399 non
2315 2342 2454 2414 quia
2488 2343 2663 2411 edidi,
2711 2345 2807 2401 sed
2840 2345 2981 2417 quia
3004 2346 3303 2418 judicasti,
3332 2347 3649 2419 imperasti.

118 2437 246 2492 Tibi
275 2437 440 2494 enim
492 2436 646 2491 dedit
680 2438 823 2491 Deus
879 2450 1146 2490 summum
1176 2449 1358 2489 rerum
1399 2433 1696 2503 judicium,
1728 2432 1865 2486 mihi
1908 2433 2154 2502 obsequii
2205 2433 2385 2501 gloria
2414 2434 2605 2488 relicta
2652 2438 2731 2487 est
2786 2434 2914 2502 (ll).
2951 2434 3167 2492 Relicta
3211 2442 3380 2493 estet
3427 2437 3653 2494 cunctis

111 2526 594 2599 congregationis
625 2533 833 2581 nostrze
862 2523 1133 2589 alumnis,
1164 2523 1319 2594 quod
1358 2523 1619 2578 omnium
1654 2520 1800 2577 votis
1827 2519 2006 2577 defert
2029 2536 2096 2577 ac
2121 2521 2442 2592 profitetur.

665 2632 1073 2703 Amplitudinis
1105 2633 1229 2686 Tua:
1259 2628 1658 2684 deditissimus.

189 2845 311 2919 (tt)
341 2844 527 2903 Tacit.
560 2844 657 2902 lib.
684 2861 756 2912 vr,
787 2852 913 2916 post
947 2844 1197 2901 initium.

2450 2736 2510 2791 F.
2546 2738 2728 2792 Lucas
2771 2737 3150 2795 D'ACHERY.

2999 3032 3653 3041 ...ια-ΜΨ

1657 3174 2141 3248 LECTORI.

1749 3339 2012 3349 ——.——

194 3474 345 3530 Cum
377 3472 570 3529 multa
619 3484 750 3542 quae
782 3470 875 3527 hic
918 3468 1146 3541 praefari
1181 3475 1487 3540 oporteret,
1539 3467 1597 3523 in
1643 3468 1841 3524 obser—
1874 3470 1914 3524 Α
2026 3468 2495 3537 Commentarios,
2529 3485 2632 3527 seu
2672 3474 2964 3528 Moralium
2999 3475 3258 3530 Gcncscos
3290 3476 3383 3530 lib.
3420 3479 3485 3542 Χ,
3513 3491 3658 3548 sup-

127 3561 472 3619 vationibus
491 3560 737 3626 attexui,
765 3573 881 3616 non
900 3566 984 3616 est
1013 3558 1166 3631 quod
1190 3558 1415 3630 prolixo
1443 3564 1497 3614 te
1518 3556 1840 3629 proloquio,

128 3651 332 3707 Lector
379 3649 631 3710 erudite,
685 3648 1010 3705 distineam.
1063 3648 1193 3704 Hac
1240 3659 1426 3718 pauca
1456 3653 1509 3702 te
1557 3646 1847 3702 duntaxat

130 3738 531 3810 praemonebo.
590 3736 748 3808 Szepe
801 3744 857 3793 et
904 3736 1156 3792 multum
1189 3734 1345 3806 apud
1390 3748 1480 3790 me
1530 3733 1745 3790 dubius
1791 3740 1846 3789 et

132 3840 346 3897 anceps
391 3826 499 3894 fui,
547 3839 689 3883 num
730 3825 989 3882 studium
1019 3832 1075 3881 et
1117 3838 1349 3895 operam
1383 3823 1441 3879 in
1471 3823 1707 3880 edendis
1746 3836 1844 3879 ve-

132 3915 417 3972 nerabilis
447 3914 703 3972 Guiberti
735 3915 804 3971 de
834 3914 1152 3987 Novigento
1171 3913 1457 3985 Operibus
1483 3912 1842 3980 collocarem,

134 4018 336 4069 necne,
388 4012 559 4060 erant
601 4004 752 4060 enim
784 4011 840 4061 et
869 4017 987 4074 prae
1035 4003 1305 4059 manibus
1342 4001 1687 4072 vetustiora;
1737 4000 1846 4057 ad-

138 4092 298 4149 fuere
383 4092 617 4149 interim
676 4092 786 4148 viri
845 4092 1126 4160 doctrina,
1186 4091 1471 4162 sapientia
1528 4098 1583 4147 et
1640 4092 1848 4161 pietate

136 4181 468 4250 clarissimi,
517 4182 870 4253 quibuscum
918 4181 989 4238 de
1022 4181 1281 4251 antiquis
1318 4180 1654 4237 auctoribus
1686 4186 1847 4235 tene-

139 4270 259 4326 bris
312 4271 598 4327 hactenus
650 4270 941 4326 obvolutis
1000 4270 1448 4337 conl’abulando,
1521 4268 1846 4325 incidissem

141 4358 196 4415 in
225 4360 537 4431 prmfatum
572 4359 860 4427 abbatem,
911 4359 1107 4431 magni
1152 4358 1403 4414 Anselmi
1460 4356 1844 4428 discipulum;

138 4446 325 4519 deque
349 4448 510 4505 illius
538 4448 832 4505 recondita
852 4448 1198 4516 litteratura,
1227 4447 1507 4516 doctrina,
1535 4446 1846 4503 verborum

145 4544 448 4593 venustate
496 4544 551 4593 et
592 4536 944 4608 eloquentia,
976 4550 1083 4593 nec
1126 4535 1302 4593 semel
1353 4549 1646 4593 sermones
1694 4533 1847 4590 ultro

138 4626 405 4698 citroque
453 4625 877 4689 habuissemus,
919 4641 1011 4682 me
1055 4624 1395 4695 saepiuscule
1429 4624 1850 4695 compellarunt

138 4722 193 4771 et
218 4714 408 4787 aliqui
459 4724 596 4772 sunt
626 4715 914 4781 obtestati,
964 4723 1255 4787 quatenus
1304 4710 1667 4770 Benedictini'
1701 4712 1848 4783 Ope-

1953 3558 2231 3628 peditavit
2260 3558 2610 3616 Bibliotheca
2638 3561 2834 3632 Regia.

2028 3649 2473 3717 Tropologiarum
2534 3648 2595 3703 in
2655 3649 2823 3718 Osee,
2883 3653 3051 3705 Amos
3116 3658 3167 3703 et
3223 3654 3657 3709 Lamentationes

1950 3734 2246 3802 Jcremiz,
2331 3738 2737 3808 apograplram
2823 3741 3239 3811 perantiquum
3304 3742 3655 3810 (monasterii

1955 3826 2249 3895 quondam
2297 3825 2668 3883 Valcellensis
2699 3842 2867 3899 cong.
2918 3827 3309 3886 Cisterciensis
3342 3832 3397 3886 in
3431 3831 3657 3887 dimcesi

1952 3914 2373 3985 Cameracensi)
2401 3928 2436 3971 a
2465 3915 2743 3971 decennio
2777 3931 3091 3988 germanus
3120 3933 3280 3975 meus
3304 3919 3657 3976 Eustachius

1955 4002 2253 4073 d’Achery.

2031 4091 2350 4147 Tractatum
2381 4091 2448 4146 de
2471 4093 2854 4148 Incarnatione
2880 4098 3069 4149 contra
3096 4091 3342 4164 Iudaeos;

2027 4180 2142 4235 Lib.
2175 4181 2241 4235 de
2270 4180 2431 4235 laude
2464 4180 2531 4236 Β.
2561 4184 2784 4247 Μωσέως

2028 4270 2357 4339 Opusculum
2409 4271 2475 4324 de
2529 4274 2873 4340 virginitate,
2933 4284 2964 4327 e
3022 4272 3214 4329 codice
3267 4287 3374 4329 ms.
3435 4272 3659 4345 collegii

1957 4358 2289 4415 Parisiensis
2337 4358 2392 4415 S.
2440 4360 2489 4417 Ι.
2539 4360 2749 4417 indicio
2778 4361 2845 4417 Β.
2883 4360 2943 4416 Ρ.
2992 4361 3185 4418 Jacobi
3221 4361 3509 4418 Sirmondi
3556 4375 3658 4419 ex-

1956 4448 2231 4519 prompsi.

2027 4538 2340 4608 Epistolam
2370 4538 2437 4593 de
2466 4539 2702 4594 buccella
2728 4539 2897 4595 Judae
2921 4538 3057 4593 data
3084 4539 3339 4610 primum
3374 4540 3431 4597 in
3463 4540 3661 4598 biblio-

1960 4627 2123 4685 theca
2157 4627 2223 4686 V.
2278 4627 2339 4685 C.
2392 4628 2631 4685 Joannis
2679 4627 2839 4699 Bigot
2896 4629 2955 4685 in
2994 4629 3334 4701 Rothomag.
3390 4630 3659 4701 vectigal.

1958 4716 2123 4774 curia
2173 4718 2471 4784 senatoris,
2542 4717 2789 4774 exscribi
2842 4719 3081 4788 curavi;
3138 4718 3346 4776 deinde
3400 4720 3471 4776 ad
3525 4719 3663 4776 bina

142 4816 266 4859 rum
316 4778 488 4876 prelo
540 4778 1107 4872 committendorum,
1144 4804 1501 4875 provinciam
1530 4817 1636 4874 ego
1665 4778 1848 4857 Benc-
1880 4778 1922 4833 Β
1962 4822 2118 4875 mss.,
2178 4806 2424 4864 alterum
2457 4778 2817 4863 bibliothecae
2861 4778 3078 4878 Regia},
3103 4806 3328 4878 collegii
3357 4808 3659 4865 Parisiens.

141 4890 395 4950 dictinus
442 4892 812 4962 susciperem.
846 4891 1104 4959 Quorum
1153 4891 1527 4949 suasionibus
1560 4890 1850 4961 impulsus

144 4980 213 5036 ad
252 4995 403 5053 opus
431 4988 695 5037 actutum
726 4994 815 5036 me
844 4980 1087 5037 libenter
1118 4981 1365 5048 accinxi,
1398 4979 1645 5051 persolvi
1678 4979 1847 5035 sche-

144 5066 308 5125 dulas
335 5069 797 5141 diligentissime,
835 5069 1093 5126 curiosos
1134 5068 1551 5140 antiquitatum
1582 5067 1849 5138 explora-

147 5164 292 5213 tores
317 5157 589 5221 conveni,
617 5171 816 5214 omnes
846 5157 1327 5215 bibliothecarum
1360 5157 1454 5226 (ad
1486 5170 1637 5228 quas
1665 5156 1852 5227 patuit

147 5245 356 5317 aditus)
412 5245 637 5304 forulos
682 5246 1020 5318 pluteosque
1048 5247 1258 5318 partim
1311 5246 1429 5317 ipse
1478 5244 1849 5317 perlustravi,

151 5335 354 5404 partim
409 5334 855 5407 perlustrandos
909 5336 1151 5405 curavi;
1208 5343 1265 5392 et
1310 5334 1597 5407 quidquid
1646 5333 1847 5415 menti,

148 5424 297 5493 quod
328 5438 455 5483 rem
511 5423 668 5479 hanc
710 5423 998 5482 illustrare
1028 5431 1239 5496 posset,
1288 5424 1564 5494 occurrit,
1602 5422 1853 5494 conqui-

150 5526 273 5569 SIVI.

214 5601 295 5659 Ac
344 5603 541 5675 primo
572 5600 805 5672 quidem
860 5601 1144 5673 libellum,
1194 5601 1474 5670 Quomodo
1518 5616 1691 5657 scrmo
1734 5602 1857 5671 ﬁeri

153 5687 332 5746 debeat
357 5708 372 5748 :
655 5711 660 5714 ·

1958 4896 2012 4953 8.
2048 4895 2098 4950 J.
2131 4896 2400 4963 alterum,
2432 4894 2670 4953 contuli.

2030 4980 2113 5034 De
2162 4982 2487 5052 pignoribus
2544 4987 2853 5038 sanctorum
2901 4980 3067 5037 libros
3114 4986 3221 5037 tres
3269 4982 3524 5040 mutavit
3572 4983 3661 5040 Bi-

1956 5067 2240 5127 bliotheca
2271 5071 2468 5143 Regia.

2030 5155 2315 5214 (iteterum
2364 5157 2630 5229 praefatos
2675 5157 2933 5229 ejusdem
2983 5158 3362 5228 bibliothecae,
3412 5161 3575 5217 velut
3612 5167 3667 5216 et

1960 5244 2181 5317 collegii
2225 5247 2564 5304 Parisiensis
2601 5246 2824 5304 codices
2868 5248 2940 5319 (si
2971 5248 3318 5319 conjecturis
3365 5249 3667 5321 indulgere

1963 5333 2148 5405 liceat)
2208 5334 2362 5405 juris
2423 5335 2559 5391 olim
2620 5336 2906 5393 exstitisse
2971 5336 3339 5408 Novigentini
3400 5337 3666 5404 ctenobii,

1962 5429 2138 5492 atque
2177 5424 2318 5479 adeo
2365 5424 2624 5481 Guiberti
2673 5426 2913 5496 (quippe
2965 5425 3158 5481 ferunt
3211 5425 3396 5496 ipsius
3423 5424 3667 5493 aetatem)

1964 5511 2197 5567 initium
2217 5513 2505 5584 cujusque
2534 5512 2849 5569 voluminis
2881 5521 3300 5584 praemonstrat.

2038 5599 2346 5656 Historiam
2408 5599 2967 5670 Jerosolymitanam,
3015 5600 3135 5657 sive
3187 5602 3355 5659 Gesta
3404 5601 3508 5659 Dei
3573 5614 3676 5672 per

1967 5688 2239 5753 Francos,
2274 5687 2500 5757 primus
2547 5686 2849 5757 evulgavit
2876 5687 3124 5745 Iacobus
3171 5689 3521 5757 Bongarsius
3557 5701 3675 5742 una
