3966 6440
320 415 383 466 15

1109 415 1122 428 ‘
1218 404 1287 460 ν.
1327 404 1723 462 GUIBERTUS
1758 404 1977 460 ABBAS
2013 403 2071 458 S.
2115 401 2351 458 HARLE
2389 402 2479 458 DE
2519 402 2923 459 NOVIGENTO.

3760 403 3849 458 16

315 561 448 603 cum
480 546 606 603 aliis
629 545 882 616 ejusdem
913 542 1162 599 historiae
1194 542 1567 612 scriptoribus
1592 556 1685 597 an.
1726 541 1879 608 16H,
1911 537 2004 594 cui
2038 541 2078 592 Α
2189 538 2308 594 Prae
2359 538 2630 595 manibus
2665 552 2786 595 esse
2833 538 2933 595 ubi
2964 537 3334 594 advenissem
3367 536 3621 607 plurima
3677 536 3850 593 anti-

322 635 643 691 collectioni
702 633 936 689 titulum
997 633 1148 698 fecit,
1207 632 1280 687 ab
1335 631 1603 686 Guiberto
1661 637 2014 695 mutuatum,

319 723 482 779 Gesta
509 725 640 778 -Dei
667 738 763 791 per
804 721 1066 775 Francos.
1098 719 1212 775 Nos
1244 732 1379 774 vero
1407 718 1460 773 in
1505 719 1611 774 hac
1637 717 1882 772 editione
1925 729 2012 770 re-

319 813 496 880 petita
557 811 732 865 libros
783 809 840 864 in
889 808 1078 878 capita
1125 807 1486 876 digessimus.
1537 805 1724 860 Sancti
1773 803 2015 873 Remigii

323 899 586 954 Remens.
617 898 817 965 codex,
848 911 1026 952 manu
1050 896 1367 965 peroptima
1397 901 1686 959 exaratus,
1723 893 2017 962 suppetias

320 1001 520 1042 eorum
553 1000 684 1056 qua:
731 985 789 1040 in
828 985 937 1040 fine
966 983 1098 1040 libri
1141 983 1300 1046 noni,
1333 981 1444 1038 alio
1473 982 1544 1038 ab
1575 984 1806 1036 auctore
1857 981 2016 1045 editi,

319 1073 818 1139 desiderabantur,
866 1071 990 1127 ivit.
1029 1070 1125 1127 Usi
1155 1085 1387 1140 quoque
1418 1085 1621 1126 sumus
1665 1069 1843 1125 altero
1874 1069 2016 1124 Cor-

322 1161 460 1218 beize
490 1162 744 1231 antiquae
777 1175 904 1227 ms.,
941 1174 1057 1230 quo
1105 1159 1388 1228 plerisque
1417 1159 1474 1213 in
1511 1157 1643 1212 locis
1693 1171 1885 1212 naevos
1916 1156 2016 1226 qui

319 1250 542 1307 librarii
573 1250 763 1305 forsan
805 1249 964 1314 vitio,
1015 1247 1136 1303 sive
1168 1247 1660 1316 typographorum
1692 1245 2014 1310 oscitantia,

323 1339 690 1408 irreptarant,
742 1337 1133 1394 abstersimus.
1190 1335 1400 1392 Versus
1443 1333 1752 1390 ordinatim
1800 1334 2018 1404 poetico

325 1441 480 1483 more
511 1426 931 1495 disposuimus;
978 1423 1394 1480 adornavimus
1439 1436 1568 1478 oras
1609 1422 1850 1477 diversis
1883 1436 2018 1492 pas-

321 1515 427 1570 sim
457 1513 946 1570 adnotationibus.

393 1603 682 1658 Postremo
711 1601 935 1657 abbatis
983 1599 1161 1655 nostri
1193 1599 1478 1654 Librorum
1507 1597 1572 1652 dc
1599 1601 1716 1652 vita
1762 1612 1863 1652 sua
1892 1611 2020 1666 apo-

324 1690 613 1759 graphum
681 1688 1080 1744 tantummodo
1141 1686 1399 1741 invenire
1444 1685 1526 1740 las
1575 1685 1700 1752 fuit,
1749 1685 2021 1756 graphice

323 1777 556 1848 quidem
611 1791 678 1833 ac
730 1775 1028 1832 recentiori
1073 1788 1249 1830 manu
1300 1773 1601 1842 scriptum,
1655 1773 1750 1828 sed
1801 1772 2021 1828 mendis

323 1874 548 1920 scatens
589 1863 1057 1934 quampluribus,
1109 1863 1338 1917 inversa
1378 1861 1572 1927 verba,
1615 1862 1907 1916 sententiae
1941 1862 2020 1916 in-

324 1953 550 2009 terdum
581 1961 680 2008 aut
709 1960 940 2008 mutatae
974 1960 1074 2007 aut
1097 1965 1330 2020 prorsus
1359 1949 1618 2015 sublatis,
1647 1958 1707 2004 ut
1740 1949 2020 2004 nonnulla

326 2040 578 2111 penilius
618 2041 937 2106 inspicienti
979 2039 1119 2094 mihi
1152 2039 1366 2094 fuerint
1396 2038 1490 2092 vix
1524 2053 1635 2092 non
1665 2037 2016 2106 divinanda;

325 2135 530 2182 caetera
572 2141 708 2183 vero
739 2142 870 2198 quae
928 2141 1016 2182 me
1048 2127 1369 2196 praeteriere
1418 2125 1614 2190 verba,
1667 2139 1864 2181 eorum
1901 2125 2020 2180 loco

325 2222 544 2284 puncta
591 2215 874 2285 supplevi,
913 2229 1015 2271 seu
1046 2214 1295 2284 margini
1322 2214 1556 2282 ascripsi
1587 2214 1850 2284 quzedam
1883 2215 2013 2269 alia.

323 2303 681 2359 Audiveram
728 2318 866 2359 sane
905 2310 961 2359 et
991 2303 1278 2360 multoties
1308 2302 1613 2373 repetitum
1644 2316 2014 2371 agnoverant,

323 2393 752 2462 autographum
785 2391 855 2447 ad
887 2399 1082 2447 nostra
1109 2399 1365 2461 tempora
1403 2391 1549 2446 inter
1581 2391 1843 2446 Ecclesiae
1877 2391 2019 2446 Lau-

321 2479 599 2534 dunensis
645 2487 899 2535 vetustos
947 2480 1168 2534 codices
1215 2481 1591 2544 asservatum,
1643 2493 1711 2534 ac
1765 2486 2015 2548 postmo-

320 2567 459 2622 dum
507 2567 763 2638 antiquae
817 2568 896 2623 rei
935 2566 1112 2638 perito
1144 2567 1266 2622 viro
1313 2567 1376 2622 Ι).
1415 2567 1551 2637 Dey,
1593 2565 1820 2622 Doctori
1866 2567 2018 2622 Pari-

321 2654 493 2710 siensi
527 2654 653 2726 (qui
697 2655 916 2725 pridem
960 2655 1140 2725 obiit),
1177 2655 1487 2724 collatum;
1529 2669 1678 2725 quas
1719 2663 1910 2710 autem
1957 2655 2014 2710 in

324 2755 530 2798 manus
563 2743 797 2812 posthac
831 2743 1166 2799 devolutum
1203 2743 1391 2810 fuerit,
1425 2757 1649 2798 omnem
1683 2742 1836 2797 movi
1869 2741 2012 2812 lapi-

321 2829 448 2886 dem
483 2840 775 2900 quatenus
803 2831 1118 2901 eomperire
1149 2831 1417 2897 valerem,
1447 2831 1542 2886 sed
1577 2831 1809 2886 frustra.

391 2919 460 2973 Et
504 2933 636 2974 cum
687 2919 996 2975 Guibertus
1036 2919 1200 2976 tertio
1239 2919 1384 2975 libro
1411 2919 1488 2974 De
1517 2919 1635 2974 vita
1664 2931 1770 2974 sua
1799 2917 2016 2988 potissi-

321 3019 479 3060 mum
497 3006 705 3062 referat
729 3007 833 3077 qui
853 3007 1005 3062 cives
1030 3009 1438 3064 Laudunenses
1467 3006 2014 3062 immanissimorum

2052 1835 2090 1888 Β

325 3103 716 3162 grassatorum
755 3109 911 3151 more
936 3094 1202 3151 bacchati
1242 3094 1479 3163 fuerint,
1509 3095 1646 3151 dum
1677 3108 1793 3150 non
1823 3091 2011 3160 sexui,
2043 3128 2085 3182 ο

319 3195 431 3236 non
477 3183 684 3248 ordini,
717 3198 830 3238 non
873 3183 1024 3238 aetati
1075 3183 1180 3238 ulli
1231 3191 1548 3253 parcerent,
1579 3181 1732 3238 caede
1774 3194 1840 3236 ac
1873 3194 2012 3234 san-

318 3269 482 3339 guini
531 3271 879 3340 complentes
906 3270 1139 3340 omnia;
1189 3271 1290 3340 qui
1325 3278 1610 3340 pastorem
1657 3283 1830 3324 suum
1878 3281 2014 3323 nece

319 3356 610 3414 affecerint
639 3372 817 3428 quam
837 3358 1232 3428 acerbissima;
1265 3358 1365 3428 qui
1391 3357 1708 3428 episcopale
1736 3356 2012 3425 templum

319 3444 696 3513 incenderint,
727 3454 782 3502 et
821 3445 936 3500 alia
988 3445 1046 3502 id
1077 3460 1259 3516 genus
1297 3446 1702 3502 crudelitatum
1756 3451 2015 3513 patrave-

322 3535 456 3600 rint,
505 3535 697 3589 Libros
748 3539 856 3589 tres
909 3535 1210 3589 Hermanni
1247 3535 1498 3590 monachi
1533 3534 1599 3587 de
1641 3533 1923 3586 miraculis
1954 3532 2012 3587 S.

318 3623 512 3676 Maris
575 3621 952 3676 Laudunensis
1016 3621 1202 3678 instar
1272 3621 1603 3691 appendicis
1663 3619 2015 3690 adjiciendus

317 3709 516 3766 censui
533 3717 1056 3780 peropportunum;
1081 3717 1277 3779 utpote
1290 3709 1387 3780 qui
1404 3708 1684 3778 prolixam
1711 3722 1825 3763 non
1847 3707 2013 3762 modo

317 3798 610 3854 continent
655 3805 933 3868 reparatae
961 3806 1017 3854 et
1048 3798 1212 3854 urbis
1241 3805 1298 3854 et
1333 3797 1583 3853 ecclesiae
1615 3795 2015 3852 Laudunensis

318 3885 637 3954 historiam,
695 3901 898 3942 verum
945 3885 1119 3944 etiam
1151 3893 1504 3942 coaetaneum
1550 3884 1824 3942 Guiberto
1864 3883 2013 3940 scri-

317 3981 536 4045 ptorem
569 3981 912 4046 agnoscunt.

390 4062 602 4118 Praeter
643 4063 912 4133 superius
957 4070 1326 4120 enumeratos
1371 4060 1631 4120 Guiberti
1675 4061 1840 4128 fetus,
1899 4061 2012 4117 edi-

319 4150 466 4206 disse
511 4159 567 4206 et
607 4152 987 4220 Cupitularem
1044 4151 1283 4206 libellum
1322 4151 1389 4206 de
1433 4151 1668 4206 diversis
1713 4151 2006 4219 evangelio-

315 4254 440 4293 rum
489 4243 541 4294 et
601 4240 1036 4308 prophr'ticorum
1093 4240 1429 4295 voluminum
1493 4241 1792 4305 sententiis,
1851 4246 2008 4294 notat

317 4326 552 4398 ipsemet
585 4325 680 4381 lib.
715 4341 730 4382 ι
763 4327 841 4382 De
891 4327 1008 4383 vita
1035 4341 1160 4395 sua,
1195 4341 1321 4398 cap.
1356 4329 1442 4382 16.
1481 4329 1582 4384 Ast
1609 4327 1822 4384 alicubi
1854 4327 2009 4384 haud

314 4414 490 4471 dubie
521 4413 578 4469 in
607 4415 844 4485 pulvere
872 4423 927 4472 et
955 4416 1072 4472 situ
1118 4415 1292 4472 latere
1323 4431 1479 4472 nunc
1527 4430 1710 4486 usque
1741 4415 2004 4486 dierum;
2039 4427 2078 4480 ῐ)

315 4503 404 4558 vel
438 4503 628 4572 potius
651 4503 893 4559 dixerim
922 4503 994 4560 ab
1027 4504 1148 4574 ipso
1177 4513 1409 4574 parente
1428 4519 1822 4575 suppressum,
1851 4504 2002 4574 quod

313 4589 550 4647 minime
598 4591 964 4661 perpolitum,
999 4592 1087 4647 his
1133 4607 1206 4648 ex
1237 4593 1427 4649 verbis
1456 4593 1706 4648 indidem
1753 4593 2006 4648 subodo-

313 4678 430 4734 rari
461 4679 596 4735 libet
624 4694 638 4733 :
671 4680 772 4736 Cui
822 4679 1055 4749 (libello)
1105 4682 1208 4735 huc
1247 4697 1415 4752 usque
1437 4684 1596 4750 ﬁnem
1629 4681 1762 4734 dare
1791 4681 2004 4748 differo,

312 4769 446 4835 quia
487 4767 573 4822 his
620 4769 896 4836 explicitis
947 4785 1065 4838 quae
1115 4771 1175 4824 in
1225 4773 1646 4839 praesentiarum
1698 4774 1844 4824 teneo
1870 4811 1882 4832 ,
1947 4771 2007 4821 in

310 4857 582 4910 similibus
611 4859 850 4911 exerceri
882 4859 1192 4928 aliquoties,
1231 4859 1344 4914 Deo
1371 4863 1714 4927 suggerente,
1747 4858 2000 4912 delibero.

313 4943 537 5000 Etenim
583 4943 917 5016 ubicunque
967 4947 1222 5004 libellum
1273 4947 1599 5004 delitescere
1645 4945 2001 5014 suspicabar,

311 5032 443 5088 nisu
474 5031 661 5087 inutili
698 5033 1032 5103 perquisivi.

379 5117 887 5177 Observationibus
923 5130 978 5178 et
1007 5124 1156 5179 notis
1187 5123 1455 5192 quaedam
1489 5121 1740 5177 auctoris
1768 5136 2006 5190 opuscu-

309 5205 385 5273 la,
419 5221 534 5262 non
566 5215 680 5264 tam
713 5223 837 5266 mea
866 5219 1090 5280 sponte,
1121 5225 1300 5282 quam
1323 5217 1470 5265 nutu
1501 5223 1702 5265 eorum
1733 5217 1788 5266 et
1819 5219 2005 5266 aucto-

307 5294 510 5374 ritate,
575 5297 790 5366 quibus
860 5298 1051 5353 votiva
1133 5297 1456 5354 obedientia
1511 5297 1822 5352 obstrictus
1884 5311 2000 5353 non

306 5384 695 5454 obtemperare
725 5385 864 5442 mihi
911 5387 1109 5456 religi)
1141 5390 1243 5450 est,
1287 5385 1589 5440 illustravi.
1622 5385 1689 5440 In
1733 5385 1802 5442 iis
1831 5399 2001 5456 porro

308 5473 450 5542 quid
477 5473 861 5542 priestiterim,
893 5475 1092 5544 paucis
1122 5473 1178 5530 id
1209 5472 1532 5529 absolvam.

2124 627 2362 696 quitatis
2391 634 2786 693 monumenta,
2821 627 3022 683 mediae
3049 634 3104 682 et
3143 627 3396 681 auctoris
3427 627 3602 682 nostri
3633 625 3849 682 aetatis

2124 715 2374 771 maxime
2404 716 2687 783 (auctores
2727 715 2878 770 enim
2917 715 3172 770 nondum
3206 714 3384 770 editos
3413 716 3642 785 saepius,
3681 715 3848 770 alios

2124 817 2355 872 perraro
2401 803 2471 858 ad
2506 804 2890 859 testimonium
2942 803 3096 873 cito),
3147 811 3393 859 mentem
3441 803 3647 859 induxi
3687 803 3848 859 data

2123 891 2417 946 occasione
2450 892 2753 946 identidem
2799 905 2868 946 ea
2901 891 3296 959 internectere,
3341 905 3410 947 ea
3450 891 3520 948 de
3551 906 3612 948 re
3642 891 3848 946 nimi-

2126 993 2277 1042 rum,
2315 987 2378 1035 ut
2421 979 2769 1050 ejuscemodi
2813 981 3092 1036 mercium
3140 980 3562 1050 appetentibus,
3593 980 3846 1050 aliquo-

2127 1082 2334 1138 usque,
2365 1067 2504 1124 dum
2551 1068 2768 1138 majora
2805 1076 3010 1138 parant
3040 1068 3239 1133 nostri,
3275 1068 3516 1124 facerem
3561 1069 3723 1124 satis.
3758 1069 3844 1124 In

2125 1156 2196 1211 iis
2242 1156 2435 1212 animo
2481 1156 2749 1226 proposui
2795 1155 2937 1211 nihil
2983 1169 3096 1210 non
3134 1155 3480 1223 discussum,
3532 1156 3674 1212 nihil
3707 1170 3844 1211 non

2127 1243 2254 1299 tidei
2301 1243 2530 1314 optimae
2580 1243 2910 1300 eventilare.
2971 1242 3098 1299 Scio
3160 1244 3528 1300 nihilosecius
3581 1259 3709 1314 ego,
3773 1250 3846 1299 et

2126 1332 2302 1402 probe
2362 1340 2547 1400 teneo,
2612 1335 2872 1386 neminem
2925 1347 3038 1387 esse
3103 1339 3214 1387 tam
3265 1335 3498 1399 felicem,
3561 1335 3659 1403 qui
3717 1349 3844 1387 non

2124 1421 2397 1489 subjectus
2427 1423 2500 1474 sit
2525 1424 2714 1482 errori,
2746 1427 2796 1474 et
2819 1421 2914 1475 hoc
2942 1437 3049 1475 non
3078 1421 3338 1476 dementis
3371 1437 3481 1476 esse
3505 1425 3838 1491 proprium,

2125 1509 2220 1564 sed
2251 1510 2502 1564 hominis.
2537 1509 2758 1580 Itaque,
2809 1511 3004 1565 Lector
3035 1509 3329 1577 benevole,
3371 1511 3843 1580 zequanimitatis

2127 1605 2242 1654 tua;
2268 1599 2375 1653 erit
2419 1597 2466 1653 si
2500 1613 2631 1668 qua:
2671 1605 2880 1655 errata.
2914 1597 3117 1653 leniter
3145 1606 3198 1653 et
3245 1597 3426 1656 amice
3465 1598 3748 1668 castiges;
3782 1599 3840 1653 si

2129 1701 2259 1755 quae
2303 1687 2656 1752 chartarum,
2716 1686 3124 1755 diplomatum,
3177 1686 3496 1741 aliorumve
3545 1687 3840 1744 similium

2128 1774 2485 1841 displiceant,
2538 1789 2734 1844 qtueso
2784 1773 2880 1829 illa
2927 1789 2996 1829 ne
3028 1774 3306 1830 lacessant
3363 1775 3654 1843 negotium
3691 1791 3704 1830 :
3741 1791 3843 1830 ec-

2129 1863 2261 1932 quis
2320 1863 2473 1918 enim
2560 1862 2859 1918 hominum
2941 1863 3084 1918 votis
3152 1863 3410 1918 omnium
3480 1865 3842 1933 respondere

2128 1949 2362 2022 quibit?

2195 2037 2474 2104 Quoniam
2507 2038 2659 2094 haud
2693 2038 2763 2094 ad
2803 2039 3025 2096 solitam
3061 2039 3516 2108 magnitudinem
3549 2040 3836 2096 volumen

2127 2139 2455 2180 exerescere
2504 2125 3048 2189 animadverteram.
3093 2126 3356 2196 quaedam
3403 2126 3476 2182 ad
3521 2126 3839 2182 illustran-

2127 2212 2228 2266 dos
2291 2212 2549 2268 Guiberti
2616 2213 2790 2269 libros
2851 2215 2923 2269 De
2992 2214 3109 2270 vita
3157 2228 3263 2269 sua
3322 2214 3838 2272 observationibus

2127 2300 2512 2356 additamenta
2563 2301 2882 2370 subjunxi;
2917 2317 3140 2371 nempe,
3183 2303 3358 2355 Vitam
3421 2302 3478 2358 8.
3541 2304 3839 2358 Geremari

2126 2389 2362 2454 abbatis,
2393 2404 2464 2444 ex
2511 2389 2853 2445 monasterio
2877 2375 3194 2446 Conc‘heusi
3219 2405 3235 2459 ;
3274 2391 3459 2445 Vitam
3486 2391 3547 2445 B.
3581 2391 3834 2448 Simonis

2125 2480 2336 2532 comitis
2400 2479 2777 2547 Crespcimisis,
2841 2493 2971 2548 quae
3018 2492 3089 2533 ex
3150 2478 3338 2534 codice
3396 2492 3501 2533 ms.
3554 2478 3832 2536 C(enobio

2127 2565 2444 2636 Ursieampi
2501 2566 2572 2621 ad
2623 2581 2711 2621 me
2762 2566 3098 2621 transmissa
3145 2573 3230 2621 est
3273 2581 3285 2620 :
3327 2567 3510 2621 Vitam
3562 2567 3620 2623 S.
3669 2568 3835 2622 Sala-

2126 2652 2299 2720 bergz
2343 2653 2404 2707 S.
2435 2655 2660 2707 Joannis
2710 2653 3088 2707 Laudunensis
3132 2657 3592 2723 prato-antistite,
3648 2656 3833 2726 cujus

2125 2741 2358 2812 quidem
2377 2750 2499 2798 erat
2519 2743 2831 2812 exemplar,
2867 2743 2963 2798 sed
2986 2745 3126 2798 adeo
3155 2743 3520 2810 mendosum,
3551 2743 3635 2800 uti
3658 2759 3828 2814 spem

2123 2829 2249 2899 ejus
2275 2830 2618 2900 evulgandze
2652 2844 2882 2900 prorsus
2911 2831 3264 2901 abjecissem.
3298 2831 3356 2885 ni
3381 2839 3585 2900 praesto
3611 2830 3833 2886 adfuis-

2123 2925 2205 2972 set
2236 2925 2427 2973 noster
2474 2919 2538 2972 D.
2574 2918 2838 2974 Placidus
2885 2918 3183 2980 Bertheau.
3218 2931 3463 2988 eamque
3507 2918 3682 2987 ipsam
3715 2932 3832 2988 ope

2123 3005 2332 3061 codicis
2381 3019 2487 3062 ms.
2523 3006 2972 3075 Ursicampeusis
3013 3005 3235 3061 mendis
3275 3020 3450 3076 prope
3498 3006 3832 3062 innumeris

2123 3093 2280 3149 velut
2314 3093 2370 3148 in
2413 3093 2776 3164 marginibus
2803 3108 3034 3150 cernere
3061 3102 3162 3161 est,
3211 3094 3570 3161 correxisset,
3616 3108 3830 3150 emen—

2122 3181 2323 3238 dasset.
2371 3181 2530 3248 Quod
2563 3195 2755 3237 meum
2800 3181 2970 3238 fuerit
3017 3183 3318 3238 consilium
3353 3182 3478 3237 illas
3529 3183 3827 3252 publicam

2123 3270 2181 3324 in
2213 3269 2397 3326 lucem
2448 3270 2608 3326 Vitas
2661 3270 2975 3338 emittendi,
3030 3271 3205 3326 habes
3235 3271 3459 3341 paginis
3507 3271 3631 3337 596,
3686 3273 3823 3339 60-2,

2121 3359 2230 3410 es?
2258 3359 2388 3426 (12).

2194 3444 2425 3511 Deinde,
2497 3444 2720 3516 insigne
2785 3447 3026 3512 Hugonis
3085 3446 3534 3514 Rothomagensis
3585 3462 3826 3516 opuscu-

2123 3533 2254 3600 lum,
2305 3533 2493 3590 tribus
2533 3533 2736 3590 libellis
2788 3534 3144 3601 distinctum,
3193 3541 3382 3589 contra
3410 3537 3683 3590 haereticos
3729 3541 3829 3592 sui

2123 3625 2395 3691 temporis.
2421 3621 2581 3677 Istud
2601 3637 2734 3678 cum
2753 3622 2976 3680 abbatis
2996 3637 3063 3678 ac
3081 3623 3244 3680 tineis
3263 3623 3461 3679 rixans
3481 3625 3593 3680 huc
3607 3639 3821 3694 usque,

2121 3723 2152 3765 e
2195 3709 2386 3765 codice
2437 3724 2541 3764 ms.
2593 3709 2648 3766 S.
2697 3710 2929 3767 Martini
2993 3711 3329 3767 Parisiensis
3381 3712 3821 3781 exscripsimus,

2121 3811 2187 3852 ac
2219 3797 2429 3867 publici
2461 3797 2704 3854 facimus
2743 3798 2914 3869 juris.
2951 3799 3209 3870 Hugonis
3237 3799 3423 3870 elogia
3467 3808 3520 3856 et
3551 3800 3825 3870 epistolas

2122 3885 2340 3942 videbis
2366 3900 2497 3957 pag.
2529 3889 2636 3942 687
2664 3893 2720 3942 et
2746 3900 2866 3957 seq.

2191 3974 2490 4042 Praeterea,
2517 3975 2736 4030 Roberti
2765 3974 2831 4028 de
2873 3977 3160 4030 Torinneio
3193 3975 3503 4046 (Torigny),
3538 3975 3716 4047 vulgo
3750 3979 3825 4033 de

2119 4063 2296 4117 Monte
2339 4063 2574 4125 abbatis,
2616 4063 2748 4128 (hoc
2793 4069 2877 4118 est
2932 4063 3262 4119 monasterii
3313 4063 3368 4119 S.
3403 4063 3695 4120 Michaelis
3745 4066 3824 4122 de

2119 4150 2308 4206 Monte
2331 4150 2577 4218 Tumba,
2605 4149 2724 4207 sive
2756 4153 2815 4204 in
2845 4152 3086 4206 Periculo
3111 4151 3305 4220 maris)
3334 4151 3585 4215 vocitati,
3617 4153 3821 4209 Acces-

2118 4241 2310 4305 siones,
2335 4245 2385 4294 ετ
2425 4240 2719 4310 Appendix
2745 4244 3013 4296 Germana
3061 4239 3136 4294 ad
3182 4241 3538 4307 Sigebertum,
3565 4256 3670 4297 nec
3698 4255 3821 4299 non

2123 4330 2411 4382 Tractatus
2455 4328 2522 4382 de
2563 4329 3036 4384 immutationibus
3081 4330 3488 4390 monachorum,
3538 4330 3604 4384 de
3652 4331 3824 4386 abba-

2119 4416 2262 4471 tibus
2311 4422 2362 4472 et
2421 4417 2660 4471 abbatiis
2713 4417 3228 4482 Northmannorum,
3287 4424 3338 4470 et
3388 4417 3818 4486 aediﬁcatoribus

2116 4519 2323 4558 earum.
2374 4504 2719 4574 Appendicis
2765 4503 2976 4574 duplici
3023 4505 3239 4560 ditatus
3291 4519 3418 4560 sum
3471 4507 3815 4578 exemplari,

2117 4591 2459 4663 primigenio
2505 4593 2684 4649 altero
2714 4592 2768 4648 S.
2804 4593 3095 4650 Michaelis
3124 4593 3195 4649 de
3220 4593 3408 4649 Monte
3453 4595 3629 4664 (quod
3663 4594 3813 4652 infra

2117 4693 2248 4752 pag.
2279 4679 2387 4734 715
2433 4681 2794 4751 praenotavi),
2838 4681 3017 4738 altero
3062 4681 3466 4738 Gemeticensis
3503 4684 3763 4740 asceterii
3798 4701 3812 4740 :

2115 4769 2398 4824 nonnulla
2427 4783 2498 4824 ex
2549 4777 2709 4839 parte
2742 4769 3027 4839 posterius
3057 4769 3233 4840 priori
3279 4769 3648 4837 contractius,
3679 4785 3816 4841 quae

2114 4871 2250 4913 vero
2299 4856 2356 4912 in
2386 4857 2667 4914 Montensi
2714 4871 2830 4913 non
2862 4857 3170 4914 exstabant
3216 4857 3545 4913 charactere
3593 4857 3812 4927 Italico,

2114 4953 2291 5016 atque
2346 4947 2635 5013 asterisco,
2704 4945 3221 5016 notatiunculaqne
3283 4945 3530 5016 margini
3590 4947 3816 5016 adjecta

2115 5033 2562 5090 demonstratur.
2619 5034 2835 5091 Verum
2888 5035 3136 5104 pretium
3195 5048 3384 5104 operas
3433 5045 3538 5102 est,
3590 5036 3809 5104 Lector,

2113 5122 2563 5190 animadvertas,
2615 5131 2758 5192 puta
2813 5121 2974 5178 initio
3011 5122 3224 5179 codicis
3269 5137 3376 5178 ms.
3431 5139 3536 5179 nec
3577 5138 3691 5179 non
3751 5125 3810 5180 in

2114 5209 2354 5281 prologi,
2401 5211 2662 5280 atquein
2709 5209 2890 5281 ipsius
2936 5211 3304 5281 Appendicis,
3351 5227 3470 5281 qua
3498 5211 3567 5267 de
3592 5213 3806 5283 agitur,

2113 5297 2278 5355 titulo
2309 5306 2710 5368 praenotatum,
2735 5299 2886 5369 quod
2913 5301 2984 5355 ad
3006 5314 3225 5356 annum
3251 5299 3391 5355 1184
3421 5301 3806 5370 Appendicem

2111 5387 2393 5442 Bobertus
2441 5389 2826 5456 protraxerit;
2874 5388 2974 5458 qui
3025 5395 3217 5444 tamen
3248 5390 3317 5443 ad
3363 5402 3457 5444 an.
3495 5389 3633 5443 1I82
3661 5389 3803 5445 duu-

2109 5481 2272 5531 taxat
2324 5475 2421 5531 illo
2475 5475 2821 5546 Appendicis
2864 5475 3097 5547 prologo
3148 5478 3522 5534 concinnasse
3576 5478 3805 5547 proﬁte-

373 5631 492 5704 (ιὲ)
525 5631 762 5690 Numeri
785 5630 1094 5690 crassiores
1121 5629 1301 5688 textui
1329 5639 1522 5687 nostra
1548 5629 1746 5687 inserti
1779 5631 2018 5704 paginas
2046 5631 2311 5689 editiinis
2339 5631 2675 5688 Acherianze
2701 5619 3136 5703 repraesentant.
3170 5634 3329 5690 Ευιτ.
3351 5635 3535 5691 ῬΑ-ηπ.
