  <div class='ocr_page' id='page_1' title='image "/cluster/home/n/w/nwhite01/storage/ocr_20150623/156-157/uc1.31175010662024/016.png"; bbox 0 0 3966 6436; ppageno 0'>
   <div class='ocr_carea' id='block_1_1' title="bbox 83 438 3626 501">
    <p class='ocr_par' dir='ltr' id='par_1_1' title="bbox 83 438 3626 501">
     <span class='ocr_line' id='line_1_1' title="bbox 83 438 3626 501; baseline 0.003 -11"><span class='ocrx_word' id='word_1_1' title='bbox 83 438 146 491; x_wconf 81' lang='lat' dir='ltr'><strong>l‘l</strong></span> <span class='ocrx_word' id='word_1_2' title='bbox 1056 438 1586 495; x_wconf 77' lang='lat' dir='ltr'><strong>PROLEGOMENA.</strong></span> <span class='ocrx_word' id='word_1_3' title='bbox 1614 470 1682 479; x_wconf 98' lang='lat'><strong>—</strong></span> <span class='ocrx_word' id='word_1_4' title='bbox 1706 438 2136 497; x_wconf 77' lang='lat' dir='ltr'><strong>TESTIMONIA</strong></span> <span class='ocrx_word' id='word_1_5' title='bbox 2177 439 2265 497; x_wconf 87' lang='lat' dir='ltr'><strong>DE</strong></span> <span class='ocrx_word' id='word_1_6' title='bbox 2302 440 2669 501; x_wconf 79' lang='lat' dir='ltr'><strong>GUIBEBTO.</strong></span> <span class='ocrx_word' id='word_1_7' title='bbox 3559 444 3626 500; x_wconf 83' lang='grc'><strong>18</strong></span> 
     </span>
    </p>
   </div>
   <div class='ocr_carea' id='block_1_2' title="bbox 83 543 3623 656">
    <p class='ocr_par' dir='ltr' id='par_1_2' title="bbox 83 543 3623 656">
     <span class='ocr_line' id='line_1_2' title="bbox 83 543 3623 656; baseline 0.003 -27"><span class='ocrx_word' id='word_1_8' title='bbox 83 580 226 630; x_wconf 93' lang='lat' dir='ltr'><strong>tur:</strong></span> <span class='ocrx_word' id='word_1_9' title='bbox 262 575 426 632; x_wconf 91' lang='lat' dir='ltr'><strong>unde</strong></span> <span class='ocrx_word' id='word_1_10' title='bbox 469 543 837 633; x_wconf 77' lang='lat' dir='ltr'><strong>subdubitari</strong></span> <span class='ocrx_word' id='word_1_11' title='bbox 882 576 1056 632; x_wconf 89' lang='lat' dir='ltr'><strong>datur</strong></span> <span class='ocrx_word' id='word_1_12' title='bbox 1098 574 1186 631; x_wconf 85' lang='lat' dir='ltr'><strong>vel</strong></span> <span class='ocrx_word' id='word_1_13' title='bbox 1222 575 1533 632; x_wconf 82' lang='lat' dir='ltr'><strong>Robertum</strong></span> <span class='ocrx_word' id='word_1_14' title='bbox 1574 585 1800 647; x_wconf 85' lang='lat' dir='ltr'><strong>postea-</strong></span> <span class='ocrx_word' id='word_1_15' title='bbox 1831 603 1873 656; x_wconf 64' lang='grc' dir='ltr'><strong>Α</strong></span> <span class='ocrx_word' id='word_1_16' title='bbox 1915 593 2035 635; x_wconf 74' lang='grc' dir='ltr'><strong>ευὶΕ</strong></span> <span class='ocrx_word' id='word_1_17' title='bbox 2067 579 2431 635; x_wconf 67' lang='lat' dir='ltr'><strong>Bibliotheca:</strong></span> <span class='ocrx_word' id='word_1_18' title='bbox 2476 580 2581 651; x_wconf 87' lang='lat' dir='ltr'><strong>ipsi</strong></span> <span class='ocrx_word' id='word_1_19' title='bbox 2635 580 2797 635; x_wconf 87' lang='lat' dir='ltr'><strong>solita</strong></span> <span class='ocrx_word' id='word_1_20' title='bbox 2845 580 3131 649; x_wconf 75' lang='lat' dir='ltr'><strong>comitate,</strong></span> <span class='ocrx_word' id='word_1_21' title='bbox 3172 595 3393 653; x_wconf 85' lang='lat' dir='ltr'><strong>proque</strong></span> <span class='ocrx_word' id='word_1_22' title='bbox 3424 581 3623 639; x_wconf 91' lang='lat' dir='ltr'><strong>innato</strong></span> 
     </span>
    </p>
   </div>
   <div class='ocr_carea' id='block_1_3' title="bbox 77 664 1801 738">
    <p class='ocr_par' dir='ltr' id='par_1_3' title="bbox 77 664 1801 738">
     <span class='ocr_line' id='line_1_3' title="bbox 77 664 1801 738; baseline 0.001 -21"><span class='ocrx_word' id='word_1_23' title='bbox 77 678 264 732; x_wconf 86' lang='lat' dir='ltr'><strong>quam</strong></span> <span class='ocrx_word' id='word_1_24' title='bbox 298 665 606 738; x_wconf 82' lang='lat' dir='ltr'><strong>prologum</strong></span> <span class='ocrx_word' id='word_1_25' title='bbox 633 664 983 730; x_wconf 77' lang='lat' dir='ltr'><strong>confecisset,</strong></span> <span class='ocrx_word' id='word_1_26' title='bbox 1018 664 1193 721; x_wconf 83' lang='lat' dir='ltr'><strong>fuisse</strong></span> <span class='ocrx_word' id='word_1_27' title='bbox 1224 665 1376 720; x_wconf 87' lang='lat' dir='ltr'><strong>ultra</strong></span> <span class='ocrx_word' id='word_1_28' title='bbox 1403 679 1801 736; x_wconf 87' lang='lat' dir='ltr'><strong>progressum;</strong></span> 
     </span>
    </p>
   </div>
   <div class='ocr_carea' id='block_1_4' title="bbox 78 753 1804 825">
    <p class='ocr_par' dir='ltr' id='par_1_4' title="bbox 78 753 1804 825">
     <span class='ocr_line' id='line_1_4' title="bbox 78 753 1804 825; baseline 0.001 -18"><span class='ocrx_word' id='word_1_29' title='bbox 78 753 203 808; x_wconf 85' lang='lat' dir='ltr'><strong>sive</strong></span> <span class='ocrx_word' id='word_1_30' title='bbox 234 753 426 811; x_wconf 91' lang='lat' dir='ltr'><strong>alium</strong></span> <span class='ocrx_word' id='word_1_31' title='bbox 458 754 786 825; x_wconf 85' lang='lat' dir='ltr'><strong>quempiam</strong></span> <span class='ocrx_word' id='word_1_32' title='bbox 819 754 1070 809; x_wconf 91' lang='lat' dir='ltr'><strong>duorum</strong></span> <span class='ocrx_word' id='word_1_33' title='bbox 1114 766 1403 810; x_wconf 89' lang='lat' dir='ltr'><strong>annorum</strong></span> <span class='ocrx_word' id='word_1_34' title='bbox 1450 753 1654 810; x_wconf 88' lang='lat' dir='ltr'><strong>seriem</strong></span> <span class='ocrx_word' id='word_1_35' title='bbox 1685 766 1804 809; x_wconf 90' lang='lat' dir='ltr'><strong>una</strong></span> 
     </span>
    </p>
   </div>
   <div class='ocr_carea' id='block_1_5' title="bbox 76 841 982 898">
    <p class='ocr_par' dir='ltr' id='par_1_5' title="bbox 76 841 982 898">
     <span class='ocr_line' id='line_1_5' title="bbox 76 841 982 898; baseline -0.001 -2"><span class='ocrx_word' id='word_1_36' title='bbox 76 849 134 896; x_wconf 85' lang='lat' dir='ltr'><strong>et</strong></span> <span class='ocrx_word' id='word_1_37' title='bbox 167 841 677 898; x_wconf 80' lang='lat' dir='ltr'><strong>continuationem</strong></span> <span class='ocrx_word' id='word_1_38' title='bbox 711 842 982 898; x_wconf 80' lang='lat' dir='ltr'><strong>texuisse.</strong></span> 
     </span>
    </p>
   </div>
   <div class='ocr_carea' id='block_1_6' title="bbox 152 929 1803 997">
    <p class='ocr_par' dir='ltr' id='par_1_6' title="bbox 152 929 1803 997">
     <span class='ocr_line' id='line_1_6' title="bbox 152 929 1803 997; baseline 0 -11"><span class='ocrx_word' id='word_1_39' title='bbox 152 930 307 997; x_wconf 89' lang='lat' dir='ltr'><strong>Quid</strong></span> <span class='ocrx_word' id='word_1_40' title='bbox 348 946 442 987; x_wconf 91' lang='lat' dir='ltr'><strong>me</strong></span> <span class='ocrx_word' id='word_1_41' title='bbox 485 931 714 987; x_wconf 86' lang='lat' dir='ltr'><strong>tandem</strong></span> <span class='ocrx_word' id='word_1_42' title='bbox 767 945 958 986; x_wconf 77' lang='lat' dir='ltr'><strong>causzc</strong></span> <span class='ocrx_word' id='word_1_43' title='bbox 1006 929 1251 986; x_wconf 85' lang='lat' dir='ltr'><strong>moverit</strong></span> <span class='ocrx_word' id='word_1_44' title='bbox 1296 930 1368 986; x_wconf 90' lang='lat' dir='ltr'><strong>ad</strong></span> <span class='ocrx_word' id='word_1_45' title='bbox 1411 930 1605 986; x_wconf 80' lang='lat' dir='ltr'><strong>isthzec</strong></span> <span class='ocrx_word' id='word_1_46' title='bbox 1631 929 1803 986; x_wconf 82' lang='lat' dir='ltr'><strong>evul—</strong></span> 
     </span>
    </p>
   </div>
   <div class='ocr_carea' id='block_1_7' title="bbox 78 1019 1797 1091">
    <p class='ocr_par' dir='ltr' id='par_1_7' title="bbox 78 1019 1797 1091">
     <span class='ocr_line' id='line_1_7' title="bbox 78 1019 1797 1091; baseline 0.001 -18"><span class='ocrx_word' id='word_1_47' title='bbox 78 1020 283 1089; x_wconf 88' lang='lat' dir='ltr'><strong>ganda</strong></span> <span class='ocrx_word' id='word_1_48' title='bbox 337 1020 559 1091; x_wconf 77' lang='lat' dir='ltr'><strong>quaeris</strong></span> <span class='ocrx_word' id='word_1_49' title='bbox 596 1020 625 1076; x_wconf 79' lang='lat'><strong>?</strong></span> <span class='ocrx_word' id='word_1_50' title='bbox 697 1034 897 1077; x_wconf 87' lang='lat' dir='ltr'><strong>nosces</strong></span> <span class='ocrx_word' id='word_1_51' title='bbox 959 1019 1293 1091; x_wconf 91' lang='lat' dir='ltr'><strong>anteloquio</strong></span> <span class='ocrx_word' id='word_1_52' title='bbox 1349 1019 1492 1076; x_wconf 89' lang='lat' dir='ltr'><strong>inibi</strong></span> <span class='ocrx_word' id='word_1_53' title='bbox 1542 1020 1797 1090; x_wconf 77' lang='lat' dir='ltr'><strong>praeﬁxo,</strong></span> 
     </span>
    </p>
   </div>
   <div class='ocr_carea' id='block_1_8' title="bbox 82 1110 388 1179">
    <p class='ocr_par' dir='ltr' id='par_1_8' title="bbox 82 1110 388 1179">
     <span class='ocr_line' id='line_1_8' title="bbox 82 1110 388 1179; baseline -0.003 -15"><span class='ocrx_word' id='word_1_54' title='bbox 82 1122 215 1179; x_wconf 85' lang='lat' dir='ltr'><strong>pag.</strong></span> <span class='ocrx_word' id='word_1_55' title='bbox 250 1110 388 1163; x_wconf 84' lang='grc'>715.</span> 
     </span>
    </p>
   </div>
   <div class='ocr_carea' id='block_1_9' title="bbox 147 1196 1800 1269">
    <p class='ocr_par' dir='ltr' id='par_1_9' title="bbox 147 1196 1800 1269">
     <span class='ocr_line' id='line_1_9' title="bbox 147 1196 1800 1269; baseline -0.001 -15"><span class='ocrx_word' id='word_1_56' title='bbox 147 1198 446 1255; x_wconf 63' lang='lat' dir='ltr'><strong>Caeterum</strong></span> <span class='ocrx_word' id='word_1_57' title='bbox 477 1198 579 1269; x_wconf 88' lang='lat' dir='ltr'><strong>qui</strong></span> <span class='ocrx_word' id='word_1_58' title='bbox 613 1197 751 1253; x_wconf 90' lang='lat' dir='ltr'><strong>mihi</strong></span> <span class='ocrx_word' id='word_1_59' title='bbox 786 1197 1021 1253; x_wconf 88' lang='lat' dir='ltr'><strong>fuerunt</strong></span> <span class='ocrx_word' id='word_1_60' title='bbox 1048 1196 1289 1264; x_wconf 84' lang='lat' dir='ltr'><strong>auxilio,</strong></span> <span class='ocrx_word' id='word_1_61' title='bbox 1312 1212 1512 1254; x_wconf 90' lang='lat' dir='ltr'><strong>eorum</strong></span> <span class='ocrx_word' id='word_1_62' title='bbox 1547 1197 1800 1264; x_wconf 90' lang='lat' dir='ltr'><strong>nomina,</strong></span> 
     </span>
    </p>
   </div>
   <div class='ocr_carea' id='block_1_10' title="bbox 82 1286 1801 1356">
    <p class='ocr_par' dir='ltr' id='par_1_10' title="bbox 82 1286 1801 1356">
     <span class='ocr_line' id='line_1_10' title="bbox 82 1286 1801 1356; baseline -0.001 -14"><span class='ocrx_word' id='word_1_63' title='bbox 82 1295 299 1356; x_wconf 70' lang='lat' dir='ltr'><strong>praeter</strong></span> <span class='ocrx_word' id='word_1_64' title='bbox 332 1287 601 1344; x_wconf 88' lang='lat' dir='ltr'><strong>laudatos</strong></span> <span class='ocrx_word' id='word_1_65' title='bbox 656 1287 710 1342; x_wconf 91' lang='lat' dir='ltr'><strong>in</strong></span> <span class='ocrx_word' id='word_1_66' title='bbox 760 1287 931 1342; x_wconf 85' lang='lat' dir='ltr'><strong>hocce</strong></span> <span class='ocrx_word' id='word_1_67' title='bbox 981 1286 1304 1356; x_wconf 89' lang='lat' dir='ltr'><strong>proloquio,</strong></span> <span class='ocrx_word' id='word_1_68' title='bbox 1353 1286 1474 1342; x_wconf 89' lang='lat' dir='ltr'><strong>suis</strong></span> <span class='ocrx_word' id='word_1_69' title='bbox 1522 1286 1660 1342; x_wconf 87' lang='lat' dir='ltr'><strong>locis</strong></span> <span class='ocrx_word' id='word_1_70' title='bbox 1690 1301 1801 1342; x_wconf 91' lang='lat' dir='ltr'><strong>non</strong></span> 
     </span>
    </p>
   </div>
   <div class='ocr_carea' id='block_1_11' title="bbox 79 1374 1803 1445">
    <p class='ocr_par' dir='ltr' id='par_1_11' title="bbox 79 1374 1803 1445">
     <span class='ocr_line' id='line_1_11' title="bbox 79 1374 1803 1445; baseline 0 -16"><span class='ocrx_word' id='word_1_71' title='bbox 79 1376 299 1445; x_wconf 86' lang='lat' dir='ltr'><strong>omisi;</strong></span> <span class='ocrx_word' id='word_1_72' title='bbox 363 1382 487 1432; x_wconf 91' lang='lat' dir='ltr'><strong>tum</strong></span> <span class='ocrx_word' id='word_1_73' title='bbox 532 1384 594 1433; x_wconf 91' lang='lat' dir='ltr'><strong>ut</strong></span> <span class='ocrx_word' id='word_1_74' title='bbox 640 1375 808 1432; x_wconf 85' lang='lat' dir='ltr'><strong>fidem</strong></span> <span class='ocrx_word' id='word_1_75' title='bbox 868 1374 1190 1441; x_wconf 81' lang='lat' dir='ltr'><strong>liberarem,</strong></span> <span class='ocrx_word' id='word_1_76' title='bbox 1242 1382 1364 1431; x_wconf 90' lang='lat' dir='ltr'><strong>tum</strong></span> <span class='ocrx_word' id='word_1_77' title='bbox 1422 1375 1671 1430; x_wconf 84' lang='lat' dir='ltr'><strong>maxime</strong></span> <span class='ocrx_word' id='word_1_78' title='bbox 1720 1374 1803 1430; x_wconf 90' lang='lat' dir='ltr'><strong>uti</strong></span> 
     </span>
    </p>
   </div>
   <div class='ocr_carea' id='block_1_12' title="bbox 82 1463 1806 1534">
    <p class='ocr_par' dir='ltr' id='par_1_12' title="bbox 82 1463 1806 1534">
     <span class='ocr_line' id='line_1_12' title="bbox 82 1463 1806 1534; baseline 0 -15"><span class='ocrx_word' id='word_1_79' title='bbox 82 1463 308 1521; x_wconf 91' lang='lat' dir='ltr'><strong>alienos</strong></span> <span class='ocrx_word' id='word_1_80' title='bbox 360 1464 609 1528; x_wconf 88' lang='lat' dir='ltr'><strong>labores,</strong></span> <span class='ocrx_word' id='word_1_81' title='bbox 662 1463 959 1531; x_wconf 85' lang='lat' dir='ltr'><strong>beneficia,</strong></span> <span class='ocrx_word' id='word_1_82' title='bbox 1021 1471 1185 1534; x_wconf 88' lang='lat' dir='ltr'><strong>grato</strong></span> <span class='ocrx_word' id='word_1_83' title='bbox 1231 1465 1427 1520; x_wconf 90' lang='lat' dir='ltr'><strong>animo</strong></span> <span class='ocrx_word' id='word_1_84' title='bbox 1468 1478 1806 1519; x_wconf 88' lang='lat' dir='ltr'><strong>commemo-</strong></span> 
     </span>
    </p>
   </div>
   <div class='ocr_carea' id='block_1_13' title="bbox 84 1550 1803 1623">
    <p class='ocr_par' dir='ltr' id='par_1_13' title="bbox 84 1550 1803 1623">
     <span class='ocr_line' id='line_1_13' title="bbox 84 1550 1803 1623; baseline -0.001 -15"><span class='ocrx_word' id='word_1_85' title='bbox 84 1567 299 1609; x_wconf 90' lang='lat' dir='ltr'><strong>rarem.</strong></span> <span class='ocrx_word' id='word_1_86' title='bbox 352 1555 425 1609; x_wconf 82' lang='lat' dir='ltr'><strong>At</strong></span> <span class='ocrx_word' id='word_1_87' title='bbox 469 1561 607 1609; x_wconf 92' lang='lat' dir='ltr'><strong>sunt</strong></span> <span class='ocrx_word' id='word_1_88' title='bbox 652 1552 1112 1623; x_wconf 87' lang='lat' dir='ltr'><strong>haudquaquam</strong></span> <span class='ocrx_word' id='word_1_89' title='bbox 1152 1550 1558 1622; x_wconf 76' lang='lat' dir='ltr'><strong>praetereundi,</strong></span> <span class='ocrx_word' id='word_1_90' title='bbox 1606 1551 1803 1621; x_wconf 89' lang='lat' dir='ltr'><strong>impri-</strong></span> 
     </span>
    </p>
   </div>
   <div class='ocr_carea' id='block_1_14' title="bbox 84 1639 1806 1711">
    <p class='ocr_par' dir='ltr' id='par_1_14' title="bbox 84 1639 1806 1711">
     <span class='ocr_line' id='line_1_14' title="bbox 84 1639 1806 1711; baseline -0.001 -14"><span class='ocrx_word' id='word_1_91' title='bbox 84 1643 192 1697; x_wconf 86' lang='lat' dir='ltr'><strong>mis</strong></span> <span class='ocrx_word' id='word_1_92' title='bbox 240 1642 367 1699; x_wconf 84' lang='lat' dir='ltr'><strong>VV.</strong></span> <span class='ocrx_word' id='word_1_93' title='bbox 422 1641 525 1698; x_wconf 87' lang='lat' dir='ltr'><strong>CC.</strong></span> <span class='ocrx_word' id='word_1_94' title='bbox 580 1642 816 1698; x_wconf 86' lang='lat' dir='ltr'><strong>Puteani</strong></span> <span class='ocrx_word' id='word_1_95' title='bbox 868 1641 1089 1707; x_wconf 79' lang='lat' dir='ltr'><strong>fratres,</strong></span> <span class='ocrx_word' id='word_1_96' title='bbox 1137 1641 1439 1711; x_wconf 80' lang='lat' dir='ltr'><strong>multiplici</strong></span> <span class='ocrx_word' id='word_1_97' title='bbox 1482 1639 1806 1695; x_wconf 83' lang='lat' dir='ltr'><strong>eruditione</strong></span> 
     </span>
    </p>
   </div>
   <div class='ocr_carea' id='block_1_15' title="bbox 82 1728 1806 1802">
    <p class='ocr_par' dir='ltr' id='par_1_15' title="bbox 82 1728 1806 1802">
     <span class='ocr_line' id='line_1_15' title="bbox 82 1728 1806 1802; baseline -0.001 -16"><span class='ocrx_word' id='word_1_98' title='bbox 82 1729 381 1800; x_wconf 82' lang='lat' dir='ltr'><strong>celebres;</strong></span> <span class='ocrx_word' id='word_1_99' title='bbox 410 1738 697 1802; x_wconf 85' lang='lat' dir='ltr'><strong>quotquot</strong></span> <span class='ocrx_word' id='word_1_100' title='bbox 742 1743 887 1800; x_wconf 90' lang='lat' dir='ltr'><strong>opus</strong></span> <span class='ocrx_word' id='word_1_101' title='bbox 936 1729 1096 1785; x_wconf 90' lang='lat' dir='ltr'><strong>fuere</strong></span> <span class='ocrx_word' id='word_1_102' title='bbox 1141 1730 1362 1785; x_wconf 91' lang='lat' dir='ltr'><strong>codices</strong></span> <span class='ocrx_word' id='word_1_103' title='bbox 1411 1736 1466 1785; x_wconf 89' lang='lat' dir='ltr'><strong>et</strong></span> <span class='ocrx_word' id='word_1_104' title='bbox 1518 1728 1707 1799; x_wconf 74' lang='lat' dir='ltr'><strong>Regize</strong></span> <span class='ocrx_word' id='word_1_105' title='bbox 1750 1735 1806 1784; x_wconf 89' lang='lat' dir='ltr'><strong>et</strong></span> 
     </span>
    </p>
   </div>
   <div class='ocr_carea' id='block_1_16' title="bbox 1914 669 3619 739">
    <p class='ocr_par' dir='ltr' id='par_1_16' title="bbox 1914 669 3619 739">
     <span class='ocr_line' id='line_1_16' title="bbox 1914 669 3619 739; baseline 0.002 -16"><span class='ocrx_word' id='word_1_106' title='bbox 1914 684 2027 723; x_wconf 86' lang='lat' dir='ltr'><strong>non</strong></span> <span class='ocrx_word' id='word_1_107' title='bbox 2074 669 2300 739; x_wconf 89' lang='lat' dir='ltr'><strong>vulgari</strong></span> <span class='ocrx_word' id='word_1_108' title='bbox 2350 683 2487 739; x_wconf 83' lang='lat' dir='ltr'><strong>erga</strong></span> <span class='ocrx_word' id='word_1_109' title='bbox 2536 670 2815 726; x_wconf 88' lang='lat' dir='ltr'><strong>litteratos</strong></span> <span class='ocrx_word' id='word_1_110' title='bbox 2869 669 3100 735; x_wconf 84' lang='lat' dir='ltr'><strong>affectu,</strong></span> <span class='ocrx_word' id='word_1_111' title='bbox 3158 672 3619 727; x_wconf 89' lang='lat' dir='ltr'><strong>commodarunt.</strong></span> 
     </span>
    </p>
   </div>
   <div class='ocr_carea' id='block_1_17' title="bbox 1917 758 3617 830">
    <p class='ocr_par' dir='ltr' id='par_1_17' title="bbox 1917 758 3617 830">
     <span class='ocr_line' id='line_1_17' title="bbox 1917 758 3617 830; baseline 0.001 -18"><span class='ocrx_word' id='word_1_112' title='bbox 1917 758 2257 813; x_wconf 82' lang='lat' dir='ltr'><strong>Franciscus</strong></span> <span class='ocrx_word' id='word_1_113' title='bbox 2303 758 2621 825; x_wconf 88' lang='lat' dir='ltr'><strong>Ducbesne,</strong></span> <span class='ocrx_word' id='word_1_114' title='bbox 2689 758 2767 813; x_wconf 87' lang='lat' dir='ltr'><strong>rei</strong></span> <span class='ocrx_word' id='word_1_115' title='bbox 2832 758 3114 814; x_wconf 68' lang='lat' dir='ltr'><strong>historicas</strong></span> <span class='ocrx_word' id='word_1_116' title='bbox 3170 773 3285 814; x_wconf 90' lang='lat' dir='ltr'><strong>non</strong></span> <span class='ocrx_word' id='word_1_117' title='bbox 3358 759 3617 830; x_wconf 89' lang='lat' dir='ltr'><strong>ignarus.</strong></span> 
     </span>
    </p>
   </div>
   <div class='ocr_carea' id='block_1_18' title="bbox 1916 845 3624 919">
    <p class='ocr_par' dir='ltr' id='par_1_18' title="bbox 1916 845 3624 919">
     <span class='ocr_line' id='line_1_18' title="bbox 1916 845 3624 919; baseline 0.002 -19"><span class='ocrx_word' id='word_1_118' title='bbox 1916 845 2063 901; x_wconf 88' lang='lat' dir='ltr'><strong>inter</strong></span> <span class='ocrx_word' id='word_1_119' title='bbox 2092 846 2206 900; x_wconf 87' lang='lat' dir='ltr'><strong>alia</strong></span> <span class='ocrx_word' id='word_1_120' title='bbox 2247 846 2552 902; x_wconf 82' lang='lat' dir='ltr'><strong>Historiam</strong></span> <span class='ocrx_word' id='word_1_121' title='bbox 2611 847 2870 902; x_wconf 86' lang='lat' dir='ltr'><strong>cononici</strong></span> <span class='ocrx_word' id='word_1_122' title='bbox 2932 848 3353 915; x_wconf 84' lang='lat' dir='ltr'><strong>Laudunensis,</strong></span> <span class='ocrx_word' id='word_1_123' title='bbox 3392 850 3624 919; x_wconf 88' lang='lat' dir='ltr'><strong>propria</strong></span> 
     </span>
    </p>
   </div>
   <div class='ocr_carea' id='block_1_19' title="bbox 1914 934 3623 1002">
    <p class='ocr_par' dir='ltr' id='par_1_19' title="bbox 1914 934 3623 1002">
     <span class='ocr_line' id='line_1_19' title="bbox 1914 934 3623 1002; baseline 0.003 -15"><span class='ocrx_word' id='word_1_124' title='bbox 1914 934 2165 1002; x_wconf 87' lang='lat' dir='ltr'><strong>parentis</strong></span> <span class='ocrx_word' id='word_1_125' title='bbox 2211 936 2450 991; x_wconf 66' lang='lat' dir='ltr'><strong>Andreae</strong></span> <span class='ocrx_word' id='word_1_126' title='bbox 2506 937 2801 990; x_wconf 87' lang='lat' dir='ltr'><strong>Duchesne</strong></span> <span class='ocrx_word' id='word_1_127' title='bbox 2871 948 3050 990; x_wconf 88' lang='lat' dir='ltr'><strong>manu</strong></span> <span class='ocrx_word' id='word_1_128' title='bbox 3119 944 3435 999; x_wconf 79' lang='lat' dir='ltr'><strong>exaratam,</strong></span> <span class='ocrx_word' id='word_1_129' title='bbox 3471 936 3623 993; x_wconf 89' lang='lat' dir='ltr'><strong>ultro</strong></span> 
     </span>
    </p>
   </div>
   <div class='ocr_carea' id='block_1_20' title="bbox 1914 1021 3623 1093">
    <p class='ocr_par' dir='ltr' id='par_1_20' title="bbox 1914 1021 3623 1093">
     <span class='ocr_line' id='line_1_20' title="bbox 1914 1021 3623 1093; baseline 0.002 -19"><span class='ocrx_word' id='word_1_130' title='bbox 1914 1022 2210 1076; x_wconf 85' lang='lat' dir='ltr'><strong>concessit.</strong></span> <span class='ocrx_word' id='word_1_131' title='bbox 2276 1022 2347 1077; x_wconf 85' lang='lat' dir='ltr'><strong>Et</strong></span> <span class='ocrx_word' id='word_1_132' title='bbox 2395 1029 2585 1077; x_wconf 90' lang='lat' dir='ltr'><strong>noster</strong></span> <span class='ocrx_word' id='word_1_133' title='bbox 2632 1021 2933 1091; x_wconf 80' lang='lat' dir='ltr'><strong>Philippus</strong></span> <span class='ocrx_word' id='word_1_134' title='bbox 2977 1021 3046 1076; x_wconf 90' lang='lat' dir='ltr'><strong>de</strong></span> <span class='ocrx_word' id='word_1_135' title='bbox 3104 1021 3424 1093; x_wconf 83' lang='lat' dir='ltr'><strong>Romagny,</strong></span> <span class='ocrx_word' id='word_1_136' title='bbox 3476 1024 3623 1079; x_wconf 88' lang='lat' dir='ltr'><strong>serio</strong></span> 
     </span>
    </p>
   </div>
   <div class='ocr_carea' id='block_1_21' title="bbox 1913 1108 3624 1179">
    <p class='ocr_par' dir='ltr' id='par_1_21' title="bbox 1913 1108 3624 1179">
     <span class='ocr_line' id='line_1_21' title="bbox 1913 1108 3624 1179; baseline 0.001 -15"><span class='ocrx_word' id='word_1_137' title='bbox 1913 1116 1966 1164; x_wconf 90' lang='lat' dir='ltr'><strong>et</strong></span> <span class='ocrx_word' id='word_1_138' title='bbox 1989 1110 2112 1165; x_wconf 90' lang='lat' dir='ltr'><strong>sine</strong></span> <span class='ocrx_word' id='word_1_139' title='bbox 2143 1110 2456 1165; x_wconf 83' lang='lat' dir='ltr'><strong>ambitione</strong></span> <span class='ocrx_word' id='word_1_140' title='bbox 2481 1110 2703 1176; x_wconf 89' lang='lat' dir='ltr'><strong>doctus,</strong></span> <span class='ocrx_word' id='word_1_141' title='bbox 2739 1110 2839 1179; x_wconf 90' lang='lat' dir='ltr'><strong>qui</strong></span> <span class='ocrx_word' id='word_1_142' title='bbox 2894 1108 3142 1164; x_wconf 88' lang='lat' dir='ltr'><strong>mttltum</strong></span> <span class='ocrx_word' id='word_1_143' title='bbox 3169 1124 3357 1178; x_wconf 72' lang='lat' dir='ltr'><strong>operte</strong></span> <span class='ocrx_word' id='word_1_144' title='bbox 3416 1123 3484 1166; x_wconf 88' lang='lat' dir='ltr'><strong>ac</strong></span> <span class='ocrx_word' id='word_1_145' title='bbox 3534 1110 3624 1166; x_wconf 90' lang='lat' dir='ltr'><strong>la-</strong></span> 
     </span>
    </p>
   </div>
   <div class='ocr_carea' id='block_1_22' title="bbox 1916 1196 3624 1268">
    <p class='ocr_par' dir='ltr' id='par_1_22' title="bbox 1916 1196 3624 1268">
     <span class='ocr_line' id='line_1_22' title="bbox 1916 1196 3624 1268; baseline 0.002 -16"><span class='ocrx_word' id='word_1_146' title='bbox 1916 1196 2071 1253; x_wconf 83' lang='lat' dir='ltr'><strong>boris</strong></span> <span class='ocrx_word' id='word_1_147' title='bbox 2126 1197 2455 1268; x_wconf 89' lang='lat' dir='ltr'><strong>insumpsit,</strong></span> <span class='ocrx_word' id='word_1_148' title='bbox 2508 1212 2627 1267; x_wconf 89' lang='lat' dir='ltr'><strong>qua</strong></span> <span class='ocrx_word' id='word_1_149' title='bbox 2684 1196 3074 1265; x_wconf 83' lang='lat' dir='ltr'><strong>describendis</strong></span> <span class='ocrx_word' id='word_1_150' title='bbox 3120 1196 3365 1253; x_wconf 79' lang='lat' dir='ltr'><strong>diversis</strong></span> <span class='ocrx_word' id='word_1_151' title='bbox 3407 1197 3465 1253; x_wconf 93' lang='lat' dir='ltr'><strong>in</strong></span> <span class='ocrx_word' id='word_1_152' title='bbox 3517 1197 3624 1255; x_wconf 87' lang='lat' dir='ltr'><strong>hoc</strong></span> 
     </span>
    </p>
   </div>
   <div class='ocr_carea' id='block_1_23' title="bbox 1916 1284 3618 1356">
    <p class='ocr_par' dir='ltr' id='par_1_23' title="bbox 1916 1284 3618 1356">
     <span class='ocr_line' id='line_1_23' title="bbox 1916 1284 3618 1356; baseline 0.001 -15"><span class='ocrx_word' id='word_1_153' title='bbox 1916 1286 2210 1342; x_wconf 87' lang='lat' dir='ltr'><strong>volumine</strong></span> <span class='ocrx_word' id='word_1_154' title='bbox 2239 1287 2521 1342; x_wconf 83' lang='lat' dir='ltr'><strong>contentis</strong></span> <span class='ocrx_word' id='word_1_155' title='bbox 2563 1287 2856 1355; x_wconf 75' lang='lat' dir='ltr'><strong>operibus,</strong></span> <span class='ocrx_word' id='word_1_156' title='bbox 2909 1299 3027 1356; x_wconf 89' lang='lat' dir='ltr'><strong>qua</strong></span> <span class='ocrx_word' id='word_1_157' title='bbox 3067 1284 3318 1356; x_wconf 88' lang='lat' dir='ltr'><strong>denique</strong></span> <span class='ocrx_word' id='word_1_158' title='bbox 3368 1286 3504 1343; x_wconf 89' lang='lat' dir='ltr'><strong>locis</strong></span> <span class='ocrx_word' id='word_1_159' title='bbox 3534 1287 3618 1342; x_wconf 87' lang='lat' dir='ltr'><strong>di-</strong></span> 
     </span>
    </p>
   </div>
   <div class='ocr_carea' id='block_1_24' title="bbox 1919 1375 2813 1444">
    <p class='ocr_par' dir='ltr' id='par_1_24' title="bbox 1919 1375 2813 1444">
     <span class='ocr_line' id='line_1_24' title="bbox 1919 1375 2813 1444; baseline -0.002 -13"><span class='ocrx_word' id='word_1_160' title='bbox 1919 1375 2067 1431; x_wconf 77' lang='lat' dir='ltr'><strong>vinae</strong></span> <span class='ocrx_word' id='word_1_161' title='bbox 2098 1376 2408 1444; x_wconf 68' lang='lat' dir='ltr'><strong>Scripturae</strong></span> <span class='ocrx_word' id='word_1_162' title='bbox 2449 1375 2813 1431; x_wconf 85' lang='lat' dir='ltr'><strong>adnotandis.</strong></span> 
     </span>
    </p>
   </div>
   <div class='ocr_carea' id='block_1_25' title="bbox 1988 1462 3616 1533">
    <p class='ocr_par' dir='ltr' id='par_1_25' title="bbox 1988 1462 3616 1533">
     <span class='ocr_line' id='line_1_25' title="bbox 1988 1462 3616 1533; baseline -0.001 -14"><span class='ocrx_word' id='word_1_163' title='bbox 1988 1465 2177 1533; x_wconf 82' lang='lat' dir='ltr'><strong>Atque</strong></span> <span class='ocrx_word' id='word_1_164' title='bbox 2210 1464 2329 1518; x_wconf 64' lang='lat' dir='ltr'><strong>base</strong></span> <span class='ocrx_word' id='word_1_165' title='bbox 2358 1464 2425 1518; x_wconf 88' lang='lat' dir='ltr'><strong>de</strong></span> <span class='ocrx_word' id='word_1_166' title='bbox 2465 1465 2721 1519; x_wconf 80' lang='lat' dir='ltr'><strong>auctoris</strong></span> <span class='ocrx_word' id='word_1_167' title='bbox 2765 1463 3048 1533; x_wconf 88' lang='lat' dir='ltr'><strong>Operibus</strong></span> <span class='ocrx_word' id='word_1_168' title='bbox 3075 1469 3130 1518; x_wconf 92' lang='lat' dir='ltr'><strong>et</strong></span> <span class='ocrx_word' id='word_1_169' title='bbox 3179 1462 3616 1519; x_wconf 88' lang='lat' dir='ltr'><strong>Additameutis.</strong></span> 
     </span>
    </p>
   </div>
   <div class='ocr_carea' id='block_1_26' title="bbox 1914 1551 3618 1624">
    <p class='ocr_par' dir='ltr' id='par_1_26' title="bbox 1914 1551 3618 1624">
     <span class='ocr_line' id='line_1_26' title="bbox 1914 1551 3618 1624; baseline -0.001 -16"><span class='ocrx_word' id='word_1_170' title='bbox 1914 1552 2021 1620; x_wconf 93' lang='lat' dir='ltr'><strong>Tu,</strong></span> <span class='ocrx_word' id='word_1_171' title='bbox 2083 1552 2303 1619; x_wconf 87' lang='lat' dir='ltr'><strong>Lector,</strong></span> <span class='ocrx_word' id='word_1_172' title='bbox 2357 1552 2501 1619; x_wconf 90' lang='lat' dir='ltr'><strong>vale,</strong></span> <span class='ocrx_word' id='word_1_173' title='bbox 2553 1560 2607 1607; x_wconf 89' lang='lat' dir='ltr'><strong>et</strong></span> <span class='ocrx_word' id='word_1_174' title='bbox 2634 1554 2961 1624; x_wconf 88' lang='lat' dir='ltr'><strong>juvantem,</strong></span> <span class='ocrx_word' id='word_1_175' title='bbox 2995 1559 3097 1607; x_wconf 92' lang='lat' dir='ltr'><strong>aut</strong></span> <span class='ocrx_word' id='word_1_176' title='bbox 3127 1558 3278 1617; x_wconf 86' lang='lat' dir='ltr'><strong>certe</strong></span> <span class='ocrx_word' id='word_1_177' title='bbox 3312 1551 3618 1619; x_wconf 89' lang='lat' dir='ltr'><strong>volentem,</strong></span> 
     </span>
    </p>
   </div>
   <div class='ocr_carea' id='block_1_27' title="bbox 1917 1654 2066 1697">
    <p class='ocr_par' dir='ltr' id='par_1_27' title="bbox 1917 1654 2066 1697">
     <span class='ocr_line' id='line_1_27' title="bbox 1917 1654 2066 1697; baseline 0 -2"><span class='ocrx_word' id='word_1_178' title='bbox 1917 1654 2066 1697; x_wconf 90' lang='lat' dir='ltr'><strong>ama.</strong></span> 
     </span>
    </p>
   </div>
   <div class='ocr_carea' id='block_1_28' title="bbox 1125 1931 2593 1989">
    <p class='ocr_par' dir='ltr' id='par_1_28' title="bbox 1125 1931 2593 1989">
     <span class='ocr_line' id='line_1_28' title="bbox 1125 1931 2593 1989; baseline -0.001 -1"><span class='ocrx_word' id='word_1_179' title='bbox 1125 1931 1631 1989; x_wconf 78' lang='lat' dir='ltr'><strong>VENERABILIS</strong></span> <span class='ocrx_word' id='word_1_180' title='bbox 1670 1932 2017 1988; x_wconf 81' lang='lat' dir='ltr'><strong>GUIBERTI</strong></span> <span class='ocrx_word' id='word_1_181' title='bbox 2052 1932 2367 1988; x_wconf 80' lang='lat' dir='ltr'><strong>ABBATIS</strong></span> <span class='ocrx_word' id='word_1_182' title='bbox 2407 1932 2593 1986; x_wconf 68' lang='lat' dir='ltr'><strong>VITE</strong></span> 
     </span>
    </p>
   </div>
   <div class='ocr_carea' id='block_1_29' title="bbox 1559 2060 2134 2149">
    <p class='ocr_par' dir='ltr' id='par_1_29' title="bbox 1559 2060 2134 2149">
     <span class='ocr_line' id='line_1_29' title="bbox 1559 2060 2134 2149; baseline -0.003 0"><span class='ocrx_word' id='word_1_183' title='bbox 1559 2060 2134 2149; x_wconf 90' lang='lat' dir='ltr'><strong>SYNOPSIS.</strong></span> 
     </span>
    </p>
   </div>
   <div class='ocr_carea' id='block_1_30' title="bbox 151 2217 3610 2354">
    <p class='ocr_par' dir='ltr' id='par_1_30' title="bbox 151 2217 3610 2354">
     <span class='ocr_line' id='line_1_30' title="bbox 151 2217 3610 2354; baseline -0.001 -79"><span class='ocrx_word' id='word_1_184' title='bbox 151 2221 429 2291; x_wconf 73' lang='lat' dir='ltr'><strong>(Paucula</strong></span> <span class='ocrx_word' id='word_1_185' title='bbox 458 2222 516 2274; x_wconf 87' lang='lat' dir='ltr'><strong>in</strong></span> <span class='ocrx_word' id='word_1_186' title='bbox 567 2226 900 2276; x_wconf 79' lang='lat' dir='ltr'><strong>antecessum</strong></span> <span class='ocrx_word' id='word_1_187' title='bbox 951 2219 1082 2275; x_wconf 86' lang='lat' dir='ltr'><strong>dum</strong></span> <span class='ocrx_word' id='word_1_188' title='bbox 1142 2221 1377 2288; x_wconf 83' lang='lat' dir='ltr'><strong>integros</strong></span> <span class='ocrx_word' id='word_1_189' title='bbox 1429 2223 1505 2276; x_wconf 88' lang='lat' dir='ltr'><strong>De</strong></span> <span class='ocrx_word' id='word_1_190' title='bbox 1560 2221 1677 2344; x_wconf 49' lang='lat' dir='ltr'><strong>vita</strong></span> <span class='ocrx_word' id='word_1_191' title='bbox 1712 2234 1844 2343; x_wconf 40' lang='grc' dir='ltr'><strong>,εαὲ</strong></span> <span class='ocrx_word' id='word_1_192' title='bbox 1898 2219 2083 2303; x_wconf 42' lang='lat' dir='ltr'><strong>libros.</strong></span> <span class='ocrx_word' id='word_1_193' title='bbox 2108 2220 2382 2354; x_wconf 75' lang='lat' dir='ltr'><strong>)revolvas,</strong></span> <span class='ocrx_word' id='word_1_194' title='bbox 2445 2222 2717 2286; x_wconf 79' lang='lat' dir='ltr'><strong>gestorum</strong></span> <span class='ocrx_word' id='word_1_195' title='bbox 2772 2220 3021 2276; x_wconf 81' lang='lat' dir='ltr'><strong>Guiberti</strong></span> <span class='ocrx_word' id='word_1_196' title='bbox 3070 2220 3384 2275; x_wconf 74' lang='lat' dir='ltr'><strong>summatim</strong></span> <span class='ocrx_word' id='word_1_197' title='bbox 3442 2217 3610 2273; x_wconf 85' lang='lat' dir='ltr'><strong>oculis</strong></span> 
     </span>
     <span class='ocr_line' id='line_1_31' title="bbox 1555 2306 2099 2354; baseline -0.002 -9"><span class='ocrx_word' id='word_1_198' title='bbox 1555 2307 1585 2345; x_wconf 89' lang='grc' dir='ltr'><strong>ο</strong></span> <span class='ocrx_word' id='word_1_199' title='bbox 1618 2306 1787 2354; x_wconf 74' lang='grc' dir='ltr'><strong>μειρη</strong></span> <span class='ocrx_word' id='word_1_200' title='bbox 1830 2307 1866 2344; x_wconf 92' lang='lat' dir='ltr'><strong>a</strong></span> <span class='ocrx_word' id='word_1_201' title='bbox 1898 2306 2099 2346; x_wconf 73' lang='lat' dir='ltr'><strong>censui.</strong></span> 
     </span>
    </p>
   </div>
   <div class='ocr_carea' id='block_1_31' title="bbox 1555 2306 2099 2359">
    <p class='ocr_par' dir='ltr' id='par_1_31' title="bbox 1555 2306 2099 2359">
     <span class='ocr_line' id='line_1_32' title="bbox 1555 2306 2099 2359; baseline -0.002 -14"><span class='ocrx_word' id='word_1_202' title='bbox 1555 2306 1866 2359; x_wconf 65' lang='lat' dir='ltr'><strong>abjtcwnaa</strong></span> <span class='ocrx_word' id='word_1_203' title='bbox 1898 2306 2099 2346; x_wconf 71' lang='grc' dir='ltr'><strong>οεηδω.</strong></span> 
     </span>
    </p>
   </div>
   <div class='ocr_carea' id='block_1_32' title="bbox 153 2526 3618 2599">
    <p class='ocr_par' dir='ltr' id='par_1_32' title="bbox 153 2526 3618 2599">
     <span class='ocr_line' id='line_1_33' title="bbox 153 2526 3618 2599; baseline -0.001 -14"><span class='ocrx_word' id='word_1_204' title='bbox 153 2528 497 2596; x_wconf 86' lang='lat' dir='ltr'><strong>Guibertus,</strong></span> <span class='ocrx_word' id='word_1_205' title='bbox 526 2541 600 2585; x_wconf 83' lang='lat' dir='ltr'><strong>ex</strong></span> <span class='ocrx_word' id='word_1_206' title='bbox 631 2527 840 2599; x_wconf 83' lang='lat' dir='ltr'><strong>oppido</strong></span> <span class='ocrx_word' id='word_1_207' title='bbox 870 2527 1200 2584; x_wconf 84' lang='lat' dir='ltr'><strong>Belvacensi</strong></span> <span class='ocrx_word' id='word_1_208' title='bbox 1248 2526 1551 2595; x_wconf 88' lang='lat' dir='ltr'><strong>oriundus,</strong></span> <span class='ocrx_word' id='word_1_209' title='bbox 1602 2526 1791 2599; x_wconf 88' lang='lat' dir='ltr'><strong>splen-</strong></span> <span class='ocrx_word' id='word_1_210' title='bbox 1826 2533 1865 2586; x_wconf 87' lang='grc' dir='ltr'><strong>Β</strong></span> <span class='ocrx_word' id='word_1_211' title='bbox 1905 2540 2081 2597; x_wconf 89' lang='lat' dir='ltr'><strong>prope</strong></span> <span class='ocrx_word' id='word_1_212' title='bbox 2109 2527 2478 2595; x_wconf 89' lang='lat' dir='ltr'><strong>Couciacum,</strong></span> <span class='ocrx_word' id='word_1_213' title='bbox 2500 2542 2654 2584; x_wconf 89' lang='lat' dir='ltr'><strong>anno</strong></span> <span class='ocrx_word' id='word_1_214' title='bbox 2677 2527 2989 2583; x_wconf 75' lang='lat' dir='ltr'><strong>Dominicze</strong></span> <span class='ocrx_word' id='word_1_215' title='bbox 3024 2527 3447 2585; x_wconf 87' lang='lat' dir='ltr'><strong>lncaruationis</strong></span> <span class='ocrx_word' id='word_1_216' title='bbox 3479 2527 3618 2583; x_wconf 70' lang='grc' dir='ltr'><strong>ηοι</strong></span> 
     </span>
    </p>
   </div>
   <div class='ocr_carea' id='block_1_33' title="bbox 86 2598 1797 2669">
    <p class='ocr_par' dir='ltr' id='par_1_33' title="bbox 86 2598 1797 2669">
     <span class='ocr_line' id='line_1_34' title="bbox 86 2598 1797 2669; baseline -0.001 -15"><span class='ocrx_word' id='word_1_217' title='bbox 86 2600 219 2656; x_wconf 87' lang='lat' dir='ltr'><strong>dore</strong></span> <span class='ocrx_word' id='word_1_218' title='bbox 279 2599 567 2655; x_wconf 86' lang='lat' dir='ltr'><strong>natalium</strong></span> <span class='ocrx_word' id='word_1_219' title='bbox 623 2599 965 2669; x_wconf 89' lang='lat' dir='ltr'><strong>posthabito,</strong></span> <span class='ocrx_word' id='word_1_220' title='bbox 1010 2598 1345 2655; x_wconf 87' lang='lat' dir='ltr'><strong>monacbale</strong></span> <span class='ocrx_word' id='word_1_221' title='bbox 1384 2599 1688 2655; x_wconf 90' lang='lat' dir='ltr'><strong>collobium</strong></span> <span class='ocrx_word' id='word_1_222' title='bbox 1738 2598 1797 2653; x_wconf 88' lang='lat' dir='ltr'><strong>in</strong></span> 
     </span>
    </p>
   </div>
   <div class='ocr_carea' id='block_1_34' title="bbox 89 2670 1793 2739">
    <p class='ocr_par' dir='ltr' id='par_1_34' title="bbox 89 2670 1793 2739">
     <span class='ocr_line' id='line_1_35' title="bbox 89 2670 1793 2739; baseline -0.001 -13"><span class='ocrx_word' id='word_1_223' title='bbox 89 2673 467 2739; x_wconf 86' lang='lat' dir='ltr'><strong>Flaviacensi,</strong></span> <span class='ocrx_word' id='word_1_224' title='bbox 539 2671 660 2727; x_wconf 88' lang='lat' dir='ltr'><strong>sive</strong></span> <span class='ocrx_word' id='word_1_225' title='bbox 731 2670 784 2726; x_wconf 93' lang='lat' dir='ltr'><strong>S.</strong></span> <span class='ocrx_word' id='word_1_226' title='bbox 846 2670 1138 2726; x_wconf 87' lang='lat' dir='ltr'><strong>Geremari</strong></span> <span class='ocrx_word' id='word_1_227' title='bbox 1202 2670 1479 2737; x_wconf 76' lang='lat' dir='ltr'><strong>OtBIlOblO,</strong></span> <span class='ocrx_word' id='word_1_228' title='bbox 1540 2670 1793 2737; x_wconf 57' lang='lat' dir='ltr'><strong>diaecesi,</strong></span> 
     </span>
    </p>
   </div>
   <div class='ocr_carea' id='block_1_35' title="bbox 88 2741 1789 2811">
    <p class='ocr_par' dir='ltr' id='par_1_35' title="bbox 88 2741 1789 2811">
     <span class='ocr_line' id='line_1_36' title="bbox 88 2741 1789 2811; baseline -0.001 -14"><span class='ocrx_word' id='word_1_229' title='bbox 88 2743 281 2798; x_wconf 87' lang='lat' dir='ltr'><strong>itidem</strong></span> <span class='ocrx_word' id='word_1_230' title='bbox 313 2742 696 2806; x_wconf 87' lang='lat' dir='ltr'><strong>Belvacensis,</strong></span> <span class='ocrx_word' id='word_1_231' title='bbox 728 2741 918 2798; x_wconf 85' lang='lat' dir='ltr'><strong>induit</strong></span> <span class='ocrx_word' id='word_1_232' title='bbox 952 2762 967 2808; x_wconf 86' lang='lat'><strong>;</strong></span> <span class='ocrx_word' id='word_1_233' title='bbox 994 2742 1090 2798; x_wconf 92' lang='lat' dir='ltr'><strong>ubi</strong></span> <span class='ocrx_word' id='word_1_234' title='bbox 1122 2745 1379 2811; x_wconf 87' lang='lat' dir='ltr'><strong>apprime</strong></span> <span class='ocrx_word' id='word_1_235' title='bbox 1406 2755 1539 2797; x_wconf 93' lang='lat' dir='ltr'><strong>cum</strong></span> <span class='ocrx_word' id='word_1_236' title='bbox 1569 2743 1789 2810; x_wconf 88' lang='lat' dir='ltr'><strong>pietate.</strong></span> 
     </span>
    </p>
   </div>
   <div class='ocr_carea' id='block_1_36' title="bbox 86 2812 1774 2883">
    <p class='ocr_par' dir='ltr' id='par_1_36' title="bbox 86 2812 1774 2883">
     <span class='ocr_line' id='line_1_37' title="bbox 86 2812 1774 2883; baseline -0.001 -15"><span class='ocrx_word' id='word_1_237' title='bbox 86 2821 205 2869; x_wconf 91' lang='lat' dir='ltr'><strong>tum</strong></span> <span class='ocrx_word' id='word_1_238' title='bbox 238 2814 452 2869; x_wconf 89' lang='lat' dir='ltr'><strong>litteris</strong></span> <span class='ocrx_word' id='word_1_239' title='bbox 493 2822 578 2868; x_wconf 88' lang='lat' dir='ltr'><strong>est</strong></span> <span class='ocrx_word' id='word_1_240' title='bbox 608 2813 914 2883; x_wconf 83' lang='lat' dir='ltr'><strong>excultus;</strong></span> <span class='ocrx_word' id='word_1_241' title='bbox 948 2816 1043 2867; x_wconf 83' lang='lat' dir='ltr'><strong>sed</strong></span> <span class='ocrx_word' id='word_1_242' title='bbox 1074 2825 1129 2868; x_wconf 88' lang='lat' dir='ltr'><strong>et</strong></span> <span class='ocrx_word' id='word_1_243' title='bbox 1174 2826 1234 2867; x_wconf 91' lang='lat' dir='ltr'><strong>se</strong></span> <span class='ocrx_word' id='word_1_244' title='bbox 1282 2813 1641 2881; x_wconf 88' lang='lat' dir='ltr'><strong>potissimum</strong></span> <span class='ocrx_word' id='word_1_245' title='bbox 1674 2825 1708 2867; x_wconf 92' lang='lat' dir='ltr'><strong>a</strong></span> <span class='ocrx_word' id='word_1_246' title='bbox 1738 2812 1774 2866; x_wconf 95' lang='lat' dir='ltr'><strong>S</strong></span> 
     </span>
    </p>
   </div>
   <div class='ocr_carea' id='block_1_37' title="bbox 87 2883 1794 2952">
    <p class='ocr_par' dir='ltr' id='par_1_37' title="bbox 87 2883 1794 2952">
     <span class='ocr_line' id='line_1_38' title="bbox 87 2883 1794 2952; baseline -0.001 -13"><span class='ocrx_word' id='word_1_247' title='bbox 87 2886 360 2940; x_wconf 83' lang='lat' dir='ltr'><strong>Anselmo</strong></span> <span class='ocrx_word' id='word_1_248' title='bbox 419 2884 853 2952; x_wconf 89' lang='lat' dir='ltr'><strong>Cautuariensi,</strong></span> <span class='ocrx_word' id='word_1_249' title='bbox 940 2891 1079 2940; x_wconf 90' lang='lat' dir='ltr'><strong>tunc</strong></span> <span class='ocrx_word' id='word_1_250' title='bbox 1167 2884 1461 2939; x_wconf 85' lang='lat' dir='ltr'><strong>Beccensis</strong></span> <span class='ocrx_word' id='word_1_251' title='bbox 1538 2883 1794 2939; x_wconf 84' lang='lat' dir='ltr'><strong>asceterii</strong></span> 
     </span>
    </p>
   </div>
   <div class='ocr_carea' id='block_1_38' title="bbox 86 2954 1795 3025">
    <p class='ocr_par' dir='ltr' id='par_1_38' title="bbox 86 2954 1795 3025">
     <span class='ocr_line' id='line_1_39' title="bbox 86 2954 1795 3025; baseline 0.001 -15"><span class='ocrx_word' id='word_1_252' title='bbox 86 2956 273 3024; x_wconf 90' lang='lat' dir='ltr'><strong>priore</strong></span> <span class='ocrx_word' id='word_1_253' title='bbox 305 2956 437 3025; x_wconf 90' lang='lat' dir='ltr'><strong>(qui</strong></span> <span class='ocrx_word' id='word_1_254' title='bbox 468 2955 811 3011; x_wconf 90' lang='lat' dir='ltr'><strong>Guibertum</strong></span> <span class='ocrx_word' id='word_1_255' title='bbox 841 2956 1052 3010; x_wconf 89' lang='lat' dir='ltr'><strong>amoris</strong></span> <span class='ocrx_word' id='word_1_256' title='bbox 1075 2968 1215 3025; x_wconf 87' lang='lat' dir='ltr'><strong>erga</strong></span> <span class='ocrx_word' id='word_1_257' title='bbox 1245 2955 1453 3023; x_wconf 74' lang='lat' dir='ltr'><strong>saepius</strong></span> <span class='ocrx_word' id='word_1_258' title='bbox 1499 2954 1795 3013; x_wconf 88' lang='lat' dir='ltr'><strong>invisebat)</strong></span> 
     </span>
    </p>
   </div>
   <div class='ocr_carea' id='block_1_39' title="bbox 88 3026 1797 3097">
    <p class='ocr_par' dir='ltr' id='par_1_39' title="bbox 88 3026 1797 3097">
     <span class='ocr_line' id='line_1_40' title="bbox 88 3026 1797 3097; baseline 0.001 -17"><span class='ocrx_word' id='word_1_259' title='bbox 88 3029 442 3083; x_wconf 88' lang='lat' dir='ltr'><strong>instructum</strong></span> <span class='ocrx_word' id='word_1_260' title='bbox 494 3040 613 3096; x_wconf 88' lang='lat' dir='ltr'><strong>qua</strong></span> <span class='ocrx_word' id='word_1_261' title='bbox 659 3030 879 3082; x_wconf 89' lang='lat' dir='ltr'><strong>ratione</strong></span> <span class='ocrx_word' id='word_1_262' title='bbox 930 3026 1311 3097; x_wconf 67' lang='lat' dir='ltr'><strong>intelligendas</strong></span> <span class='ocrx_word' id='word_1_263' title='bbox 1356 3026 1797 3096; x_wconf 79' lang='lat' dir='ltr'><strong>aperiendzeque</strong></span> 
     </span>
    </p>
   </div>
   <div class='ocr_carea' id='block_1_40' title="bbox 87 3097 1714 3178">
    <p class='ocr_par' dir='ltr' id='par_1_40' title="bbox 87 3097 1714 3178">
     <span class='ocr_line' id='line_1_41' title="bbox 87 3097 1714 3178; baseline -0.002 -25"><span class='ocrx_word' id='word_1_264' title='bbox 87 3097 280 3178; x_wconf 67' lang='lat' dir='ltr'><strong>forent</strong></span> <span class='ocrx_word' id='word_1_265' title='bbox 306 3097 527 3178; x_wconf 76' lang='lat' dir='ltr'><strong>divinae</strong></span> <span class='ocrx_word' id='word_1_266' title='bbox 559 3098 798 3178; x_wconf 67' lang='lat' dir='ltr'><strong>paginae.</strong></span> <span class='ocrx_word' id='word_1_267' title='bbox 837 3097 1247 3178; x_wconf 70' lang='lat' dir='ltr'><strong>gloriaturlib.</strong></span> <span class='ocrx_word' id='word_1_268' title='bbox 1280 3098 1414 3178; x_wconf 84' lang='lat' dir='ltr'><strong>t_De_</strong></span> <span class='ocrx_word' id='word_1_269' title='bbox 1443 3097 1557 3177; x_wconf 78' lang='lat' dir='ltr'><strong>vita</strong></span> <span class='ocrx_word' id='word_1_270' title='bbox 1585 3110 1714 3178; x_wconf 68' lang='lat' dir='ltr'><strong>sua.</strong></span> 
     </span>
    </p>
   </div>
   <div class='ocr_carea' id='block_1_41' title="bbox 152 3167 1794 3238">
    <p class='ocr_par' dir='ltr' id='par_1_41' title="bbox 152 3167 1794 3238">
     <span class='ocr_line' id='line_1_42' title="bbox 152 3167 1794 3238; baseline -0.001 -14"><span class='ocrx_word' id='word_1_271' title='bbox 152 3167 420 3224; x_wconf 87' lang='lat' dir='ltr'><strong>Guiberti</strong></span> <span class='ocrx_word' id='word_1_272' title='bbox 499 3167 809 3238; x_wconf 84' lang='lat' dir='ltr'><strong>religionis,</strong></span> <span class='ocrx_word' id='word_1_273' title='bbox 847 3167 1214 3237; x_wconf 72' lang='lat' dir='ltr'><strong>prudentiae,</strong></span> <span class='ocrx_word' id='word_1_274' title='bbox 1293 3168 1567 3223; x_wconf 68' lang='lat' dir='ltr'><strong>doctrinae</strong></span> <span class='ocrx_word' id='word_1_275' title='bbox 1642 3167 1794 3222; x_wconf 84' lang='lat' dir='ltr'><strong>fama</strong></span> 
     </span>
    </p>
   </div>
   <div class='ocr_carea' id='block_1_42' title="bbox 89 3238 1793 3309">
    <p class='ocr_par' dir='ltr' id='par_1_42' title="bbox 89 3238 1793 3309">
     <span class='ocr_line' id='line_1_43' title="bbox 89 3238 1793 3309; baseline -0.002 -15"><span class='ocrx_word' id='word_1_276' title='bbox 89 3239 251 3307; x_wconf 81' lang='lat' dir='ltr'><strong>longe</strong></span> <span class='ocrx_word' id='word_1_277' title='bbox 310 3240 544 3307; x_wconf 81' lang='lat' dir='ltr'><strong>lateque</strong></span> <span class='ocrx_word' id='word_1_278' title='bbox 600 3241 957 3309; x_wconf 85' lang='lat' dir='ltr'><strong>pervulgata,</strong></span> <span class='ocrx_word' id='word_1_279' title='bbox 1018 3238 1246 3295; x_wconf 86' lang='lat' dir='ltr'><strong>tandem</strong></span> <span class='ocrx_word' id='word_1_280' title='bbox 1298 3254 1330 3293; x_wconf 89' lang='lat' dir='ltr'><strong>a</strong></span> <span class='ocrx_word' id='word_1_281' title='bbox 1380 3240 1674 3294; x_wconf 76' lang='lat' dir='ltr'><strong>monachis</strong></span> <span class='ocrx_word' id='word_1_282' title='bbox 1732 3238 1793 3293; x_wconf 86' lang='grc' dir='ltr'>Β.</span> 
     </span>
    </p>
   </div>
   <div class='ocr_carea' id='block_1_43' title="bbox 89 3310 1794 3380">
    <p class='ocr_par' dir='ltr' id='par_1_43' title="bbox 89 3310 1794 3380">
     <span class='ocr_line' id='line_1_44' title="bbox 89 3310 1794 3380; baseline -0.002 -14"><span class='ocrx_word' id='word_1_283' title='bbox 89 3311 290 3366; x_wconf 66' lang='lat' dir='ltr'><strong>Manut</strong></span> <span class='ocrx_word' id='word_1_284' title='bbox 339 3311 411 3366; x_wconf 90' lang='lat' dir='ltr'><strong>de</strong></span> <span class='ocrx_word' id='word_1_285' title='bbox 447 3310 787 3380; x_wconf 81' lang='lat' dir='ltr'><strong>Novigeuto,</strong></span> <span class='ocrx_word' id='word_1_286' title='bbox 833 3312 891 3366; x_wconf 88' lang='lat' dir='ltr'><strong>in</strong></span> <span class='ocrx_word' id='word_1_287' title='bbox 920 3310 1204 3366; x_wconf 89' lang='lat' dir='ltr'><strong>territorio</strong></span> <span class='ocrx_word' id='word_1_288' title='bbox 1254 3311 1624 3365; x_wconf 84' lang='lat' dir='ltr'><strong>Laudunensi</strong></span> <span class='ocrx_word' id='word_1_289' title='bbox 1667 3310 1794 3375; x_wconf 89' lang='lat' dir='ltr'><strong>sito,</strong></span> 
     </span>
    </p>
   </div>
   <div class='ocr_carea' id='block_1_44' title="bbox 1905 2599 3613 2670">
    <p class='ocr_par' dir='ltr' id='par_1_44' title="bbox 1905 2599 3613 2670">
     <span class='ocr_line' id='line_1_45' title="bbox 1905 2599 3613 2670; baseline -0.001 -16"><span class='ocrx_word' id='word_1_290' title='bbox 1905 2600 2142 2670; x_wconf 88' lang='lat' dir='ltr'><strong>eligitur</strong></span> <span class='ocrx_word' id='word_1_291' title='bbox 2168 2600 2222 2654; x_wconf 94' lang='lat' dir='ltr'><strong>in</strong></span> <span class='ocrx_word' id='word_1_292' title='bbox 2250 2599 2559 2670; x_wconf 81' lang='lat' dir='ltr'><strong>abbatem:</strong></span> <span class='ocrx_word' id='word_1_293' title='bbox 2605 2614 2721 2668; x_wconf 91' lang='lat' dir='ltr'><strong>quo</strong></span> <span class='ocrx_word' id='word_1_294' title='bbox 2773 2599 2830 2653; x_wconf 92' lang='lat' dir='ltr'><strong>in</strong></span> <span class='ocrx_word' id='word_1_295' title='bbox 2883 2613 3122 2654; x_wconf 89' lang='lat' dir='ltr'><strong>munere</strong></span> <span class='ocrx_word' id='word_1_296' title='bbox 3170 2612 3272 2669; x_wconf 91' lang='lat' dir='ltr'><strong>per</strong></span> <span class='ocrx_word' id='word_1_297' title='bbox 3313 2599 3613 2670; x_wconf 10' lang='lat' dir='ltr'><strong>annosgvi-</strong></span> 
     </span>
    </p>
   </div>
   <div class='ocr_carea' id='block_1_45' title="bbox 1907 2669 3613 2740">
    <p class='ocr_par' dir='ltr' id='par_1_45' title="bbox 1907 2669 3613 2740">
     <span class='ocr_line' id='line_1_46' title="bbox 1907 2669 3613 2740; baseline 0.002 -18"><span class='ocrx_word' id='word_1_298' title='bbox 1907 2669 2071 2740; x_wconf 84' lang='lat' dir='ltr'><strong>ginti,</strong></span> <span class='ocrx_word' id='word_1_299' title='bbox 2107 2677 2222 2726; x_wconf 88' lang='lat' dir='ltr'><strong>tam</strong></span> <span class='ocrx_word' id='word_1_300' title='bbox 2252 2669 2668 2725; x_wconf 89' lang='lat' dir='ltr'><strong>elucubrandis</strong></span> <span class='ocrx_word' id='word_1_301' title='bbox 2695 2670 2871 2726; x_wconf 84' lang='lat' dir='ltr'><strong>variis</strong></span> <span class='ocrx_word' id='word_1_302' title='bbox 2909 2670 3197 2739; x_wconf 84' lang='lat' dir='ltr'><strong>operibus,</strong></span> <span class='ocrx_word' id='word_1_303' title='bbox 3234 2684 3411 2740; x_wconf 88' lang='lat' dir='ltr'><strong>quam</strong></span> <span class='ocrx_word' id='word_1_304' title='bbox 3440 2669 3613 2726; x_wconf 87' lang='lat' dir='ltr'><strong>saluti</strong></span> 
     </span>
    </p>
   </div>
   <div class='ocr_carea' id='block_1_46' title="bbox 1906 2740 3614 2810">
    <p class='ocr_par' dir='ltr' id='par_1_46' title="bbox 1906 2740 3614 2810">
     <span class='ocr_line' id='line_1_47' title="bbox 1906 2740 3614 2810; baseline 0.001 -15"><span class='ocrx_word' id='word_1_305' title='bbox 1906 2744 2238 2796; x_wconf 85' lang='lat' dir='ltr'><strong>animarum</strong></span> <span class='ocrx_word' id='word_1_306' title='bbox 2277 2742 2399 2796; x_wconf 90' lang='lat' dir='ltr'><strong>suis</strong></span> <span class='ocrx_word' id='word_1_307' title='bbox 2446 2742 2820 2797; x_wconf 89' lang='lat' dir='ltr'><strong>concionibus</strong></span> <span class='ocrx_word' id='word_1_308' title='bbox 2867 2741 3180 2810; x_wconf 85' lang='lat' dir='ltr'><strong>(quidquid</strong></span> <span class='ocrx_word' id='word_1_309' title='bbox 3229 2755 3407 2796; x_wconf 66' lang='lat' dir='ltr'><strong>sacrae</strong></span> <span class='ocrx_word' id='word_1_310' title='bbox 3457 2740 3614 2796; x_wconf 89' lang='lat' dir='ltr'><strong>Scri-</strong></span> 
     </span>
    </p>
   </div>
   <div class='ocr_carea' id='block_1_47' title="bbox 1907 2811 3610 2892">
    <p class='ocr_par' dir='ltr' id='par_1_47' title="bbox 1907 2811 3610 2892">
     <span class='ocr_line' id='line_1_48' title="bbox 1907 2811 3610 2892; baseline 0 -25"><span class='ocrx_word' id='word_1_311' title='bbox 1907 2821 2092 2892; x_wconf 65' lang='lat' dir='ltr'><strong>ptura:</strong></span> <span class='ocrx_word' id='word_1_312' title='bbox 2120 2820 2231 2892; x_wconf 86' lang='lat' dir='ltr'><strong>est_</strong></span> <span class='ocrx_word' id='word_1_313' title='bbox 2261 2815 2685 2892; x_wconf 80' lang='lat' dir='ltr'><strong>interpretatus,</strong></span> <span class='ocrx_word' id='word_1_314' title='bbox 2734 2813 2794 2867; x_wconf 87' lang='lat' dir='ltr'><strong>in</strong></span> <span class='ocrx_word' id='word_1_315' title='bbox 2846 2811 3094 2892; x_wconf 73' lang='lat' dir='ltr'><strong>gratiam</strong></span> <span class='ocrx_word' id='word_1_316' title='bbox 3131 2813 3610 2892; x_wconf 67' lang='lat' dir='ltr'><strong>concionatorum</strong></span> 
     </span>
    </p>
   </div>
   <div class='ocr_carea' id='block_1_48' title="bbox 1906 2882 3614 2953">
    <p class='ocr_par' dir='ltr' id='par_1_48' title="bbox 1906 2882 3614 2953">
     <span class='ocr_line' id='line_1_49' title="bbox 1906 2882 3614 2953; baseline 0 -16"><span class='ocrx_word' id='word_1_317' title='bbox 1906 2882 1961 2937; x_wconf 89' lang='lat' dir='ltr'><strong>id</strong></span> <span class='ocrx_word' id='word_1_318' title='bbox 1987 2885 2170 2953; x_wconf 86' lang='lat' dir='ltr'><strong>egisse</strong></span> <span class='ocrx_word' id='word_1_319' title='bbox 2200 2882 2471 2948; x_wconf 84' lang='lat' dir='ltr'><strong>declarat)</strong></span> <span class='ocrx_word' id='word_1_320' title='bbox 2525 2898 2628 2938; x_wconf 89' lang='lat' dir='ltr'><strong>nec</strong></span> <span class='ocrx_word' id='word_1_321' title='bbox 2676 2898 2789 2939; x_wconf 89' lang='lat' dir='ltr'><strong>non</strong></span> <span class='ocrx_word' id='word_1_322' title='bbox 2833 2882 3202 2938; x_wconf 81' lang='lat' dir='ltr'><strong>confutandis</strong></span> <span class='ocrx_word' id='word_1_323' title='bbox 3250 2882 3533 2938; x_wconf 67' lang='lat' dir='ltr'><strong>haereticis</strong></span> <span class='ocrx_word' id='word_1_324' title='bbox 3558 2890 3614 2937; x_wconf 90' lang='lat' dir='ltr'><strong>et</strong></span> 
     </span>
    </p>
   </div>
   <div class='ocr_carea' id='block_1_49' title="bbox 1904 2954 3608 3024">
    <p class='ocr_par' dir='ltr' id='par_1_49' title="bbox 1904 2954 3608 3024">
     <span class='ocr_line' id='line_1_50' title="bbox 1904 2954 3608 3024; baseline 0 -16"><span class='ocrx_word' id='word_1_325' title='bbox 1904 2967 2096 3009; x_wconf 91' lang='lat' dir='ltr'><strong>coram</strong></span> <span class='ocrx_word' id='word_1_326' title='bbox 2149 2962 2204 3009; x_wconf 91' lang='lat' dir='ltr'><strong>et</strong></span> <span class='ocrx_word' id='word_1_327' title='bbox 2254 2958 2483 3023; x_wconf 84' lang='lat' dir='ltr'><strong>scriptis</strong></span> <span class='ocrx_word' id='word_1_328' title='bbox 2539 2955 2869 3024; x_wconf 87' lang='lat' dir='ltr'><strong>invigilans,</strong></span> <span class='ocrx_word' id='word_1_329' title='bbox 2925 2954 3393 3024; x_wconf 85' lang='lat' dir='ltr'><strong>allaboransque,</strong></span> <span class='ocrx_word' id='word_1_330' title='bbox 3459 2968 3608 3023; x_wconf 73' lang='lat' dir='ltr'><strong>prte-</strong></span> 
     </span>
    </p>
   </div>
   <div class='ocr_carea' id='block_1_50' title="bbox 1903 3024 3611 3094">
    <p class='ocr_par' dir='ltr' id='par_1_50' title="bbox 1903 3024 3611 3094">
     <span class='ocr_line' id='line_1_51' title="bbox 1903 3024 3611 3094; baseline 0 -14"><span class='ocrx_word' id='word_1_331' title='bbox 1903 3024 2079 3092; x_wconf 88' lang='lat' dir='ltr'><strong>clare,</strong></span> <span class='ocrx_word' id='word_1_332' title='bbox 2157 3028 2447 3094; x_wconf 82' lang='lat' dir='ltr'><strong>sapienter</strong></span> <span class='ocrx_word' id='word_1_333' title='bbox 2521 3026 2951 3094; x_wconf 82' lang='lat' dir='ltr'><strong>prudenterque</strong></span> <span class='ocrx_word' id='word_1_334' title='bbox 3032 3039 3154 3081; x_wconf 86' lang='lat' dir='ltr'><strong>sese</strong></span> <span class='ocrx_word' id='word_1_335' title='bbox 3234 3026 3425 3094; x_wconf 81' lang='lat' dir='ltr'><strong>gessit.</strong></span> <span class='ocrx_word' id='word_1_336' title='bbox 3516 3025 3611 3080; x_wconf 84' lang='lat' dir='ltr'><strong>Pie</strong></span> 
     </span>
    </p>
   </div>
   <div class='ocr_carea' id='block_1_51' title="bbox 1904 3094 3609 3164">
    <p class='ocr_par' dir='ltr' id='par_1_51' title="bbox 1904 3094 3609 3164">
     <span class='ocr_line' id='line_1_52' title="bbox 1904 3094 3609 3164; baseline 0 -14"><span class='ocrx_word' id='word_1_337' title='bbox 1904 3095 2219 3151; x_wconf 89' lang='lat' dir='ltr'><strong>admodum</strong></span> <span class='ocrx_word' id='word_1_338' title='bbox 2286 3096 2343 3150; x_wconf 90' lang='lat' dir='ltr'><strong>in</strong></span> <span class='ocrx_word' id='word_1_339' title='bbox 2394 3096 2494 3150; x_wconf 90' lang='lat' dir='ltr'><strong>Dei</strong></span> <span class='ocrx_word' id='word_1_340' title='bbox 2551 3096 2788 3151; x_wconf 86' lang='lat' dir='ltr'><strong>Matrem</strong></span> <span class='ocrx_word' id='word_1_341' title='bbox 2853 3095 3124 3152; x_wconf 76' lang='lat' dir='ltr'><strong>allectum</strong></span> <span class='ocrx_word' id='word_1_342' title='bbox 3194 3094 3369 3151; x_wconf 87' lang='lat' dir='ltr'><strong>fuisse</strong></span> <span class='ocrx_word' id='word_1_343' title='bbox 3401 3094 3609 3164; x_wconf 91' lang='lat' dir='ltr'><strong>passim</strong></span> 
     </span>
    </p>
   </div>
   <div class='ocr_carea' id='block_1_52' title="bbox 1908 3166 3611 3237">
    <p class='ocr_par' dir='ltr' id='par_1_52' title="bbox 1908 3166 3611 3237">
     <span class='ocr_line' id='line_1_53' title="bbox 1908 3166 3611 3237; baseline 0.001 -17"><span class='ocrx_word' id='word_1_344' title='bbox 1908 3167 2222 3236; x_wconf 64' lang='lat' dir='ltr'><strong>praedicant</strong></span> <span class='ocrx_word' id='word_1_345' title='bbox 2276 3180 2382 3222; x_wconf 88' lang='lat' dir='ltr'><strong>sua</strong></span> <span class='ocrx_word' id='word_1_346' title='bbox 2435 3166 2666 3237; x_wconf 86' lang='lat' dir='ltr'><strong>scripta.</strong></span> <span class='ocrx_word' id='word_1_347' title='bbox 2708 3167 2943 3223; x_wconf 62' lang='lat' dir='ltr'><strong>Natura:</strong></span> <span class='ocrx_word' id='word_1_348' title='bbox 2999 3166 3277 3222; x_wconf 89' lang='lat' dir='ltr'><strong>concessit</strong></span> <span class='ocrx_word' id='word_1_349' title='bbox 3330 3179 3484 3221; x_wconf 89' lang='lat' dir='ltr'><strong>anno</strong></span> <span class='ocrx_word' id='word_1_350' title='bbox 3515 3178 3611 3222; x_wconf 85' lang='lat' dir='ltr'><strong>re-</strong></span> 
     </span>
    </p>
   </div>
   <div class='ocr_carea' id='block_1_53' title="bbox 1909 3237 2535 3307">
    <p class='ocr_par' dir='ltr' id='par_1_53' title="bbox 1909 3237 2535 3307">
     <span class='ocr_line' id='line_1_54' title="bbox 1909 3237 2535 3307; baseline -0.005 -16"><span class='ocrx_word' id='word_1_351' title='bbox 1909 3246 2122 3307; x_wconf 70' lang='lat' dir='ltr'><strong>parata:</strong></span> <span class='ocrx_word' id='word_1_352' title='bbox 2142 3237 2347 3292; x_wconf 82' lang='lat' dir='ltr'><strong>salutis</strong></span> <span class='ocrx_word' id='word_1_353' title='bbox 2374 3237 2535 3290; x_wconf 61' lang='lat' dir='ltr'><strong>N21.</strong></span> 
     </span>
    </p>
   </div>
   <div class='ocr_carea' id='block_1_54' title="bbox 814 3558 2869 3651">
    <p class='ocr_par' dir='ltr' id='par_1_54' title="bbox 814 3558 2869 3651">
     <span class='ocr_line' id='line_1_55' title="bbox 814 3558 2869 3651; baseline -0.002 -2"><span class='ocrx_word' id='word_1_354' title='bbox 814 3562 1495 3651; x_wconf 78' lang='lat' dir='ltr'><strong>TESTIMONIA</strong></span> <span class='ocrx_word' id='word_1_355' title='bbox 1565 3564 1706 3647; x_wconf 83' lang='lat' dir='ltr'><strong>DE</strong></span> <span class='ocrx_word' id='word_1_356' title='bbox 1788 3558 2337 3647; x_wconf 83' lang='lat' dir='ltr'><strong>GUIBERTO</strong></span> <span class='ocrx_word' id='word_1_357' title='bbox 2406 3558 2869 3645; x_wconf 88' lang='lat' dir='ltr'><strong>ABBATE.</strong></span> 
     </span>
    </p>
   </div>
   <div class='ocr_carea' id='block_1_55' title="bbox 158 3813 3612 3888">
    <p class='ocr_par' dir='ltr' id='par_1_55' title="bbox 158 3813 3612 3888">
     <span class='ocr_line' id='line_1_56' title="bbox 158 3813 3612 3888; baseline -0.002 -13"><span class='ocrx_word' id='word_1_358' title='bbox 158 3821 459 3886; x_wconf 79' lang='lat' dir='ltr'><strong>Manasses,</strong></span> <span class='ocrx_word' id='word_1_359' title='bbox 501 3817 781 3888; x_wconf 82' lang='lat' dir='ltr'><strong>episcopus</strong></span> <span class='ocrx_word' id='word_1_360' title='bbox 843 3820 1256 3885; x_wconf 82' lang='lat' dir='ltr'><strong>Suessionensi&#39;s,</strong></span> <span class='ocrx_word' id='word_1_361' title='bbox 1312 3823 1368 3873; x_wconf 86' lang='lat' dir='ltr'><strong>in</strong></span> <span class='ocrx_word' id='word_1_362' title='bbox 1410 3819 1600 3873; x_wconf 82' lang='lat' dir='ltr'><strong>charta</strong></span> <span class='ocrx_word' id='word_1_363' title='bbox 1647 3820 1801 3884; x_wconf 79' lang='lat' dir='ltr'><strong>infra</strong></span> <span class='ocrx_word' id='word_1_364' title='bbox 1829 3821 1868 3876; x_wconf 91' lang='lat' dir='ltr'>C</span> <span class='ocrx_word' id='word_1_365' title='bbox 1908 3814 2194 3888; x_wconf 82' lang='lat' dir='ltr'><strong>dunensi:</strong></span> <span class='ocrx_word' id='word_1_366' title='bbox 2228 3817 2344 3883; x_wconf 81' lang='lat' dir='ltr'><strong>ipse</strong></span> <span class='ocrx_word' id='word_1_367' title='bbox 2383 3814 2538 3888; x_wconf 83' lang='lat' dir='ltr'><strong>titulo</strong></span> <span class='ocrx_word' id='word_1_368' title='bbox 2583 3816 2759 3888; x_wconf 61' lang='lat' dir='ltr'><strong>operis</strong></span> <span class='ocrx_word' id='word_1_369' title='bbox 2811 3819 2861 3888; x_wconf 75' lang='lat' dir='ltr'><strong>et</strong></span> <span class='ocrx_word' id='word_1_370' title='bbox 2906 3816 3012 3882; x_wconf 79' lang='lat' dir='ltr'><strong>ﬁne</strong></span> <span class='ocrx_word' id='word_1_371' title='bbox 3038 3816 3410 3888; x_wconf 58' lang='lat' dir='ltr'><strong>pra/ationis.</strong></span> <span class='ocrx_word' id='word_1_372' title='bbox 3441 3813 3612 3888; x_wconf 64' lang='lat' dir='ltr'><strong>Yixit</strong></span> 
     </span>
    </p>
   </div>
   <div class='ocr_carea' id='block_1_56' title="bbox 690 3892 1186 3959">
    <p class='ocr_par' dir='ltr' id='par_1_56' title="bbox 690 3892 1186 3959">
     <span class='ocr_line' id='line_1_57' title="bbox 690 3892 1186 3959; baseline 0.004 -15"><span class='ocrx_word' id='word_1_373' title='bbox 690 3892 869 3959; x_wconf 82' lang='lat' dir='ltr'><strong>posita</strong></span> <span class='ocrx_word' id='word_1_374' title='bbox 894 3905 1027 3959; x_wconf 81' lang='lat' dir='ltr'><strong>pug.</strong></span> <span class='ocrx_word' id='word_1_375' title='bbox 1062 3892 1186 3947; x_wconf 78' lang='lat'><strong>625.</strong></span> 
     </span>
    </p>
   </div>
   <div class='ocr_carea' id='block_1_57' title="bbox 163 3977 1799 4049">
    <p class='ocr_par' dir='ltr' id='par_1_57' title="bbox 163 3977 1799 4049">
     <span class='ocr_line' id='line_1_58' title="bbox 163 3977 1799 4049; baseline -0.004 -14"><span class='ocrx_word' id='word_1_376' title='bbox 163 3980 413 4035; x_wconf 68' lang='lat' dir='ltr'><strong>Praeerat</strong></span> <span class='ocrx_word' id='word_1_377' title='bbox 475 3977 760 4048; x_wconf 83' lang='lat' dir='ltr'><strong>siquidem</strong></span> <span class='ocrx_word' id='word_1_378' title='bbox 828 3978 905 4033; x_wconf 89' lang='lat' dir='ltr'><strong>illi</strong></span> <span class='ocrx_word' id='word_1_379' title='bbox 983 3978 1327 4049; x_wconf 87' lang='lat' dir='ltr'><strong>monasterio</strong></span> <span class='ocrx_word' id='word_1_380' title='bbox 1388 3978 1799 4049; x_wconf 78' lang='lat' dir='ltr'><strong>(Navigenlino)</strong></span> 
     </span>
    </p>
   </div>
   <div class='ocr_carea' id='block_1_58' title="bbox 95 4048 1802 4117">
    <p class='ocr_par' dir='ltr' id='par_1_58' title="bbox 95 4048 1802 4117">
     <span class='ocr_line' id='line_1_59' title="bbox 95 4048 1802 4117; baseline -0.001 -12"><span class='ocrx_word' id='word_1_381' title='bbox 95 4052 338 4106; x_wconf 91' lang='lat' dir='ltr'><strong>domnus</strong></span> <span class='ocrx_word' id='word_1_382' title='bbox 369 4050 667 4105; x_wconf 87' lang='lat' dir='ltr'><strong>Wibertus</strong></span> <span class='ocrx_word' id='word_1_383' title='bbox 696 4050 891 4113; x_wconf 87' lang='lat' dir='ltr'><strong>abbas,</strong></span> <span class='ocrx_word' id='word_1_384' title='bbox 928 4052 1026 4117; x_wconf 90' lang='lat' dir='ltr'><strong>qui</strong></span> <span class='ocrx_word' id='word_1_385' title='bbox 1056 4048 1337 4117; x_wconf 85' lang='lat' dir='ltr'><strong>sapientia</strong></span> <span class='ocrx_word' id='word_1_386' title='bbox 1383 4048 1439 4104; x_wconf 93' lang='lat' dir='ltr'><strong>in</strong></span> <span class='ocrx_word' id='word_1_387' title='bbox 1477 4048 1802 4104; x_wconf 85' lang='lat' dir='ltr'><strong>innocentia</strong></span> 
     </span>
    </p>
   </div>
   <div class='ocr_carea' id='block_1_59' title="bbox 99 4119 1799 4189">
    <p class='ocr_par' dir='ltr' id='par_1_59' title="bbox 99 4119 1799 4189">
     <span class='ocr_line' id='line_1_60' title="bbox 99 4119 1799 4189; baseline -0.001 -14"><span class='ocrx_word' id='word_1_388' title='bbox 99 4137 199 4175; x_wconf 89' lang='lat' dir='ltr'><strong>sua</strong></span> <span class='ocrx_word' id='word_1_389' title='bbox 248 4136 350 4177; x_wconf 87' lang='lat' dir='ltr'><strong>nos</strong></span> <span class='ocrx_word' id='word_1_390' title='bbox 394 4120 505 4176; x_wconf 84' lang='lat' dir='ltr'><strong>sibi</strong></span> <span class='ocrx_word' id='word_1_391' title='bbox 561 4120 723 4174; x_wconf 84' lang='lat' dir='ltr'><strong>valde</strong></span> <span class='ocrx_word' id='word_1_392' title='bbox 769 4119 1211 4185; x_wconf 72' lang='lat' dir='ltr'><strong>conglutinavit.</strong></span> <span class='ocrx_word' id='word_1_393' title='bbox 1279 4123 1344 4175; x_wconf 76' lang='lat' dir='ltr'><strong>Et</strong></span> <span class='ocrx_word' id='word_1_394' title='bbox 1399 4126 1520 4188; x_wconf 85' lang='lat' dir='ltr'><strong>post</strong></span> <span class='ocrx_word' id='word_1_395' title='bbox 1575 4134 1799 4189; x_wconf 81' lang='lat' dir='ltr'><strong>pauca:</strong></span> 
     </span>
    </p>
   </div>
   <div class='ocr_carea' id='block_1_60' title="bbox 103 4190 1802 4318">
    <p class='ocr_par' dir='ltr' id='par_1_60' title="bbox 103 4190 1802 4318">
     <span class='ocr_line' id='line_1_61' title="bbox 103 4190 1802 4318; baseline -0.001 -71"><span class='ocrx_word' id='word_1_396' title='bbox 103 4193 279 4318; x_wconf 48' lang='lat' dir='ltr'><strong>idemt</strong></span> <span class='ocrx_word' id='word_1_397' title='bbox 310 4192 470 4247; x_wconf 90' lang='lat' dir='ltr'><strong>enim</strong></span> <span class='ocrx_word' id='word_1_398' title='bbox 543 4191 723 4247; x_wconf 85' lang='lat' dir='ltr'><strong>abbas</strong></span> <span class='ocrx_word' id='word_1_399' title='bbox 793 4190 1058 4262; x_wconf 87' lang='lat' dir='ltr'><strong>religioso</strong></span> <span class='ocrx_word' id='word_1_400' title='bbox 1126 4206 1243 4261; x_wconf 90' lang='lat' dir='ltr'><strong>quo</strong></span> <span class='ocrx_word' id='word_1_401' title='bbox 1308 4192 1559 4262; x_wconf 87' lang='lat' dir='ltr'><strong>pollebat</strong></span> <span class='ocrx_word' id='word_1_402' title='bbox 1619 4190 1802 4246; x_wconf 90' lang='lat' dir='ltr'><strong>consi-</strong></span> 
     </span>
     <span class='ocr_line' id='line_1_62' title="bbox 126 4278 333 4318; baseline -0.005 -1"><span class='ocrx_word' id='word_1_403' title='bbox 126 4278 333 4318; x_wconf 85' lang='lat' dir='ltr'><strong>to.ec.</strong></span> 
     </span>
    </p>
   </div>
   <div class='ocr_carea' id='block_1_61' title="bbox 126 4278 333 4329">
    <p class='ocr_par' dir='ltr' id='par_1_61' title="bbox 126 4278 333 4329">
     <span class='ocr_line' id='line_1_63' title="bbox 126 4278 333 4329; baseline -0.005 -12"><span class='ocrx_word' id='word_1_404' title='bbox 126 4278 194 4329; x_wconf 87' lang='grc' dir='ltr'><strong>ιο,</strong></span> <span class='ocrx_word' id='word_1_405' title='bbox 226 4278 333 4319; x_wconf 90' lang='lat' dir='ltr'><strong>etc.</strong></span> 
     </span>
    </p>
   </div>
   <div class='ocr_carea' id='block_1_62' title="bbox 171 4358 1665 4429">
    <p class='ocr_par' dir='ltr' id='par_1_62' title="bbox 171 4358 1665 4429">
     <span class='ocr_line' id='line_1_64' title="bbox 171 4358 1665 4429; baseline -0.001 -15"><span class='ocrx_word' id='word_1_406' title='bbox 171 4360 634 4429; x_wconf 72' lang='lat' dir='ltr'><strong>Martyrologium</strong></span> <span class='ocrx_word' id='word_1_407' title='bbox 662 4364 812 4412; x_wconf 82' lang='lat' dir='ltr'><strong>vetus</strong></span> <span class='ocrx_word' id='word_1_408' title='bbox 845 4374 944 4413; x_wconf 89' lang='lat' dir='ltr'><strong>ms.</strong></span> <span class='ocrx_word' id='word_1_409' title='bbox 979 4358 1356 4415; x_wconf 78' lang='lat' dir='ltr'><strong>Luudunensis</strong></span> <span class='ocrx_word' id='word_1_410' title='bbox 1393 4362 1665 4415; x_wconf 72' lang='lat' dir='ltr'><strong>Ecclesiae.</strong></span> 
     </span>
    </p>
   </div>
   <div class='ocr_carea' id='block_1_63' title="bbox 178 4447 1809 4516">
    <p class='ocr_par' dir='ltr' id='par_1_63' title="bbox 178 4447 1809 4516">
     <span class='ocr_line' id='line_1_65' title="bbox 178 4447 1809 4516; baseline -0.001 -13"><span class='ocrx_word' id='word_1_411' title='bbox 178 4449 308 4503; x_wconf 75' lang='lat' dir='ltr'><strong>Hzec</strong></span> <span class='ocrx_word' id='word_1_412' title='bbox 332 4457 388 4503; x_wconf 88' lang='lat' dir='ltr'><strong>et</strong></span> <span class='ocrx_word' id='word_1_413' title='bbox 424 4447 540 4503; x_wconf 88' lang='lat' dir='ltr'><strong>alia</strong></span> <span class='ocrx_word' id='word_1_414' title='bbox 596 4447 1034 4516; x_wconf 81' lang='lat' dir='ltr'><strong>quamplurima</strong></span> <span class='ocrx_word' id='word_1_415' title='bbox 1087 4448 1156 4503; x_wconf 89' lang='lat' dir='ltr'><strong>ad</strong></span> <span class='ocrx_word' id='word_1_416' title='bbox 1189 4457 1301 4504; x_wconf 92' lang='lat' dir='ltr'><strong>tam</strong></span> <span class='ocrx_word' id='word_1_417' title='bbox 1336 4450 1584 4505; x_wconf 88' lang='lat' dir='ltr'><strong>immane</strong></span> <span class='ocrx_word' id='word_1_418' title='bbox 1622 4449 1809 4506; x_wconf 88' lang='lat' dir='ltr'><strong>scelus</strong></span> 
     </span>
    </p>
   </div>
   <div class='ocr_carea' id='block_1_64' title="bbox 115 4518 1809 4591">
    <p class='ocr_par' dir='ltr' id='par_1_64' title="bbox 115 4518 1809 4591">
     <span class='ocr_line' id='line_1_66' title="bbox 115 4518 1809 4591; baseline 0.001 -18"><span class='ocrx_word' id='word_1_419' title='bbox 115 4519 459 4588; x_wconf 77' lang='lat' dir='ltr'><strong>pertinentia</strong></span> <span class='ocrx_word' id='word_1_420' title='bbox 520 4526 870 4591; x_wconf 82' lang='lat' dir='ltr'><strong>memoratus</strong></span> <span class='ocrx_word' id='word_1_421' title='bbox 922 4518 1101 4575; x_wconf 82' lang='lat' dir='ltr'><strong>abbas</strong></span> <span class='ocrx_word' id='word_1_422' title='bbox 1162 4519 1498 4589; x_wconf 77' lang='lat' dir='ltr'><strong>(Guibertust</strong></span> <span class='ocrx_word' id='word_1_423' title='bbox 1559 4522 1661 4591; x_wconf 90' lang='lat' dir='ltr'><strong>qui</strong></span> <span class='ocrx_word' id='word_1_424' title='bbox 1726 4520 1809 4575; x_wconf 87' lang='lat' dir='ltr'><strong>his</strong></span> 
     </span>
    </p>
   </div>
   <div class='ocr_carea' id='block_1_65' title="bbox 113 4590 1811 4659">
    <p class='ocr_par' dir='ltr' id='par_1_65' title="bbox 113 4590 1811 4659">
     <span class='ocr_line' id='line_1_67' title="bbox 113 4590 1811 4659; baseline 0.001 -14"><span class='ocrx_word' id='word_1_425' title='bbox 113 4591 311 4645; x_wconf 82' lang='lat' dir='ltr'><strong>diebus</strong></span> <span class='ocrx_word' id='word_1_426' title='bbox 343 4604 596 4659; x_wconf 66' lang='lat' dir='ltr'><strong>praesens</strong></span> <span class='ocrx_word' id='word_1_427' title='bbox 643 4590 861 4655; x_wconf 88' lang='lat' dir='ltr'><strong>aderat,</strong></span> <span class='ocrx_word' id='word_1_428' title='bbox 917 4596 1083 4658; x_wconf 89' lang='lat' dir='ltr'><strong>plena</strong></span> <span class='ocrx_word' id='word_1_429' title='bbox 1135 4592 1243 4645; x_wconf 82' lang='lat' dir='ltr'><strong>fide</strong></span> <span class='ocrx_word' id='word_1_430' title='bbox 1289 4600 1345 4647; x_wconf 88' lang='lat' dir='ltr'><strong>et</strong></span> <span class='ocrx_word' id='word_1_431' title='bbox 1387 4590 1621 4647; x_wconf 81' lang='lat' dir='ltr'><strong>veritate</strong></span> <span class='ocrx_word' id='word_1_432' title='bbox 1667 4607 1811 4647; x_wconf 90' lang='lat' dir='ltr'><strong>con—</strong></span> 
     </span>
    </p>
   </div>
   <div class='ocr_carea' id='block_1_66' title="bbox 114 4661 1647 4731">
    <p class='ocr_par' dir='ltr' id='par_1_66' title="bbox 114 4661 1647 4731">
     <span class='ocr_line' id='line_1_68' title="bbox 114 4661 1647 4731; baseline 0 -16"><span class='ocrx_word' id='word_1_433' title='bbox 114 4662 350 4731; x_wconf 84' lang='lat' dir='ltr'><strong>scripsit.</strong></span> <span class='ocrx_word' id='word_1_434' title='bbox 386 4670 496 4717; x_wconf 92' lang='lat' dir='ltr'><strong>etc.</strong></span> <span class='ocrx_word' id='word_1_435' title='bbox 540 4661 751 4715; x_wconf 79' lang='lat' dir='ltr'><strong>Videsis</strong></span> <span class='ocrx_word' id='word_1_436' title='bbox 784 4664 841 4714; x_wconf 86' lang='lat' dir='ltr'><strong>in</strong></span> <span class='ocrx_word' id='word_1_437' title='bbox 871 4661 1336 4715; x_wconf 75' lang='lat' dir='ltr'><strong>observationibus</strong></span> <span class='ocrx_word' id='word_1_438' title='bbox 1364 4680 1496 4731; x_wconf 83' lang='lat' dir='ltr'><strong>pag.</strong></span> <span class='ocrx_word' id='word_1_439' title='bbox 1523 4666 1647 4717; x_wconf 80' lang='grc'>652.</span> 
     </span>
    </p>
   </div>
   <div class='ocr_carea' id='block_1_67' title="bbox 116 4758 1811 4829">
    <p class='ocr_par' dir='ltr' id='par_1_67' title="bbox 116 4758 1811 4829">
     <span class='ocr_line' id='line_1_69' title="bbox 116 4758 1811 4829; baseline 0.002 -18"><span class='ocrx_word' id='word_1_440' title='bbox 116 4761 420 4814; x_wconf 81' lang='lat' dir='ltr'><strong>Canonicus</strong></span> <span class='ocrx_word' id='word_1_441' title='bbox 459 4758 839 4813; x_wconf 82' lang='lat' dir='ltr'><strong>Laudunensis</strong></span> <span class='ocrx_word' id='word_1_442' title='bbox 900 4760 957 4812; x_wconf 87' lang='lat' dir='ltr'><strong>in</strong></span> <span class='ocrx_word' id='word_1_443' title='bbox 1004 4759 1264 4815; x_wconf 80' lang='lat' dir='ltr'><strong>Chronico</strong></span> <span class='ocrx_word' id='word_1_444' title='bbox 1308 4775 1434 4829; x_wconf 88' lang='lat' dir='ltr'><strong>ms.,</strong></span> <span class='ocrx_word' id='word_1_445' title='bbox 1491 4759 1557 4815; x_wconf 86' lang='lat' dir='ltr'><strong>de</strong></span> <span class='ocrx_word' id='word_1_446' title='bbox 1586 4775 1691 4829; x_wconf 88' lang='lat' dir='ltr'><strong>quo</strong></span> <span class='ocrx_word' id='word_1_447' title='bbox 1716 4774 1811 4814; x_wconf 86' lang='lat' dir='ltr'><strong>nos</strong></span> 
     </span>
    </p>
   </div>
   <div class='ocr_carea' id='block_1_68' title="bbox 678 4831 1499 4900">
    <p class='ocr_par' dir='ltr' id='par_1_68' title="bbox 678 4831 1499 4900">
     <span class='ocr_line' id='line_1_70' title="bbox 678 4831 1499 4900; baseline 0.005 -19"><span class='ocrx_word' id='word_1_448' title='bbox 678 4831 910 4895; x_wconf 81' lang='lat' dir='ltr'><strong>inferius</strong></span> <span class='ocrx_word' id='word_1_449' title='bbox 944 4846 1074 4900; x_wconf 84' lang='lat' dir='ltr'><strong>pug.</strong></span> <span class='ocrx_word' id='word_1_450' title='bbox 1112 4834 1235 4885; x_wconf 66' lang='grc'>646.</span> <span class='ocrx_word' id='word_1_451' title='bbox 1492 4856 1499 4863; x_wconf 90' lang='grc'><strong>·</strong></span> 
     </span>
    </p>
   </div>
   <div class='ocr_carea' id='block_1_69' title="bbox 187 4916 1813 4988">
    <p class='ocr_par' dir='ltr' id='par_1_69' title="bbox 187 4916 1813 4988">
     <span class='ocr_line' id='line_1_71' title="bbox 187 4916 1813 4988; baseline 0.001 -15"><span class='ocrx_word' id='word_1_452' title='bbox 187 4917 285 4973; x_wconf 83' lang='lat' dir='ltr'><strong>Hic</strong></span> <span class='ocrx_word' id='word_1_453' title='bbox 317 4917 659 4987; x_wconf 80' lang='lat' dir='ltr'><strong>(Gatdricus)</strong></span> <span class='ocrx_word' id='word_1_454' title='bbox 700 4916 838 4973; x_wconf 90' lang='lat' dir='ltr'><strong>dum</strong></span> <span class='ocrx_word' id='word_1_455' title='bbox 873 4918 1188 4988; x_wconf 89' lang='lat' dir='ltr'><strong>aliquando</strong></span> <span class='ocrx_word' id='word_1_456' title='bbox 1235 4932 1269 4973; x_wconf 91' lang='lat' dir='ltr'><strong>a</strong></span> <span class='ocrx_word' id='word_1_457' title='bbox 1316 4918 1670 4976; x_wconf 90' lang='lat' dir='ltr'><strong>dedicatione</strong></span> <span class='ocrx_word' id='word_1_458' title='bbox 1715 4933 1813 4975; x_wconf 85' lang='lat' dir='ltr'><strong>ec-</strong></span> 
     </span>
    </p>
   </div>
   <div class='ocr_carea' id='block_1_70' title="bbox 118 4988 1815 5063">
    <p class='ocr_par' dir='ltr' id='par_1_70' title="bbox 118 4988 1815 5063">
     <span class='ocr_line' id='line_1_72' title="bbox 118 4988 1815 5063; baseline 0.001 -20"><span class='ocrx_word' id='word_1_459' title='bbox 118 4989 294 5063; x_wconf 69' lang='lat' dir='ltr'><strong>cjesize</strong></span> <span class='ocrx_word' id='word_1_460' title='bbox 342 4988 601 5063; x_wconf 80' lang='lat' dir='ltr'><strong>redisset,</strong></span> <span class='ocrx_word' id='word_1_461' title='bbox 641 4997 770 5063; x_wconf 84' lang='lat' dir='ltr'><strong>etc.,</strong></span> <span class='ocrx_word' id='word_1_462' title='bbox 812 4988 1063 5063; x_wconf 81' lang='lat' dir='ltr'><strong>dicentes</strong></span> <span class='ocrx_word' id='word_1_463' title='bbox 1111 4990 1428 5061; x_wconf 88' lang='lat' dir='ltr'><strong>vulgariter</strong></span> <span class='ocrx_word' id='word_1_464' title='bbox 1448 4991 1602 5063; x_wconf 90' lang='lat' dir='ltr'><strong>quod</strong></span> <span class='ocrx_word' id='word_1_465' title='bbox 1635 4991 1815 5047; x_wconf 85' lang='lat' dir='ltr'><strong>abbas</strong></span> 
     </span>
    </p>
   </div>
   <div class='ocr_carea' id='block_1_71' title="bbox 121 5059 1205 5129">
    <p class='ocr_par' dir='ltr' id='par_1_71' title="bbox 121 5059 1205 5129">
     <span class='ocr_line' id='line_1_73' title="bbox 121 5059 1205 5129; baseline 0.002 -16"><span class='ocrx_word' id='word_1_466' title='bbox 121 5059 407 5115; x_wconf 68' lang='lat' dir='ltr'><strong>Webertus</strong></span> <span class='ocrx_word' id='word_1_467' title='bbox 439 5060 649 5129; x_wconf 87' lang='lat' dir='ltr'><strong>poetice</strong></span> <span class='ocrx_word' id='word_1_468' title='bbox 678 5060 758 5115; x_wconf 89' lang='lat' dir='ltr'><strong>sic</strong></span> <span class='ocrx_word' id='word_1_469' title='bbox 778 5060 1065 5129; x_wconf 84' lang='lat' dir='ltr'><strong>exposuit,</strong></span> <span class='ocrx_word' id='word_1_470' title='bbox 1098 5068 1205 5117; x_wconf 89' lang='lat' dir='ltr'><strong>etc.</strong></span> 
     </span>
    </p>
   </div>
   <div class='ocr_carea' id='block_1_72' title="bbox 120 5156 1808 5223">
    <p class='ocr_par' dir='ltr' id='par_1_72' title="bbox 120 5156 1808 5223">
     <span class='ocr_line' id='line_1_74' title="bbox 120 5156 1808 5223; baseline 0.002 -13"><span class='ocrx_word' id='word_1_471' title='bbox 120 5157 345 5211; x_wconf 81' lang='lat' dir='ltr'><strong>Joannes</strong></span> <span class='ocrx_word' id='word_1_472' title='bbox 375 5157 678 5223; x_wconf 84' lang='lat' dir='ltr'><strong>Halgrinus</strong></span> <span class='ocrx_word' id='word_1_473' title='bbox 706 5156 1027 5223; x_wconf 82' lang='lat' dir='ltr'><strong>cardinalis,</strong></span> <span class='ocrx_word' id='word_1_474' title='bbox 1062 5156 1130 5211; x_wconf 77' lang='lat' dir='ltr'><strong>de</strong></span> <span class='ocrx_word' id='word_1_475' title='bbox 1163 5157 1574 5214; x_wconf 79' lang='lat' dir='ltr'><strong>Abbatis-villa</strong></span> <span class='ocrx_word' id='word_1_476' title='bbox 1602 5174 1808 5214; x_wconf 82' lang='lat' dir='ltr'><strong>nuncu-</strong></span> 
     </span>
    </p>
   </div>
   <div class='ocr_carea' id='block_1_73' title="bbox 185 5227 1810 5296">
    <p class='ocr_par' dir='ltr' id='par_1_73' title="bbox 185 5227 1810 5296">
     <span class='ocr_line' id='line_1_75' title="bbox 185 5227 1810 5296; baseline 0.001 -17"><span class='ocrx_word' id='word_1_477' title='bbox 185 5231 365 5295; x_wconf 85' lang='lat' dir='ltr'><strong>patus,</strong></span> <span class='ocrx_word' id='word_1_478' title='bbox 416 5227 651 5283; x_wconf 73' lang='lat' dir='ltr'><strong>Summae</strong></span> <span class='ocrx_word' id='word_1_479' title='bbox 700 5242 801 5281; x_wconf 88' lang='lat' dir='ltr'><strong>ms.</strong></span> <span class='ocrx_word' id='word_1_480' title='bbox 862 5243 1025 5296; x_wconf 85' lang='lat' dir='ltr'><strong>quam</strong></span> <span class='ocrx_word' id='word_1_481' title='bbox 1078 5234 1323 5282; x_wconf 83' lang='lat' dir='ltr'><strong>asservat</strong></span> <span class='ocrx_word' id='word_1_482' title='bbox 1381 5230 1701 5284; x_wconf 73' lang='lat' dir='ltr'><strong>bibliotheca</strong></span> <span class='ocrx_word' id='word_1_483' title='bbox 1754 5231 1810 5284; x_wconf 91' lang='lat' dir='ltr'><strong>S.</strong></span> 
     </span>
    </p>
   </div>
   <div class='ocr_carea' id='block_1_74' title="bbox 189 5298 1817 5371">
    <p class='ocr_par' dir='ltr' id='par_1_74' title="bbox 189 5298 1817 5371">
     <span class='ocr_line' id='line_1_76' title="bbox 189 5298 1817 5371; baseline 0.002 -19"><span class='ocrx_word' id='word_1_484' title='bbox 189 5298 475 5371; x_wconf 72' lang='lat' dir='ltr'><strong>Michaelis</strong></span> <span class='ocrx_word' id='word_1_485' title='bbox 538 5298 605 5371; x_wconf 74' lang='lat' dir='ltr'><strong>de</strong></span> <span class='ocrx_word' id='word_1_486' title='bbox 634 5299 849 5371; x_wconf 67' lang='lat' dir='ltr'><strong>Monte,</strong></span> <span class='ocrx_word' id='word_1_487' title='bbox 895 5299 1216 5371; x_wconf 69' lang='lat' dir='ltr'><strong>Guibertum</strong></span> <span class='ocrx_word' id='word_1_488' title='bbox 1284 5301 1518 5356; x_wconf 80' lang='lat' dir='ltr'><strong>diversis</strong></span> <span class='ocrx_word' id='word_1_489' title='bbox 1577 5303 1817 5371; x_wconf 81' lang='lat' dir='ltr'><strong>sparsim</strong></span> 
     </span>
    </p>
   </div>
   <div class='ocr_carea' id='block_1_75' title="bbox 190 5368 1037 5424">
    <p class='ocr_par' dir='ltr' id='par_1_75' title="bbox 190 5368 1037 5424">
     <span class='ocr_line' id='line_1_77' title="bbox 190 5368 1037 5424; baseline 0.004 -4"><span class='ocrx_word' id='word_1_490' title='bbox 190 5370 312 5422; x_wconf 84' lang='lat' dir='ltr'><strong>locis</strong></span> <span class='ocrx_word' id='word_1_491' title='bbox 351 5372 490 5423; x_wconf 86' lang='lat' dir='ltr'><strong>citat</strong></span> <span class='ocrx_word' id='word_1_492' title='bbox 520 5368 595 5421; x_wconf 86' lang='lat' dir='ltr'><strong>ad</strong></span> <span class='ocrx_word' id='word_1_493' title='bbox 624 5370 764 5423; x_wconf 82' lang='lat' dir='ltr'><strong>hunc</strong></span> <span class='ocrx_word' id='word_1_494' title='bbox 784 5369 999 5424; x_wconf 81' lang='lat' dir='ltr'><strong>modum</strong></span> <span class='ocrx_word' id='word_1_495' title='bbox 1020 5388 1037 5423; x_wconf 88' lang='lat'><strong><em>:</em></strong></span> 
     </span>
    </p>
   </div>
   <div class='ocr_carea' id='block_1_76' title="bbox 190 5456 1579 5529">
    <p class='ocr_par' dir='ltr' id='par_1_76' title="bbox 190 5456 1579 5529">
     <span class='ocr_line' id='line_1_78' title="bbox 190 5456 1579 5529; baseline 0 -16"><span class='ocrx_word' id='word_1_496' title='bbox 190 5457 500 5514; x_wconf 88' lang='lat' dir='ltr'><strong>Guibertus</strong></span> <span class='ocrx_word' id='word_1_497' title='bbox 532 5456 587 5511; x_wconf 94' lang='lat' dir='ltr'><strong>in</strong></span> <span class='ocrx_word' id='word_1_498' title='bbox 620 5456 932 5514; x_wconf 79' lang='lat' dir='ltr'><strong>Moralibus</strong></span> <span class='ocrx_word' id='word_1_499' title='bbox 960 5472 1134 5529; x_wconf 89' lang='lat' dir='ltr'><strong>super</strong></span> <span class='ocrx_word' id='word_1_500' title='bbox 1162 5457 1445 5527; x_wconf 90' lang='lat' dir='ltr'><strong>Genesim,</strong></span> <span class='ocrx_word' id='word_1_501' title='bbox 1472 5466 1579 5515; x_wconf 93' lang='lat' dir='ltr'><strong>etc.</strong></span> 
     </span>
    </p>
   </div>
   <div class='ocr_carea' id='block_1_77' title="bbox 435 5554 1510 5627">
    <p class='ocr_par' dir='ltr' id='par_1_77' title="bbox 435 5554 1510 5627">
     <span class='ocr_line' id='line_1_79' title="bbox 435 5554 1510 5627; baseline 0.003 -18"><span class='ocrx_word' id='word_1_502' title='bbox 435 5554 681 5609; x_wconf 76' lang='lat' dir='ltr'><strong>Jacobus</strong></span> <span class='ocrx_word' id='word_1_503' title='bbox 717 5555 1050 5622; x_wconf 81' lang='lat' dir='ltr'><strong>Bongarsius</strong></span> <span class='ocrx_word' id='word_1_504' title='bbox 1080 5559 1139 5611; x_wconf 86' lang='lat' dir='ltr'><strong>in</strong></span> <span class='ocrx_word' id='word_1_505' title='bbox 1167 5558 1510 5627; x_wconf 72' lang='lat' dir='ltr'><strong>praefatione.</strong></span> 
     </span>
    </p>
   </div>
   <div class='ocr_carea' id='block_1_78' title="bbox 194 5651 1814 5723">
    <p class='ocr_par' dir='ltr' id='par_1_78' title="bbox 194 5651 1814 5723">
     <span class='ocr_line' id='line_1_80' title="bbox 194 5651 1814 5723; baseline 0.001 -15"><span class='ocrx_word' id='word_1_506' title='bbox 194 5651 522 5713; x_wconf 86' lang='lat' dir='ltr'><strong>Guibertus.</strong></span> <span class='ocrx_word' id='word_1_507' title='bbox 556 5651 735 5707; x_wconf 88' lang='lat' dir='ltr'><strong>abbas</strong></span> <span class='ocrx_word' id='word_1_508' title='bbox 788 5653 1119 5709; x_wconf 90' lang='lat' dir='ltr'><strong>monasterii</strong></span> <span class='ocrx_word' id='word_1_509' title='bbox 1169 5654 1230 5710; x_wconf 90' lang='grc' dir='ltr'>Β.</span> <span class='ocrx_word' id='word_1_510' title='bbox 1272 5654 1459 5711; x_wconf 69' lang='lat' dir='ltr'><strong>Mariae</strong></span> <span class='ocrx_word' id='word_1_511' title='bbox 1490 5653 1814 5723; x_wconf 72' lang='lat' dir='ltr'><strong>Novigenti,</strong></span> 
     </span>
    </p>
   </div>
   <div class='ocr_carea' id='block_1_79' title="bbox 132 5723 1813 5796">
    <p class='ocr_par' dir='ltr' id='par_1_79' title="bbox 132 5723 1813 5796">
     <span class='ocr_line' id='line_1_81' title="bbox 132 5723 1813 5796; baseline 0.002 -18"><span class='ocrx_word' id='word_1_512' title='bbox 132 5723 274 5790; x_wconf 85' lang='lat' dir='ltr'><strong>quod</strong></span> <span class='ocrx_word' id='word_1_513' title='bbox 303 5725 479 5779; x_wconf 90' lang='lat' dir='ltr'><strong>situm</strong></span> <span class='ocrx_word' id='word_1_514' title='bbox 511 5730 596 5779; x_wconf 87' lang='lat' dir='ltr'><strong>est</strong></span> <span class='ocrx_word' id='word_1_515' title='bbox 641 5723 750 5779; x_wconf 89' lang='lat' dir='ltr'><strong>sub</strong></span> <span class='ocrx_word' id='word_1_516' title='bbox 791 5732 978 5780; x_wconf 88' lang='lat' dir='ltr'><strong>castro</strong></span> <span class='ocrx_word' id='word_1_517' title='bbox 1023 5724 1338 5792; x_wconf 76' lang='lat' dir='ltr'><strong>Codiciaco,</strong></span> <span class='ocrx_word' id='word_1_518' title='bbox 1379 5726 1434 5781; x_wconf 93' lang='lat' dir='ltr'><strong>in</strong></span> <span class='ocrx_word' id='word_1_519' title='bbox 1485 5741 1629 5796; x_wconf 83' lang='lat' dir='ltr'><strong>pago</strong></span> <span class='ocrx_word' id='word_1_520' title='bbox 1670 5726 1813 5782; x_wconf 83' lang='lat' dir='ltr'><strong>Lau-</strong></span> 
     </span>
    </p>
   </div>
   <div class='ocr_carea' id='block_1_80' title="bbox 1911 3884 3615 3956">
    <p class='ocr_par' dir='ltr' id='par_1_80' title="bbox 1911 3884 3615 3956">
     <span class='ocr_line' id='line_1_82' title="bbox 1911 3884 3615 3956; baseline 0 -15"><span class='ocrx_word' id='word_1_521' title='bbox 1911 3886 2008 3942; x_wconf 91' lang='lat' dir='ltr'><strong>illa</strong></span> <span class='ocrx_word' id='word_1_522' title='bbox 2056 3885 2180 3954; x_wconf 90' lang='lat' dir='ltr'><strong>ipsa</strong></span> <span class='ocrx_word' id='word_1_523' title='bbox 2225 3893 2391 3941; x_wconf 74' lang='lat' dir='ltr'><strong>relate</strong></span> <span class='ocrx_word' id='word_1_524' title='bbox 2433 3886 2605 3956; x_wconf 89' lang='lat' dir='ltr'><strong>cujus</strong></span> <span class='ocrx_word' id='word_1_525' title='bbox 2650 3885 2922 3956; x_wconf 72' lang='lat' dir='ltr'><strong>Historiae</strong></span> <span class='ocrx_word' id='word_1_526' title='bbox 2950 3895 3166 3953; x_wconf 90' lang='lat' dir='ltr'><strong>partem</strong></span> <span class='ocrx_word' id='word_1_527' title='bbox 3209 3884 3512 3953; x_wconf 76' lang='lat' dir='ltr'><strong>describit;</strong></span> <span class='ocrx_word' id='word_1_528' title='bbox 3559 3894 3615 3941; x_wconf 90' lang='lat' dir='ltr'><strong>et</strong></span> 
     </span>
    </p>
   </div>
   <div class='ocr_carea' id='block_1_81' title="bbox 1910 3955 3610 4027">
    <p class='ocr_par' dir='ltr' id='par_1_81' title="bbox 1910 3955 3610 4027">
     <span class='ocr_line' id='line_1_83' title="bbox 1910 3955 3610 4027; baseline 0.001 -13"><span class='ocrx_word' id='word_1_529' title='bbox 1910 3958 2135 4027; x_wconf 91' lang='lat' dir='ltr'><strong>scripsit</strong></span> <span class='ocrx_word' id='word_1_530' title='bbox 2177 3957 2480 4020; x_wconf 76' lang='lat' dir='ltr'><strong>Balduino,</strong></span> <span class='ocrx_word' id='word_1_531' title='bbox 2509 3955 2703 4012; x_wconf 78' lang='lat' dir='ltr'><strong>fratre</strong></span> <span class='ocrx_word' id='word_1_532' title='bbox 2747 3955 3036 4012; x_wconf 75' lang='lat' dir='ltr'><strong>Gudeft&#39;itli</strong></span> <span class='ocrx_word' id='word_1_533' title='bbox 3069 3964 3385 4025; x_wconf 77' lang='lat' dir='ltr'><strong>regnante:</strong></span> <span class='ocrx_word' id='word_1_534' title='bbox 3422 3957 3518 4012; x_wconf 92' lang='lat' dir='ltr'><strong>lib.</strong></span> <span class='ocrx_word' id='word_1_535' title='bbox 3552 3972 3610 4015; x_wconf 84' lang='lat' dir='ltr'><strong>tt.</strong></span> 
     </span>
    </p>
   </div>
   <div class='ocr_carea' id='block_1_82' title="bbox 1912 4027 3611 4098">
    <p class='ocr_par' dir='ltr' id='par_1_82' title="bbox 1912 4027 3611 4098">
     <span class='ocr_line' id='line_1_84' title="bbox 1912 4027 3611 4098; baseline -0.002 -13"><span class='ocrx_word' id='word_1_536' title='bbox 1912 4043 2039 4098; x_wconf 90' lang='lat' dir='ltr'><strong>cap.</strong></span> <span class='ocrx_word' id='word_1_537' title='bbox 2072 4027 2164 4092; x_wconf 83' lang='lat'><strong>12,</strong></span> <span class='ocrx_word' id='word_1_538' title='bbox 2196 4032 2253 4082; x_wconf 82' lang='lat' dir='ltr'><strong>et</strong></span> <span class='ocrx_word' id='word_1_539' title='bbox 2284 4027 2379 4083; x_wconf 89' lang='lat' dir='ltr'><strong>lib.</strong></span> <span class='ocrx_word' id='word_1_540' title='bbox 2413 4043 2508 4091; x_wconf 83' lang='lat' dir='ltr'><strong>vn,</strong></span> <span class='ocrx_word' id='word_1_541' title='bbox 2561 4041 2684 4096; x_wconf 88' lang='lat' dir='ltr'><strong>cap.</strong></span> <span class='ocrx_word' id='word_1_542' title='bbox 2731 4027 2822 4098; x_wconf 75' lang='lat' dir='ltr'><strong>2i.</strong></span> <span class='ocrx_word' id='word_1_543' title='bbox 2857 4027 3189 4081; x_wconf 87' lang='lat' dir='ltr'><strong>Boemuudo</strong></span> <span class='ocrx_word' id='word_1_544' title='bbox 3226 4027 3431 4083; x_wconf 90' lang='lat' dir='ltr'><strong>marito</strong></span> <span class='ocrx_word' id='word_1_545' title='bbox 3464 4028 3611 4082; x_wconf 66' lang='lat' dir='ltr'><strong>tion-</strong></span> 
     </span>
    </p>
   </div>
   <div class='ocr_carea' id='block_1_83' title="bbox 1913 4097 3614 4169">
    <p class='ocr_par' dir='ltr' id='par_1_83' title="bbox 1913 4097 3614 4169">
     <span class='ocr_line' id='line_1_85' title="bbox 1913 4097 3614 4169; baseline -0.002 -14"><span class='ocrx_word' id='word_1_546' title='bbox 1913 4097 2137 4155; x_wconf 69' lang='lat' dir='ltr'><strong>stantia:</strong></span> <span class='ocrx_word' id='word_1_547' title='bbox 2170 4098 2319 4169; x_wconf 83' lang='lat' dir='ltr'><strong>regis</strong></span> <span class='ocrx_word' id='word_1_548' title='bbox 2352 4099 2704 4153; x_wconf 81' lang='lat' dir='ltr'><strong>Francorum</strong></span> <span class='ocrx_word' id='word_1_549' title='bbox 2748 4097 2914 4153; x_wconf 71' lang='lat' dir='ltr'><strong>tiliaa:</strong></span> <span class='ocrx_word' id='word_1_550' title='bbox 2961 4105 3200 4151; x_wconf 70' lang='lat' dir='ltr'><strong>extremo</strong></span> <span class='ocrx_word' id='word_1_551' title='bbox 3228 4098 3321 4151; x_wconf 83' lang='lat' dir='ltr'><strong>tib.</strong></span> <span class='ocrx_word' id='word_1_552' title='bbox 3373 4113 3409 4153; x_wconf 84' lang='grc' dir='ltr'>ι.</span> <span class='ocrx_word' id='word_1_553' title='bbox 3442 4098 3614 4153; x_wconf 86' lang='lat' dir='ltr'><strong>Bien-</strong></span> 
     </span>
    </p>
   </div>
   <div class='ocr_carea' id='block_1_84' title="bbox 1915 4169 3616 4239">
    <p class='ocr_par' dir='ltr' id='par_1_84' title="bbox 1915 4169 3616 4239">
     <span class='ocr_line' id='line_1_86' title="bbox 1915 4169 3616 4239; baseline -0.002 -13"><span class='ocrx_word' id='word_1_554' title='bbox 1915 4172 2031 4237; x_wconf 88' lang='lat' dir='ltr'><strong>nio,</strong></span> <span class='ocrx_word' id='word_1_555' title='bbox 2102 4176 2225 4239; x_wconf 89' lang='lat' dir='ltr'><strong>post</strong></span> <span class='ocrx_word' id='word_1_556' title='bbox 2289 4169 2567 4225; x_wconf 84' lang='lat' dir='ltr'><strong>Manassis</strong></span> <span class='ocrx_word' id='word_1_557' title='bbox 2628 4170 2936 4225; x_wconf 85' lang='lat' dir='ltr'><strong>Remorum</strong></span> <span class='ocrx_word' id='word_1_558' title='bbox 2980 4169 3403 4239; x_wconf 82' lang='lat' dir='ltr'><strong>Archiepiscopi</strong></span> <span class='ocrx_word' id='word_1_559' title='bbox 3459 4183 3616 4224; x_wconf 88' lang='lat' dir='ltr'><strong>mor—</strong></span> 
     </span>
    </p>
   </div>
   <div class='ocr_carea' id='block_1_85' title="bbox 1915 4239 3617 4310">
    <p class='ocr_par' dir='ltr' id='par_1_85' title="bbox 1915 4239 3617 4310">
     <span class='ocr_line' id='line_1_87' title="bbox 1915 4239 3617 4310; baseline -0.003 -13"><span class='ocrx_word' id='word_1_560' title='bbox 1915 4250 2064 4297; x_wconf 90' lang='lat' dir='ltr'><strong>tem:</strong></span> <span class='ocrx_word' id='word_1_561' title='bbox 2126 4247 2361 4294; x_wconf 61' lang='lat' dir='ltr'><strong>extremo</strong></span> <span class='ocrx_word' id='word_1_562' title='bbox 2409 4241 2503 4293; x_wconf 78' lang='lat' dir='ltr'><strong>lib.</strong></span> <span class='ocrx_word' id='word_1_563' title='bbox 2566 4255 2640 4295; x_wconf 74' lang='lat' dir='ltr'><strong>vn.</strong></span> <span class='ocrx_word' id='word_1_564' title='bbox 2711 4240 2904 4295; x_wconf 86' lang='lat' dir='ltr'><strong>Finem</strong></span> <span class='ocrx_word' id='word_1_565' title='bbox 2965 4240 3261 4309; x_wconf 86' lang='lat' dir='ltr'><strong>scriptioni</strong></span> <span class='ocrx_word' id='word_1_566' title='bbox 3345 4239 3617 4310; x_wconf 88' lang='lat' dir='ltr'><strong>imposuit</strong></span> 
     </span>
    </p>
   </div>
   <div class='ocr_carea' id='block_1_86' title="bbox 1917 4310 3619 4381">
    <p class='ocr_par' dir='ltr' id='par_1_86' title="bbox 1917 4310 3619 4381">
     <span class='ocr_line' id='line_1_88' title="bbox 1917 4310 3619 4381; baseline -0.002 -14"><span class='ocrx_word' id='word_1_567' title='bbox 1917 4321 2144 4367; x_wconf 88' lang='lat' dir='ltr'><strong>mortuo</strong></span> <span class='ocrx_word' id='word_1_568' title='bbox 2162 4313 2283 4380; x_wconf 86' lang='lat' dir='ltr'><strong>jam</strong></span> <span class='ocrx_word' id='word_1_569' title='bbox 2327 4311 2693 4366; x_wconf 88' lang='lat' dir='ltr'><strong>Boemundo:</strong></span> <span class='ocrx_word' id='word_1_570' title='bbox 2729 4312 2823 4365; x_wconf 84' lang='lat' dir='ltr'><strong>lib.</strong></span> <span class='ocrx_word' id='word_1_571' title='bbox 2860 4311 2983 4372; x_wconf 86' lang='lat' dir='ltr'><strong>ult.,</strong></span> <span class='ocrx_word' id='word_1_572' title='bbox 3016 4326 3137 4379; x_wconf 88' lang='lat' dir='ltr'><strong>cap.</strong></span> <span class='ocrx_word' id='word_1_573' title='bbox 3172 4310 3258 4365; x_wconf 87' lang='lat'><strong>38.</strong></span> <span class='ocrx_word' id='word_1_574' title='bbox 3294 4311 3461 4367; x_wconf 83' lang='lat' dir='ltr'><strong>Anno</strong></span> <span class='ocrx_word' id='word_1_575' title='bbox 3497 4317 3619 4381; x_wconf 87' lang='lat' dir='ltr'><strong>post</strong></span> 
     </span>
    </p>
   </div>
   <div class='ocr_carea' id='block_1_87' title="bbox 1916 4380 3612 4453">
    <p class='ocr_par' dir='ltr' id='par_1_87' title="bbox 1916 4380 3612 4453">
     <span class='ocr_line' id='line_1_89' title="bbox 1916 4380 3612 4453; baseline -0.004 -15"><span class='ocrx_word' id='word_1_576' title='bbox 1916 4382 2171 4438; x_wconf 85' lang='lat' dir='ltr'><strong>Gervasii</strong></span> <span class='ocrx_word' id='word_1_577' title='bbox 2201 4382 2416 4453; x_wconf 80' lang='lat' dir='ltr'><strong>egregii</strong></span> <span class='ocrx_word' id='word_1_578' title='bbox 2452 4381 2646 4453; x_wconf 80' lang='lat' dir='ltr'><strong>militis</strong></span> <span class='ocrx_word' id='word_1_579' title='bbox 2678 4382 3019 4449; x_wconf 72' lang='lat' dir='ltr'><strong>martyrium</strong></span> <span class='ocrx_word' id='word_1_580' title='bbox 3047 4397 3058 4436; x_wconf 91' lang='lat'><strong>:</strong></span> <span class='ocrx_word' id='word_1_581' title='bbox 3086 4382 3181 4453; x_wconf 73' lang='lat' dir='ltr'><strong>tib.</strong></span> <span class='ocrx_word' id='word_1_582' title='bbox 3210 4382 3351 4448; x_wconf 81' lang='lat' dir='ltr'><strong>eod.,</strong></span> <span class='ocrx_word' id='word_1_583' title='bbox 3380 4380 3612 4449; x_wconf 52' lang='lat' dir='ltr'><strong>canto.</strong></span> 
     </span>
    </p>
   </div>
   <div class='ocr_carea' id='block_1_88' title="bbox 1918 4451 3614 4522">
    <p class='ocr_par' dir='ltr' id='par_1_88' title="bbox 1918 4451 3614 4522">
     <span class='ocr_line' id='line_1_90' title="bbox 1918 4451 3614 4522; baseline -0.002 -13"><span class='ocrx_word' id='word_1_584' title='bbox 1918 4451 2291 4521; x_wconf 51' lang='lat' dir='ltr'><strong>Interpretet&#39;n</strong></span> <span class='ocrx_word' id='word_1_585' title='bbox 2349 4467 2406 4508; x_wconf 90' lang='lat' dir='ltr'><strong>se</strong></span> <span class='ocrx_word' id='word_1_586' title='bbox 2464 4451 2764 4522; x_wconf 77' lang='lat' dir='ltr'><strong>proﬁtetur</strong></span> <span class='ocrx_word' id='word_1_587' title='bbox 2820 4452 3020 4507; x_wconf 75' lang='lat' dir='ltr'><strong>alienae</strong></span> <span class='ocrx_word' id='word_1_588' title='bbox 3084 4452 3360 4508; x_wconf 55' lang='lat' dir='ltr'><strong>historias:</strong></span> <span class='ocrx_word' id='word_1_589' title='bbox 3415 4454 3508 4506; x_wconf 85' lang='lat' dir='ltr'><strong>lib.</strong></span> <span class='ocrx_word' id='word_1_590' title='bbox 3559 4469 3614 4506; x_wconf 83' lang='grc' dir='ltr'><strong>ιι.</strong></span> 
     </span>
    </p>
   </div>
   <div class='ocr_carea' id='block_1_89' title="bbox 1918 4524 3617 4594">
    <p class='ocr_par' dir='ltr' id='par_1_89' title="bbox 1918 4524 3617 4594">
     <span class='ocr_line' id='line_1_91' title="bbox 1918 4524 3617 4594; baseline -0.002 -13"><span class='ocrx_word' id='word_1_591' title='bbox 1918 4541 2040 4594; x_wconf 81' lang='lat' dir='ltr'><strong>cup.</strong></span> <span class='ocrx_word' id='word_1_592' title='bbox 2074 4527 2138 4578; x_wconf 86' lang='lat' dir='ltr'><strong>l0</strong></span> <span class='ocrx_word' id='word_1_593' title='bbox 2166 4532 2221 4580; x_wconf 91' lang='lat' dir='ltr'><strong>et</strong></span> <span class='ocrx_word' id='word_1_594' title='bbox 2265 4527 2346 4579; x_wconf 87' lang='lat' dir='ltr'><strong>l3.</strong></span> <span class='ocrx_word' id='word_1_595' title='bbox 2389 4524 2458 4579; x_wconf 78' lang='lat' dir='ltr'><strong>Et</strong></span> <span class='ocrx_word' id='word_1_596' title='bbox 2488 4526 2612 4592; x_wconf 86' lang='lat' dir='ltr'><strong>ipsa</strong></span> <span class='ocrx_word' id='word_1_597' title='bbox 2643 4525 2873 4593; x_wconf 83' lang='lat' dir='ltr'><strong>epistola</strong></span> <span class='ocrx_word' id='word_1_598' title='bbox 2902 4524 2977 4577; x_wconf 79' lang='lat' dir='ltr'><strong>ad</strong></span> <span class='ocrx_word' id='word_1_599' title='bbox 3009 4524 3357 4590; x_wconf 77' lang='lat' dir='ltr'><strong>Lysiardum,</strong></span> <span class='ocrx_word' id='word_1_600' title='bbox 3398 4530 3449 4578; x_wconf 79' lang='lat' dir='ltr'><strong>et</strong></span> <span class='ocrx_word' id='word_1_601' title='bbox 3480 4539 3617 4592; x_wconf 65' lang='lat' dir='ltr'><strong>que-</strong></span> 
     </span>
    </p>
   </div>
   <div class='ocr_carea' id='block_1_90' title="bbox 1918 4595 3620 4665">
    <p class='ocr_par' dir='ltr' id='par_1_90' title="bbox 1918 4595 3620 4665">
     <span class='ocr_line' id='line_1_92' title="bbox 1918 4595 3620 4665; baseline -0.001 -15"><span class='ocrx_word' id='word_1_602' title='bbox 1918 4611 2037 4651; x_wconf 88' lang='lat' dir='ltr'><strong>eam</strong></span> <span class='ocrx_word' id='word_1_603' title='bbox 2078 4601 2327 4664; x_wconf 79' lang='lat' dir='ltr'><strong>sequitur</strong></span> <span class='ocrx_word' id='word_1_604' title='bbox 2372 4596 2737 4664; x_wconf 62' lang='lat' dir='ltr'><strong>pra/alioue:</strong></span> <span class='ocrx_word' id='word_1_605' title='bbox 2788 4595 2943 4665; x_wconf 89' lang='lat' dir='ltr'><strong>quod</strong></span> <span class='ocrx_word' id='word_1_606' title='bbox 2977 4595 3162 4663; x_wconf 86' lang='lat' dir='ltr'><strong>ipsum</strong></span> <span class='ocrx_word' id='word_1_607' title='bbox 3197 4595 3251 4649; x_wconf 92' lang='lat' dir='ltr'><strong>in</strong></span> <span class='ocrx_word' id='word_1_608' title='bbox 3283 4595 3479 4649; x_wconf 88' lang='lat' dir='ltr'><strong>eodem</strong></span> <span class='ocrx_word' id='word_1_609' title='bbox 3521 4608 3620 4649; x_wconf 87' lang='lat' dir='ltr'><strong>ar-</strong></span> 
     </span>
    </p>
   </div>
   <div class='ocr_carea' id='block_1_91' title="bbox 1921 4665 3617 4737">
    <p class='ocr_par' dir='ltr' id='par_1_91' title="bbox 1921 4665 3617 4737">
     <span class='ocr_line' id='line_1_93' title="bbox 1921 4665 3617 4737; baseline -0.001 -17"><span class='ocrx_word' id='word_1_610' title='bbox 1921 4676 2193 4737; x_wconf 89' lang='lat' dir='ltr'><strong>gumento</strong></span> <span class='ocrx_word' id='word_1_611' title='bbox 2242 4666 2457 4737; x_wconf 84' lang='lat' dir='ltr'><strong>factum</strong></span> <span class='ocrx_word' id='word_1_612' title='bbox 2516 4665 2759 4737; x_wconf 85' lang='lat' dir='ltr'><strong>Roberto</strong></span> <span class='ocrx_word' id='word_1_613' title='bbox 2838 4666 3139 4737; x_wconf 86' lang='lat' dir='ltr'><strong>monacho.</strong></span> <span class='ocrx_word' id='word_1_614' title='bbox 3207 4673 3262 4719; x_wconf 89' lang='lat' dir='ltr'><strong>et</strong></span> <span class='ocrx_word' id='word_1_615' title='bbox 3318 4666 3617 4720; x_wconf 84' lang='lat' dir='ltr'><strong>Baldrico:</strong></span> 
     </span>
    </p>
   </div>
   <div class='ocr_carea' id='block_1_92' title="bbox 1919 4736 3620 4807">
    <p class='ocr_par' dir='ltr' id='par_1_92' title="bbox 1919 4736 3620 4807">
     <span class='ocr_line' id='line_1_94' title="bbox 1919 4736 3620 4807; baseline -0.001 -15"><span class='ocrx_word' id='word_1_616' title='bbox 1919 4736 2110 4806; x_wconf 81' lang='lat' dir='ltr'><strong>supra.</strong></span> <span class='ocrx_word' id='word_1_617' title='bbox 2148 4736 2465 4806; x_wconf 89' lang='lat' dir='ltr'><strong>Supplevit,</strong></span> <span class='ocrx_word' id='word_1_618' title='bbox 2501 4744 2646 4792; x_wconf 90' lang='lat' dir='ltr'><strong>utet</strong></span> <span class='ocrx_word' id='word_1_619' title='bbox 2676 4736 2777 4802; x_wconf 91' lang='lat' dir='ltr'><strong>illi,</strong></span> <span class='ocrx_word' id='word_1_620' title='bbox 2830 4750 2962 4807; x_wconf 64' lang='lat' dir='ltr'><strong>quas</strong></span> <span class='ocrx_word' id='word_1_621' title='bbox 3017 4736 3270 4799; x_wconf 89' lang='lat' dir='ltr'><strong>deerant,</strong></span> <span class='ocrx_word' id='word_1_622' title='bbox 3324 4750 3395 4790; x_wconf 88' lang='lat' dir='ltr'><strong>ex</strong></span> <span class='ocrx_word' id='word_1_623' title='bbox 3423 4749 3620 4791; x_wconf 90' lang='lat' dir='ltr'><strong>eorum</strong></span> 
     </span>
    </p>
   </div>
   <div class='ocr_carea' id='block_1_93' title="bbox 1921 4807 3614 4878">
    <p class='ocr_par' dir='ltr' id='par_1_93' title="bbox 1921 4807 3614 4878">
     <span class='ocr_line' id='line_1_95' title="bbox 1921 4807 3614 4878; baseline -0.004 -14"><span class='ocrx_word' id='word_1_624' title='bbox 1921 4810 2023 4878; x_wconf 89' lang='lat' dir='ltr'><strong>qui</strong></span> <span class='ocrx_word' id='word_1_625' title='bbox 2070 4808 2336 4863; x_wconf 88' lang='lat' dir='ltr'><strong>viderant</strong></span> <span class='ocrx_word' id='word_1_626' title='bbox 2383 4807 2700 4863; x_wconf 82' lang='lat' dir='ltr'><strong>relatione:</strong></span> <span class='ocrx_word' id='word_1_627' title='bbox 2738 4807 2832 4861; x_wconf 78' lang='lat' dir='ltr'><strong>lib.</strong></span> <span class='ocrx_word' id='word_1_628' title='bbox 2882 4824 2941 4871; x_wconf 86' lang='lat' dir='ltr'><strong>tt,</strong></span> <span class='ocrx_word' id='word_1_629' title='bbox 2981 4810 3187 4878; x_wconf 10' lang='lat' dir='ltr'><strong>cap.g3.</strong></span> <span class='ocrx_word' id='word_1_630' title='bbox 3223 4807 3319 4878; x_wconf 75' lang='lat' dir='ltr'><strong>tib.</strong></span> <span class='ocrx_word' id='word_1_631' title='bbox 3375 4822 3452 4859; x_wconf 82' lang='grc' dir='ltr'>ιιι.</span> <span class='ocrx_word' id='word_1_632' title='bbox 3495 4821 3614 4874; x_wconf 87' lang='lat' dir='ltr'><strong>cap.</strong></span> 
     </span>
    </p>
   </div>
   <div class='ocr_carea' id='block_1_94' title="bbox 1927 4876 3620 4948">
    <p class='ocr_par' dir='ltr' id='par_1_94' title="bbox 1927 4876 3620 4948">
     <span class='ocr_line' id='line_1_96' title="bbox 1927 4876 3620 4948; baseline -0.003 -13"><span class='ocrx_word' id='word_1_633' title='bbox 1927 4876 2012 4938; x_wconf 71' lang='lat'><strong>{3.</strong></span> <span class='ocrx_word' id='word_1_634' title='bbox 2047 4885 2098 4933; x_wconf 85' lang='lat' dir='ltr'><strong>et</strong></span> <span class='ocrx_word' id='word_1_635' title='bbox 2127 4879 2221 4933; x_wconf 78' lang='lat' dir='ltr'><strong>tib.</strong></span> <span class='ocrx_word' id='word_1_636' title='bbox 2257 4895 2351 4945; x_wconf 85' lang='lat' dir='ltr'><strong>vn,</strong></span> <span class='ocrx_word' id='word_1_637' title='bbox 2399 4895 2519 4948; x_wconf 86' lang='lat' dir='ltr'><strong>cap.</strong></span> <span class='ocrx_word' id='word_1_638' title='bbox 2567 4879 2656 4944; x_wconf 67' lang='grc'><strong>24,</strong></span> <span class='ocrx_word' id='word_1_639' title='bbox 2704 4883 2755 4932; x_wconf 84' lang='lat' dir='ltr'><strong>et</strong></span> <span class='ocrx_word' id='word_1_640' title='bbox 2797 4878 2922 4941; x_wconf 81' lang='lat' dir='ltr'><strong>ult.,</strong></span> <span class='ocrx_word' id='word_1_641' title='bbox 2965 4884 3062 4931; x_wconf 86' lang='lat' dir='ltr'><strong>etc.</strong></span> <span class='ocrx_word' id='word_1_642' title='bbox 3102 4876 3396 4933; x_wconf 89' lang='lat' dir='ltr'><strong>Scribendi</strong></span> <span class='ocrx_word' id='word_1_643' title='bbox 3451 4878 3620 4948; x_wconf 86' lang='lat' dir='ltr'><strong>ratio-</strong></span> 
     </span>
    </p>
   </div>
   <div class='ocr_carea' id='block_1_95' title="bbox 1924 4947 3625 5017">
    <p class='ocr_par' dir='ltr' id='par_1_95' title="bbox 1924 4947 3625 5017">
     <span class='ocr_line' id='line_1_97' title="bbox 1924 4947 3625 5017; baseline -0.003 -11"><span class='ocrx_word' id='word_1_644' title='bbox 1924 4965 2056 5007; x_wconf 90' lang='lat' dir='ltr'><strong>nem</strong></span> <span class='ocrx_word' id='word_1_645' title='bbox 2093 4950 2512 5005; x_wconf 86' lang='lat' dir='ltr'><strong>subobscuram</strong></span> <span class='ocrx_word' id='word_1_646' title='bbox 2552 4957 2786 5005; x_wconf 85' lang='lat' dir='ltr'><strong>secutus</strong></span> <span class='ocrx_word' id='word_1_647' title='bbox 2829 4956 2935 5015; x_wconf 88' lang='lat' dir='ltr'><strong>est,</strong></span> <span class='ocrx_word' id='word_1_648' title='bbox 2991 4948 3227 5004; x_wconf 88' lang='lat' dir='ltr'><strong>rudium</strong></span> <span class='ocrx_word' id='word_1_649' title='bbox 3270 4955 3325 5004; x_wconf 91' lang='lat' dir='ltr'><strong>et</strong></span> <span class='ocrx_word' id='word_1_650' title='bbox 3375 4947 3625 5017; x_wconf 90' lang='lat' dir='ltr'><strong>impolite</strong></span> 
     </span>
    </p>
   </div>
   <div class='ocr_carea' id='block_1_96' title="bbox 1924 5018 3620 5091">
    <p class='ocr_par' dir='ltr' id='par_1_96' title="bbox 1924 5018 3620 5091">
     <span class='ocr_line' id='line_1_98' title="bbox 1924 5018 3620 5091; baseline -0.005 -15"><span class='ocrx_word' id='word_1_651' title='bbox 1924 5021 2212 5077; x_wconf 89' lang='lat' dir='ltr'><strong>dictorum</strong></span> <span class='ocrx_word' id='word_1_652' title='bbox 2260 5019 2534 5091; x_wconf 83' lang='lat' dir='ltr'><strong>fugitans,</strong></span> <span class='ocrx_word' id='word_1_653' title='bbox 2588 5028 2651 5076; x_wconf 88' lang='lat' dir='ltr'><strong>ut</strong></span> <span class='ocrx_word' id='word_1_654' title='bbox 2699 5020 2819 5090; x_wconf 88' lang='lat' dir='ltr'><strong>ipse</strong></span> <span class='ocrx_word' id='word_1_655' title='bbox 2865 5018 3143 5091; x_wconf 89' lang='lat' dir='ltr'><strong>loquitur,</strong></span> <span class='ocrx_word' id='word_1_656' title='bbox 3191 5022 3371 5090; x_wconf 77' lang='lat' dir='ltr'><strong>princ.</strong></span> <span class='ocrx_word' id='word_1_657' title='bbox 3425 5020 3521 5073; x_wconf 82' lang='lat' dir='ltr'><strong>lib.</strong></span> <span class='ocrx_word' id='word_1_658' title='bbox 3569 5032 3620 5091; x_wconf 62' lang='grc' dir='ltr'>γ.</span> 
     </span>
    </p>
   </div>
   <div class='ocr_carea' id='block_1_97' title="bbox 1924 5088 3629 5218">
    <p class='ocr_par' dir='ltr' id='par_1_97' title="bbox 1924 5088 3629 5218">
     <span class='ocr_line' id='line_1_99' title="bbox 1925 5088 3629 5163; baseline -0.004 -14"><span class='ocrx_word' id='word_1_659' title='bbox 1925 5092 2232 5162; x_wconf 89' lang='lat' dir='ltr'><strong>Operosam</strong></span> <span class='ocrx_word' id='word_1_660' title='bbox 2281 5088 2591 5148; x_wconf 76' lang='lat' dir='ltr'><strong>verborum</strong></span> <span class='ocrx_word' id='word_1_661' title='bbox 2636 5088 2981 5163; x_wconf 78' lang='lat' dir='ltr'><strong>elegantiam</strong></span> <span class='ocrx_word' id='word_1_662' title='bbox 3026 5088 3211 5158; x_wconf 77' lang='lat' dir='ltr'><strong>vocat,</strong></span> <span class='ocrx_word' id='word_1_663' title='bbox 3258 5092 3365 5159; x_wconf 75' lang='lat' dir='ltr'><strong>ﬁne</strong></span> <span class='ocrx_word' id='word_1_664' title='bbox 3392 5088 3629 5160; x_wconf 72' lang='lat' dir='ltr'><strong>epistolae</strong></span> 
     </span>
     <span class='ocr_line' id='line_1_100' title="bbox 1924 5162 2375 5218; baseline -0.004 0"><span class='ocrx_word' id='word_1_665' title='bbox 1924 5165 2000 5218; x_wconf 82' lang='lat' dir='ltr'><strong>ad</strong></span> <span class='ocrx_word' id='word_1_666' title='bbox 2030 5162 2375 5218; x_wconf 82' lang='lat' dir='ltr'><strong>Lusiardum.</strong></span> 
     </span>
    </p>
   </div>
   <div class='ocr_carea' id='block_1_98' title="bbox 2074 5166 2375 5231">
    <p class='ocr_par' dir='ltr' id='par_1_98' title="bbox 2074 5166 2375 5231">
     <span class='ocr_line' id='line_1_101' title="bbox 2074 5166 2375 5231; baseline -0.003 -14"><span class='ocrx_word' id='word_1_667' title='bbox 2074 5166 2375 5231; x_wconf 80' lang='lat' dir='ltr'><strong>ysiardum.</strong></span> 
     </span>
    </p>
   </div>
   <div class='ocr_carea' id='block_1_99' title="bbox 1994 5230 3624 5302">
    <p class='ocr_par' dir='ltr' id='par_1_99' title="bbox 1994 5230 3624 5302">
     <span class='ocr_line' id='line_1_102' title="bbox 1994 5230 3624 5302; baseline -0.006 -11"><span class='ocrx_word' id='word_1_668' title='bbox 1994 5234 2181 5291; x_wconf 88' lang='lat' dir='ltr'><strong>Nobili</strong></span> <span class='ocrx_word' id='word_1_669' title='bbox 2214 5234 2334 5289; x_wconf 82' lang='lat' dir='ltr'><strong>loco</strong></span> <span class='ocrx_word' id='word_1_670' title='bbox 2375 5240 2576 5288; x_wconf 87' lang='lat' dir='ltr'><strong>natum</strong></span> <span class='ocrx_word' id='word_1_671' title='bbox 2609 5232 2740 5287; x_wconf 87' lang='lat' dir='ltr'><strong>inde</strong></span> <span class='ocrx_word' id='word_1_672' title='bbox 2768 5237 3027 5302; x_wconf 84' lang='lat' dir='ltr'><strong>apparet,</strong></span> <span class='ocrx_word' id='word_1_673' title='bbox 3074 5231 3231 5302; x_wconf 88' lang='lat' dir='ltr'><strong>quod</strong></span> <span class='ocrx_word' id='word_1_674' title='bbox 3258 5230 3370 5302; x_wconf 68' lang='lat' dir='ltr'><strong>lib.</strong></span> <span class='ocrx_word' id='word_1_675' title='bbox 3393 5244 3469 5302; x_wconf 79' lang='lat' dir='ltr'><strong>tv,</strong></span> <span class='ocrx_word' id='word_1_676' title='bbox 3502 5244 3624 5302; x_wconf 86' lang='lat' dir='ltr'><strong>cap.</strong></span> 
     </span>
    </p>
   </div>
   <div class='ocr_carea' id='block_1_100' title="bbox 1926 5300 3624 5380">
    <p class='ocr_par' dir='ltr' id='par_1_100' title="bbox 1926 5300 3624 5380">
     <span class='ocr_line' id='line_1_103' title="bbox 1926 5300 3624 5380; baseline -0.002 -22"><span class='ocrx_word' id='word_1_677' title='bbox 1926 5306 2051 5380; x_wconf 86' lang='lat' dir='ltr'><strong>u_lt.,</strong></span> <span class='ocrx_word' id='word_1_678' title='bbox 2086 5304 2374 5361; x_wconf 83' lang='lat' dir='ltr'><strong>hominem</strong></span> <span class='ocrx_word' id='word_1_679' title='bbox 2407 5311 2608 5359; x_wconf 91' lang='lat' dir='ltr'><strong>narrat</strong></span> <span class='ocrx_word' id='word_1_680' title='bbox 2654 5300 3292 5380; x_wconf 35' lang='lat' dir='ltr'><strong>militaremhequestri</strong></span> <span class='ocrx_word' id='word_1_681' title='bbox 3314 5300 3502 5380; x_wconf 68' lang='lat' dir='ltr'><strong>officio</strong></span> <span class='ocrx_word' id='word_1_682' title='bbox 3537 5300 3624 5354; x_wconf 93' lang='lat' dir='ltr'><strong>iu-</strong></span> 
     </span>
    </p>
   </div>
   <div class='ocr_carea' id='block_1_101' title="bbox 1927 5372 3630 5450">
    <p class='ocr_par' dir='ltr' id='par_1_101' title="bbox 1927 5372 3630 5450">
     <span class='ocr_line' id='line_1_104' title="bbox 1927 5372 3630 5450; baseline -0.003 -20"><span class='ocrx_word' id='word_1_683' title='bbox 1927 5376 2173 5450; x_wconf 81' lang='lat' dir='ltr'><strong>siguem,</strong></span> <span class='ocrx_word' id='word_1_684' title='bbox 2207 5383 2512 5450; x_wconf 83' lang='lat' dir='ltr'><strong>parentum</strong></span> <span class='ocrx_word' id='word_1_685' title='bbox 2544 5387 2798 5450; x_wconf 65' lang='lat' dir='ltr'><strong>suorum</strong></span> <span class='ocrx_word' id='word_1_686' title='bbox 2829 5373 3105 5431; x_wconf 87' lang='lat' dir='ltr'><strong>beneficia</strong></span> <span class='ocrx_word' id='word_1_687' title='bbox 3131 5372 3407 5450; x_wconf 63' lang='lat' dir='ltr'><strong>tenuisse,</strong></span> <span class='ocrx_word' id='word_1_688' title='bbox 3435 5372 3630 5450; x_wconf 67' lang='lat' dir='ltr'><strong>iisque</strong></span> 
     </span>
    </p>
   </div>
   <div class='ocr_carea' id='block_1_102' title="bbox 1927 5440 3631 5512">
    <p class='ocr_par' dir='ltr' id='par_1_102' title="bbox 1927 5440 3631 5512">
     <span class='ocr_line' id='line_1_105' title="bbox 1927 5440 3631 5512; baseline -0.004 -11"><span class='ocrx_word' id='word_1_689' title='bbox 1927 5440 2252 5501; x_wconf 73' lang='lat' dir='ltr'><strong>hominium</strong></span> <span class='ocrx_word' id='word_1_690' title='bbox 2302 5445 2584 5501; x_wconf 89' lang='lat' dir='ltr'><strong>debuisse.</strong></span> <span class='ocrx_word' id='word_1_691' title='bbox 2616 5444 2688 5500; x_wconf 85' lang='lat' dir='ltr'><strong>Et</strong></span> <span class='ocrx_word' id='word_1_692' title='bbox 2734 5445 2829 5499; x_wconf 82' lang='lat' dir='ltr'><strong>lib.</strong></span> <span class='ocrx_word' id='word_1_693' title='bbox 2862 5459 2918 5509; x_wconf 88' lang='lat' dir='ltr'><strong>v,</strong></span> <span class='ocrx_word' id='word_1_694' title='bbox 2950 5459 3072 5512; x_wconf 84' lang='lat' dir='ltr'><strong>cap.</strong></span> <span class='ocrx_word' id='word_1_695' title='bbox 3120 5443 3211 5511; x_wconf 83' lang='grc'><strong>15,</strong></span> <span class='ocrx_word' id='word_1_696' title='bbox 3244 5440 3532 5512; x_wconf 88' lang='lat' dir='ltr'><strong>Guillelmi</strong></span> <span class='ocrx_word' id='word_1_697' title='bbox 3576 5446 3631 5495; x_wconf 93' lang='lat' dir='ltr'><strong>et</strong></span> 
     </span>
    </p>
   </div>
   <div class='ocr_carea' id='block_1_103' title="bbox 1926 5510 3631 5585">
    <p class='ocr_par' dir='ltr' id='par_1_103' title="bbox 1926 5510 3631 5585">
     <span class='ocr_line' id='line_1_106' title="bbox 1926 5510 3631 5585; baseline -0.004 -14"><span class='ocrx_word' id='word_1_698' title='bbox 1926 5515 2169 5572; x_wconf 77' lang='lat' dir='ltr'><strong>Alberici</strong></span> <span class='ocrx_word' id='word_1_699' title='bbox 2212 5516 2455 5571; x_wconf 90' lang='lat' dir='ltr'><strong>fratrum</strong></span> <span class='ocrx_word' id='word_1_700' title='bbox 2481 5529 2553 5571; x_wconf 81' lang='lat' dir='ltr'><strong>ex</strong></span> <span class='ocrx_word' id='word_1_701' title='bbox 2605 5516 2921 5585; x_wconf 91' lang='lat' dir='ltr'><strong>municipio</strong></span> <span class='ocrx_word' id='word_1_702' title='bbox 2969 5510 3254 5584; x_wconf 80' lang='lat' dir='ltr'><strong>agnomen</strong></span> <span class='ocrx_word' id='word_1_703' title='bbox 3302 5510 3631 5585; x_wconf 81' lang='lat' dir='ltr'><strong>exprimere</strong></span> 
     </span>
    </p>
   </div>
   <div class='ocr_carea' id='block_1_104' title="bbox 1927 5583 3629 5661">
    <p class='ocr_par' dir='ltr' id='par_1_104' title="bbox 1927 5583 3629 5661">
     <span class='ocr_line' id='line_1_107' title="bbox 1927 5583 3629 5661; baseline -0.004 -19"><span class='ocrx_word' id='word_1_704' title='bbox 1927 5587 2267 5661; x_wconf 75' lang='lat' dir='ltr'><strong>prohibetur</strong></span> <span class='ocrx_word' id='word_1_705' title='bbox 2316 5586 2517 5657; x_wconf 89' lang='lat' dir='ltr'><strong>pudori</strong></span> <span class='ocrx_word' id='word_1_706' title='bbox 2555 5583 3157 5661; x_wconf 44' lang='lat' dir='ltr'><strong>ipsorum—parcensL</strong></span> <span class='ocrx_word' id='word_1_707' title='bbox 3175 5583 3401 5661; x_wconf 79' lang='lat' dir='ltr'><strong>generis</strong></span> <span class='ocrx_word' id='word_1_708' title='bbox 3427 5594 3629 5661; x_wconf 81' lang='lat' dir='ltr'><strong>eorum</strong></span> 
     </span>
    </p>
   </div>
   <div class='ocr_carea' id='block_1_105' title="bbox 1926 5653 3632 5727">
    <p class='ocr_par' dir='ltr' id='par_1_105' title="bbox 1926 5653 3632 5727">
     <span class='ocr_line' id='line_1_108' title="bbox 1926 5653 3632 5727; baseline -0.006 -14"><span class='ocrx_word' id='word_1_709' title='bbox 1926 5653 2112 5714; x_wconf 81' lang='lat' dir='ltr'><strong>amica</strong></span> <span class='ocrx_word' id='word_1_710' title='bbox 2146 5658 2237 5714; x_wconf 91' lang='lat' dir='ltr'><strong>ille</strong></span> <span class='ocrx_word' id='word_1_711' title='bbox 2264 5653 2764 5727; x_wconf 73' lang='lat' dir='ltr'><strong>consanguinitate</strong></span> <span class='ocrx_word' id='word_1_712' title='bbox 2800 5653 3082 5727; x_wconf 72' lang='lat' dir='ltr'><strong>devictus.</strong></span> <span class='ocrx_word' id='word_1_713' title='bbox 3118 5653 3632 5727; x_wconf 74' lang='lat' dir='ltr'><strong>EXprimit__a_utem</strong></span> 
     </span>
    </p>
   </div>
   <div class='ocr_carea' id='block_1_106' title="bbox 1926 5721 3635 5800">
    <p class='ocr_par' dir='ltr' id='par_1_106' title="bbox 1926 5721 3635 5800">
     <span class='ocr_line' id='line_1_109' title="bbox 1926 5721 3635 5800; baseline -0.008 -15"><span class='ocrx_word' id='word_1_714' title='bbox 1926 5729 2081 5800; x_wconf 87' lang='lat' dir='ltr'><strong>quod</strong></span> <span class='ocrx_word' id='word_1_715' title='bbox 2115 5729 2207 5785; x_wconf 88' lang='lat' dir='ltr'><strong>ille</strong></span> <span class='ocrx_word' id='word_1_716' title='bbox 2238 5721 2545 5798; x_wconf 63' lang='lat' dir='ltr'><strong>supprimit</strong></span> <span class='ocrx_word' id='word_1_717' title='bbox 2573 5721 2803 5783; x_wconf 83' lang='lat' dir='ltr'><strong>nomen</strong></span> <span class='ocrx_word' id='word_1_718' title='bbox 2848 5726 3166 5791; x_wconf 87' lang='lat' dir='ltr'><strong>Baldricus,</strong></span> <span class='ocrx_word' id='word_1_719' title='bbox 3196 5721 3252 5781; x_wconf 82' lang='lat' dir='ltr'><strong>et</strong></span> <span class='ocrx_word' id='word_1_720' title='bbox 3288 5721 3635 5780; x_wconf 80' lang='lat' dir='ltr'><strong>Guilletmum</strong></span> 
     </span>
    </p>
   </div>
  </div>
