3966 6422
316 395 380 448 19
1220 393 1281 447 ν.
1323 391 1655 448 θυιιιΕιιτι
1693 389 1988 448 ABBA'HS
2025 395 2033 447 ἓ

2195 391 2361 448 lllUE
2401 391 2491 446 DE
2530 385 2922 445 NOVIGENTO

3776 387 3854 436 20.

314 529 382 585 de
425 529 851 586 Grantemaisnil
897 528 1194 600 nominat;
1239 544 1370 599 pag.
1416 528 1542 596 114,
1572 527 1663 598 28,
1722 530 1844 586 Non
1871 530 2012 584 enim
2042 532 2086 586 Α
2122 527 2582 586 Christianorum
2627 522 2949 581 Occidentis
2989 521 3337 594 principum,
3398 534 3500 593 per
3523 517 3844 592 epistolam

315 673 518 724 eorum,
569 657 778 727 inquit,
834 672 1057 726 parcere
1106 656 1354 711 debemus
1410 658 1672 722 infamia,
1731 658 1828 726 qui
1875 671 2002 723 suae,

314 731 481 782 nimis
553 724 912 794 formidolosi,
975 743 1082 782 non
1147 732 1497 796 pepercerunt
1555 724 1756 794 famae.‘
1799 727 2008 782 Graecis
2113 726 2253 782 driae
2286 724 2570 796 comitem,
2617 724 2826 796 petito;

2116 810 2258 852 num
2289 795 2576 866 praecessit
2602 792 2690 848 {et
2722 794 2954 851 deducit
2975 793 3046 849 ad
3074 792 3337 849 Balduini
3369 793 3390 849 ι
3421 807 3703 864 regnum,
3729 799 3842 848 etc.

317 799 488 855 etiam
512 806 683 854 notus
705 840 718 854 .
744 800 926 854 Annae
955 798 1276 862 Comnenaa,
1302 798 1595 863 Alexiade,
1628 807 1713 854 est
1749 797 2008 869 γελεςλμος

319 871 719 942 copam-ruma.
752 869 960 942 Tyrius
989 870 1084 942 tib.
1136 884 1212 934 vt,
1245 885 1365 938 cap.
1398 869 1451 942 ᾗ.
1488 869 2008 942 Viruminclytum

319 939 477 1004 dicit,
533 940 602 995 de
654 940 882 1008 Apulia,
933 939 1035 1009 qui
1097 953 1345 994 sororem
1407 939 1718 994 Boemundi
1768 940 2012 995 habebat

322 1025 586 1066 uxorem.
629 1010 825 1066 Gallici
872 1009 1208 1079 interpretes
1258 1011 1518 1080 plenius:
1552 1015 1806 1076 Magnam
1833 1013 2012 1064 virum

321 1084 381 1135 in
403 1083 738 1137 Normannia
783 1087 992 1146 natum,
1021 1084 1116 1149 qui
1154 1083 1213 1134 in
1252 1082 1456 1148 Apulia
1506 1083 1674 1134 multa
1721 1083 1836 1134 loca
1864 1088 2014 1134 tene-

325 1153 435 1206 bat.
467 1152 544 1207 De
583 1152 796 1222 quibus
827 1152 996 1220 plura
1035 1152 1091 1206 in
1125 1151 1421 1210 indicibus,
1455 1151 1500 1205 si
1540 1151 1836 1208 absolvere
1868 1153 2016 1206 Deus

325 1222 560 1278 dederit.
601 1221 882 1278 Fulcherii
927 1223 1256 1277 Carnotens.
1308 1221 1600 1277 historiam
1651 1237 1763 1277 non
1813 1222 2014 1278 lectam

325 1307 397 1347 ex
430 1292 633 1348 auditu
664 1294 864 1361 carpit.
911 1292 1006 1346 lib.
1041 1293 1137 1346 ult.
1183 1308 1303 1361 cap.
1352 1293 1442 1358 29,
1478 1292 1566 1358 30,
1609 1293 1697 1352 31.
1731 1295 1801 1347 38
1839 1299 1888 1346 et
1925 1293 2012 1347 39.

328 1363 467 1419 Fine
486 1363 672 1431 operis
699 1370 940 1418 excusat
984 1362 1029 1416 si
1059 1362 1199 1429 quid
1231 1363 1425 1418 minus
1463 1377 1497 1418 a
1533 1378 1590 1418 se
1615 1363 1918 1431 diligenter
1947 1363 2018 1418 sit

327 1433 698 1502 explicatum,
742 1433 896 1502 quod
941 1440 996 1488 et
1037 1433 1150 1488 alia
1199 1434 1542 1502 professione
1579 1433 1921 1499 detineatur,
1965 1441 2021 1488 et

328 1519 441 1560 non
500 1503 624 1558 visa
677 1503 934 1559 timidius
975 1502 1360 1573 descripserit.
1426 1503 1530 1558 Sed
1578 1503 1695 1559 alia
1731 1504 2022 1573 scripsisse

328 1576 569 1630 testatur
599 1575 716 1644 ipse
758 1577 918 1628 initio
959 1575 1052 1628 lib.
1102 1589 1154 1638 v,
1187 1582 1241 1628 et
1285 1574 1522 1643 epistola
1551 1574 1621 1628 ad
1677 1575 2018 1630 Lisiardum.

328 1647 708 1714 Expositiones
751 1646 1029 1712 Geneseos,
1081 1649 1131 1698 et
1193 1646 1308 1698 alia
1371 1647 1630 1714 opuscula
1699 1647 2026 1702 tractatorio

329 1718 751 1772 commemorat.

400 1785 658 1856 Titulum
707 1797 880 1856 quem
927 1783 1087 1856 operi
1146 1798 1250 1840 suo
1287 1783 1597 1840 Guibertus
1641 1792 1847 1856 caetera
1894 1798 2026 1841 vere

333 1854 742 1921 Scholasticus,
821 1869 928 1910 nos
992 1854 1128 1910 huic
1201 1855 1528 1912 Collectioni
1609 1855 2022 1925 imposuimus:

334 1927 496 1982 Gesta
543 1929 638 1980 Dei
687 1942 787 1995 per
849 1927 1118 1990 Francos;
1170 1940 1286 1995 quo
1333 1925 1647 1995 excogitari
1694 1927 1874 1993 aliud,
1924 1942 2028 1982 nec
2061 1940 2101 1995 Β

335 1997 528 2066 aptius
576 2003 774 2066 potest,
828 2010 935 2052 nec
981 1996 1306 2066 verius.rUt
1345 1997 1524 2052 Deum
1579 1996 1637 2052 in
1687 1999 1844 2053 CtBIlS
1881 1997 2028 2054 dici-

335 2065 485 2133 mus,
525 2065 639 2123 nbn
677 2066 832 2137 quod
881 2081 998 2122 non
1045 2075 1101 2122 et
1156 2065 1312 2138 alibi,
1368 2068 1468 2138 qui
1496 2067 1768 2138 rubique;
1800 2069 1877 2124 ita
1909 2067 2032 2124 haec

319 2140 499 2205 .Gesta
527 2140 624 2192 Dei
649 2151 943 2202 vocamus,
977 2151 1094 2192 non
1125 2137 1278 2207 quod
1311 2137 1425 2193 non
1456 2137 1569 2193 alia
1594 2137 1808 2206 omnia,
1839 2139 2029 2194 maxi-

338 2221 451 2278 ma,
507 2207 764 2275 minima,
815 2215 1093 2278 moveat,
1129 2215 1291 2278 regat
1348 2215 1402 2264 et
1452 2209 1777 2264 modetetur
1842 2209 2026 2264 Deus:

338 2277 445 2358 sed
477 2279 632 2358 quod
662 2278 752 2333 his
771 2285 888 2334 tam
917 2277 1250 2358 manifestus
1271 2278 1400 2358 ‘hac
1428 2292 1676 2358 praesens
1705 2279 2032 2336 interfuisse

338 2348 623 2414 videatur,
658 2363 837 2419 quam
868 2348 1074 2404 caelum
1108 2363 1175 2404 ac
1203 2349 1390 2404 sidera
1432 2348 1656 2417 insidet,
1683 2358 1790 2405 etc.

411 2421 514 2475 Per
541 2419 782 2475 Francos
824 2427 1018 2476 autem
1066 2427 1223 2490 gesta
1274 2419 1539 2484 dicimus,
1589 2421 1862 2490 quoniam
1897 2435 2029 2477 cum

341 2488 405 2562 in
420 2502 610 2562 regno
638 2490 990 2562 Francorum
1021 2488 1251 2562 captum
1280 2488 1658 2562 expeditionis
1688 2491 1864 2562 hujus
1893 2505 2033 2548 eon-

341 2558 568 2630 silium;
623 2567 679 2615 et
742 2558 1502 2630 principum'militumque
1563 2561 1726 2630 longe
1768 2558 2036 2618 maxima

347 2643 536 2702 parsa
587 2644 764 2702 regno
817 2631 1170 2702 Francorum
1220 2633 1367 2699 isset,
1419 2633 1774 2689 Francorum
1822 2633 1902 2690 ita
1929 2647 2034 2690 seu

341 2700 529 2757 virtus
553 2700 964 2758 seu'numerus
993 2701 1284 2768 excelluit,
1311 2710 1418 2758 etc.

407 2769 515 2843 Sed
563 2770 876 2843 Guibertus
923 2773 1230 2828 Historiam
1282 2773 1532 2843 incipita
1569 2772 1928 2830 successibus
1974 2773 2034 2828 in

336 2841 564 2898 Oriente
623 2842 858 2899 orientis
921 2843 1310 2900 Mahometicae
1376 2841 1649 2915 perfidiae,
1711 2851 1766 2902 et
1813 2844 2034 2901 auxilio

2087 652 2728 723 ~Constantinopolitani
2775 651 3140 722 imperatoris
3183 651 3258 723 ad
3299 651 3614 723 Robertum
3656 649 3845 706 Flau-

2859 723 3016 792 quod
3059 722 3369 778 concilium
3419 722 3846 779 Claromonta-

2259 893 2538 950 Aubertus
2566 895 2788 948 Mtt'wus
2818 895 2874 1017 illi
2915 892 3178 946 Aacturio
3209 890 3275 946 de
3300 891 3686 960 Scriptor-ibus

2757 980 2840 1017 ecc
2866 965 3160 1017 esiasticis.

2757 965 3160 1018 ecclesiasticis.

2190 1061 2501 1118 Guibertus
2546 1060 2725 1116 abbas
2772 1059 3103 1115 monasterii
3152 1058 3214 1112 Β.
3267 1055 3461 1112 Maria;
3498 1054 3846 1124 Novigenti.

2122 1133 2277 1202 quod
2308 1133 2480 1188 situm
2511 1139 2594 1186 est
2623 1145 2798 1201 prope
2827 1138 3081 1202 castrum
3108 1129 3474 1202 Codiciacum
3507 1141 3612 1182 seu
3643 1126 3850 1202 Coeia-

2122 1197 2254 1258 cum
2289 1203 2344 1257 in
2376 1217 2519 1272 pago
2553 1197 2960 1272 La'udtinensi;
2999 1199 3145 1256 vixit
3178 1198 3273 1255 illa
3318 1199 3443 1268 ipsa
3466 1207 3635 1272 aetate
3662 1197 3848 1267 cujus

2123 1269 2390 1330 historia!
2421 1269 2635 1342 partem
2680 1271 2998 1341 descripsit,
3059 1278 3166 1325 etc.
3219 1272 3403 1334 Refert
3458 1269 3652 1324 eadem
3719 1283 3849 1338 quae

2124 1347 2461 1412 Bongarsius
2493 1343 2587 1397 ubi
2611 1360 2802 1413 supra,
2833 1343 2927 1397 sed
2953 1343 3304 1396 contractius.

2123 1442 2361 1496 Joannis
2393 1440 2460 1494 de
2508 1441 2734 1510 Launoy
2764 1439 3000 1493 doctoris
3040 1439 3370 1493 Parisiensis
3413 1439 3648 1503 notatio,
3679 1437 3849 1491 libris

2201 1512 2450 1568 Guiberti
2504 1511 2572 1565 de
2616 1511 2937 1580 pignoribus
2986 1515 3312 1573 sanctorum,
3373 1511 3470 1578 qui
3525 1524 3701 1561 manu
3747 1525 3850 1562 ea:-

2200 1586 2349 1636 arati
2380 1586 2438 1636 in
2467 1581 2796 1636 Bibliotheca
2824 1583 2993 1647 Regia
3033 1585 3403 1646 asservantur,
3438 1582 3698 1648 praeﬁxa.

2200 1671 2512 1726 Guibertus
2561 1669 2742 1724 abbas
2793 1669 2861 1724 de
2906 1669 3244 1740 Novigeuto,
3295 1683 3425 1737 pag.
3470 1665 3596 1724 129.
3637 1665 3852 1740 Nomi-

2134 1749 2313 1798 natse
2344 1741 2438 1796 Dei
2486 1740 2786 1796 Genitricis
2833 1738 3162 1796 ministrum
3203 1752 3270 1794 ac
3310 1752 3582 1807 servum;
3615 1753 3760 1805 pag.
3793 1738 3851 1792 1.

2133 1812 2348 1881 Begere
2370 1811 2538 1880 coepit
2573 1825 2726 1866 anno
2754 1811 2919 1880 1104,
2949 1825 3066 1880 quo
3113 1809 3374 1865 decessor
3426 1809 3553 1878 ejus
3580 1808 3853 1864 Godefri-

2137 1883 2248 1938 dus
2318 1882 2377 1937 in
2427 1881 2869 1937 Ambianensem
2933 1883 3259 1950 episcopum
3309 1889 3682 1936 consecratus
3741 1888 3849 1945 est,

2135 1970 2270 2024 pug.
2328 1952 2417 2006 29.
2452 1952 2724 2024 Equalis
2774 1951 3078 2024 Radulpho
3126 1951 3386 2006 Remensi
3433 1958 3487 2006 et
3535 1950 3856 2024 Bartholof

2139 2021 2282 2080 ιιιωο
2311 2021 2680 2079 Laudunensi
2706 2021 3006 2091 episcopis,
3057 2036 3203 2092 quos
3249 2027 3471 2092 constat
3502 2021 3751 2077 aliunde
3779 2021 3855 2077 ad

2137 2093 2530 2150 ecclesiasticae
2563 2094 2860 2164 dignitatis
2889 2091 3104 2163 apicem
3127 2091 3520 2164 conscendisse
3545 2106 3638 2164 an.
3658 2092 3851 2164 31114.

2141 2165 2435 2235 Significat
2480 2179 2539 2221 se
2594 2161 2846 2235 scribere
2888 2161 3176 2220 Ludovico
3230 2163 3326 2235 Y1.
3379 2161 3682 2235 Pbilippil
3733 2163 3855 2219 tilio

2140 2233 2290 2307 rege,
2325 2237 2424 2307 qui
2446 2248 2543 2290 an.
2576 2235 2718 2290 1138
2751 2234 2986 2290 Kalend.
3029 2237 3179 2305 Aug.
3225 2233 3479 2289 decessit.

2141 2332 2416 2390 Gcrardus
2444 2333 2600 2386 Joan.
2661 2333 2882 2388 Vossius
2931 2333 3002 2386 De
3048 2332 3322 2386 historicis
3351 2331 3586 2398 Latinis,
3631 2329 3736 2386 lib.
3765 2346 3855 2399 ιιι,

2836 2417 2942 2473 pag
2956 2441 2968 2455 .
3002 2404 3127 2456 705.

2214 2491 2544 2558 Guibertus,
2591 2491 2798 2547 nobilis
2862 2490 3084 2557 Gallus,
3151 2489 3331 2545 abbas
3387 2489 3730 2546 monasterii
3787 2490 3852 2545 Β.

2144 2562 2338 2618 Mariae
2377 2561 2700 2632 Novigenti,
2758 2562 2914 2632 quod
2982 2561 3041 2618 in
3094 2560 3464 2632 Laudunensi
3513 2575 3705 2632 pago“
3738 2562 3856 2616 sub

2143 2633 2422 2690 Couciaco
2477 2630 2653 2689 situm
2703 2630 2806 2696 est,
2858 2647 2953 2688 an.
3001 2631 3146 2688 1110
3195 2631 3426 2696 claruit,
3486 2644 3555 2686 ac
3607 2630 3859 2702 reliquit

2145 2718 2289 2773 opus
2337 2704 2493 2774 quod
2548 2703 2836 2774 inscripsit
2900 2706 3069 2757 Gesta
3117 2705 3215 2758 Dei
3269 2717 3373 2774 per
3422 2704 3682 2774 Francos,
3737 2710 3856 2758 etc.

2147 2772 2426 2830 Praeterea
2476 2782 2667 2830 antem
2698 2773 2779 2830 ait
2820 2772 3284 2829 commentatum
3320 2788 3380 2828 se
3408 2787 3530 2828 esse
3569 2772 3628 2828 in
3657 2773 3862 2831 Gene-

2145 2845 2274 2914 sim,
2301 2845 2396 2901 sed
2423 2844 2765 2916 simpliciore
2793 2858 2971 2916 quam
3002 2844 3094 2900 hic
3134 2851 3334 2900 utatur
3360 2843 3528 2914 style,
3555 2850 3666 2899 etc.

1935 3016 2301 3026 —_————

1553 3140 1874 3243 VEN.
1949 3139 2631 3246 GUIBERTI

581 3330 638 3382 S.
681 3327 1034 3384 GEREMARI
1073 3326 1567 3383 FLAVIACENSIS
1605 3327 1935 3394 MONACHI,
1975 3328 2147 3382 POST
2183 3328 2471 3382 ABBATIS
2511 3329 2748 3383 REATE
2787 3329 3024 3383 MARIAZ
3061 3330 3151 3384 DE
3189 3329 3604 3396 NOVIGENTO,

895 3501 1095 3609 AD.
1177 3499 2319 3610 COMMENTARIUS
2408 3502 2557 3610 IN
2657 3502 3296 3614 GENESIM

1714 3711 2478 3802 PROCEMIUM.

425 4047 463 4096 ι
500 4041 652 4098 Patri
702 4048 758 4099 et
801 4042 1032 4098 domino
1077 4049 1289 4098 sancta:
1339 4043 1734 4100 Laudunensis
1782 4044 2042 4101 Ecclesiae
2074 4026 2116 4082 ο
2155 4049 2221 4100 ut
2280 4043 2470 4114 plures
2521 4056 2687 4099 veros
2733 4043 2854 4100 suis
2902 4043 3177 4114 probetur
3238 4044 3598 4104 documentis
3657 4048 3868 4108 fecisse

348 4129 610 4199 episcopo
676 4130 1126 4197 an'ruonouaso,
1175 4129 1489 4186 GUIBBRTUS
1563 4130 1619 4187 id
1697 4131 1816 4188 fieri
1888 4133 2045 4204 quod

349 4214 654 4285 praetendit
684 4214 742 4270 in
771 4215 1023 4272 nomine.

424 4303 573 4358 Dum
618 4303 788 4374 cujus
834 4302 1052 4360 nomini
1095 4318 1346 4374 praesens
1385 4304 1728 4374 opusculum
1781 4305 2044 4364 dedicare

348 4391 604 4457 debeam,
639 4405 1113 4462 quaquaversum
1162 4393 1464 4450 considero
1503 4408 1794 4464 nusquam
1842 4409 2048 4452 conve-

350 4479 606 4535 nientius
636 4494 812 4550 quam
861 4481 961 4536 tibi
993 4481 1243 4551 coaptari
1275 4496 1438 4552 posse
1464 4482 1725 4554 conjicio.
1756 4483 1861 4540 Cui
1889 4483 2042 4540 enim

349 4581 535 4638 genus
597 4581 670 4624 ex
717 4567 1048 4624 omnimoda
1111 4575 1329 4626 constat
1384 4577 1683 4634 vetustate,
1741 4586 1855 4628 non
1923 4572 2046 4628 sine

347 4655 705 4728 sanguinnm
759 4657 1050 4728 regiorum
1097 4656 1470 4729 contiguitate
1509 4657 1908 4728 clarissimum,
1949 4659 2044 4717 cui

350 4757 558 4800 nomen
600 4743 816 4815 ubique
843 4744 947 4802 loci
975 4759 1048 4801 ex
1080 4745 1338 4817 ingenita
1383 4746 1741 4818 dignoscitur
1787 4747 2044 4804 liberali-

348 4840 482 4900 tate,
533 4831 627 4888 cui
671 4847 806 4889 cum
861 4833 1136 4904 pontificii
1185 4842 1540 4891 sacramento
1605 4835 1847 4907 gloriam
1901 4837 2046 4893 Deus

349 4919 641 4991 purissimi
689 4922 930 4978 contulit
961 4921 1281 4989 caelibatus,
1313 4929 1367 4979 et
1408 4937 1522 4979 non
1568 4924 1692 4980 sine
1723 4923 2046 4980 humilitate

348 5007 638 5079 profunda
677 5009 916 5078 copiosae
963 5009 1284 5066 devotionis
1329 5011 1686 5079 instinctum,
1737 5011 1818 5068 illi
1875 5011 2045 5082 plane

348 5097 441 5152 cui
497 5110 598 5166 pro
653 5104 811 5152 tanta
863 5097 954 5154 sui
1014 5097 1397 5156 familiaritate
1461 5099 1686 5158 indulta
1730 5114 1820 5156 me
1867 5098 2046 5156 fateor

335 5198 586 5256 prorsus
618 5183 954 5254 obnoxium,
999 5186 1222 5244 decrevi
1274 5201 1582 5258 apponere,
1627 5187 1674 5243 si
1704 5187 1846 5259 quid
1873 5202 2042 5244 exer-

337 5281 474 5329 ‘cere
546 5281 785 5344 potuero
833 5273 1096 5346 dignum,
1161 5282 1227 5332 ut
1271 5290 1343 5332 ex
1393 5277 1522 5348 ejus
1568 5275 2041 5352 magnanimitate

345 5359 701 5432 praemineat,
735 5361 887 5432 quod
916 5377 989 5418 ex
1031 5377 1155 5420 mea
1199 5363 1426 5435 aliquos
1467 5363 1810 5421 lentitudine
1847 5363 2040 5422 minus

337 5450 528 5521 juvat.
561 5449 770 5506 Indidit
801 5457 961 5507 tanto
990 5451 1140 5508 Deus
1159 5452 1335 5522 capiti
1367 5452 1514 5508 duos
1532 5451 1728 5509 oculos
1756 5453 2041 5510 sideribus

342 5535 632 5604 clariores,
689 5538 826 5594 dum
875 5552 909 5594 a
947 5539 1167 5596 dextris
1215 5539 1392 5595 habes
1454 5539 1809 5608 Anselmum,
1861 5539 2036 5598 totius

344 5623 530 5679 Latini
561 5624 714 5682 orbis
746 5626 1074 5698 magisterio
1113 5626 1508 5697 praedicatum,
1546 5627 1714 5698 cujus
1762 5636 1879 5684 tam
1910 5629 2036 5684 sin-

339 5707 482 5767 cera
499 5721 578 5769 est
609 5713 666 5768 in
695 5713 1124 5784 Scripturarum
1151 5722 1229 5770 ac'
1251 5713 1375 5768 fidei
1401 5715 1712 5771 assertione
1737 5716 2030 5784 severitas,

2150 4131 2486 4200 Catholicos,
2567 4145 2746 4202 quam
2832 4131 3146 4189 instituisse
3239 4135 3491 4204 potuerit
3571 4150 3867 4196 erroneus

2152 4219 2442 4290 quispiam
2510 4220 2778 4289 temporis
2843 4220 3021 4290 hujus
3089 4220 3435 4277 haereticos:
3506 4222 3866 4284 altrinsecus

2152 4307 2544 4378 Badulphum,
2594 4307 2763 4378 cujus
2794 4307 3009 4379 ingenii
3059 4321 3128 4364 ac
3163 4310 3440 4367 doctrinae
3469 4311 3673 4368 sicuta
3703 4327 3860 4382 prte-

2150 4395 2264 4452 fato
2292 4394 2469 4452 fratre
2507 4410 2622 4452 non
2672 4395 3012 4466 discrepavit
3060 4397 3346 4466 alacritas,
3389 4400 3467 4456 ita
3497 4400 3671 4456 totius
3710 4416 3864 4462 eum

2151 4484 2315 4540 bona;
2367 4483 2722 4540 babitudinis
2766 4484 3078 4542 aemulatur
3124 4487 3407 4543 honestas.
3457 4487 3513 4544 Si
3545 4488 3722 4560 igitur
3757 4491 3864 4548 in-

2149 4571 2324 4643 digno
2390 4571 2698 4643 dignanter
2777 4579 2968 4629 actore
3037 4581 3240 4630 auctor
3321 4591 3401 4644 es,
3467 4574 3571 4632 hos
3647 4591 3864 4646 precor

2150 4667 2273 4730 post
2304 4667 2356 4716 te
2395 4660 2749 4730 potissimum
2801 4661 3022 4717 schedaa
3072 4661 3248 4732 hujus
3299 4661 3568 4720 instituas
3631 4663 3856 4736 despe-

2149 4757 2352 4816 ctores,
2385 4761 2636 4818 quorum
2661 4748 2896 4819 judiciis
2937 4757 3097 4806 tanto
3130 4749 3324 4806 animo
3369 4751 3656 4809 securiore
3698 4754 3861 4810 sub-

2149 4835 2353 4903 sidam,
2386 4844 2605 4907 quanto
2628 4851 2722 4894 eos
2767 4838 3020 4908 comperi
3060 4846 3280 4908 partem
3327 4840 3758 4898 claudicaturos
3791 4844 3863 4902 in

2151 4933 2437 4981 neutram.

2223 5013 2403 5069 Fuere
2433 5012 2534 5084 qui
2577 5013 2890 5084 objecerint
2919 5029 3103 5085 quare
3134 5015 3476 5072 adlitteram
3519 5017 3859 5077 Exameron

2151 5100 2318 5169 facta,
2351 5101 2555 5157 librive
2583 5102 2884 5172 sequentia
2927 5103 3115 5173 primo
3155 5118 3271 5160 non
3317 5104 3599 5171 dixerim;
3632 5106 3859 5174 quibus

2150 5196 2296 5246 esset
2324 5188 2736 5246 attendendum
2773 5191 2914 5260 quia
2943 5191 3108 5247 beato
3134 5192 3462 5262 Augustino
3491 5199 3593 5248 aut
3617 5193 3858 5252 dissona

2150 5285 2251 5334 aut
2280 5277 2443 5348 paria
2497 5284 2686 5334 texere
2738 5277 2926 5334 insani
2970 5279 3172 5350 capitis
3217 5288 3414 5336 notam
3463 5295 3667 5338 verens
3711 5282 3856 5352 jure

2151 5365 2590 5436 supersederim.
2619 5367 2691 5422 Et
2724 5367 3012 5438 quomodo
3053 5382 3393 5439 assequerer
3441 5376 3615 5426 tantae
3662 5371 3855 5442 maje-

2148 5453 2310 5510 statis
2339 5453 2654 5524 historiam,
2685 5467 2818 5511 cum
2850 5454 3096 5512 doctoris
3120 5456 3375 5526 prmdicti
3407 5472 3538 5528 qua
3571 5457 3853 5517 dicuntur

2145 5541 2598 5612 explanationes,
2657 5541 2770 5597 imo
2811 5541 3130 5612 opiniones,
3182 5556 3315 5600 raro
3366 5543 3732 5616 intelligam?
3761 5549 3846 5604 Ad

2146 5643 2334 5685 mores
2370 5643 2506 5698 ergo
2555 5643 2646 5685 me
2711 5629 2948 5709 contuli,
3001 5631 3059 5686 in
3109 5645 3361 5702 quorum
3409 5633 3846 5693 ratiocinatione

2143 5723 2300 5772 tanto
2331 5715 2512 5772 tutius
2555 5716 2662 5772 fuit
2710 5716 2930 5773 licitum
2961 5716 3260 5788 diversari,
3307 5728 3526 5789 quanto
3559 5721 3632 5777 ab
3655 5737 3846 5780 exem-
