3966 6448
97 414 130 464 ει
1079 410 1288 466 LIBER
1329 411 1471 474 QUO
1510 412 1771 468 OllDlNE
1813 412 2054 469 δεκΜο
2095 413 2292 472 FlERI
2334 415 2635 471 DEBEAT.
2688 385 2692 388 ’

3556 392 3623 474 '22

93 544 214 601 tlari
250 546 498 603 interno
530 545 1020 617 contemplationis
1068 547 1356 604 subtilitas
1393 548 1512 605 haec
1543 549 1794 617 eiiciens,
1829 555 1869 608 Α
1908 549 2398 608 exindelibellum
2443 551 2757 620 edideram,
2808 553 2964 624 quod
3018 552 3124 609 sibi
3154 554 3274 610 fieri
3302 555 3375 610 ad
3405 569 3620 611 sermo-

92 635 190 689 ine
218 635 494 705 perﬁdiae
547 643 646 693 aut
699 636 962 693 falsitatis
1010 636 1249 694 incursu
1295 637 1480 708 potuit
1505 653 1790 695 commen-

91 736 200 778 art.

141 811 322 867 Porro
365 813 486 869 sub
537 813 850 885 allegoricis
892 813 1157 871 sensibus
1189 829 1304 871 non
1350 829 1536 886 pauca
1584 815 1796 886 pariter

83 899 594 969 tddidissem,nisi
628 902 858 958 modum
905 903 1091 974 operis
1147 905 1515 976 prietergredi
1567 905 1798 962 timuis-

81 1003 205 1043 sem.
266 989 460 1045 Plane
514 998 732 1060 petente
807 993 1059 1062 quodam
1120 992 1304 1049 amico
1362 1008 1484 1049 meo
1542 993 1794 1064 primum

945 1173 1342 1180 Ἢ

1365 1173 1634 1181 ...ἑ-...ια

77 1169 384 1178 -ἣ--ο-
401 1172 942 1178 *“.----*--

1905 639 1994 696 nis
2023 641 2323 696 materiam
2369 639 2613 697 faciendi
2642 642 2733 698 ille
2781 650 3130 713 poposcerat,
3185 644 3337 700 unde
3366 652 3421 701 et
3473 644 3620 700 laci-

1905 727 2138 785 niosiori
2191 744 2368 800 quam
2417 737 2624 786 caetera
2697 731 2957 787 oratione
3019 733 3262 788 tractavi
3316 741 3372 790 et
3429 747 3617 804 pauca

1904 817 2154 888 qualiter
2180 818 2301 874 fieri
2343 819 2544 875 debeat
2572 833 2761 875 sermo
2794 819 3108 890 praetexui;
3142 820 3368 892 reliqua
3421 830 3614 879 autem

1906 920 1979 962 ex
2005 921 2204 963 eorum
2237 922 2369 979 quae
2416 921 2698 978 coeperam
2748 907 3103 979 experientia
3134 908 3254 965 sola
3293 924 3390 981 spe
3417 910 3615 967 divina

1910 997 2270 1067 praesumpsi.

1438 1322 1486 1369 ³
1544 1319 1899 1394 INCIPIT
1955 1321 2239 1395 LIBER

545 1515 838 1632 QUO
912 1515 1460 1623 ORDINE
1531 1516 2016 1623 SEBMO
2088 1518 2483 1622 FIERI
2552 1519 3149 1624 DEBEAT.

137 1863 328 1920 Valde
364 1861 449 1919 illi
497 1862 877 1934 periculosum
929 1869 1014 1918 est
1060 1876 1094 1917 a
1133 1861 1397 1918 doctrina
1439 1875 1668 1940 cessare
1697 1862 1792 1919 cui
1823 1878 1866 1934 Β
1905 1864 2096 1922 animo
2135 1864 2287 1921 bona
2337 1867 2613 1922 versare?
2658 1866 2928 1922 Attamen
2978 1873 3116 1923 sunt
3180 1867 3284 1939 qui
3345 1867 3490 1925 bene
3541 1883 3610 1924 ac

68 1952 333 2008 oflicium
369 1953 614 2022 pertinet
663 1951 1048 2023 praedicandi;
1083 1951 1229 2008 sicut
1262 1951 1416 2008 enim
1463 1952 1791 2009 damnabile

66 2049 148 2096 est
189 2041 474 2112 exempla
526 2041 824 2111 pravitatis
869 2041 1186 2108 ostendere,
1229 2040 1309 2096 ita
1350 2040 1520 2097 etiam
1556 2041 1790 2098 damna-

68 2130 207 2185 tioni
242 2130 588 2200 proximum
620 2145 741 2186 esse
768 2137 990 2186 constat
1017 2144 1149 2187 eum
1186 2130 1286 2200 qui
1339 2137 1636 2200 peccantes
1674 2146 1794 2188 non

67 2219 190 2275 vult
221 2219 490 2276 docendo
515 2233 740 2276 sanare.

136 2307 289 2363 Sunt
323 2315 524 2364 autem
568 2322 744 2378 super
776 2308 882 2364 hac
931 2322 990 2364 re
1035 2308 1278 2364 diversa:
1309 2307 1610 2364 hominum
1637 2323 1788 2380 quo-

66 2398 346 2454 rumdam
393 2397 757 2453 intentiones.
809 2397 1004 2468 Aliqui
1052 2398 1204 2453 enim
1254 2396 1311 2452 id
1358 2398 1542 2454 facere
1584 2398 1789 2455 nolunt

69 2487 201 2542 victi
254 2487 557 2557 superbia,
603 2486 698 2542 alii
739 2486 981 2552 fastidio,
1028 2485 1122 2542 alii
1174 2486 1410 2542 invidia.
1465 2487 1784 2556 Rcspuunt,

67 2576 342 2646 inquam,
399 2575 709 2645 praedicare
765 2591 881 2646 prae
931 2575 1221 2646 superbia,
1293 2583 1347 2631 et
1401 2575 1558 2646 quod
1621 2576 1787 2631 multi

65 2664 402 2720 ambienter
432 2663 616 2720 facere
658 2664 931 2735 gestiunt,
963 2673 1016 2720 et
1044 2679 1147 2734 pro
1177 2664 1296 2719 sola
1332 2664 1647 2736 jactantia:
1683 2665 1788 2720 hoc

65 2753 153 2808 isti
184 2769 257 2809 ne
291 2753 771 2809 sermocinatores
818 2761 1114 2819 vocentur,
1149 2754 1303 2824 quod
1353 2753 1563 2809 infame
1603 2768 1786 2825 genus

63 2842 386 2898 hominum
416 2857 536 2898 esse
565 2841 726 2906 solet,
755 2843 892 2912 quia
925 2856 1028 2913 pro
1061 2857 1164 2898 suo
1197 2850 1397 2898 ventre
1439 2841 1781 2910 loquuntur,

67 2931 220 2987 unde
251 2945 288 2986 a
345 2931 622 3003 Gregorio
670 2931 1024 2988 Nazianzeno
1055 2932 1314 3000 (Apolog.
1348 2938 1494 2987 orat.
1533 2934 1581 3000 l;
1612 2945 1624 2984 :
1663 2946 1786 2986 ven-

63 3023 301 3091 triloqui
330 3022 700 3090 appellantur,
729 3036 800 3077 ex
823 3029 955 3091 typo
974 3020 1150 3076 nimio
1175 3021 1585 3092 dedignantur.

133 3111 300 3166 Inter
343 3124 493 3180 quos
523 3109 569 3165 si
612 3110 959 3180 comparatio
1007 3110 1124 3177 fiat,
1169 3110 1353 3166 multo
1393 3109 1588 3166 utilior
1617 3110 1782 3166 inve-

1899 1954 2260 2011 contincnter
2297 1955 2522 2022 vivunt,
2551 1955 2648 2010 sed
2680 1955 2819 2026 quia
2859 1955 3200 2026 pastoralem
3238 1971 3353 2013 non
3395 1956 3608 2014 habent

1900 2041 1958 2098 in
1987 2043 2238 2099 Ecclesia
2271 2043 2478 2110 locum,
2507 2043 2794 2100 aestimant
2823 2059 2880 2101 se
2919 2059 3036 2101 non
3075 2044 3282 2101 debere
3330 2041 3608 2101 fratribus

1896 2139 2109 2186 sancta
2144 2132 2564 2201 praedicationis
2595 2133 2877 2203 verbum;
2907 2133 3060 2204 quod
3085 2134 3251 2190 valde
3281 2134 3603 2190 absurdum

1897 2227 2009 2276 est:
2061 2220 2108 2276 si
2145 2221 2300 2277 enim
2341 2235 2440 2291 per
2487 2221 2795 2293 subjugale
2843 2229 3089 2283 mutum,
3139 2222 3195 2278 id
3242 2231 3326 2278 est
3357 2237 3458 2293 per
3485 2223 3604 2278 asi-

1898 2322 2054 2370 nam,
2081 2309 2254 2379 juxta
2294 2309 2435 2365 illud
2495 2309 2641 2366 beati
2691 2310 2840 2366 Petri
2870 2311 2948 2379 (ιι
2999 2311 3148 2365 Pelr.
3204 2325 3262 2378 ιι,
3307 2310 3418 2378 16),
3454 2312 3606 2368 Deus

1896 2397 2106 2468 corripi
2142 2397 2326 2454 voluit
2375 2398 2664 2468 propheta:
2706 2397 3114 2469 insipientiam,
3143 2413 3318 2470 quam
3353 2400 3604 2456 multum

1895 2493 1950 2542 et
2001 2501 2141 2557 pene
2179 2487 2401 2558 absque
2461 2488 2891 2558 comparatione
2934 2487 3166 2558 dignior
3207 2496 3291 2544 est
3339 2489 3600 2544 humana

1897 2584 2109 2632 natura
2136 2576 2209 2632 ad
2243 2576 2568 2632 docendum
2612 2585 2667 2633 et
2699 2577 2952 2634 dandam
2999 2578 3397 2648 coaequalibus
3424 2578 3602 2634 disci-

1897 2664 2112 2735 plinam
2133 2664 2161 2718 ?

1968 2755 2301 2824 Loquamur
2342 2753 2536 2824 itaque
2575 2753 2916 2825 quicunque
2968 2768 3143 2810 sacra:
3194 2755 3417 2827 pagina:
3447 2755 3600 2812 noti-

1895 2842 2033 2899 tiam
2090 2843 2281 2913 adepti
2335 2858 2562 2911 sumus,
2621 2844 2770 2899 sicut
2816 2858 2888 2899 ex
2936 2845 3070 2911 Deo,
3128 2845 3236 2901 hoc
3277 2852 3360 2902 est
3421 2845 3601 2902 Deum

1895 2933 2069 2989 totius
2097 2932 2275 2989 nostri
2333 2940 2610 2989 tractatus
2658 2932 2934 2989 habentes
2982 2933 3283 3006 originem,
3315 2942 3369 2990 et
3407 2949 3599 2991 coram

1894 3023 2006 3078 Deo
2042 3021 2188 3077 nulli
2231 3030 2440 3092 prieter
2471 3023 2583 3078 Deo
2634 3022 2738 3078 soli
2770 3037 2843 3078 ex
2895 3023 3105 3079 nostris
3156 3023 3438 3080 sermonis
3463 3039 3595 3080 con-

1893 3111 2145 3167 textione
2191 3111 2412 3181 placere
2457 3119 2800 3182 quaerentes.
2862 3112 2919 3167 Si
2981 3112 3133 3168 enim
3189 3112 3476 3184 quidquid
3525 3114 3597 3169 ad

62 3201 225 3256 nitur
259 3200 374 3270 qui
415 3199 521 3255 sibi
561 3199 660 3256 soli
695 3200 906 3255 noxius
931 3201 1216 3271 jactanter
1243 3200 1532 3269 praedicat,
1567 3207 1621 3256 et
1653 3199 1782 3256 aliis
1812 3195 1850 3249 C
1889 3199 2348 3256 exhortationem
2393 3201 2637 3270 pertinet
2676 3201 3028 3265 animarum,
3079 3215 3193 3256 non
3227 3201 3385 3256 aliud
3431 3201 3598 3258 debet

61 3289 284 3358 quibus
309 3289 681 3344 instruantur
700 3288 1046 3344 documenta
1068 3288 1374 3356 ministrat,
1409 3303 1585 3359 quam
1613 3289 1657 3342 is
1679 3289 1780 3359 qui

62 3378 219 3447 quod
255 3377 532 3447 intelligit
563 3377 776 3434 utiliter
816 3377 1036 3433 tumide
1074 3377 1237 3444 celat,
1288 3391 1392 3433 nec
1434 3377 1542 3432 sibi
1593 3377 1782 3433 bonus

60 3475 165 3535 est,
199 3481 314 3522 nec
348 3466 490 3521 alios
512 3463 701 3536 juvat.

135 3555 377 3611 Invidia
404 3555 642 3625 quidam
674 3554 980 3625 dupliciter
1005 3568 1038 3609 a
1063 3567 1228 3610 sacra
1259 3553 1661 3623 praedicatione
1693 3567 1778 3610 re-

59 3645 411 3711 trahuntur,
463 3644 603 3712 quia
651 3643 894 3699 aliorum
930 3643 1092 3698 bonis
1135 3643 1392 3698 moribus
1438 3642 1777 3709 invidentes,

61 3733 217 3790 unde
252 3732 634 3788 meliorentur
668 3732 854 3788 dicere
887 3732 1110 3795 nolunt,
1136 3730 1564 3801 Scripturarum
1608 3729 1778 3788 etiam

63 3823 375 3877 scientiam
403 3834 579 3891 quam
612 3821 842 3884 habent,
881 3836 939 3876 se
991 3821 1202 3877 habere
1239 3821 1625 3888 dissimulant,
1677 3834 1781 3876 nec

62 3911 352 3966 disserere
403 3924 502 3966 eas
547 3910 733 3965 avidis
797 3917 852 3966 et
902 3909 1360 3980 intelligibilibus
1414 3909 1780 3966 auditoribus

62 4007 298 4065 curant,
344 4006 607 4055 verentes
655 4013 725 4055 ne
779 4013 884 4055 sua
933 3999 1193 4055 doctrina
1228 3998 1283 4054 in
1333 4006 1558 4055 tantum
1606 4000 1776 4070 profi-

61 4089 241 4155 ciant,
289 4096 357 4144 ut
402 4088 510 4143 sibi
558 4087 825 4144 discendo
863 4088 1152 4160 cozequari
1198 4089 1448 4156 valeant,
1496 4096 1599 4145 aut
1639 4089 1779 4146 forte

65 4177 422 4247 pt'zecedant.

134 4267 235 4322 Est
267 4275 325 4322 et
357 4266 559 4322 tertius
603 4265 836 4322 invidiae
883 4267 1106 4332 modus,
1142 4279 1258 4337 quo
1300 4266 1440 4323 dum
1470 4265 1600 4322 aliis
1636 4267 1777 4324 bene

65 4355 467 4424 praedicationi
513 4355 906 4411 insistentibus
953 4354 1208 4411 invidere
1235 4355 1523 4426 quispiam
1555 4355 1774 4426 incipit,

62 4445 371 4500 ardentius
401 4445 472 4499 ad
521 4444 874 4514 loquendum
923 4458 981 4500 se
1025 4444 1302 4512 accendit,
1341 4444 1770 4515 Scripturarum

64 4534 452 4589 obscuritates
479 4533 760 4601 enucleat,
807 4533 921 4589 alia
962 4533 1233 4604 quaelibet
1256 4541 1311 4590 et
1342 4534 1535 4590 minus
1566 4534 1773 4591 usitata

61 4623 326 4693 exponit,
370 4636 693 4693 gravesque
744 4622 1055 4678 sententias
1106 4622 1416 4696 depingere
1463 4623 1774 4694 composito

63 4725 332 4767 sermone
381 4710 694 4774 contendit,
743 4724 859 4765 non
909 4717 972 4766 ut
1011 4709 1082 4765 ad
1143 4709 1287 4766 bene
1322 4711 1612 4781 agendum
1661 4725 1773 4768 au-

62 4801 288 4854 dientes
319 4797 583 4865 aedilicet,
615 4799 711 4854 sed
743 4806 803 4854 ut
855 4799 1106 4870 gloriola:
1139 4800 1386 4870 cupidus
1413 4800 1558 4856 scire
1600 4815 1775 4871 super

62 4889 203 4946 alios
222 4901 402 4944 suum
435 4885 802 4944 demonstret.
853 4889 956 4944 Sed
991 4889 1119 4945 licet
1168 4889 1317 4945 bona
1349 4890 1496 4947 male
1539 4890 1774 4961 dispen-

61 4986 163 5046 set,
192 4986 249 5034 et
305 4977 558 5046 seipsum
590 4977 730 5033 alios
771 4979 1083 5049 quaerendo
1132 4979 1350 5049 perdat,
1399 4987 1592 5036 tamen
1636 4995 1776 5050 quo-

65 5081 301 5138 cunque
342 5074 509 5137 pacto
542 5065 804 5122 Christus
851 5068 1235 5124 annuntietur
1278 5068 1652 5139 gaudendum
1692 5076 1774 5125 est

65 5156 314 5226 (Philip.
370 5169 409 5221 t,
471 5156 572 5222 18),
638 5162 691 5212 et
745 5169 913 5212 nemo
967 5170 1105 5212 sane
1153 5157 1222 5212 de
1271 5157 1400 5213 ﬁdei
1449 5158 1622 5213 verbo
1656 5165 1775 5215 tra-

64 5254 226 5302 ctans
253 5242 630 5316 rejiciendns,
682 5245 824 5316 quia
853 5244 912 5300 in
956 5245 1154 5302 multis
1187 5245 1346 5302 utilis
1373 5253 1457 5302 est
1486 5261 1775 5303 mercena-

68 5349 206 5391 rius.

136 5422 285 5478 Sunt
305 5420 483 5479 etiam
513 5420 615 5491 qui
644 5421 791 5477 bona
811 5420 969 5492 loqui
1003 5420 1324 5489 fastidiunt,
1349 5435 1601 5494 quorum
1631 5421 1771 5479 dum

71 5512 142 5567 ab
196 5511 360 5568 omni
396 5510 490 5580 pia
518 5509 739 5566 actione
779 5525 986 5568 manus
1006 5518 1205 5573 cessat,
1230 5525 1344 5566 non
1375 5519 1460 5568 est
1491 5511 1704 5567 mirum
1727 5511 1773 5566 si

67 5614 100 5655 a
129 5607 344 5656 sanctae
373 5598 684 5667 locutionis
711 5598 898 5654 studio
927 5598 1129 5670 lingua
1158 5606 1460 5668 torpescat.
1487 5599 1594 5667 Qui
1619 5600 1772 5656 enim

70 5690 146 5745 nil
177 5688 311 5744 boni
348 5688 617 5758 proponit
648 5701 838 5756 agere,
885 5687 1060 5754 unde,
1095 5689 1309 5757 quam,
1361 5688 1461 5744 diu
1493 5687 1682 5743 valeat
1712 5689 1770 5744 in

1889 3301 2091 3344 sonare
2124 3302 2301 3358 quam
2329 3287 2532 3355 Deum,
2565 3287 2654 3344 vel
2690 3287 2924 3344 aliunde
2963 3303 3138 3358 quam
3169 3303 3241 3344 ex
3278 3289 3396 3358 ipso
3427 3290 3597 3361 quasi

1889 3391 1961 3434 ex
1996 3377 2228 3448 proprio
2285 3392 2390 3432 suo
2437 3375 2592 3432 fonte
2643 3377 2890 3447 prodire,
2940 3377 3079 3448 quid
3132 3377 3415 3450 sacrilegii
3461 3379 3597 3435 facit

1890 3462 1990 3534 qui
2039 3463 2108 3518 de
2148 3461 2358 3518 divinis
2398 3461 2572 3518 rebus
2621 3462 2678 3517 in
2732 3462 2950 3532 quibus
2983 3463 3082 3518 Dei
3129 3463 3248 3518 sola
3279 3465 3594 3534 quaerenda

1891 3551 2018 3607 laus
2046 3559 2150 3620 est,
2193 3565 2359 3607 suam
2410 3551 2708 3621 praesumit
2751 3553 3056 3622 quaerere?
3094 3551 3146 3609 Si
3182 3551 3405 3609 furtum
3447 3553 3594 3610 inter

1891 3642 2149 3697 humana
2193 3640 2421 3712 negotia
2470 3640 2971 3711 probrosissimum
3015 3649 3117 3709 est,
3164 3641 3306 3712 quid
3337 3642 3592 3698 criminis

1887 3745 2008 3786 esse
2039 3738 2312 3801 putamus
2342 3743 2450 3786 sua
2505 3729 2845 3786 subtrahere
2887 3731 3000 3786 Deo
3045 3739 3101 3786 et
3133 3731 3238 3786 sibi
3271 3730 3592 3803 arrogare?

1961 3819 2281 3890 Fugiamus
2299 3819 2471 3874 etiam
2493 3819 2897 3874 connumerari
2931 3818 3160 3874 duobus
3189 3819 3297 3874 illis
3335 3818 3591 3889 pessimis

1886 3915 1939 3964 et
1991 3905 2510 3973 inordinatissimis,
2559 3915 2622 3961 ut
2670 3906 2751 3962 sic
2816 3907 3024 3970 dicam,
3065 3907 3389 3974 ordinibus,
3445 3923 3591 3978 quos

1888 3995 1947 4052 in
1980 3995 2234 4052 Ecclesia
2289 4010 2403 4052 non
2444 3994 2726 4051 habemus
2764 4002 2829 4051 ut
2875 3994 3096 4063 fratres,
3137 3995 3234 4051 sed
3280 3995 3591 4052 toleramus

1887 4093 1953 4142 ut
1991 4085 2197 4153 hostes,
2249 4098 2499 4156 quorum
2548 4083 2692 4140 alter
2724 4090 2808 4140 est
2840 4084 2988 4140 male
3035 4083 3388 4151 facientium,
3445 4085 3590 4140 alter

1885 4187 2022 4230 vero
2049 4174 2192 4230 bene
2223 4173 2406 4230 facere
2440 4172 2778 4229 nolentium.
2816 4172 2885 4229 Hi
2906 4173 3288 4245 designantur
3317 4185 3416 4244 per
3443 4173 3590 4228 duos

1884 4262 2048 4319 Judae
2083 4263 2244 4330 filios,
2278 4265 2388 4318 Her
2433 4269 2488 4318 et
2523 4262 2708 4331 Onan,
2766 4276 3018 4332 quorum
3069 4261 3292 4333 primus
3337 4276 3587 4333 nequam

1887 4353 1945 4408 in
1976 4360 2284 4423 conspectu
2337 4351 2580 4419 Domini,
2636 4360 2691 4408 et
2746 4351 2820 4408 ab
2876 4351 2996 4421 ipso
3049 4366 3371 4421 percussus,
3407 4350 3586 4406 vitam

1889 4441 2224 4512 iniquorum
2273 4441 2431 4513 quia
2477 4441 2591 4496 Deo
2639 4455 2740 4510 pro
2771 4441 3082 4497 sceleribus
3119 4441 3464 4511 puniuntur,
3499 4440 3588 4496 de-

1888 4531 2448 4602 signat;secundus,
2507 4530 2607 4600 qui
2657 4545 2849 4586 semen
2907 4529 3099 4586 fratris
3147 4530 3377 4586 nomine
3407 4529 3586 4585 susei-

1886 4628 2006 4676 tare
2036 4621 2241 4687 noluit,
2287 4627 2342 4676 et
2401 4619 2683 4675 divinitus
2739 4619 2988 4675 interimi
3031 4619 3261 4686 meruit,
3325 4633 3420 4675 eos
3485 4619 3585 4689 qui

1884 4709 2044 4766 verbi
2086 4709 2181 4766 Dei
2221 4709 2436 4766 semine
2476 4708 2534 4764 in
2582 4709 2853 4765 cordibus
2904 4708 3156 4765 fidelium
3191 4708 3262 4764 ad
3313 4708 3584 4764 honorem

1883 4798 2093 4855 Christi
2160 4799 2413 4855 fructum
2467 4798 2597 4853 boni
2669 4797 2858 4867 operis
2924 4811 3224 4866 procreare
3280 4804 3582 4867 respuunt,

1883 4887 2190 4958 significat,
2245 4887 2345 4958 qui
2387 4902 2501 4942 non
2550 4887 2746 4942 minus
2793 4885 3149 4942 damnationi
3195 4886 3586 4943 succumbunt

1883 4989 2060 5048 quam
2098 4977 2154 5032 hi
2186 4977 2287 5048 qui
2320 4975 2473 5032 mala
2502 4976 2622 5045 ipsa
2648 4975 2924 5031 efficiunt.

1954 5065 2096 5123 Nam
2130 5067 2196 5134 si,
2220 5067 2391 5137 juxta
2433 5066 2664 5122 beatum
2698 5064 3068 5122 Ambrosium
3100 5067 3209 5135 (De
3238 5068 3382 5136 ofﬁc.
3414 5066 3512 5123 lib.
3545 5081 3582 5131 t,

1881 5169 2009 5225 cap.
2061 5156 2171 5225 36),
2206 5155 2306 5226 qui
2339 5169 2452 5210 non
2487 5153 2707 5226 repellit
2736 5168 2771 5209 a
2817 5154 2968 5211 socio
2999 5155 3273 5226 injuriam
3304 5153 3349 5211 si
3381 5162 3584 5226 potest,

1882 5249 2043 5300 tanto
2087 5251 2170 5298 est
2209 5243 2269 5298 in
2312 5243 2449 5299 vitio
2496 5257 2672 5314 quam
2719 5243 2812 5300 ille
2862 5243 2966 5315 qui
3012 5242 3161 5312 fecit,
3212 5243 3353 5314 quid
3401 5243 3587 5299 obstat

1881 5332 2071 5388 dicere
2111 5332 2266 5402 quod
2312 5331 2556 5389 similem
2605 5347 2840 5404 prorsus
2894 5340 3120 5390 reatum
3169 5332 3432 5388 incurrat
3484 5331 3585 5402 qui

1884 5429 2211 5492 peccantem
2261 5421 2522 5490 attendit,
2587 5429 2643 5478 et
2705 5421 2992 5493 corrigere
3072 5422 3354 5478 recusat?
3409 5422 3588 5478 Juxta

1885 5511 2220 5583 Apostolum
2249 5524 2388 5567 sane
2423 5525 2534 5567 non
2579 5511 2765 5567 solum
2800 5509 2901 5581 qui
2955 5509 3199 5578 faciunt,
3245 5510 3341 5566 sed
3385 5519 3440 5566 et
3484 5510 3588 5581 qui

1882 5599 2227 5657 facientibus
2256 5600 2645 5666 consentiunt,
2683 5598 2844 5671 digni
2875 5606 3055 5656 morte
3098 5599 3376 5657 dicuntur
3405 5601 3584 5670 (Rom.

1887 5706 1924 5754 ι,
1959 5690 2068 5752 32).
2253 5739 2267 5750 ,
2658 5693 2662 5697 ·
2817 5685 2822 5690 ’
2897 5701 2900 5704 ι
3565 5679 3570 5687 ’
