3966 6492
301 398 374 454 23
1197 393 1260 449 ν.
1300 393 1633 452 GUIBERTI
1671 393 1968 450 ABBATIS
2013 395 2021 447 ι

2220 390 2353 447 ΒΙᾹΞ
2391 389 2482 448 DE
2528 387 2922 446 NOVIGENTO

377 527 532 586 Licet
557 541 699 600 ergo
727 541 843 584 non
889 525 962 583 sit
996 525 1321 597 episcopus,
1355 532 1457 582 aut
1482 523 1682 592 abbas,
1713 537 1815 579 seu
1846 536 1992 592 qua-
2023 523 2070 576 Α

306 617 444 674 libet
469 623 743 686 potestate
781 613 1133 685 praemineat,
1185 623 1317 684 agat
1351 621 1538 669 tamen
1569 613 1740 683 juxta
1772 611 2002 667 beatum

308 706 702 778 Augustinum
734 719 832 774 pro
864 717 1104 776 persona
1128 707 1176 758 8
1197 717 1372 773 quam
1405 709 1608 772 portat.
1645 699 2006 756 Christianus

307 802 426 864 est;
459 793 506 850 si
536 793 860 850 Christiane
900 793 1091 849 vivere
1145 792 1288 858 vult,
1349 792 1497 846 sicut
1539 792 1593 844 in
1623 804 1701 857 se,
1743 787 1822 844 ita
1854 803 2005 858 quo-

310 895 424 952 que
456 880 510 935 in
533 879 659 935 aliis
683 877 1075 935 Christianum
1110 891 1317 933 nomen
1359 877 1646 932 claiiﬁcet.

383 968 448 1023 In
482 967 918 1023 Deuteronomio
947 966 1119 1022 etiam
1159 966 1236 1020 ita
1268 965 1476 1035 legitur
1506 970 1684 1030 (χχιιι,
1727 963 1812 1031 3):
1846 961 2006 1018 Moa-

312 1056 456 1114 bites
505 1064 562 1112 et
601 1054 957 1110 Ammanites
992 1051 1391 1124 [Ammonites]
1440 1067 1551 1106 non
1605 1051 1908 1106 intrabunt
1952 1050 2007 1104 in

314 1141 621 1198 Ecclesiam
653 1141 878 1197 Domini
907 1141 1078 1196 etiam
1111 1147 1234 1209 post
1269 1139 1548 1194 decimam
1584 1137 2010 1207 generationem

317 1245 501 1300 usque
535 1231 589 1284 in
619 1238 922 1284 aeternum.
958 1229 1026 1284 Et
1067 1228 1137 1283 de
1166 1227 1412 1297 singulis
1442 1239 1650 1281 causas
1679 1223 2007 1295 subjiciens,

315 1319 384 1374 de
415 1318 658 1374 Moabite
685 1317 918 1387 quidem
968 1317 1066 1382 ait,
1098 1315 1236 1386 quia
1285 1313 1557 1369 Israelitis
1598 1329 1732 1369 cum
1784 1327 1929 1384 pane
1958 1320 2013 1368 et

317 1422 472 1477 aqua
518 1409 758 1477 egressis
791 1419 862 1460 ex
910 1405 1155 1474 Egypto
1204 1418 1321 1458 non
1362 1402 1678 1458 occurrerit
1711 1417 1726 1469 ;
1759 1402 1828 1457 de
1869 1403 2012 1456 Am-

317 1496 528 1550 manite
551 1508 703 1560 vero,
729 1494 867 1564 quia
884 1493 1118 1550 Balaam
1151 1491 1439 1548 hariolum
1461 1491 1534 1548 ad
1558 1490 2014 1546 maledicendum

315 1583 524 1639 eisdem
553 1581 898 1638 conduxerit
929 1579 1090 1645 (ibid.
1123 1595 1178 1646 v,
1207 1581 1288 1644 4).

387 1671 534 1738 Quid
582 1683 681 1740 per
741 1669 1046 1724 Moabitem
1105 1675 1160 1723 et
1211 1666 1621 1734 Ammanitem,
1670 1666 1781 1721 nisi
1838 1678 2018 1736 supra

318 1766 699 1816 memoratum
727 1756 942 1826 duplex
974 1755 1272 1811 hominum
1296 1770 1496 1825 genus,
1523 1753 1734 1810 scilicet
1757 1753 2018 1824 prodesse

321 1845 659 1912 nolentium,
689 1851 746 1900 et
777 1817 922 1900 male
941 1842 1237 1914 agentium
1255 1817 1416 1899 ?vUbi
1452 1817 1606 1898 enim
1635 1817 1848 1897 dicitur
1880 1841 2021 1912 quia
2051 1817 2092 1872 Β

321 1949 456 1992 cum
504 1947 650 2004 pane
687 1941 744 1989 et
787 1945 944 2004 aqua
991 1946 1105 1988 non
1150 1930 1489 1996 occurrerit,
1533 1930 1824 2000 culpatur,
1881 1928 2023 2000 quia

324 2023 588 2094 prodesse
631 2021 901 2078 noluerit.
945 2019 1051 2078 Ubi
1087 2027 1282 2076 autem
1338 2018 1552 2075 dicitur
1593 2017 1734 2089 quia
1788 2017 2022 2074 Balaam

323 2110 603 2168 adversus
640 2109 816 2166 Israel
848 2107 1210 2173 conduxerit,
1255 2107 1526 2176 arguitur
1553 2106 1694 2176 quia
1740 2103 2019 2160 nocuerit.

327 2199 394 2255 Hi
426 2213 542 2254 non
573 2197 793 2253 intrant
833 2196 894 2252 in
923 2195 1235 2252 Ecclesiam
1282 2195 1402 2262 Dei,
1431 2194 1572 2265 quia
1601 2192 1825 2264 corpori
1853 2192 2022 2249 Chri-

326 2286 420 2355 sti,
486 2285 644 2357 quod
695 2292 780 2341 est
843 2283 1118 2349 Ecclesia,
1182 2297 1486 2353 nunquam
1535 2282 1848 2347 sociantur,
1909 2294 2022 2335 non

327 2373 512 2432 solum
543 2373 647 2444 qui
676 2373 734 2428 in
765 2371 932 2428 malis
984 2370 1256 2440 operibus
1283 2377 1647 2436 exercentur,
1705 2368 1798 2424 sed
1852 2368 2024 2423 etiam

329 2462 430 2534 qui
456 2460 854 2533 spiritualibus
902 2459 1090 2531 epulis
1118 2473 1185 2515 ac
1229 2459 1447 2530 poculis
1485 2457 1624 2514 alios
1671 2471 1900 2528 pascere
1937 2455 2022 2526 pi-

331 2553 642 2624 gritantur.

401 2638 565 2694 Absit
592 2636 747 2693 enim
777 2645 841 2693 ut
873 2635 931 2692 in
974 2642 1132 2692 tanto
1161 2648 1418 2706 corpore,
1451 2648 1568 2690 non
1615 2633 1740 2689 dico
1767 2631 2026 2688 membra

333 2734 580 2793 mortua,
613 2725 711 2781 sed
739 2723 939 2780 saltem
972 2721 1212 2783 minima
1238 2721 1460 2793 ungula
1485 2720 1704 2776 inutilis
1723 2728 1823 2776 aut
1847 2720 2028 2776 otiosa

333 2815 639 2872 habeatur.
677 2811 830 2869 Licet
851 2820 1046 2868 autem
1093 2810 1372 2866 decimam
1421 2809 1843 2880 generationem
1889 2809 2027 2864 atti-

333 2902 538 2974 gerint,
591 2900 648 2956 id
694 2908 779 2956 est
828 2899 885 2954 in
937 2899 1222 2969 baptismo
1277 2898 1571 2953 Trinitatis
1617 2897 1783 2952 fidem
1833 2910 1892 2952 se
1936 2896 2030 2952 ha-

335 2991 557 3047 bituros
610 2987 1052 3058 spoponderim;
1108 2994 1164 3043 et
1219 2985 1560 3055 septiformis
1616 2984 1862 3055 Spiritus
1918 2983 2028 3040 sub

3757 383 3863 438 24

2180 521 2302 592 Ipse
2334 525 2418 578 est
2471 519 2718 591 Spiritus
2763 519 3059 592 qui,.cum
3109 517 3182 576 sit
3229 518 3433 586 bonus,
3491 516 3656 574 docet
3715 526 3861 570 nos

2111 610 2466 680 bonitatem;
2523 611 2579 665 in
2625 610 2773 666 bono
2812 607 3024 665 scilicet
3064 622 3132 663 ac
3179 605 3424 675 simplici
3469 621 3571 660 nos
3600 603 3858 660 affectu

2111 700 2424 764 constituit,
2460 707 2515 754 et
2562 699 2642 754 sic
2699 713 2801 754 nos
2849 697 3053 752 deinde
3109 694 3465 764 disciplinam
3517 693 3706 758 docet,
3775 698 3860 746 ut

2111 803 2225 843 non
2256 788 2582 858 fatigentur,
2611 801 2794 842 ruina
2833 787 2944 842 Deo
2989 784 3312 856 arguimur,
3367 782 3500 854 qaia
3554 796 3694 837 cum
3753 779 3859 833 ab

2117 877 2614 948 ipsojudicatuur,
2655 875 2930 944 Cul'l'll'iiﬂ
2980 882 3083 938 est,
3145 881 3207 928 ut
3257 886 3370 927 non
3419 885 3551 927 cum
3597 868 3860 926 mundo

2116 967 2496 1035 damnemur;
2527 973 2581 1021 et
2628 979 2726 1035 per
2771 965 2874 1020 hoc
2923 962 3103 1018 multa
3147 961 3268 1032 jam
3314 959 3552 1015 scientia
3588 967 3642 1014 et
3697 959 3856 1012 dis-

2117 1055 2292 1110 cretio
2354 1054 2696 1124 acquiritur,
2754 1060 2819 1109 ut
2877 1050 3126 1107 sciamus
3197 1049 3534 1119 temporales
3600 1046 3859 1117 glorias

2117 1151 2361 1197 aeternos
2398 1141 2672 1210 subsequi
2742 1140 2952 1205 luctus,
3015 1145 3070 1194 et
3127 1137 3354 1203 ﬂagella
3416 1143 3858 1191 momentanea

2121 1230 2284 1286 bonis
2330 1229 2679 1298 compensari
2726 1227 3090 1298 perennibus.
3162 1227 3434 1296 Spiritum
3494 1222 3855 1292 disciplinae

2121 1333 2234 1373 non
2268 1318 2597 1373 habuerunt
2647 1317 2893 1372 Herodes
2921 1323 2976 1370 et
3015 1314 3346 1378 Antiochus,
3387 1313 3489 1382 qui
3525 1310 3852 1382 spirituati

2121 1421 2216 1461 eos
2246 1407 2301 1461 in
2345 1406 2541 1475 aliquo
2585 1419 2778 1460 amore
2831 1405 2978 1460 inter
3021 1403 3246 1472 flagella
3284 1401 3552 1470 tetigerit,
3608 1409 3717 1455 aut
3760 1398 3856 1454 de

2123 1497 2237 1550 Deo
2265 1510 2360 1550 eos
2392 1495 2614 1564 aliquid
2651 1494 2811 1564 (quia
2851 1507 2886 1548 a
2930 1493 3200 1546 discendo
3242 1490 3547 1559 disciplina
3584 1489 3852 1550 dicitur)

2123 1584 2338 1640 discere
2399 1583 2610 1648 fecerit,
2675 1582 2790 1637 sed.
2827 1580 3042 1648 duplici
3107 1579 3445 1634 contritione
3498 1579 3590 1633 hic
3644 1585 3703 1633 et
3773 1576 3872 1632 ἰη-

2125 1672 2319 1728 futuro
2334 1671 2706 1726 conterendos
2734 1667 2792 1724 in
2822 1682 2927 1724 sua
2957 1667 3340 1722 obstinatione
3369 1665 3603 1722 dimisit.

2201 1757 2332 1813 litec
2396 1771 2498 1827 per
2545 1771 2844 1813 excessum
2920 1756 3195 1821 diximus,
3253 1762 3317 1810 ut
3374 1753 3858 1824 discrepantiam

2130 1847 2275 1902 inter
2303 1847 2482 1902 bonos
2507 1853 2564 1902 et
2592 1844 2771 1902 malos
2818 1845 2875 1900 in
2927 1843 3048 1900 solo
3103 1851 3328 1899 tantum
3386 1842 3566 1898 animi
3621 1841 3860 1898 habitu

2129 1942 2598 1991 monstraremus.
2632 1934 2686 1990 ls
2712 1933 2944 1989 habitus
2971 1933 3112 1988 nihil
3143 1940 3227 1986 est
3257 1931 3416 1986 aliud
3450 1945 3630 2002 quam
3677 1930 3863 1986 bona

2130 2021 2414 2086 voluntas,
2461 2028 2517 2076 et
2565 2021 2691 2090 pius
2738 2019 2996 2086 affectus,
3051 2020 3410 2088 simplexque
3454 2017 3859 2078 conscientia,

2129 2124 2247 2180 qua
2297 2109 2439 2165 nihil
2486 2109 2705 2165 felicius
2749 2123 2871 2164 esse
2921 2108 3227 2164 Christiani
3279 2108 3523 2163 docuere
3570 2115 3866 2162 auctores

2129 2199 2400 2268 (Alanos.
2432 2201 2490 2252 in
2519 2199 2660 2267 psat.
2711 2212 2908 2263 xxvm,
2957 2213 3009 2250 υ.
3056 2197 3111 2263 1,
3144 2204 3199 2252 et
3248 2195 3346 2251 lib.
3389 2212 3448 2262 ιι,
3497 2192 3603 2262 Off.
3651 2208 3704 2250 c.
3761 2195 3860 2264 1).

2129 2288 2196 2344 In
2232 2288 2356 2351 hoc,
2390 2287 2436 2341 si
2465 2287 2754 2352 volumus,
2787 2299 2822 2340 a
2855 2287 3137 2356 perversis
3171 2284 3508 2344 dividimur.
3555 2283 3668 2339 hac
3707 2297 3862 2352 spe-

2129 2375 2352 2432 cialiter
2385 2389 2445 2430 re
2471 2373 2544 2429 ab
2575 2387 2776 2428 eorum
2806 2381 2955 2429 sorte
2993 2373 3396 2428 discernimur.
3449 2372 3584 2427 Haec
3621 2379 3712 2426 est
3745 2371 3864 2425 illa

2131 2465 2301 2520 vestis
2347 2462 2640 2532 nuptialis,
2708 2476 2827 2532 qua
2882 2463 2983 2532 qui
3036 2475 3146 2516 non
3216 2459 3496 2523 induitur.
3557 2473 3593 2516 a
3656 2473 3858 2515 sacrae

2133 2567 2340 2608 mensae
2371 2553 2656 2608 consortio
2685 2550 2980 2606 emittitur.

2205 2642 2487 2697 Caeterum
2547 2639 2662 2696 alia
2713 2641 2907 2696 omnia
2963 2653 3093 2710 qua:
3151 2637 3408 2694 exterius
3456 2637 3854 2702 exhibentur,

2132 2729 2280 2786 sicut
2311 2729 2444 2784 boni
2475 2728 2553 2783 ita
2582 2735 2637 2784 et
2666 2727 2796 2783 mali
2847 2727 2988 2783 dant
3033 2734 3089 2782 et
3135 2725 3460 2796 accipiunt;
3503 2724 3712 2780 iisdem
3755 2739 3860 2780 sa-

2133 2818 2438 2872 cramentis
2488 2816 2834 2872 imbuuntur
2877 2823 2933 2870 et
2975 2814 3266 2881 imbuunt,
3315 2813 3511 2870 eadem
3551 2813 3858 2869 miracula

2135 2905 2373 2962 faciunt.
2401 2905 2591 2960 Simus
2625 2905 2800 2974 igitur
2831 2912 3042 2958 sanctae
3085 2903 3346 2958 Ecclesia:
3391 2901 3670 2966 membra,
3725 2918 3857 2958 non

2136 3004 2383 3060 mortua,
2441 2993 2536 3049 sed
2579 3007 2902 3064 congruum
2957 2991 3248 3047 Dominico
3314 2991 3536 3060 corpori
3575 2991 3856 3046 officium

335 3077 649 3149 pontificali
704 3077 941 3132 dextera
983 3089 1198 3131 munus
1261 3073 1602 3142 acceperint,
1667 3080 1890 3130 certum
1945 3080 2029 3129 est
2058 3112 2099 3169 ο
2138 3078 2450 3144 reddentia,
2499 3084 2563 3133 ut
2620 3077 2767 3134 sicut
2819 3077 2877 3132 in
2919 3077 3292 3132 sacrosanctis
3341 3075 3626 3145 mysteriis
3679 3084 3858 3132 exte-

335 3165 491 3238 quod
548 3180 648 3236 pro
702 3163 880 3220 animi
938 3164 1194 3234 nequitia
1249 3163 1308 3218 in
1361 3161 1586 3218 Domini
1640 3175 1876 3232 corpore
1912 3176 2033 3218 esse

336 3269 452 3311 non
480 3253 713 3325 possint.
761 3251 1044 3308 Denarius
1081 3264 1364 3308 numerus
1395 3265 1468 3306 ex
1509 3249 1695 3304 tribus
1722 3256 1777 3306 et
1818 3257 2030 3318 septem

335 3347 577 3408 constat,
615 3347 671 3396 et
719 3339 844 3396 ideo
888 3338 1227 3395 Trinitatem
1277 3352 1412 3393 cum
1459 3345 1673 3406 septem
1713 3337 2032 3393 charisma-

340 3427 497 3484 tibus
524 3427 734 3499 signat.
765 3427 1042 3494 Quamvis
1070 3441 1210 3496 ergo
1250 3425 1631 3482 ecclesiastica
1675 3433 2035 3481 sacramenta

337 3530 472 3572 cum
504 3529 635 3572 vere
683 3515 948 3571 fidelibus
983 3514 1288 3584 accipiant,
1335 3521 1502 3569 extra
1547 3513 1802 3570 fidelium
1845 3521 2035 3570 tamen

339 3605 584 3660 chorum
659 3617 758 3674 pro
813 3617 922 3659 sua
997 3602 1306 3659 inutilitate
1359 3601 1443 3658 uti
1483 3609 1714 3658 mortua
1779 3601 2036 3658 membra

336 3693 549 3762 jacent.
602 3691 709 3759 Qui
766 3691 1002 3762 quidem
1050 3689 1323 3746 Israelitis
1386 3704 1501 3745 non
1587 3697 1858 3745 nocerent
1927 3689 2032 3760 nisi

342 3780 576 3836 Balaam
606 3779 866 3836 mercede
893 3778 1298 3844 conducerent,
1345 3778 1484 3848 quia
1515 3776 1791 3833 fratribus
1821 3776 2035 3834 molesti

343 3885 458 3925 non
504 3877 690 3926 essent
733 3869 844 3924 nisi
883 3868 1134 3938 primum
1185 3867 1413 3923 diabolo
1455 3866 1668 3936 seipsos
1711 3866 1934 3932 darent,
1981 3875 2036 3924 et

341 3971 474 4011 cum
520 3957 640 4026 ipso
695 3955 1055 4026 postmodum
1101 3954 1234 4010 facti
1285 3953 1588 4009 unanimes
1629 3959 1828 4007 contra
1861 3951 2038 4007 bonos

342 4043 492 4100 bella
523 4043 842 4100 miscerent.

411 4132 478 4188 In
509 4147 626 4203 quo
657 4132 824 4202 plane
857 4130 1174 4186 notandum
1223 4138 1308 4186 est
1354 4129 1492 4200 quia
1520 4129 1807 4200 quidquid
1839 4129 2036 4199 mysti-

341 4234 476 4277 cum
498 4219 555 4275 in
583 4219 836 4276 Ecclesia
866 4218 951 4288 fit,
972 4233 1085 4275 non
1118 4218 1312 4274 minus
1343 4218 1600 4286 reprobis
1640 4231 1817 4288 quam
1846 4218 2038 4274 electis

342 4308 660 4376 secundum
705 4307 1183 4377 dispensationem
1223 4321 1524 4362 commune
1563 4307 1669 4370 sit;
1711 4315 1768 4364 et
1812 4307 2038 4377 Baptis-

2142 3167 2264 3222 rius
2320 3165 2658 3235 peragendis
2722 3179 2927 3220 sumus
3021 3164 3184 3220 bonis
3246 3163 3588 3230 consimiles,
3656 3165 3863 3220 simus

2139 3256 2310 3310 etiam
2363 3255 2699 3319 introrsum,
2745 3253 2974 3320 affectu,
3023 3261 3080 3309 et
3135 3251 3342 3308 effectu
3387 3253 3560 3308 totius
3611 3253 3859 3322 pietatis

2137 3343 2412 3412 aquales.
2453 3343 2534 3397 Sit
2581 3343 2725 3397 liber
2775 3350 2964 3396 noster
3001 3356 3074 3396 ex
3124 3356 3240 3411 quo
3309 3350 3518 3398 nostrae
3569 3344 3860 3411 procedat

2144 3435 2336 3484 textus
2379 3429 2671 3490 orationis.
2718 3441 2866 3498 pura
2909 3427 3275 3494 conscientia,
3333 3442 3405 3483 ne
3447 3428 3586 3482 dum
3637 3427 3859 3498 lingua

2143 3517 2268 3572 aliis
2315 3517 2465 3573 bona
2516 3516 2847 3580 annuntiat,
2909 3515 3121 3585 peccati
3189 3515 3464 3571 memoria
3509 3529 3612 3571 nos
3679 3517 3858 3571 intus

2143 3606 2416 3672 mordeat,
2448 3619 2580 3674 quae
2609 3603 2910 3660 locutionis
2940 3603 3218 3672 impetum
3249 3603 3474 3659 occulta
3504 3603 3856 3660 confusione

2145 3692 2470 3763 praepediat.
2537 3693 2862 3748 Sermonem
2917 3693 3200 3762 praecedat
3249 3692 3450 3760 oratio,
3493 3700 3556 3748 ut
3607 3692 3858 3749 animus

2143 3781 2578 3838 fervensamore
2628 3781 2824 3836 divino
2871 3781 3157 3848 ardenter,
3213 3795 3344 3850 qua:
3387 3781 3455 3836 de
3506 3783 3616 3836 Deo
3645 3783 3856 3850 sentit,

2142 3871 2431 3938 enuntiet,
2462 3877 2526 3926 ut
2567 3869 2716 3925 sicut
2750 3869 2905 3939 apud
2949 3884 3008 3925 se
3034 3869 3381 3925 intrinsecus
3408 3869 3589 3935 ardet,
3621 3869 3706 3924 sic
3739 3883 3855 3926 au-

2143 3958 2393 4014 ditorum
2447 3957 2620 4012 corda
2699 3956 3034 4012 inflammet.
3106 3956 3300 4012 Sertno
3359 3971 3610 4028 namque
3659 3959 3860 4026 tepide

2144 4047 2533 4118 languideque
2592 4046 2869 4116 prolatus,
2925 4060 3057 4101 cum
3117 4060 3221 4100 nec
3294 4045 3393 4116 ipsi
3455 4044 3556 4116 qui
3603 4046 3856 4114 profert,

2145 4135 2380 4205 placeat,
2426 4134 2567 4189 mire
2611 4134 2819 4190 mirum
2858 4141 3004 4190 esset
3049 4132 3093 4188 si
3133 4133 3406 4203 cuiquam
3447 4132 3750 4204 gplaceret;
3800 4144 3860 4191 et

2145 4224 2218 4279 ab
2245 4223 2382 4279 eliso
2405 4231 2459 4278 et
2501 4223 2728 4293 jacente
2777 4223 2968 4277 dictus
3016 4221 3158 4277 alios
3205 4221 3427 4292 erigere
3473 4230 3676 4292 posset,
3712 4238 3858 4279 cum

2148 4311 2344 4382 procul
2374 4311 2551 4368 dubio
2591 4311 2813 4380 experti
2860 4310 3042 4366 simus
3090 4309 3422 4380 hujusmodi
3457 4310 3699 4366 verbum
3735 4326 3857 4366 non

343 4411 497 4464 mus,
534 4403 590 4452 et
641 4395 1026 4462 Eucharistia,
1076 4403 1132 4451 et
1175 4394 1419 4463 Spiritus
1464 4395 1616 4450 datio
1655 4409 1768 4450 non
1813 4395 2034 4451 melius»
2069 4408 2111 4462 ι)
2148 4398 2370 4455 animos
2411 4399 2772 4458 audientium
2845 4399 3043 4454 sedare
3106 4399 3305 4464 solere,
3379 4397 3474 4453 sed
3522 4397 3856 4468 opprimere

344 4491 633 4554 quantum
663 4483 735 4538 ad
761 4482 1064 4550 utilitatem
1103 4481 1558 4552 suscipientium,
1600 4481 2040 4538 administratur

344 4571 592 4641 aprobis
616 4585 794 4642 quam
841 4570 1016 4628 datur
1055 4585 1089 4626 a
1135 4569 1404 4640 reprobis.
1458 4570 1574 4626 Etsi
1605 4569 1754 4627 enim
1795 4569 2040 4640 Spiritus

344 4670 579 4718 sanctus
622 4659 874 4730 effugere
919 4659 1147 4716 dicatur
1185 4659 1378 4714 fictum
1429 4661 1583 4729 (Sap.
1621 4675 1657 4727 t,
1705 4659 1780 4727 5),
1831 4667 2040 4716 notan-

345 4749 484 4805 dum
545 4757 736 4805 tamen
790 4747 945 4819 quod
991 4747 1376 4816 interponitur
1447 4745 1768 4817 disciplina.
1823 4747 2039 4819 Effugit

346 4845 539 4894 autem
567 4843 853 4908 quantum
875 4836 947 4892 ad
975 4849 1141 4892 suam
1167 4836 1420 4904 ipsorum
1449 4835 1688 4892 salutem
1712 4835 1814 4906 qui
1837 4835 2042 4891 vivunt

349 4926 603 4997 indigne,
636 4925 795 4981 adest
841 4939 973 4980 vero
1003 4931 1290 4995 quantum
1326 4939 1424 4995 per
1456 4924 1604 4993 ipsos
1631 4924 1788 4980 omni
1817 4924 2044 4982 miseria

347 5014 691 5086 squalentes,
722 5013 849 5070 aliis
875 5011 1197 5084 largissima
1255 5011 1537 5069 ministrat
1576 5027 1697 5069 suae
1723 5012 1874 5068 dona
1918 5025 2046 5084 gra-

350 5103 462 5176 tiae.
484 5101 712 5160 Canalis
743 5115 926 5172 aquas
953 5100 1176 5173 accipit,
1221 5101 1319 5158 sed
1353 5100 1425 5158 ad
1457 5100 1562 5158 hoc
1585 5099 1771 5157 solum
1804 5108 1866 5157 ut
1902 5095 2044 5157 alias

349 5189 737 5258 transmittat;
770 5196 824 5245 et
845 5187 904 5245 hi
935 5203 1048 5244 non
1098 5187 1445 5246 dissimiliter
1491 5187 1703 5245 habent
1731 5188 1914 5254 alteri,
1949 5188 2044 5246 sed

348 5293 463 5334 non
485 5277 697 5334 habent
734 5277 861 5334 sibi.
907 5277 1180 5348 Spiritum
1237 5291 1372 5334 vero
1415 5275 1728 5347 disciplina:
1772 5291 1886 5332 non
1937 5275 2046 5332 ha-

348 5367 502 5432 bent,
536 5366 677 5437 quia
723 5367 781 5421 in
827 5366 1020 5422 labore
1085 5365 1382 5422 hominum
1437 5379 1550 5420 non
1606 5372 1762 5434 sunt,
1810 5372 1866 5422 et
1911 5379 2044 5422 cum

349 5454 678 5511 hominibus
710 5453 983 5524 ﬂagellari
1031 5468 1146 5510 non
1195 5459 1494 5508 merentur
1541 5453 1702 5518 (Psal.
1737 5467 1907 5521 Lxxn,
1949 5453 2042 5520 5);

349 5551 558 5602 etcum
588 5551 754 5600 extra
783 5543 1145 5614 disciplinam
1183 5541 1318 5608 sint,
1351 5538 1668 5596 secundum
1711 5540 2046 5612 Apostolum

351 5631 528 5700 (Hebr.
551 5647 650 5711 xu,
681 5634 735 5700 8)
767 5630 1034 5706 adulteri,
1056 5636 1111 5685 et
1149 5643 1266 5685 nou
1299 5627 1396 5684 filii
1418 5634 1571 5684 sunt.

2147 4485 2392 4559 fastidio,
2447 4495 2502 4542 et
2557 4485 2629 4542 ad
2675 4485 2817 4541 iram
2872 4485 3126 4557 graviter
3177 4485 3420 4540 irritare.
3470 4484 3611 4542 Cum
3647 4485 3855 4558 itaque

2146 4574 2384 4631 rationis
2410 4589 2652 4630 acumen
2708 4574 2900 4629 minus
2951 4573 3008 4628 in
3059 4573 3222 4629 nobis
3251 4573 3444 4643 vigere
3483 4573 3772 4631 sentimus
3800 4581 3850 4630 4

2145 4673 2202 4721 et
2248 4663 2475 4733 loquela
2523 4671 2716 4718 nostra
2752 4661 3115 4730 obtunditur,
3164 4666 3218 4717 et
3275 4661 3427 4731 quod
3486 4662 3596 4717 dici
3639 4663 3852 4720 debeat

2149 4767 2263 4809 non
2313 4751 2590 4817 abundat,
2671 4758 2727 4806 et
2783 4765 2944 4806 mens
3009 4751 3068 4808 in
3128 4758 3284 4806 arcto
3334 4751 3511 4820 posita
3558 4751 3848 4808 defectum

2149 4841 2383 4912 patitur,
2423 4847 2484 4896 ut
2540 4840 2757 4895 aestimo
2813 4839 2885 4894 ad
2952 4837 3169 4895 nullius
3228 4838 3527 4896 utilitatem
3571 4852 3646 4895 ex
3707 4848 3853 4898 tunc

2149 4942 2336 4984 sermo
2367 4927 2698 4998 porrigitur.

2220 5016 2364 5072 Nam
2395 5015 2438 5071 si
2470 5014 2704 5088 quando
2729 5014 2888 5070 verbi
2931 5013 3092 5085 copia
3131 5014 3432 5083 exuberat,
3463 5023 3517 5071 et
3549 5015 3620 5071 ad
3657 5019 3852 5073 cordis

2151 5104 2424 5176 placitum
2452 5103 2652 5174 lingua
2673 5103 3055 5173 progreditur,
3079 5102 3286 5173 longus
3306 5103 3482 5159 nimie
3513 5103 3630 5159 ﬁeri
3662 5119 3852 5162 sermo

2153 5207 2266 5248 non
2314 5191 2498 5258 debet,
2549 5199 2770 5262 quanto
2815 5190 3012 5246 minus
3045 5205 3193 5246 cum
3245 5205 3348 5246 nec
3397 5191 3672 5247 memoria
3715 5207 3853 5264 sup-

2155 5279 2291 5351 petit
2318 5281 2718 5346 dicendorum,
2775 5288 2830 5336 et
2867 5279 3082 5336 locutio
3131 5279 3500 5350 prtepeditur,
3531 5288 3587 5336 et
3617 5281 3852 5339 animus

2154 5377 2355 5438 torpet.
2405 5368 2568 5438 Apud
2621 5368 2851 5426 beatum
2887 5368 3253 5425 Ambrosium
3294 5369 3390 5438 (De
3426 5371 3645 5438 ofﬁciis,
3673 5369 3774 5427 lib.
3808 5388 3844 5436 ι,

2154 5469 2203 5509 c.
2234 5453 2328 5520 2‘2)
2359 5453 2571 5522 legitur
2617 5455 2756 5522 quia
2791 5466 2978 5507 sermo
3027 5452 3294 5508 tzediosus
3329 5453 3468 5507 iram
3509 5457 3760 5524 excitat;
3793 5464 3848 5511 et

2155 5557 2285 5598 cum
2315 5543 2533 5614 {eadem
2597 5541 2805 5611 saepius
2860 5541 3228 5610 replicantur,
3277 5541 3365 5598 vel
3415 5541 3566 5597 ultra
3609 5543 3842 5599 modum

2155 5630 2382 5687 diversa
2403 5629 2642 5688 dicendo
2696 5628 3034 5696 tenduntur,
3089 5627 3209 5688 fieri
3252 5627 3382 5686 inde
3414 5629 3554 5686 solet
3585 5639 3651 5687 ut
3680 5629 3844 5688 taedio
