3966 6446
144 396 213 449 25
1130 388 1342 445 LIBER
1380 385 1523 452 QUO
1563 386 1825 443 OBDINE
1864 383 2109 443 SERMO
2151 383 2343 443 FlEliI
2385 385 2687 442 DEBEAT.
3599 387 3669 440 26

149 526 313 583 victis
368 524 568 583 omnia
622 522 854 595 pariter,
909 518 1113 592 prima,
1147 518 1337 575 media
1363 525 1418 575 et
1454 517 1654 575 ultima
1683 516 1847 574 aufe-
1878 523 1926 577 Α
1962 532 2115 574 mur.
2152 516 2323 575 Verbi
2351 516 2539 590 gratia
2578 516 2954 584 Hierusalem,
2988 516 3307 572 secundum
3344 514 3667 582 historiam,

152 623 381 679 rantur,
434 621 492 670 et
543 628 672 683 quae
714 611 979 682 prodesse
1038 623 1223 680 pauca
1270 615 1551 678 poterant,
1596 607 1773 663 nimia
1801 613 1856 663 et

150 704 457 762 indiscrete
478 702 679 768 eil'nsa,
713 700 770 756 in
811 698 1103 756 fastidium
1140 706 1196 754 et
1253 711 1394 768 pene
1428 695 1854 767 quodammodo

151 793 206 847 in
237 792 438 848 odium
464 798 785 847 vertantur.

221 881 367 937 Nam
398 884 546 937 scut
572 880 841 935 victualia
870 877 1059 934 sobrie
1084 882 1315 946 sumpta
1362 875 1434 931 ad
1457 875 1713 946 corporis
1743 888 1853 930 nu-

151 969 490 1026 trimentum
538 970 591 1022 in
640 980 875 1037 corpore
928 972 1282 1035 permanent,
1318 962 1687 1019 immoderate
1723 975 1855 1017 vero

153 1066 356 1113 vorata
386 1058 445 1113 in
468 1057 875 1131 detrimentum
913 1061 1181 1125 vergunt,
1225 1063 1282 1109 et
1320 1052 1600 1109 vomitum
1646 1066 1855 1122 provo-

152 1156 319 1217 cant;
357 1155 412 1203 et
453 1146 556 1216 qui
612 1144 829 1201 semine
876 1130 1128 1214 legitimo
1172 1151 1226 1198 et
1272 1155 1441 1212 parce
1488 1141 1856 1211 modesteque

151 1235 304 1289 edito
359 1234 593 1305 coniugi
650 1233 940 1298 miscetur,
985 1230 1197 1301 prolem
1238 1238 1414 1297 creat,
1448 1230 1547 1301 qui
1582 1244 1719 1286 vero
1766 1244 1858 1285 se—

154 1323 307 1379 mine
336 1322 487 1389 nuit,
518 1322 659 1377 nihil
694 1323 829 1377 utile
859 1321 1052 1388 efficit,
1096 1320 1193 1377 sed
1249 1334 1482 1376 carnem
1529 1318 1703 1375 fmdat
1737 1335 1750 1373 :
1781 1319 1858 1374 ita

153 1411 251 1482 qui
293 1412 473 1467 nimie
523 1412 764 1466 verbum
824 1409 1056 1481 profert,
1109 1416 1165 1466 et
1217 1409 1273 1465 id
1316 1409 1471 1480 quod
1523 1409 1857 1465 auditorum

150 1488 426 1556 c'ordibus
458 1501 696 1556 insitum
733 1511 875 1565 erat,
907 1508 962 1555 et
1015 1499 1287 1570 prolicere
1345 1505 1583 1568 poterat,
1634 1495 1847 1554 aufert.

150 1589 295 1645 Cum
325 1599 382 1645 ct
402 1603 539 1660 ergo
596 1588 833 1659 grandis
861 1588 1037 1644 animi
1099 1588 1287 1644 fervor
1317 1587 1647 1658 praedicanti
1682 1587 1857 1653 adest,

150 1686 204 1734 et
257 1678 565 1748 multiplex
618 1678 1051 1734 tractandorum
1111 1676 1349 1733 materia
1411 1677 1699 1733 memoriae
1743 1691 1857 1732 non

150 1767 330 1835 deest,
361 1766 647 1824 facundiae
677 1781 912 1838 quoque
939 1766 1285 1836 possibilitas
1312 1773 1367 1822 et
1389 1773 1631 1822 ornatus
1656 1779 1859 1821 neces-

150 1856 300 1912 sitati
364 1866 647 1926 superest,
715 1862 911 1926 penset
965 1868 1167 1911 eorum
1222 1853 1325 1925 qui
1391 1853 1858 1911 tacitecaudiunt

153 1945 476 2002 imbecillas
533 1943 703 2010 vires,
748 1943 1074 2015 meliusque
1112 1943 1230 2000 fore
1283 1950 1348 2000 ut
1399 1957 1583 2013 pauca
1612 1950 1666 1998 et
1696 1950 1857 2014 grate

148 2034 565 2105 suscipiantur,
617 2047 794 2104 quam
847 2033 1151 2090 innumera
1178 2047 1250 2089 ex
1281 2033 1499 2104 quibus
1530 2032 1692 2089 nulla
1722 2032 1857 2088 reti—

148 2131 421 2191 neantur,
485 2122 775 2193 finemque
822 2122 1008 2178 facere
1054 2136 1170 2178 non
1229 2121 1475 2189 differat,
1510 2129 1573 2179 ut
1620 2136 1857 2178 rursum

148 2227 280 2268 cum
310 2226 633 2269 sermonem
659 2212 920 2269 facturus
956 2220 1060 2279 est,
1119 2211 1338 2269 alacres
1383 2226 1479 2268 eos
1524 2226 1640 2267 non
1698 2211 1856 2267 fasti-

149 2300 338 2357 diosos
376 2301 659 2357 inveniat.

223 2391 505 2447 Praeterea
528 2397 583 2446 et
613 2389 772 2445 aliud
805 2389 1192 2447 intimandum
1239 2396 1342 2458 est,
1379 2398 1442 2446 ut
1478 2390 1689 2446 scilicet
1718 2390 1857 2446 dum

153 2479 464 2535 illitteratus
521 2479 671 2535 levia
722 2486 778 2535 et
828 2478 1000 2549 plana
1054 2478 1349 2550 praedicat.
1397 2478 1659 2536 lilteratis
1685 2480 1857 2536 etiam

153 2583 283 2638 quae
312 2568 422 2623 sibi
476 2567 821 2624 conveniant
870 2567 1209 2624 sublimiora
1245 2567 1446 2638 aliqua
1476 2569 1859 2627 intermiscere

152 2658 401 2722 studeat,
437 2664 494 2713 et
546 2657 686 2713 dum
727 2656 817 2712 his
864 2671 997 2728 quae
1065 2657 1369 2727 capacitati
1426 2672 1547 2713 sua:
1600 2658 1861 2729 placeant

154 2746 439 2816 propinat,
480 2746 557 2801 ita
584 2745 851 2816 explicet,
897 2753 952 2802 et
1001 2753 1065 2802 ut
1096 2746 1173 2802 ita
1207 2746 1395 2802 dicam
1439 2746 1693 2817 quadam
1743 2747 1859 2804 cir-

151 2834 600 2890 cumlocutionis
648 2834 800 2889 mola
851 2834 1194 2890 conterendo
1249 2844 1520 2905 exponat,
1589 2843 1643 2891 et
1703 2818 1859 2906 quod

151 2922 368 2979 durum
402 2937 472 2979 ac
501 2922 729 2978 difiicile
778 2923 950 2979 etiam
993 2923 1173 2980 doctis
1202 2924 1366 2994 prius
1404 2923 1732 2994 videbatur,
1783 2926 1861 2981 ita

151 3012 412 3068 lucidum
440 3020 495 3067 et
529 3019 794 3081 apertum
824 3012 1045 3081 reddat,
1081 3021 1146 3069 ut
1190 3013 1382 3069 idiotis
1412 3027 1479 3069 ac
1502 3013 1861 3083 simplicibus

155 3100 529 3169 perspicuum
586 3100 741 3170 quod
801 3100 1016 3157 dicitur
1070 3116 1194 3157 esse
1252 3103 1666 3172 queat.‘Sicut
1703 3105 1859 3159 enim

153 3188 421 3258 puerulis
452 3188 617 3244 lactis
661 3188 1002 3245 alimentum
1051 3189 1330 3247 familiare
1359 3198 1443 3248 est
1474 3199 1529 3248 et
1560 3192 1724 3248 valde
1758 3207 1855 3248 ne-

152 3277 493 3345 cessarium,
516 3284 593 3348 .ut
623 3276 745 3334 sine
800 3278 945 3334 lacte
973 3293 1089 3335 non
1131 3294 1289 3350 posse
1345 3281 1539 3337 vivere
1594 3281 1865 3337 credatur

154 3363 423 3431 infantes,
477 3380 579 3420 nec
619 3365 723 3421 soli
781 3372 973 3421 tamen
1027 3381 1092 3422 eo
1143 3376 1384 3423 utantur
1447 3368 1711 3434 infantes,
1766 3370 1862 3424 sed

156 3452 415 3509 infractis
449 3468 665 3522 panum
707 3454 919 3510 crustis
946 3453 1119 3510 etiam
1156 3455 1513 3525 quibuslibet
1539 3457 1865 3528 grandaevis

155 3550 385 3611 praestet
415 3542 634 3607 cibum,
684 3544 765 3598 sic
816 3542 1161 3615 plerumque
1211 3559 1343 3600 cum
1387 3547 1563 3618 vulgo
1618 3545 1862 3615 simplex

154 3630 418 3687 doctrina
444 3631 808 3702 proponitur,
848 3640 903 3688 et
942 3632 1162 3702 aliquid
1195 3640 1386 3695 tamen
1412 3642 1643 3705 propter
1694 3635 1865 3690 intel-

157 3721 519 3791 ligibiliores,
553 3720 651 3777 ubi
671 3735 871 3777 eorum
899 3730 1283 3778 exerceantur
1340 3723 1589 3793 ingenia,
1657 3723 1863 3778 ibidem

157 3810 525 3866 interseritur
561 3808 636 3865 ita
668 3824 897 3879 pascere
936 3811 1231 3867 consuevit
1279 3810 1527 3879 hebetes,
1582 3820 1646 3869 ut
1692 3812 1864 3868 etiam

156 3898 445 3954 solidioris
470 3898 929 3954 additamentum
960 3899 1168 3967 victus,
1199 3900 1252 3956 id
1285 3907 1369 3956 est
1393 3899 1689 3971 interjecta
1726 3916 1865 3971 pon-

155 3987 433 4044 derosiori
482 3988 761 4044 sententia
803 3988 1083 4045 delectare
1130 3989 1307 4046 soleat
1339 3990 1642 4060 sapientes.
1675 3990 1867 4047 Solent

155 4078 364 4133 etenim
424 4077 483 4132 in
544 4077 887 4133 tractatibus
947 4077 1385 4149 evangeliorum
1452 4080 1749 4135 sententiae
1796 4079 1866 4134 de

159 4166 343 4222 Veteri
372 4166 739 4221 Testamento
780 4166 1052 4223 adhibita:
1090 4167 1384 4223 auditores
1417 4168 1651 4223 reddere
1685 4167 1867 4238 magis

159 4254 428 4320 intentos,
483 4253 623 4324 quia
650 4253 789 4309 dum
825 4254 1124 4324 quidpiam
1155 4269 1356 4310 eorum
1391 4255 1615 4311 auditui
1648 4270 1864 4312 novum

163 4342 413 4410 insonat,
443 4341 666 4397 animos
704 4341 870 4412 quasi
898 4356 968 4399 ex
1011 4343 1265 4413 quadam
1300 4342 1647 4411 voluptuosa
1694 4359 1865 4400 sono-

1961 607 2163 662 civitas
2198 615 2282 662 est
2325 607 2632 677 quaedam;
2665 607 2987 663 secundum
3016 606 3372 676 allegoriam,
3405 611 3665 661 sanctam

1962 697 2272 752 Ecclesiam
2304 696 2675 767 significans;
2709 696 3029 751 secundum
3062 696 3461 767 tropologiam.
3499 694 3554 749 id
3585 702 3670 751 est

1964 785 2363 852 moralitatem,
2409 784 2605 840 anima
2646 785 2828 840 fidelis
2872 784 3183 855 cujuslibet
3233 784 3335 855 qui
3369 784 3440 839 ad
3490 782 3669 839 visio-

1962 888 2092 930 nem
2144 876 2299 944 pacis
2354 884 2581 930 zeternaa
2630 874 2898 945 anhelat;
2955 874 3276 930 secundum
3340 886 3665 943 anagogen,

1962 963 2274 1019 cmlestium
2340 963 2555 1020 civium
2615 965 2814 1031 vitam,
2849 963 2951 1035 qui
3014 963 3192 1019 Deum
3244 962 3483 1017 deorum
3528 960 3670 1017 facie

1963 1052 2213 1109 revelata
2258 1052 2314 1108 in
2348 1053 2482 1109 Sion
2532 1052 2744 1121 vident,
2785 1053 2996 1124 signat.
3034 1054 3123 1108 Ex
3166 1050 3255 1107 his
3295 1052 3474 1123 igitur
3516 1062 3670 1120 qua-

1964 1148 2095 1197 tuor
2154 1142 2353 1209 modis,
2384 1142 2510 1198 licet
2577 1143 2766 1198 omnis
2819 1143 2937 1198 fieri
2994 1142 3191 1213 possit,
3241 1148 3343 1197 aut
3392 1146 3543 1196 certe
3598 1151 3670 1194 ex

1964 1230 2228 1302 singulis,
2283 1239 2473 1288 tamen
2504 1230 2550 1287 si
2584 1231 2725 1302 quid
2776 1231 2979 1288 utilius
3013 1230 3083 1286 ad
3134 1244 3333 1286 curam
3385 1227 3673 1284 interioris

1967 1320 2213 1377 hominis
2259 1329 2553 1391 pensetur,
2606 1319 2789 1391 magis
2839 1319 3139 1377 commoda
3181 1333 3249 1375 ac
3293 1315 3673 1389 intelligibilis

1967 1412 2023 1466 in
2059 1410 2358 1466 tractando
2395 1409 2686 1465 moralitas
2705 1424 2824 1465 esse
2847 1410 3094 1466 videtur.

2039 1500 2327 1571 Allegoria
2371 1512 2508 1554 sane
2542 1498 2682 1553 dum
2733 1498 2789 1552 in
2820 1497 3165 1568 propheticis
3232 1494 3671 1566 apostolicisque

1966 1588 2127 1645 libris
2168 1587 2530 1657 disquiritur.
2568 1600 2708 1657 pene
2761 1585 2901 1641 nihil
2944 1586 3100 1641 aliud
3128 1599 3304 1656 quam
3338 1584 3505 1640 tidem
3545 1583 3676 1640 aedi-

1965 1685 2094 1748 cat;
2125 1678 2267 1748 quia
2314 1676 2546 1742 scilicet,
2574 1675 2714 1731 dum
2769 1674 3144 1731 multifariam
3204 1673 3518 1743 multisque
3547 1687 3673 1727 mo-

1967 1767 2055 1823 dis
2077 1766 2212 1822 olim
2244 1767 2426 1821 Deum
2472 1764 2799 1835 loquentem
2832 1764 2887 1818 in
2924 1762 3217 1834 prophetis
3262 1768 3474 1817 attente
3526 1759 3672 1831 legi—

1889 1833 1930 1888 B
1970 1870 2120 1921 mus,
2152 1854 2466 1913 Christiani
2520 1833 2793 1925 temporis
2839 1833 3199 1910 sacramenta
3240 1849 3476 1907 indubie
3524 1863 3675 1920 prae-

1967 1945 2235 2002 nuntiata
2283 1944 2494 2001 ibidem
2544 1943 2951 2013 comperimus.
2998 1941 3099 1997 Dei
3150 1955 3285 1996 vero
3326 1938 3514 2011 gratia
3549 1938 3672 2009 jam

1969 2034 2108 2091 fides
2136 2034 2397 2089 omnium
2425 2032 2696 2089 cordibus
2726 2030 2997 2098 innotuit,
3035 2042 3215 2100 quam
3243 2029 3348 2085 etsi
3383 2027 3675 2084 inculcare

1966 2122 2177 2194 szepius
2206 2136 2273 2179 ac
2326 2129 2636 2179 retractare
2682 2119 3048 2176 auditoribus
3091 2117 3369 2188 oportuit,
3428 2129 3543 2171 non
3575 2113 3676 2170 mi-

1966 2227 2080 2268 nus
2111 2219 2322 2277 tamen,
2355 2210 2468 2267 imo
2497 2209 2676 2266 multo
2705 2208 2965 2264 crebrius
2991 2221 3060 2262 ea
3099 2220 3231 2277 quas
3262 2219 3448 2262 mores
3474 2217 3674 2260 eorum

1967 2302 2265 2357 instituere
2306 2300 2543 2370 possint,
2590 2298 2777 2355 dicere
2827 2296 3116 2353 convenit.
3153 2294 3405 2351 Facilius
3433 2292 3591 2349 enim
3621 2298 3678 2346 et

1967 2391 2230 2448 securius
2271 2390 2342 2447 de
2401 2390 2681 2445 virtutum
2733 2394 2946 2443 natura
3020 2384 3356 2441 disserimus
3403 2393 3581 2452 quam
3610 2379 3679 2434 de

1969 2481 2099 2537 fidei
2130 2478 2505 2536 sacramentis
2534 2478 2603 2533 de
2635 2476 2852 2548 quibus
2907 2473 3072 2531 valde
3126 2471 3416 2529 moderate
3462 2468 3673 2539 aliqui-

1969 2571 2079 2627 bus
2130 2568 2487 2639 loquendnm
2547 2574 2648 2633 est,
2718 2566 3103 2635 disputamus.
3175 2562 3355 2617 Error
3420 2572 3676 2627 namque

1967 2660 2162 2716 minus
2185 2656 2641 2728 iutelligentibus
2667 2669 2740 2710 ex
2765 2653 2936 2709 nimis
2967 2651 3253 2723 profunda
3274 2646 3680 2719 praedicatione

1967 2748 2233 2821 generari
2274 2754 2492 2817 potest;
2546 2760 2621 2802 ex
2670 2744 2873 2801 morali
2928 2750 3121 2798 autem
3157 2737 3519 2795 institutione
3559 2749 3676 2791 ma-

1968 2839 2122 2895 xime
2148 2838 2286 2894 solet
2315 2837 2539 2906 acquiri
2572 2832 2933 2891 discretionis
2973 2830 3210 2887 utilitas.

2039 2924 2314 2995 Quamvis
2359 2926 2554 2994 itaque
2596 2921 2943 2994 allegoricus
2999 2933 3223 2986 sensus,
3267 2915 3311 2972 si
3361 2911 3677 2985 aliquando

1971 3016 2223 3073 sermoni
2281 3013 2686 3079 admisceatur,
2724 3011 3040 3081 plurimum
3070 3021 3192 3064 esse
3230 3005 3404 3062 soleat
3461 3001 3678 3074 gratio~

1893 3139 1934 3195 ο
1970 3121 2089 3171 sus,
2129 3113 2185 3161 et
2232 3104 2279 3159 si
2310 3103 2608 3169 dicuntur,
2644 3108 2700 3157 et
2750 3112 2884 3155 vere
2941 3095 3251 3195 aliquoties
3298 3093 3409 3195 diei
3469 3091 3677 3191 debent

1971 3195 2172 3265 aliqua
2218 3208 2353 3265 quae
2401 3193 2469 3248 ad
2528 3191 2692 3247 fidem
2755 3196 2811 3246 et
2866 3184 3305 3255 intelligentiam
3365 3181 3677 3250 Scripturae

1972 3296 2149 3338 sacrae
2208 3295 2311 3336 nos
2340 3274 2625 3343 imbuant,
2683 3283 2873 3331 tamen
2919 3281 3035 3329 tota
3094 3271 3254 3327 verbi
3310 3268 3490 3325 nostri
3528 3268 3681 3339 vigi-

1973 3369 2154 3424 lantia
2202 3369 2272 3424 de
2325 3373 2376 3422 5
2427 3366 2679 3422 motibus
2718 3362 3009 3421 interioris
3054 3360 3323 3426 hominis,
3380 3358 3433 3413 id
3465 3364 3550 3414 est
3580 3371 3681 3412 co-

1973 3456 2349 3529 gitationibus
2380 3455 2680 3517 habeatur.
2720 3466 2975 3523 quarum
3023 3449 3212 3521 passio
3245 3456 3357 3503 tam
3413 3446 3684 3502 omnibus

1972 3545 2298 3602 communis
2343 3552 2448 3611 est,
2504 3551 2566 3599 ut
2643 3549 2925 3598 tractatus
2996 3536 3330 3609 huiusmodi
3385 3534 3553 3603 nulli,
3618 3540 3684 3589 ut

1974 3636 2243 3703 arbitror,
2272 3633 2449 3705 possit
2480 3646 2603 3688 esse
2653 3631 2957 3694 obscurus,
2992 3626 3305 3699 praesertim
3346 3639 3480 3681 cum
3512 3636 3685 3679 unus-

1974 3725 2225 3796 quisque
2252 3724 2402 3779 intra
2428 3722 2678 3792 seipsum
2723 3719 2890 3790 quasi
2924 3718 2981 3773 in
3013 3717 3159 3773 libro
3188 3714 3467 3784 scriptum
3499 3719 3682 3768 atten-

1973 3816 2072 3872 dat
2100 3812 2385 3884 quidquid
2439 3811 2509 3867 de
2538 3808 2781 3866 diversis
2828 3805 3242 3864 tentationibus
3292 3800 3684 3872 praedicatoris

1975 3905 2178 3974 lingua
2238 3907 2528 3959 retractat.

2044 3994 2171 4050 Non
2202 3991 2386 4062 magis
2428 3997 2619 4046 autem
2661 3986 2731 4042 de
2773 3984 2997 4055 origine
3025 3992 3127 4041 aut
3178 3979 3441 4039 custodia
3492 3979 3682 4035 virtu—

1975 4090 2120 4143 tum.
2154 4095 2330 4152 quam
2367 4079 2436 4135 de
2466 4075 2935 4134 concatenatione
2963 4082 3019 4131 ct
3058 4073 3199 4144 fuga
3229 4071 3500 4126 vitiorum
3562 4067 3682 4123 fieri

1973 4169 2286 4227 admonitio
2315 4168 2511 4234 debet;
2564 4165 2664 4222 ubi
2723 4163 2918 4219 doctor
2946 4176 3079 4233 quae
3130 4159 3244 4215 sint
3301 4156 3594 4214 naturalia
3629 4162 3684 4211 et

1975 4275 2107 4331 quae
2137 4266 2305 4315 extra
2335 4262 2605 4313 naturam
2635 4253 2795 4321 vitia,
2832 4267 2966 4325 qua;
2996 4251 3169 4307 etiam
3221 4262 3294 4305 ex
3346 4247 3475 4303 aliis
3505 4259 3684 4317 gene—

1976 4357 2199 4411 rentur,
2232 4355 2286 4403 et
2317 4360 2494 4417 quam
2539 4344 2860 4415 perniciosa
2909 4356 2980 4397 ex
3028 4339 3230 4410 seipsis
3257 4344 3313 4393 et
3340 4350 3413 4392 ex
3442 4335 3525 4391 eis
3554 4348 3686 4405 quae

161 4437 324 4486 “me
359 4431 621 4485 ίηηονὶιι·
654 4430 771 4485 Ηου
829 4430 918 4485 his
979 4429 1312 4501 contingere
1372 4431 1511 4487 SOlel
1558 4431 1660 4502 qui
1710 4432 1865 4488 Stfl‘i-
1896 4444 1940 4499 ι)
1978 4440 2051 4495 ab
2092 4437 2231 4507 ipsis
2262 4438 2691 4507 propagantur,
2723 4433 2857 4499 sint,
2889 4431 3028 4487 dum
3057 4429 3364 4499 diligenter
3397 4439 3464 4481 ac
3492 4422 3687 4479 distin-

161 4526 346 4587 pturze
378 4526 601 4575 secreta
631 4518 874 4575 libenter
914 4518 1224 4590 inquirunt
1278 4526 1333 4575 et
1384 4534 1609 4590 semper
1652 4521 1872 4577 discere

162 4616 461 4677 quierunt.
495 4607 723 4664 Placere
751 4608 925 4664 etiam
953 4607 1247 4664 nonnullis
1291 4609 1678 4679 comperimus
1727 4611 1869 4666 sim—

164 4695 337 4766 plices
369 4695 661 4763 historias,
691 4703 746 4751 et
787 4704 1044 4751 veterum
1081 4703 1240 4767 gesta
1293 4697 1542 4752 sermoni
1577 4696 1867 4766 inducere,

162 4792 215 4839 et
245 4784 335 4840 his
363 4783 642 4840 omnibus
670 4783 838 4855 quasi
868 4797 941 4840 ex
962 4783 1207 4840 diversis
1239 4784 1525 4856 picturam
1582 4786 1872 4844 coloribus

163 4874 469 4929 adornare.
1717 4926 1729 4937 .
1816 4942 1823 4949 ,

233 4962 559 5018 Dicendum
606 4962 776 5018 etiam
831 4961 996 5019 nobis
1033 4969 1117 5019 est
1165 4962 1300 5033 quis
1328 4969 1608 5019 tractatus
1652 4965 1871 5021 doctori

167 5052 454 5121 pracipue
486 5050 787 5107 habendus
814 5052 905 5107 sit.
959 5050 1219 5119 Quatuor
1256 5060 1393 5110 sunt
1451 5052 1666 5124 regulae
1715 5054 1872 5110 Scri-

165 5150 495 5209 pturarum,
533 5139 751 5209 quibus
796 5140 964 5210 quasi
1022 5140 1370 5210 quibusdam
1423 5141 1560 5198 rotis
1619 5141 1874 5199 volvitur

162 5229 348 5293 omnis
375 5242 547 5284 sacra
578 5229 823 5299 pagina:
861 5229 968 5285 hoc
997 5236 1082 5286 est
1145 5228 1406 5296 historia,
1468 5245 1600 5301 quae
1650 5245 1742 5287 res
1769 5246 1873 5302 ge-

162 5326 277 5373 stas
308 5317 613 5387 loquitur;
645 5316 934 5387 allegoria,
963 5316 1022 5373 in
1056 5332 1175 5389 qua
1203 5332 1276 5375 ex
1319 5318 1432 5374 alio
1458 5319 1617 5376 aliud
1659 5320 1873 5377 intelli-

166 5406 363 5478 gitur;
392 5405 736 5477 tropologia,
780 5404 835 5461 id
883 5414 968 5463 est
1017 5406 1255 5463 moralis
1302 5408 1534 5472 locutio,
1570 5409 1626 5464 in
1658 5424 1778 5479 qua
1805 5410 1876 5466 de

166 5496 431 5551 moribus
512 5494 924 5564 componendis
1019 5495 1479 5567 ordinandisque
1547 5504 1871 5567 tractatur;

165 5596 449 5656 anagoge,
502 5581 822 5653 spiritualis
853 5582 1064 5640 scilicet
1094 5584 1437 5654 intellectus,
1471 5599 1573 5656 per
1604 5600 1776 5656 quem
1807 5586 1877 5643 de

168 5674 411 5730 summis
430 5680 493 5729 et
536 5670 867 5728 cmlestihus
897 5673 1198 5730 tractaturi
1241 5673 1311 5729 ad
1363 5674 1664 5743 superiora
1707 5674 1876 5732 duci-

1979 4535 2065 4583 cte
2095 4527 2277 4593 docet,
2302 4525 2556 4580 fructum
2596 4521 2917 4578 immodicas
2950 4519 3214 4576 utilitatis
3236 4514 3488 4572 exhibet.
3538 4512 3683 4570 Cum

1979 4615 2134 4672 enim
2189 4613 2618 4682 Scripturarum
2691 4608 2884 4665 abdita
2953 4605 3312 4677 simplicibus
3368 4616 3435 4657 ac
3491 4599 3684 4657 idiotis

1978 4711 2374 4775 exponuntur.
2416 4699 2525 4755 cito
2552 4698 2673 4755 suis
2715 4698 3031 4754 elabuntur
3062 4693 3373 4759 memoriis,
3405 4690 3547 4763 quia
3584 4687 3687 4760 qui

1980 4792 2190 4850 assueti
2234 4794 2372 4847 sunt
2428 4788 2562 4844 solis
2618 4787 2792 4844 rebus
2834 4785 3144 4856 corporeis,
3193 4782 3405 4838 mirum
3461 4794 3576 4835 non
3601 4784 3686 4834 est

1979 4883 2116 4939 siin
2146 4879 2565 4951 spiritualibus,
2615 4892 2748 4949 quae
2797 4890 2912 4931 non
2943 4874 3161 4939 vident,
3215 4885 3349 4927 cum
3407 4868 3582 4926 etiam
3628 4867 3687 4923 in

1982 4970 2398 5040 corporalibus,
2432 4982 2564 5038 quae
2594 4964 2795 5021 sentiri
2827 4977 2860 5019 a
2890 4978 2949 5020 se
2978 4977 3047 5019 ac
3074 4960 3257 5018 videri
3290 4965 3550 5032 possunt,
3574 4970 3690 5013 non

1982 5060 2197 5116 habent
2228 5058 2376 5115 vires
2396 5053 2825 5113 recordationis.
2858 5053 3004 5109 Sunt
3033 5066 3172 5109 sane
3219 5049 3402 5120 aliqui
3451 5047 3531 5103 ita
3562 5046 3689 5103 ani-

1982 5150 2162 5205 males
2218 5156 2281 5205 ut
2340 5146 2439 5202 vix
2494 5144 2695 5215 aliqua
2720 5144 2830 5200 nisi
2862 5140 3183 5198 materialia
3220 5147 3276 5195 et
3315 5153 3446 5209 quae
3497 5135 3692 5193 bestiis

1982 5237 2156 5292 etiam
2173 5242 2310 5291 sunt
2338 5233 2652 5302 conspicua
2671 5230 3181 5303 comprehendant,
3212 5236 3268 5284 et
3300 5232 3489 5283 motus
3516 5222 3687 5279 etiam

1984 5339 2089 5380 nec
2127 5338 2242 5379 non
2298 5331 2355 5379 et
2403 5322 2540 5378 vitia
2589 5334 2900 5392 corporum
2954 5334 3020 5375 ac
3057 5316 3390 5374 animorum
3421 5325 3685 5376 suorum,

1983 5427 2116 5484 quae
2168 5411 2560 5467 indesinenter
2618 5411 2675 5466 in
2728 5408 3048 5478 semetipsis
3086 5404 3409 5476 patiuntur,
3452 5398 3691 5457 omnino

1983 5500 2260 5564 nesciant,
2287 5499 2467 5555 donec
2496 5500 2569 5556 ab
2600 5499 2724 5556 aliis
2749 5497 3015 5562 audiant,
3050 5509 3183 5566 quae
3222 5506 3356 5549 cum
3400 5485 3693 5545 audierint

1985 5588 2211 5646 utinam
2242 5588 2409 5644 firma
2435 5589 2737 5644 relectione
2769 5585 3119 5643 contineant.

2059 5677 2186 5733 Dixi
2214 5691 2353 5733 sane
2401 5690 2723 5747 verumque
2751 5674 2875 5733 dixi
2919 5687 3036 5730 non
3079 5668 3271 5729 minus
3293 5666 3554 5739 prodesse
3584 5660 3690 5718 ali-
