3966 6426
297 409 364 460 27
1194 403 1252 457 V.
1296 401 1631 459 GUIBERTI
1670 401 1960 458 ABBATIS
1998 402 2054 455 S.
2098 400 2337 456 IARIE
2378 399 2468 456 DE
2509 400 2903 456 NOVIGENTO
3629 458 3652 465 _
3747 403 3830 452 28

297 539 540 612 quoties,
581 539 629 596 si
663 538 761 596 flat
806 545 1087 596 tractatus
1137 538 1206 594 de
1249 544 1460 594 natura
1489 536 1780 604 vitiorum,
1809 549 1986 606 quam
2017 539 2059 592 Α
2098 541 2278 603 sante,
2312 549 2445 591 cum
2487 534 2711 592 laudari
2741 533 2815 591 ab
2846 534 3043 606 aliquo
3077 548 3179 591 nos
3207 534 3498 601 audimus,
3546 542 3650 592 aut
3677 549 3829 592 ser-

297 629 344 686 si
377 629 474 686 fiat
523 629 592 685 de
640 637 851 686 natura
896 627 1200 684 virtutum.
1247 625 1304 682 Si
1337 626 1491 683 enim
1523 625 1727 682 vitium
1759 639 1870 679 non
1905 639 1992 680 co-
2101 638 2324 680 monem
2373 623 2787 680 exhortationis
2835 623 2904 680 ad
2960 623 3101 678 alios
3148 625 3331 680 facere
3386 623 3676 695 cogimur,
3745 637 3826 677 ac

299 732 572 790 gnovero,
601 717 889 789 quomodo
922 717 1305 773 sinceritatem
1349 714 1579 771 virtutis
1629 713 1880 768 amabo?
1923 713 1992 768 Et

298 807 503 862 vitium
526 807 814 878 quomodo
872 805 1112 876 fugiam,
1147 804 1256 860 nisi
1306 804 1540 868 bonum,
1591 816 1796 857 sanum
1825 810 1878 858 et
1909 801 1992 858 in-

301 901 525 964 tegrum
564 895 806 966 aliquid,
866 895 1036 966 cujus
1066 892 1418 964 adipiscendi
1449 907 1514 947 ac
1544 890 1772 946 fruendi
1806 890 1993 962 gratia

300 978 489 1048 ipsum
534 979 737 1036 vitium
796 980 1136 1051 fugiendum
1194 981 1309 1046 sit,
1362 977 1584 1034 sciam?
1637 978 1782 1034 Sunt
1837 978 1994 1034 olera

300 1075 436 1124 sunt
478 1075 534 1124 et
589 1068 818 1125 cicutae:
877 1084 1060 1126 unum
1093 1069 1230 1126 utile
1285 1075 1388 1135 est,
1434 1067 1681 1122 alterum
1735 1066 1993 1122 mortife-

300 1169 470 1225 rum;
503 1156 550 1212 si
596 1171 732 1228 ergo
762 1157 834 1212 sit
885 1156 1097 1229 aliquis
1134 1157 1234 1228 qui
1286 1156 1441 1212 olera
1487 1155 1720 1225 quidem
1752 1154 1993 1211 libenter

300 1243 577 1310 comedat,
637 1245 735 1300 sed
795 1243 942 1301 inter
980 1244 1133 1300 olera
1162 1251 1216 1300 et
1269 1243 1488 1299 cicutas
1528 1241 1860 1299 distantiam
1890 1257 1992 1298 ne-

300 1330 502 1399 sciens,
537 1332 754 1389 cicutas
785 1334 934 1390 sicut
979 1333 1134 1388 olera
1184 1331 1564 1388 comedendas
1601 1332 1815 1399 credat,
1849 1331 1990 1402 quid

299 1418 405 1474 sibi
451 1419 676 1490 prodest
729 1421 1071 1491 aliquandiu
1135 1435 1307 1477 usum
1381 1419 1635 1476 oleribus
1684 1419 1878 1487 fuisse,
1942 1419 1990 1476 si

300 1507 655 1576 postmodum
699 1522 798 1578 per
853 1508 1152 1580 ignaviam
1198 1521 1366 1563 suam
1396 1509 1613 1563 cicutas
1643 1509 1992 1563 comedeudo

2101 726 2202 782 per
2254 712 2373 768 haec
2423 713 2495 768 ad
2551 711 2922 784 nosmetipsos
2965 713 3241 768 videndos
3294 712 3396 784 qui
3441 715 3645 779 simus,
3703 714 3822 769 ubi

2095 801 2410 872 jaceamus,
2459 801 2678 857 reducti
2725 800 3182 872 ingemiscimus;
3211 816 3312 857 seu
3352 808 3500 857 certe
3530 815 3669 857 cum
3703 814 3824 871 per

2101 889 2336 946 alterius
2379 905 2700 946 sermonem
2758 890 3016 946 facientis
3058 891 3261 947 vivunt
3307 890 3633 962 eloquium,
3678 889 3823 946 sive

2104 991 2202 1048 per
2231 978 2442 1034 divina:
2475 979 2699 1050 paginze
2732 978 3028 1036 lectionem
3053 991 3087 1033 a
3117 978 3396 1050 languore
3427 978 3604 1034 animi
3636 978 3824 1033 exei-

2101 1071 2312 1135 tamur,
2346 1081 2448 1124 seu
2477 1067 2928 1138 quibuscunque
2957 1066 3084 1122 aliis
3123 1067 3305 1123 modis
3352 1067 3824 1123 innumerabili-

2101 1155 2210 1211 bus
2257 1163 2312 1212 et
2360 1156 2593 1213 omnino
2643 1156 2945 1226 insperatis
2987 1156 3059 1212 ad
3100 1156 3240 1213 bene
3284 1155 3576 1228 agendum
3627 1170 3823 1213 revo-

2098 1258 2318 1300 camur.

2169 1331 2570 1389 Confitendum
2616 1333 2794 1404 igitur
2824 1341 2906 1390 est
2951 1331 3213 1401 Domino,
3266 1333 3356 1390 his
3400 1332 3655 1390 maxime
3701 1332 3823 1404 qui

2099 1419 2451 1477 descendunt
2471 1435 2648 1488 mare,
2673 1421 2725 1476 id
2756 1431 2840 1478 est
2865 1421 3249 1478 humiliantur
3270 1429 3602 1492 tempestate
3629 1428 3826 1478 tenta-

2101 1509 2290 1576 tionis,
2343 1509 2437 1564 sed
2469 1518 2658 1566 tamen
2709 1518 2845 1566 sunt
2881 1510 2937 1566 in
2969 1510 3236 1576 navibus,
3285 1511 3388 1566 hoc
3415 1517 3500 1566 est
3549 1512 3608 1567 in
3641 1510 3819 1565 dire-

297 1595 597 1666 contigerit
615 1596 725 1652 sibi
753 1597 1065 1652 amentiam
1095 1604 1150 1652 et
1181 1604 1421 1651 mortem
1451 1595 1780 1652 incurrere?
2099 1597 2282 1652 ctione
2313 1597 2420 1667 pize
2442 1598 2788 1665 intentionis,
2817 1598 2977 1669 quia,
3001 1599 3100 1654 etsi
3135 1597 3437 1665 ﬂuctuant,
3467 1605 3661 1654 tamen
3687 1612 3818 1653 non

368 1684 542 1740 Debet
569 1683 767 1756 itaque
817 1683 1279 1756 uniuscujusque
1331 1682 1454 1740 vitii
1500 1683 1661 1755 origo
1691 1683 1993 1755 diligenter
2101 1693 2475 1754 merguntur,
2535 1689 2797 1753 facientes
2847 1689 3208 1756 operationem
3272 1689 3330 1740 in
3387 1688 3548 1755 aquis
3606 1687 3816 1740 multis

297 1771 524 1838 discuti,
559 1779 624 1830 ut
652 1773 792 1830 dum
823 1771 964 1844 quid
1023 1774 1094 1830 sit
1133 1772 1340 1829 vitium
1381 1782 1576 1843 aperte
1603 1773 1988 1844 cognoscitur,
2021 1837 2057 1845 _
2100 1774 2264 1843 (Psal.
2307 1790 2409 1838 ενι,
2463 1777 2575 1840 23),
2633 1775 2685 1830 id
2735 1782 2819 1830 est
2869 1775 3016 1830 inter
3059 1775 3379 1830 collisiones
3423 1783 3598 1845 atque
3654 1789 3816 1830 con-

299 1859 653 1918 coutrarium
679 1861 826 1932 ejus,
859 1861 1014 1933 quod
1039 1867 1123 1918 est
1157 1861 1362 1926 virtus,
1394 1860 1558 1932 quasi
1592 1875 1840 1932 granum
1870 1861 1989 1917 dis-
2021 1837 2060 1892 Β
2096 1875 2304 1917 cursus
2352 1877 2498 1934 quos
2535 1863 2794 1918 carnales
2829 1877 2895 1919 ac
2927 1862 3254 1934 spirituales
3302 1863 3548 1932 impetus
3588 1863 3817 1917 adver-

299 1947 542 2005 tinctum
597 1963 632 2005 a
690 1950 854 2020 palea
896 1949 1240 2017 evidentius,
1287 1956 1678 2020 agnoscatur;
1734 1957 1789 2006 et
1833 1957 1989 2007 tanto
2098 1963 2226 2004 sum
2277 1965 2337 2005 se
2377 1952 2681 2007 acerrimos
2738 1951 2974 2019 faciunt,
3030 1950 3086 2006 in
3121 1951 3224 2006 hoc
3281 1949 3443 2006 home
3472 1949 3816 2020 operationi

299 2035 609 2093 studiosius
654 2039 793 2106 vita,
851 2037 1006 2109 quod
1065 2046 1149 2094 est
1207 2039 1414 2105 virtus,
1472 2047 1716 2106 ametur,
1771 2047 1989 2109 quanto
2099 2047 2145 2091 α
2186 2038 2528 2106 inserviunt,
2579 2039 2732 2110 quod
2780 2054 2884 2095 nec
2915 2038 3171 2095 studium
3225 2039 3588 2108 repugnandi
3631 2038 3815 2094 dese-

297 2124 524 2180 cautius
551 2125 777 2194 vitium,
812 2126 966 2197 quod
995 2133 1078 2182 est
1108 2140 1281 2194 mors,
1326 2126 1594 2195 evitatur,
1635 2125 1805 2184 Nulla
1833 2128 1987 2183 enim
2097 2135 2256 2195 runt,
2301 2143 2403 2184 nec
2433 2127 2599 2184 malis
2639 2129 2892 2198 oppressi
2943 2128 3163 2183 foveam
3211 2126 3624 2198 desperationis
3657 2127 3818 2182 inci-

298 2212 626 2282 praedicatio
692 2214 982 2271 salubrior
1025 2213 1168 2271 mihi
1208 2215 1438 2272 videtur
1491 2229 1667 2287 quam
1717 2215 1812 2272 illa
1859 2230 1989 2286 qua:
2098 2216 2266 2282 dunt,
2309 2217 2406 2270 sed
2464 2216 2702 2272 rationis
2751 2216 2963 2272 intuitu
2998 2215 3054 2270 in
3088 2215 3292 2284 Deum,
3325 2217 3424 2285 qui
3473 2224 3680 2285 potens
3721 2223 3822 2270 est

299 2301 587 2358 hominem
633 2303 862 2360 sibimet
916 2304 1198 2373 ostendat,
1251 2311 1306 2360 et
1347 2304 1498 2361 foras
1546 2312 1711 2361 extra
1736 2319 1794 2361 se
1821 2318 1989 2374 spar-
2095 2319 2317 2371 eruere,
2367 2319 2487 2360 sese
2521 2304 2872 2375 projiciunt:
2908 2303 2995 2360 isti
3025 2319 3189 2373 opera
3238 2305 3450 2358 Domini
3482 2309 3533 2357 et
3563 2303 3814 2357 mirabi-

299 2403 428 2446 sum
483 2390 540 2446 in
574 2391 825 2448 interiori
880 2407 1004 2460 suo,
1065 2393 1170 2449 hoc
1214 2396 1298 2449 est
1355 2393 1411 2449 in
1468 2401 1674 2462 mente,
1726 2393 1991 2450 restituat
2097 2394 2176 2449 lia
2204 2395 2320 2463 ejus
2347 2395 2405 2447 in
2433 2392 2710 2465 profundo
2741 2393 2906 2452 (Ibid.
2947 2408 3002 2456 v,
3035 2393 3151 2462 2i),
3195 2391 3247 2447 id
3275 2401 3358 2448 est
3391 2392 3447 2448 in
3475 2391 3813 2463 dejectione

299 2485 473 2548 atque
517 2493 650 2535 eum
709 2494 1029 2552 coarguens
1073 2481 1495 2553 quodammodo
1532 2482 1822 2553 depictum
1856 2491 1990 2538 ante

299 2564 498 2622 faciem
527 2581 693 2625 suam
713 2576 947 2626 statuat.

370 2654 475 2710 Sed
541 2656 684 2713 forte
761 2658 894 2728 quis
949 2658 1264 2729 interrogat
1334 2659 1619 2730 quomodo
1676 2659 1798 2715 haec
1844 2658 1990 2714 scire

301 2743 507 2812 valeat,
561 2744 631 2800 de
681 2746 896 2816 quibus
934 2747 1250 2803 secundum
1309 2747 1636 2804 interiorem
1701 2749 1989 2804 hominem

300 2839 546 2889 tractare
571 2833 808 2904 debeat;
837 2835 930 2892 cui
960 2837 1274 2906 respondeo
1313 2837 1489 2908 quod,
1537 2837 1792 2907 exceptis
1840 2835 1987 2892 beati

299 2918 554 2989 Gregorii
609 2920 920 2978 Moralibus
946 2930 1000 2978 et
1038 2922 1182 2979 libro
1214 2923 1309 2979 illo
1343 2923 1445 2994 qui
1501 2923 1579 2978 De
1630 2923 1907 2979 institutis
1935 2931 1991 2979 et
2098 2925 2239 2995 quid
2285 2924 2354 2979 de
2421 2924 2567 2979 bono
2627 2931 2782 2979 statu
2833 2923 2889 2979 in
2947 2937 3062 2994 quo
3099 2929 3264 2978 erant
3303 2922 3500 2992 positi;
3533 2929 3636 2978 aut
3701 2937 3823 2992 per

301 3007 701 3064 collationibus
751 3011 985 3067 Patrum
1038 3024 1073 3066 a
1128 3011 1381 3083 quodam
1436 3012 1729 3080 Cassiano,
1781 3005 1884 3082 qui
1935 3020 1989 3069 et
2099 3012 2336 3068 nimiam
2385 3012 2773 3077 securitatem,
2827 3023 2944 3080 qua
2990 3024 3047 3066 se
3080 3009 3202 3065 sine
3249 3023 3462 3080 magno
3512 3008 3721 3064 timore
3754 3017 3823 3066 et

299 3095 544 3152 Joannes
575 3097 804 3166 dicitur,
836 3100 1086 3170 scriptus
1114 3108 1216 3167 est,
1251 3115 1500 3172 quorum
1540 3102 1700 3157 lectio
1729 3101 1992 3158 utilitatis
2022 3134 2062 3190 α
2099 3100 2325 3157 cautela
2381 3114 2543 3170 posse
2594 3105 2801 3169 putant
2852 3099 3131 3168 integram
3181 3097 3509 3169 religionem
3564 3104 3770 3154 tenere
3801 3115 3818 3165 ;

301 3183 588 3240 immensae
617 3186 886 3242 studiosis
940 3187 1246 3245 lectoribus
1283 3189 1538 3244 fructum
1582 3197 1832 3258 praestat,
1879 3205 1994 3246 cze-
2029 3183 2062 3190 ’
2103 3197 2204 3246 aut
2271 3203 2372 3260 per
2429 3188 2678 3259 ineptam
2743 3187 3016 3254 lzetitiam,
3058 3200 3176 3257 qua
3239 3187 3308 3242 de
3359 3185 3481 3242 suis
3543 3185 3712 3241 bouis
3756 3194 3826 3242 et

301 3272 550 3340 terisque
597 3274 812 3330 sanctis
866 3276 1202 3332 auctoribus
1259 3275 1358 3346 qui
1409 3276 1478 3332 de
1516 3276 1844 3348 hujusmodi
1889 3291 1994 3333 nos
2102 3278 2382 3334 bonorum
2416 3275 2843 3348 perseverantia
2876 3275 3005 3346 plus
3027 3274 3183 3346 justo
3223 3274 3530 3343 laetantur;
3562 3280 3666 3330 aut
3702 3289 3824 3344 per

300 3359 615 3429 instruunt,
671 3361 811 3419 illud
858 3365 1146 3435 praecipue
1197 3364 1471 3420 omnibus
1526 3363 1616 3420 sui
1673 3364 1992 3420 custodiam
2099 3367 2510 3434 contemptum,
2545 3376 2660 3433 quo
2699 3362 2827 3417 aliis
2857 3363 3020 3432 quasi
3069 3361 3219 3417 infra
3249 3376 3306 3417 se
3334 3361 3500 3433 longe
3542 3375 3645 3432 pro
3693 3377 3822 3419 sua

301 3449 648 3506 habentibus
677 3457 731 3507 et
785 3463 985 3508 contra
1044 3452 1181 3508 vitia
1221 3452 1619 3510 resistentibus
1682 3453 1868 3508 valere
1919 3453 1992 3509 ad
2099 3451 2324 3522 torpida
2353 3451 2473 3507 vita
2495 3449 2824 3522 jacentibus
2855 3449 3269 3521 indignantur;
3300 3457 3402 3506 aut
3433 3450 3490 3506 in
3521 3450 3817 3506 tentatio-

300 3535 680 3606 cognitionem
721 3538 1237 3611 diseretionemque
1283 3540 1556 3596 vitiorum
1607 3539 1895 3608 existimo,
1930 3548 1994 3598 ut
2100 3555 2252 3608 nem,
2285 3546 2386 3596 aut
2435 3540 2493 3596 in
2525 3539 2801 3595 desidiam
2831 3546 2886 3596 et
2917 3547 3199 3610 torporem
3221 3539 3409 3595 delabi
3453 3540 3816 3609 meruerint,

299 3624 538 3682 sollicite
567 3633 765 3684 contra
791 3627 1149 3697 cogitatuum
1197 3636 1252 3685 et
1277 3637 1513 3685 actuum
1560 3643 1798 3686 suorum
1833 3629 1994 3686 lluxa

301 3711 582 3770 desideria
612 3728 670 3770 se
698 3715 1040 3788 accingam;
1075 3715 1132 3771 in
1165 3716 1379 3786 quibus
1406 3716 1453 3771 si
1493 3715 1732 3773 fideliter
1750 3723 1990 3785 certant,

302 3801 445 3857 nihil
474 3810 556 3858 est
603 3803 697 3861 ubi
731 3811 957 3860 tantum
1001 3805 1070 3860 de
1099 3818 1323 3860 morum
1355 3805 1734 3876 qualitatibus
1779 3806 1995 3862 discere

302 3898 538 3960 queant.
572 3892 683 3957 Qui
712 3893 866 3949 enim
897 3907 997 3963 per
1025 3893 1176 3949 solas
1203 3893 1567 3950 voluminum
1607 3893 1994 3964 quorumlibet

304 3978 570 4036 lectiones
611 3981 867 4038 exterius
899 3981 1118 4038 institui
1147 3982 1216 4038 de
1245 3981 1335 4038 his
1366 3982 1593 4052 quaarit,
1626 3989 1785 4038 tanto
1823 3982 1992 4038 citius

301 4065 678 4138 obliviscitur,
705 4077 922 4141 quanto
949 4085 1050 4142 per
1071 4070 1481 4140 experientiam
1501 4084 1568 4126 ea
1589 4085 1719 4140 quae
1739 4069 1873 4141 legit
1894 4079 1996 4128 aut

302 4156 464 4213 audit
502 4156 654 4214 intra
699 4159 948 4230 seipsum
985 4174 1099 4214 non
1143 4159 1358 4230 relegit.
1406 4159 1772 4229 Experientia
1801 4168 1993 4216 autem

304 4245 445 4302 nihil
477 4247 650 4302 menti
701 4247 970 4304 humanae
1001 4247 1204 4303 utilius
1231 4254 1336 4315 est,
1385 4247 1524 4318 quia
1554 4248 1612 4303 in
1658 4262 1764 4304 sua
1793 4248 1991 4304 conﬂi-

2098 2481 2298 2544 animi.
2342 2482 2401 2538 in
2432 2481 2675 2538 obscuro
2723 2480 3136 2548 fluctuationis,
3180 2480 3236 2536 in
3269 2480 3468 2537 timore
3518 2479 3812 2552 peccandi

2097 2571 2371 2636 viderunt,
2407 2570 2461 2626 id
2494 2578 2578 2626 est
2617 2570 2837 2640 experti
2871 2578 3025 2626 sunt.
3059 2569 3360 2640 Magnifice
3402 2570 3555 2625 enim
3589 2569 3810 2625 tentati

2099 2659 2562 2729 magnificentius
2605 2666 2740 2714 sunt
2787 2657 2986 2728 erepti,
3023 2658 3239 2730 gratias
3284 2657 3816 2728 magniﬁcentissi-

2099 2762 2222 2802 mas
2250 2747 2468 2802 debent.

2169 2837 2312 2892 Cum
2343 2850 2480 2906 ergo
2529 2837 2648 2891 inec
2672 2835 2977 2891 evadentes
3015 2834 3272 2905 pericula
3300 2848 3494 2890 secum
3527 2841 3816 2904 pensant,

2099 3635 2154 3685 et
2183 3643 2341 3684 nunc
2384 3628 2831 3693 succumbendo,
2863 3642 3021 3683 nunc
3065 3627 3392 3697 superando
3433 3627 3813 3698 passionum,

2099 3716 2155 3773 id
2202 3724 2286 3772 est
2350 3716 2763 3772 desideriorum
2806 3729 3044 3771 suorum
3098 3714 3390 3771 fornacem
3457 3725 3810 3784 evaserunt,

2101 3805 2282 3861 multa
2313 3804 2458 3861 mira
2497 3805 2779 3875 valdeque
2810 3804 2974 3860 utilia
3005 3810 3164 3870 sunt,
3205 3818 3337 3874 quae
3365 3803 3420 3859 in
3457 3805 3577 3859 istis
3616 3803 3816 3860 rebus

2100 3893 2202 3949 sibi
2252 3892 2554 3949 contrariis
2605 3891 3005 3961 comprehendi
3052 3891 3125 3947 ab
3167 3905 3232 3946 eo
3265 3891 3364 3960 qui
3414 3890 3626 3970 tolerat
3666 3907 3814 3962 pos-

2100 3990 2254 4049 sunt,
2305 3997 2436 4052 qua:
2463 3981 2634 4036 etiam
2676 3979 3088 4050 intelligibilem
3137 3979 3395 4035 animum
3425 3979 3819 4036 Vehementer

2098 4070 2268 4126 etiam
2299 4071 2422 4125 sine
2450 4069 2652 4125 litteris
2683 4075 2857 4139 atque
2886 4068 3034 4124 libro
3065 4069 3378 4123 instruunt.

2174 4161 2270 4216 His
2299 4174 2365 4216 ac
2392 4159 2676 4216 similibus
2707 4157 2947 4229 quilibet
2989 4157 3225 4213 docendi
3265 4156 3485 4214 habens
3515 4155 3814 4227 ofﬁcium,

2101 4249 2385 4306 subtiliter
2425 4247 2470 4306 si
2502 4248 2640 4304 velit
2686 4246 2927 4314 institui,
2980 4247 3035 4301 in
3071 4247 3256 4316 seipso
3303 4246 3555 4316 primum
3590 4254 3814 4316 potest,

301 4334 546 4392 ctatione
574 4335 712 4392 dum
742 4336 1021 4393 instanter
1047 4343 1374 4406 perseverat
1403 4339 1652 4404 animus,
1683 4344 1738 4393 et
1764 4337 1994 4408 aliquo-

2100 4345 2154 4394 et
2200 4336 2562 4408 postmodum
2593 4335 2747 4406 quod
2780 4334 3061 4391 bellorum
3095 4333 3455 4390 interuorum
3487 4333 3816 4404 experien-

303 4423 406 4478 ties
434 4423 504 4480 de
550 4424 799 4481 victoriae
843 4439 962 4480 suae
1005 4423 1272 4480 felicitate
1303 4424 1555 4496 laetatur;
1591 4425 1729 4482 dum
1759 4441 1992 4498 quoque
2024 4434 2068 4489 ι)
2107 4426 2184 4483 tia
2229 4425 2442 4494 docuit,
2475 4425 2656 4480 multo
2685 4423 2966 4494 copiosius
3005 4436 3182 4494 quam
3215 4421 3323 4478 dici
3364 4436 3399 4477 a
3428 4422 3594 4478 nobis
3621 4422 3812 4490 valet,

305 4525 507 4568 rursus
535 4513 710 4568 animi
754 4519 976 4568 mutato
1020 4518 1174 4569 statu
1217 4519 1416 4569 contra
1444 4514 1633 4570 cordis
1675 4521 1776 4571 aut
1803 4515 1996 4571 carnis

301 4615 420 4658 sua:
449 4608 786 4658 testamenta
819 4601 1086 4667 lassatur,
1123 4609 1178 4657 et
1207 4601 1309 4672 qui
1339 4610 1536 4658 contra
1579 4616 1787 4672 pravos
1815 4619 1993 4674 appe-

301 4691 440 4745 titus
488 4704 587 4746 cor
636 4689 1067 4760 impenetrabile
1125 4704 1183 4746 se
1235 4689 1446 4746 habere
1505 4691 1820 4762 gaudebat,
1872 4693 1994 4763 jam

301 4777 549 4834 emollito
591 4779 784 4850 rigore
815 4777 909 4833 illo
952 4777 1227 4834 vitiorum
1255 4785 1428 4835 aestus
1457 4793 1516 4835 se
1567 4795 1725 4850 posse
1753 4781 1994 4838 tolerare

306 4865 528 4933 e‘iffidit,
575 4866 714 4922 dum
751 4866 900 4923 inter
929 4880 1084 4937 spem
1117 4875 1173 4924 et
1202 4875 1419 4924 metum
1449 4882 1611 4924 mens
1652 4869 1996 4926 nutabunda

307 4953 552 5022 iacillat,
601 4954 714 5011 Deo
754 4955 1080 5012 occasiones
1121 4955 1590 5014 subministrante
1620 4958 1896 5030 resurgit;
1939 4967 1995 5015 et

303 5043 372 5098 de
417 5041 548 5098 lacu
599 5041 694 5099 illo
725 5041 998 5110 instabili,
1059 5043 1117 5100 in
1150 5059 1267 5115 quo
1313 5059 1464 5102 caeca
1511 5053 1568 5103 et
1613 5047 1778 5118 quasi
1833 5047 1995 5104 ebria

303 5130 614 5199 urebatur,
677 5131 750 5188 ad
815 5130 1156 5189 soliditatem
1213 5133 1442 5190 tandem
1489 5135 1848 5207 cogitationis
1893 5135 1995 5192 diu

302 5236 315 5271 ‹
339 5219 654 5277 ircumacta
673 5221 1004 5296 revertitur.

370 5308 710 5366 Occasiones
751 5317 943 5366 autem
991 5309 1352 5383 resurgendi,
1395 5311 1534 5368 dum
1570 5311 1627 5368 in
1673 5311 1830 5370 lucta
1867 5320 1997 5368 ten-

305 5397 534 5454 tationis
579 5405 679 5455 aut
728 5398 786 5454 in
837 5405 1059 5470 torpore
1109 5399 1318 5456 mentis
1360 5400 1525 5470 positi
1573 5415 1794 5469 sumus,
1845 5401 1998 5458 Deus

305 5486 468 5542 nobis
514 5487 900 5558 administrat,
932 5503 1066 5546 cum
1115 5497 1216 5546 aut
1244 5489 1450 5546 rationi
1497 5497 1704 5546 nostrae
1733 5489 1998 5559 spiritum

304 5575 761 5646 compunctionis
798 5577 1082 5650 suggerit,
1127 5577 1341 5634 scilicet
1370 5591 1612 5648 pensare
1640 5592 1745 5634 nos
1784 5575 2000 5633 faciens

308 5661 590 5718 miseriam
643 5671 850 5720 nostrae
888 5665 1221 5733 voluntatis,
1278 5672 1398 5731 aut,
1433 5665 1546 5720 Deo
1589 5665 1712 5735 ipso
1763 5664 1997 5734 dispen-

2102 4515 2418 4572 secundum
2452 4514 2605 4586 quod
2636 4512 2742 4569 sibi
2773 4519 3088 4569 eventuum
3127 4525 3367 4568 suorum
3410 4511 3714 4567 commoda
3742 4521 3809 4568 et

2102 4603 2462 4660 incommoda
2513 4601 2840 4657 memoriter
2878 4599 3122 4654 tenenda
3170 4598 3599 4669 impresserunt,
3649 4613 3810 4655 eru—

2100 4693 2223 4750 dire
2258 4690 2567 4748 salubriter
2612 4698 2668 4746 et
2696 4690 2836 4746 alios
2866 4695 3062 4758 potest.
3102 4688 3286 4744 Potest
3333 4687 3574 4758 quilibet
3616 4686 3806 4757 iners,

2098 4789 2154 4837 et
2175 4781 2276 4852 qui
2307 4780 2566 4836 militiam
2601 4791 2903 4848 nunquam
2933 4789 3200 4832 exercere
3229 4776 3318 4832 vel
3365 4775 3619 4846 cmperit,
3651 4778 3810 4846 quia

2101 4869 2375 4926 bellantes
2404 4866 2630 4934 viderit,
2675 4865 2762 4920 vel
2797 4865 2943 4920 bella
2975 4865 3198 4920 narrari
3233 4865 3499 4931 audierit,
3533 4863 3602 4919 de
3633 4863 3812 4922 bellis

2101 4957 2283 5014 multa
2330 4957 2536 5024 dicere,
2571 4955 2664 5010 sed
2700 4954 2865 5026 longe
2897 4953 3251 5009 dissimiliter
3295 4952 3384 5008 ille
3431 4951 3576 5008 bella
3606 4967 3812 5010 reme-

2101 5051 2308 5113 morat,
2340 5043 2441 5114 qui
2491 5043 2549 5098 in
2582 5042 2726 5097 bello
2761 5041 3043 5112 pugnavit
3071 5048 3125 5096 et
3157 5039 3533 5110 impugnatus
3557 5047 3661 5108 est,
3696 5043 3808 5112 qui

2102 5131 2376 5190 militaria
2406 5130 2538 5188 fecit
2576 5137 2632 5186 et
2663 5144 2865 5199 passus
2893 5137 2997 5184 est.

2175 5221 2264 5278 Sic
2311 5221 2373 5278 fit
2418 5228 2474 5277 et
2519 5219 2578 5275 in
2628 5217 3047 5288 spiritualibus,
3095 5215 3233 5271 dum
3282 5215 3526 5286 aliquos,
3575 5229 3712 5286 quae
3745 5216 3809 5274 in

2103 5309 2266 5367 libris
2308 5307 2549 5379 legerint
2580 5305 2662 5361 vel
2709 5305 2780 5360 ab
2827 5304 2954 5360 aliis
3000 5303 3307 5369 audierint,
3358 5302 3632 5360 audimus
3662 5306 3811 5362 satis

2105 5397 2350 5454 facunde
2378 5395 2600 5466 eloqui;
2648 5393 2744 5448 sed
2778 5393 2943 5464 longe
2973 5393 3153 5448 altera
3182 5390 3522 5447 auctoritate
3556 5390 3627 5447 de
3656 5406 3808 5450 con-

2106 5500 2305 5558 gressu
2357 5482 2643 5555 spirituali
2695 5482 2788 5538 ille
2835 5489 3060 5546 tractat,
3094 5487 3149 5536 et
3191 5479 3359 5551 quasi
3417 5479 3599 5550 digito
3644 5483 3806 5552 quod

2105 5575 2240 5631 dicit
2268 5579 2528 5640 ostentat,
2579 5571 2675 5628 cui
2711 5569 2868 5626 testis
2905 5584 3104 5626 eorum
3149 5583 3281 5639 quas
3318 5583 3415 5624 ore
3461 5571 3808 5638 pronuntiat

2104 5660 2448 5718 conscientia
2479 5667 2644 5716 astat.
2694 5658 2764 5714 Et
2792 5657 3024 5728 quidem
3053 5656 3217 5712 valde
3260 5656 3481 5726 proficit
3511 5655 3804 5726 litteratis,
