3966 6472
25 444 99 496 29
1052 443 1262 498 LIBER
1302 441 1451 507 QUO
1489 442 1751 498 ORDINE
1792 443 2027 500 SERMO
2068 445 2263 502 FIERI
2306 446 2608 503 DEBEAT.
3526 453 3598 504 3O

23 567 71 621 si
97 580 170 622 ea
200 566 393 624 etiam
417 582 556 641 quae
587 567 689 639 ipsi
719 572 935 624 norunt
953 565 1289 637 eloquenter
1316 565 1422 623 sibi
1453 564 1760 633 dicantur;
1794 578 1840 631 Α
1879 566 2111 638 divinis,
2144 569 2242 625 sed
2267 568 2442 626 etiam
2490 583 2632 640 pene
2688 570 2747 627 in
2794 567 2884 627 his
2915 570 3189 628 omnibus
3220 576 3263 627 1
3291 566 3425 643 quae
3450 572 3596 631 sub-

29 656 133 712 sed
190 656 240 712 si
298 657 510 715 minus
556 664 874 724 accurrate,
930 654 1227 711 fastidium
1285 663 1340 712 et
1381 663 1775 726 contemptum

31 746 116 802 eis
163 746 462 817 pariunt:
525 746 677 803 unde
742 760 874 802 cum
927 744 1188 801 litteratis
1231 752 1407 816 atque
1473 745 1779 802 illitteratis

36 835 268 905 pariter
303 836 515 906 positis
536 835 1037 891 commonitorium
1062 835 1325 902 facimus,
1352 835 1550 906 aliqua
1587 835 1780 892 minus

37 923 283 991 usitata,
321 932 585 981 attamen
618 923 1019 995 intelligibilia.
1072 924 1308 995 utrique
1350 924 1498 995 parti
1528 924 1778 994 proferre

39 1011 355 1080 debemus,
418 1013 572 1069 unde
609 1026 810 1068 eorum
861 1011 1027 1067 tzedia
1089 1012 1191 1083 qui
1232 1026 1300 1068 ea
1349 1026 1480 1083 quae
1530 1013 1778 1070 dicimus

40 1100 184 1157 satis
216 1102 447 1167 sciunt,
477 1114 767 1159 removere
796 1101 1098 1171 possimus.
1131 1100 1293 1168 Quod
1338 1102 1398 1158 fit
1427 1116 1561 1159 cum
1594 1102 1779 1159 sancti

46 1190 371 1262 Evangelii
410 1190 680 1247 lectiones
700 1191 1060 1260 exponendo,
1087 1190 1389 1261 quippiam
1410 1190 1573 1248 aliter
1600 1207 1778 1263 quam

49 1279 285 1336 usitatze
346 1279 734 1351 expositiones
782 1279 1012 1344 habent,
1067 1279 1358 1336 moraliter
1425 1279 1775 1350 inducimus,

48 1376 105 1424 et
155 1369 337 1439 quasi
398 1369 825 1440 quodammodo
900 1369 969 1425 de
1026 1369 1204 1425 veteri
1264 1369 1517 1426 maceria
1572 1384 1778 1442 super-

52 1457 321 1515 liniendo
355 1472 570 1515 novam
605 1458 919 1515 reddimus.

124 1546 278 1603 Sunt
330 1547 505 1617 plane
552 1547 819 1618 quaedam
876 1547 1312 1619 evangeliorum
1360 1547 1634 1618 capitula,
1683 1564 1779 1605 so-

54 1636 359 1692 lummodo
393 1650 429 1692 a
463 1637 726 1692 Patribus
755 1636 1057 1709 allegorice
1081 1645 1342 1706 tractata,
1372 1644 1424 1694 et
1447 1638 1518 1694 ad
1547 1638 1780 1694 Judzeo-

58 1738 186 1781 rum
240 1725 635 1797 gentiumque
667 1739 968 1796 personam
1016 1728 1296 1797 exposita,
1347 1742 1478 1798 quae
1510 1736 1701 1784 tamen
1730 1727 1779 1784 si

58 1812 275 1885 aliquis
309 1812 619 1885 perspicax
650 1821 706 1871 et
754 1813 1187 1885 Scripturarum
1232 1816 1525 1873 studiosus
1568 1831 1781 1874 secun-

1881 657 2075 733 jacent
2111 658 2311 726 oculis,
2351 660 2814 729 comparationes
2849 660 2989 717 satis
3024 661 3257 718 idoneas
3305 664 3363 718 in
3392 677 3592 720 exem-

1889 747 2048 817 plum
2082 756 2137 805 et
2183 748 2599 820 signiticantias
2661 750 2830 807 utiles
2876 750 3109 807 illarum
3149 766 3298 822 quas
3351 767 3427 809 ex
3480 768 3594 811 usu

1887 836 2122 892 assiduo
2172 837 2334 893 nihili
2391 838 2693 908 pendimus
2752 853 2948 895 rerum
3016 839 3308 897 uberrime
3352 841 3591 907 invenit.

1887 939 2020 995 quae
2053 933 2208 983 tanto
2253 927 2456 983 utilius
2484 928 2817 999 cogitantur
2871 943 2988 999 quo
3038 928 3437 987 benevolentia
3484 930 3595 987 illis

1888 1014 2162 1084 ampliore
2186 1016 2482 1086 dicuntur,
2515 1024 2793 1088 tantoque
2828 1025 2966 1075 sunt
2993 1018 3333 1090 gratiosiora
3374 1027 3594 1091 quanto

1888 1103 2083 1160 minus
2112 1104 2475 1162 auditoribus
2506 1106 2734 1163 usitata.

1962 1193 2196 1251 Possent
2251 1198 2306 1251 et
2362 1195 2431 1251 de
2502 1196 2591 1252 his
2646 1211 2778 1267 quae
2827 1196 3046 1253 ratione
3136 1196 3596 1255 adinveniuntur

1890 1281 2142 1353 plurima
2170 1284 2427 1350 tractari,
2471 1285 2569 1341 sed
2619 1300 2818 1342 vereor
2860 1300 2950 1353 ne,
2984 1285 3029 1342 si
3069 1286 3139 1343 de
3186 1286 3296 1342 hac
3344 1301 3415 1342 re.
3435 1286 3593 1358 loqui

1890 1371 2225 1443 inciperem,
2295 1374 2470 1429 verba
2517 1388 2695 1444 supra
2751 1374 2986 1431 modum
3063 1376 3452 1444 extenderem,
3539 1383 3595 1432 et

1891 1462 2080 1517 nescio
2111 1461 2158 1517 si
2210 1476 2277 1518 ea
2327 1469 2442 1519 tam
2503 1462 2692 1520 lucide
2747 1478 2969 1535 possem
3020 1464 3307 1536 explicare
3375 1472 3437 1521 ut
3486 1479 3593 1522 cu-

1891 1566 2022 1624 pere
2031 1566 2104 1607 m.

1962 1639 2243 1696 Proficere
2314 1646 2589 1710 praeterea
2664 1640 2955 1711 praecipue
3024 1641 3396 1698 audientibus
3456 1641 3596 1698 solet

1888 1726 2016 1799 ejus
2047 1728 2151 1800 qui
2181 1727 2441 1799 loquitur
2472 1729 2698 1785 sincera
2727 1736 2781 1785 et
2807 1729 3029 1801 absque
3061 1729 3181 1785 ulla
3207 1729 3396 1786 laudis
3425 1729 3596 1800 cupi-

1888 1817 2065 1874 ditate
2114 1817 2370 1885 intentio,
2432 1818 2530 1875 ubi
2587 1818 2708 1874 sola
2757 1832 2961 1875 eorum
3017 1819 3121 1889 qui
3166 1819 3498 1876 auscultant
3537 1819 3596 1875 in

61 1903 200 1960 dum
236 1903 499 1960 aliarum
523 1904 751 1974 regulas
778 1904 1315 1976 interpretationum
1341 1906 1587 1963 scrutari
1619 1907 1774 1975 velit,
1809 1891 1849 1946 Β
1887 1906 2099 1963 divinis
2150 1908 2324 1964 rebus
2379 1908 2627 1964 eruditio
2685 1907 2871 1979 quaeri
2925 1906 3268 1979 intelligitur
3305 1916 3360 1965 et
3415 1907 3593 1975 salus,

62 1993 162 2049 vix
223 2001 331 2049 aut
396 2008 704 2065 nunquam
768 1992 982 2050 alicubi
1041 1993 1360 2051 intellectus
1424 1994 1621 2073 deerit,
1681 1995 1779 2051 sed

66 2097 433 2153 quocunque
482 2080 689 2154 legenti
737 2082 974 2153 spiritus
1018 2090 1073 2139 et
1116 2082 1387 2140 voluntas
1443 2083 1589 2152 ierit,
1642 2083 1780 2140 illuc

70 2170 281 2241 pariter
308 2177 368 2227 et
411 2180 559 2237 rota,
606 2171 660 2227 id
707 2179 791 2227 est
839 2171 1136 2242 Scriptura
1184 2186 1366 2238 sacra,
1418 2180 1624 2243 praesto
1672 2172 1781 2229 ad-

69 2260 208 2317 erit:
242 2260 345 2316 sed
375 2267 590 2327 tamen,
625 2260 753 2316 licet
798 2259 880 2316 eis
911 2260 1012 2331 qui
1044 2260 1302 2317 valenter
1347 2275 1524 2318 sacrze
1556 2261 1780 2333 paginae

71 2349 368 2406 scientiam
418 2349 652 2412 habent.
702 2363 1067 2420 summopere
1129 2350 1235 2406 hoc
1280 2365 1463 2421 genus
1524 2351 1781 2407 exercitii

74 2437 275 2506 valeat,
307 2438 781 2509 priesumendum
813 2438 957 2495 nulli
976 2445 1080 2506 est,
1106 2438 1215 2495 nisi
1246 2440 1318 2494 ad
1343 2438 1576 2509 plenum
1603 2439 1782 2496 variis

78 2526 253 2582 tnodis
283 2527 669 2594 locutionum,
719 2526 829 2583 sub
860 2540 975 2583 una
1007 2527 1325 2597 eademque
1351 2540 1428 2595 re,
1478 2527 1780 2583 diversita-

77 2615 226 2672 tibus
252 2615 752 2688 significationum
802 2615 974 2688 longo
1002 2630 1117 2673 usu
1166 2615 1427 2672 didicerit
1478 2615 1782 2689 allegorias

80 2705 253 2761 solere
281 2705 579 2776 componi.

144 2793 644 2862 Praesumendum,
678 2792 939 2865 inquam,
992 2794 1136 2851 nulli
1166 2794 1275 2850 nisi
1316 2794 1517 2852 litteris
1554 2794 1781 2867 sagaci-

6 2908 7 2919 ι
81 2891 161 2939 ter
187 2883 431 2951 imbuto,
455 2890 511 2939 et
539 2882 648 2940 sub
676 2882 907 2951 eisdem,
944 2891 1007 2940 ut
1053 2883 1198 2953 dixi,
1256 2885 1432 2941 rebus
1480 2898 1548 2940 ac
1589 2885 1783 2941 nomi-

6 2970 9 3007 τ
83 2972 249 3029 nibus
305 2971 654 3043 multiplicia
719 2972 929 3029 sentire
980 2987 1218 3044 prorsus
1266 2973 1781 3031 instructozverbi

6 3056 10 3093 ⁵
87 3063 282 3133 gratia,
333 3070 499 3132 petra
541 3061 1000 3119 fundamentum:
1052 3077 1209 3133 aqua
1257 3071 1312 3119 et
1341 3063 1569 3130 caelum,
1605 3063 1783 3120 herba

86 3160 136 3205 et
159 3149 407 3220 lignum,
440 3149 523 3206 sol
552 3158 607 3207 et
638 3151 798 3215 luna,
847 3160 899 3208 et
938 3150 1246 3208 innumera
1271 3152 1405 3221 alia,
1438 3167 1570 3209 cum
1604 3152 1786 3209 multa

6 3236 11 3273 ε
91 3238 145 3294 in
195 3239 508 3310 Scripturis
544 3238 886 3312 significent,
932 3240 1343 3297 attendendum
1384 3249 1468 3298 est
1508 3241 1559 3298 ei
1590 3240 1692 3313 qui
1725 3242 1784 3298 in

6 3326 11 3361 τ
91 3328 280 3398 aliqua
335 3329 627 3385 sententia
690 3329 935 3385 obscura
998 3338 1319 3397 exercetur,
1364 3345 1497 3387 cum
1548 3331 1784 3401 aliquod

5 3415 11 3453 ί
95 3418 285 3474 talium
313 3417 619 3474 nominum
643 3417 975 3486 occurrerit,
1008 3425 1150 3489 quot
1180 3418 1360 3474 modis
1404 3419 1461 3474 in
1490 3418 1785 3489 Scriptura

5 3518 10 3526 '
95 3507 263 3577 accipi
309 3506 509 3576 soleat,
563 3514 625 3563 ut
670 3515 830 3578 puta,
888 3521 1100 3565 aurum
1142 3507 1519 3577 divinitatem,
1571 3523 1784 3565 aurum

6 3623 10 3637 θ
96 3595 443 3666 sapientiam,
504 3609 713 3653 aurum
763 3596 894 3653 vitae
956 3596 1276 3654 claritatem
1334 3596 1663 3669 signiﬁcat;
1707 3606 1780 3666 et,

6 3709 9 3719 π
96 3686 457 3743 consideratis
484 3686 773 3754 omnibus,
804 3686 960 3758 quod
990 3686 1174 3759 magis
1216 3685 1428 3743 viderit
1465 3700 1785 3758 congruere

6 3798 10 3809 ν
101 3774 211 3831 loco
239 3775 319 3831 illi
352 3790 531 3847 quem
558 3782 847 3845 retractat,
871 3790 1111 3832 securus
1141 3784 1412 3847 apponat.
1445 3776 1532 3832 Ita
1577 3776 1784 3847 paula-

5 3857 10 3895 θ
101 3863 189 3919 tim
217 3864 271 3920 in
292 3864 412 3921 dies
443 3873 678 3935 sumpta
703 3864 932 3933 ﬁducia,
960 3879 1094 3921 cum
1127 3879 1228 3936 per
1265 3865 1784 3936 significantiarum

5 3962 9 3971 '
100 3953 438 4024 cognitiones
496 3954 702 4011 viderit
757 3953 865 4011 sibi
913 3962 1173 4010 sanctam
1227 3953 1580 4025 Scripturam
1630 3954 1785 4011 arri—

5 4034 10 4051 ’
100 4040 239 4110 dere,
263 4043 381 4115 jam
409 4043 484 4100 ad
536 4043 756 4114 majora
807 4042 1195 4114 progrediens,
1242 4057 1373 4113 quae
1405 4042 1700 4113 quondam
1725 4056 1784 4099 se

102 4145 385 4203 nunquam
414 4139 832 4189 attentaturum
864 4146 1207 4202 praesumere
1248 4139 1451 4202 posset,
1484 4146 1583 4202 spe
1611 4130 1782 4189 etiam

5 4242 9 4263 ν
105 4235 309 4292 semper
362 4220 664 4278 meliorum
719 4229 1065 4293 provocatus
1116 4222 1473 4293 aggreditur,
1532 4224 1604 4279 ad
1653 4237 1785 4294 quae

109 4311 443 4378 penetranda
475 4310 811 4367 testimoniis
854 4310 1002 4366 sacri
1048 4309 1262 4381 eloquii
1293 4311 1629 4367 catervatim
1675 4310 1784 4367 sibi

5 4406 9 4415 '
107 4399 524 4455 occurrentibus
582 4413 696 4454 non
757 4398 1064 4456 minimum
1119 4399 1495 4456 confortatur.
1549 4399 1787 4457 Duobus

1888 1995 1990 2053 ubi
2059 1996 2368 2067 peculiaris
2421 1996 2620 2069 gloriae
2674 1997 2744 2053 de
2802 1997 3010 2068 grandi
3067 1997 3399 2068 eloquentia
3478 2011 3595 2053 non

1888 2085 2094 2142 avertit
2147 2100 2260 2153 eos,
2320 2099 2425 2142 nec
2476 2092 2657 2156 potest
2727 2084 2919 2142 notari
2973 2093 3165 2156 typus.
3223 2085 3378 2142 Nihil
3439 2085 3594 2141 enim

1889 2174 2075 2246 magis
2114 2173 2402 2231 offendere
2439 2174 2737 2231 consuevit
2802 2174 3147 2243 auditorem,
3212 2187 3389 2245 quam
3437 2174 3594 2245 quod

1887 2260 2064 2319 causa
2096 2264 2353 2334 pecunia:
2391 2271 2494 2320 aut
2522 2262 2920 2319 ostentationis
2959 2262 3064 2320 scit
3094 2277 3269 2319 suum
3312 2277 3415 2319 seu
3443 2261 3591 2318 testi-

1888 2360 2007 2408 mat
2035 2352 2330 2424 disputare
2364 2352 2813 2423 praedicatorem.

1962 2442 2155 2499 irritat
2199 2443 2301 2513 qui
2346 2442 2475 2499 talis
2531 2442 2884 2513 agnoscitur,
2936 2455 3053 2498 non
3103 2440 3392 2512 praedicat,
3454 2441 3595 2513 quia

1889 2546 2006 2602 quo
2059 2530 2215 2587 dicta
2260 2545 2368 2587 sua
2414 2532 2743 2588 venustiore
2798 2544 3006 2588 ornare
3053 2538 3297 2587 conatur
3341 2529 3589 2601 eloquio,

1890 2627 2050 2677 tanto
2131 2620 2351 2676 acriore
2407 2619 2723 2677 astantium
2796 2626 3027 2690 pectora
3076 2619 3148 2675 ad
3200 2625 3593 2689 contemptum

1891 2708 2053 2780 (proh
2082 2708 2295 2780 dolor!)
2343 2708 2515 2765 etiam
2559 2723 2762 2766 eorum
2801 2724 2933 2780 quae
2984 2708 3128 2765 bene
3171 2708 3243 2764 ab
3286 2722 3352 2764 eo
3382 2708 3594 2764 dicun-

1889 2804 2006 2866 tur,
2034 2802 2089 2853 et
2128 2796 2381 2852 maxime
2406 2795 2497 2852 sui
2522 2795 2702 2866 ipsius
2728 2803 2902 2853 vexat
2939 2795 3206 2866 fastidio;
3237 2808 3371 2864 quae
3403 2801 3593 2849 tamen

1890 2887 2098 2958 quovis
2148 2885 2302 2942 fastu
2354 2884 2821 2954 enuntiarentur,
2883 2884 3131 2956 supplici
3188 2884 3461 2940 deberent
3512 2882 3593 2939 uti

1889 2975 2090 3032 divina
2117 2970 2303 3045 exe‘ipi
2324 2974 2535 3031 animo.

1966 3064 2097 3120 Haec
2141 3063 2392 3134 qualiter
2442 3070 2687 3120 tractare
2751 3062 2982 3133 debeas,
3043 3062 3138 3118 vir
3182 3059 3591 3127 amantissime,

1887 3154 2061 3227 juxta
2092 3153 2344 3224 inopiam
2371 3166 2557 3210 meam
2607 3152 2749 3220 dixi,
2801 3167 2958 3210 nunc
2985 3153 3254 3222 deinceps
3283 3152 3353 3207 de
3378 3150 3596 3221 quibus

1894 3243 2209 3313 aliquando
2257 3256 2487 3298 sumere
2558 3242 2737 3310 possis
2782 3240 3055 3310 loquendi
3108 3239 3430 3306 materiam,
3483 3239 3594 3295 Deo

1894 3327 2205 3396 aspirante,
2232 3327 2336 3383 fari
2369 3327 2657 3383 exordiar.

1963 3414 2132 3472 Omni
2186 3416 2404 3473 homini
2459 3417 2516 3472 in
2558 3417 2891 3473 confusione
2959 3416 3238 3473 vitiorum
3294 3414 3594 3471 submerso

1894 3504 2033 3561 satis
2057 3505 2290 3577 quidem
2346 3505 2484 3561 utile
2537 3513 2621 3563 est
2673 3504 2959 3576 supplicia
3002 3504 3211 3561 inferni
3271 3518 3449 3575 quam
3480 3504 3594 3560 sint

1895 3593 2185 3651 horrenda
2234 3594 2471 3663 edicere,
2529 3602 2585 3650 et
2636 3609 2770 3652 cum
2816 3594 2910 3650 illo
2964 3592 3240 3650 ineffabili
3287 3608 3392 3650 suo
3455 3593 3594 3649 hor-

1894 3697 2024 3741 rore
2089 3696 2268 3754 quam
2336 3682 2450 3740 sint
2508 3684 2734 3740 infinita
2789 3696 3049 3740 narrare.
3113 3683 3271 3740 Sicut
3321 3683 3473 3739 enim
3534 3681 3592 3736 in

1893 3772 2105 3830 caelesti
2136 3787 2312 3845 regno
2361 3772 2559 3844 positis
2606 3772 2752 3829 nihil
2804 3771 3175 3830 beatitudinis
3221 3772 3419 3840 deerit,
3460 3771 3595 3828 sice

1893 3863 2179 3919 contrario
2210 3863 2269 3918 in
2290 3868 2572 3919 aeternum
2616 3862 2907 3919 damnatis
2956 3861 3102 3919 nihil
3135 3861 3397 3929 miseriae,
3449 3860 3593 3917 nihil

1894 3953 2050 4024 quod
2105 3951 2178 4008 ad
2231 3966 2457 4023 poenam
2507 3951 2789 4023 pertineat
2845 3953 3038 4008 deesse
3085 3952 3309 4023 poterit.
3352 3952 3594 4008 Etcum

1892 4043 2016 4100 sine
2046 4042 2162 4099 ullo
2194 4042 2283 4099 vel
2333 4049 2733 4098 momentaneo
2778 4041 3025 4098 remedio
3066 4041 3423 4106 crucientur,
3452 4040 3594 4098 illud

1895 4130 2183 4201 praecipue
2232 4137 2286 4187 et
2356 4129 3006 4201 incomprehensibiliter
3079 4130 3300 4186 cruciat
3372 4129 3595 4186 animos

1894 4219 2271 4290 perditorum,
2305 4220 2461 4292 quod
2507 4234 2612 4276 nec
2657 4220 2855 4275 saltem
2905 4226 3030 4290 post
3088 4219 3241 4275 mille
3280 4219 3461 4275 millia
3498 4234 3596 4275 an-

1895 4322 2102 4364 norum
2162 4322 2319 4378 spem
2386 4307 2599 4364 habent
2655 4315 3074 4364 tormentorum
3139 4307 3592 4375 evadendorum,

1893 4397 1990 4454 sed
2021 4405 2261 4453 mortem
2321 4396 2698 4453 immortalem
2747 4410 3014 4466 passuros
3069 4412 3128 4453 se
3182 4396 3371 4453 sciunt
3405 4396 3463 4453 in
3492 4411 3598 4452 see-

109 4494 281 4543 autem
312 4488 417 4544 hoc
441 4488 561 4544 fieri
588 4487 747 4555 solet,
779 4487 1043 4559 exemplo
1079 4488 1291 4545 scilicet
1320 4496 1495 4560 atque
1526 4489 1781 4547 ratione:
1817 4511 1859 4565 ι)
1897 4486 2029 4542 cula
2049 4486 2413 4543 saeculorum.
2449 4484 2584 4556 Spes
2633 4485 2787 4541 enim
2836 4493 2891 4541 et
2924 4499 3061 4541 sane
3106 4484 3408 4556 aliquoties
3455 4484 3597 4540 falsa

110 4576 351 4646 exemplo
399 4576 853 4648 Scripturarum,
905 4584 971 4634 ut
1034 4577 1176 4645 dixi,
1218 4578 1789 4648 praecedentium;et

111 4663 336 4734 ratione,
360 4664 625 4721 videlicet
651 4679 785 4721 cum
820 4664 1085 4735 exempla
1113 4665 1309 4721 minus
1346 4666 1576 4733 adsunt,
1606 4674 1661 4722 et
1688 4680 1789 4737 per

111 4752 598 4811 considerationem
658 4763 884 4810 naturae
943 4753 1096 4810 illius
1154 4754 1235 4810 rei
1288 4754 1357 4810 de
1408 4768 1528 4826 qua
1569 4758 1782 4828 agitur,

109 4838 305 4910 aliquid
331 4842 619 4914 allegoriae
643 4842 736 4899 vel.
762 4841 1071 4899 moralitati
1094 4842 1443 4900 conveniens
1468 4843 1784 4914 invenitur,

111 4928 237 4986 sicut
265 4931 330 4988 de
362 4932 650 5003 lapidibus
668 4931 1039 5002 fgemmariis,
1091 4932 1161 4988 de
1206 4932 1435 5000 avibus,
1469 4932 1539 4989 de
1569 4933 1781 5003 bestiis,

110 5015 167 5071 de
193 5020 395 5088 quibus
425 5021 715 5092 quidquid
745 5021 991 5092 figurate
1016 5020 1246 5090 dicitur,
1270 5036 1385 5078 non
1412 5022 1522 5077 nisi
1554 5031 1787 5094 propter

113 5114 424 5166 naturarum
439 5110 889 5181 significandam
916 5110 1235 5181 profertur;
1249 5110 1309 5166 in
1328 5111 1544 5182 quibus
1559 5111 1783 5168 etiamsi

112 5194 249 5251 nulla
269 5199 474 5270 pagina
504 5198 809 5269 aliquoties
841 5206 1164 5267 attestetur,
1200 5213 1301 5271 per
1333 5208 1559 5257 naturae
1590 5208 1783 5259 tamen

114 5278 489 5353 inspectionem
523 5287 758 5344 licenter
785 5285 1111 5359 conjicitur.

172 5372 457 5447 Gregorius
508 5377 922 5446 Nazianzenus,
970 5377 1063 5435 vir
1130 5377 1473 5436 mirabiliter
1517 5378 1784 5436 eruditus

118 5456 165 5513 in
188 5464 418 5532 quodam
447 5482 555 5524 suo
582 5466 726 5523 libro
751 5474 989 5524 testatur
1017 5481 1076 5523 se
1099 5466 1154 5523 id
1176 5467 1449 5524 habuisse
1478 5475 1786 5524 consuetu-

120 5544 262 5617 diuis,
289 5561 347 5610 ut
393 5554 683 5626 quidquid
723 5555 960 5622 videret,
1000 5556 1074 5612 ad
1119 5555 1557 5612 instructionem
1605 5554 1783 5612 animi

123 5634 447 5708 allegorizare
523 5643 797 5700 studeret.
877 5642 1037 5711 Quod
1101 5642 1370 5701 acumine
1427 5642 1667 5700 rationis
1735 5640 1781 5697 si

124 5720 277 5783 facere
303 5739 588 5788 assuescat
616 5731 846 5802 aliquis,
896 5746 1013 5789 non
1063 5732 1233 5789 modo
1282 5732 1340 5788 in
1387 5730 1781 5787 voluminibus

1896 4576 2111 4632 refovet
2160 4584 2377 4631 mentes
2433 4575 2491 4630 in
2544 4574 2802 4632 adversis
2832 4575 3192 4637 constitutas,
3251 4574 3349 4630 sed
3390 4573 3465 4630 ibi
3494 4588 3599 4630 nec

1894 4678 2051 4732 vera,
2094 4679 2199 4721 nec
2247 4664 2388 4720 falsa
2434 4664 2559 4732 erit,
2608 4678 2741 4733 quae
2774 4678 2871 4720 eos
2918 4663 3199 4720 consolari
3247 4663 3441 4735 possit.
3490 4662 3597 4719 Sed

1894 4753 2186 4810 hominem
2243 4752 2572 4820 animalem,
2609 4752 2665 4809 id
2730 4760 2815 4809 est
2890 4752 3200 4809 bestialiter
3284 4751 3595 4820 viventem,

1894 4842 2067 4913 cujus
2095 4855 2298 4899 sensus
2326 4841 2384 4898 in
2434 4841 2525 4898 his
2571 4856 2705 4912 quae
2757 4840 3130 4911 corporaliter
3161 4840 3314 4896 videt
3361 4840 3464 4896 toti
3507 4839 3596 4895 in-

1896 4932 2133 4999 haerent,
2187 4932 2328 5004 quia
2370 4945 2486 4987 non
2544 4930 2697 5001 capit
2726 4944 2858 5000 quze
2918 4929 3016 4986 Dei
3059 4936 3215 4997 sunt,
3250 4928 3327 4985 ita
3357 4936 3598 4987 terrenae

1894 5022 2207 5093 voluptatis
2252 5020 2606 5077 consuetudo
2649 5027 2918 5087 excrecat,
2966 5026 3030 5076 ut
3062 5019 3204 5075 nihil
3252 5033 3408 5085 eum,
3442 5019 3598 5089 quod

1892 5109 1961 5166 de
1980 5110 2177 5167 futuro
2220 5109 2430 5166 szeculo
2472 5108 2582 5165 sibi
2627 5109 2879 5179 dicatur,
2913 5109 3198 5165 deterrere
3245 5111 3440 5179 queat,
3467 5116 3522 5164 et
3551 5107 3599 5164 si

1892 5199 2206 5271 aliquando
2253 5199 2555 5266 deterreat,
2596 5199 2739 5270 quia
2781 5198 2937 5270 quod
2984 5198 3198 5255 dicitur
3252 5196 3444 5253 adhuc
3482 5211 3598 5253 non

1890 5290 2080 5357 sentit,
2113 5288 2225 5346 cito
2254 5302 2289 5345 a
2318 5295 2507 5345 mente
2536 5288 2782 5345 excidat.

1961 5376 2296 5469 Objicienda
2353 5391 2493 5448 ergo
2540 5377 2591 5432 ei
2653 5384 2791 5432 sunt
2841 5389 2974 5447 quae
3033 5375 3104 5469 in
3156 5372 3600 5469 praesentiarum

1894 5465 2041 5522 inter
2058 5462 2216 5521 'male
2246 5465 2572 5522 faciendum
2603 5471 2658 5522 et
2705 5479 2809 5536 pro
2844 5463 2994 5520 male
3028 5462 3287 5520 faciendo
3314 5468 3602 5519 tormenta

1891 5555 2252 5611 anxietatum
2283 5568 2350 5611 ac
2394 5555 2665 5612 timorum
2707 5553 2943 5625 patitur,
2993 5559 3050 5609 et
3093 5552 3251 5624 quod
3291 5549 3434 5606 nihil
3466 5548 3602 5606 inde

1891 5642 2001 5699 nisi
2052 5643 2307 5700 laborem
2351 5650 2407 5700 et
2435 5643 2690 5700 dolorem
2731 5640 3135 5712 turpissimum
3184 5645 3597 5709 consequatur.

1891 5731 2067 5787 Verbi
2134 5732 2340 5801 gratia,
2395 5731 2549 5786 furto
2607 5730 2740 5800 quis
2800 5734 3069 5784 assuetus
3123 5735 3228 5793 est,
3288 5724 3603 5794 cupiditate
