3966 6476
339 435 404 492 31

341 565 539 638 itaque
565 565 873 638 cujuslibet
920 565 1000 622 rei
1049 565 1256 632 victus,
1291 579 1410 620 non
1455 564 1580 621 dico
1612 577 1646 620 a
1697 563 1898 621 timore
1936 578 2034 619 no-
2065 566 2110 621 Α

341 662 568 723 cturno,
630 655 785 712 unde
839 668 946 724 ego
997 653 1137 710 satis
1191 653 1672 719 exstimescerem,
1739 653 1835 708 sed
1878 667 1948 708 ne
2003 667 2036 707 a

344 743 735 798 membrorum
771 742 1005 812 quidem
1055 742 1380 808 amissione,
1417 741 1506 797 vel
1535 741 1608 798 ab
1639 740 1760 810 ipso
1788 743 2036 796 exterri-

343 836 438 886 tus
483 831 814 900 suspendio,
864 830 1019 900 quod
1066 845 1126 886 se
1175 845 1291 886 non
1337 843 1648 886 evasurum
1687 829 1811 895 scit,
1864 829 1907 884 si
1939 829 2034 883 de-

344 918 759 988 prehendatur,
819 918 977 974 vadit
1015 915 1311 974 furatum:
1364 919 1518 974 timet
1577 930 1734 984 sane,
1783 924 1838 972 et
1887 917 2037 972 truci

344 1013 588 1062 tremore
646 1005 992 1073 concutitur,
1058 1007 1157 1062 sed
1220 1006 1280 1062 vi
1335 1005 1660 1076 cupiditatis
1726 1004 2033 1061 evincitur.

345 1093 656 1150 Convictus
690 1093 885 1164 itaque
915 1095 1045 1150 talis
1077 1094 1254 1151 furcis
1281 1093 1645 1164 appendilur.
1705 1133 1719 1148 .

417 1180 614 1237 Dicam
667 1189 723 1238 et
790 1182 860 1237 de
921 1181 1160 1249 incestu,
1217 1183 1312 1238 sed
1388 1181 1562 1238 verbo
1624 1180 1833 1236 nobilis
1882 1180 2036 1236 illius

347 1268 522 1324 Boetii
555 1270 910 1326 commodius
960 1270 1179 1324 dicam:
1216 1291 1240 1318 ι
1288 1269 1435 1336 Quid
1470 1270 1567 1336 ait,
1619 1270 1688 1325 de
1723 1270 2038 1340 voluptati-

349 1355 459 1412 bus
482 1356 707 1428 loquar,
739 1371 990 1427 quarum
1020 1357 1254 1428 quidem
1288 1357 1609 1427 appetentia
1639 1357 1804 1426 plena
1829 1357 2037 1412 anxie-

348 1443 480 1500 tatis
514 1452 615 1512 est,
652 1445 882 1501 satietas
930 1459 1063 1501 vero
1119 1445 1512 1515 paenitentiae?
1561 1446 1748 1513 (Bosr.
1788 1445 1867 1498 De
1909 1461 2038 1498 con-

346 1533 425 1587 sol
451 1533 677 1601 Philas,
718 1532 817 1589 lib.
849 1549 931 1599 in,
975 1547 1149 1604 prosa
1181 1533 1262 1603 '7.)
1288 1533 1434 1599 Quid
1483 1533 1588 1588 hoc
1647 1533 1839 1588 verius
1868 1533 2036 1596 dicto,

345 1620 672 1690 Torquetur
701 1620 754 1675 in
791 1619 1260 1689 concupiscentia
1301 1619 1506 1690 ﬂagitii
1553 1620 1789 1691 positus,
1835 1629 2040 1676 aestuat

347 1708 604 1779 cogitans
649 1710 898 1776 qualiter
947 1721 1194 1777 pravum
1253 1707 1521 1764 allectum
1580 1708 1652 1764 ad
1708 1713 2040 1779 nequiorem

347 1795 521 1851 ducat
551 1793 856 1864 effectum;
887 1802 943 1851 et
1001 1795 1138 1852 dum
1195 1797 1460 1868 cognosci
1515 1797 1670 1868 quod
1711 1798 1830 1868 agit
1861 1797 2038 1864 timet,

348 1882 472 1938 diro
490 1890 547 1938 et
598 1882 947 1939 intolerabili
997 1866 1550 1954 cruciatu—uritur;
1575 1893 1630 1942 et
1676 1866 1814 1941 dum
1867 1893 2043 1942 aestus
2070 1866 2112 1919 Β

347 1971 438 2026 sui
468 1971 773 2041 impatiens
817 1971 1088 2041 expedire
1137 1987 1196 2027 se
1244 1973 1466 2034 nititur.
1509 1974 1660 2038 vi-l‘t,
1715 1973 1874 2041 nolit,
1934 1989 2043 2030 usu

350 2060 582 2130 proprio
632 2067 959 2130 superatur.
1008 2060 1160 2116 Dum
1203 2060 1381 2116 fervet
1431 2062 1744 2126 desideriis,
1778 2062 2046 2133 queritur

347 2145 651 2203 adversum
705 2162 764 2203 se
801 2147 1056 2218 graviter
1112 2149 1182 2204 de
1234 2149 1382 2205 bello
1427 2150 1582 2220 quod
1639 2150 1858 2216 tolerat,
1899 2158 1954 2206 et
1985 2165 2043 2207 se

348 2234 740 2292 miserrimum
804 2236 1034 2304 clamat,
1114 2236 1192 2292 ita
1249 2245 1312 2293 ut
1364 2238 1616 2308 seipsum
1688 2238 1938 2296 fastidiat
1989 2247 2044 2295 et

348 2323 542 2379 vivere
577 2323 800 2380 taedeat.
831 2325 902 2380 Et
927 2323 1154 2394 expleto
1184 2325 1340 2396 quod
1387 2326 1588 2396 cupiit,
1647 2341 1778 2397 quae
1810 2335 2044 2383 tortnrze

348 2410 450 2481 qui
480 2411 748 2481 gemitus,
779 2426 957 2482 quam
1014 2427 1142 2470 sera
1195 2413 1525 2483 pmnitentia
1579 2422 1716 2472 tunc
1766 2415 2042 2471 infelicem

351 2500 638 2556 hominem
671 2499 962 2570 sequitur!
997 2522 1018 2550 »

421 2588 500 2642 De
530 2603 647 2657 quo
679 2588 801 2644 sine
843 2588 1019 2645 dubio
1057 2589 1304 2645 dixerim
1331 2591 1432 2660 qui
1489 2590 1534 2646 si
1572 2597 1793 2646 tantum
1826 2592 2046 2647 veracis

350 2675 589 2732 tristitiae
627 2683 682 2732 et
731 2675 1040 2734 fructuosas
1074 2678 1445 2748 pmnitudinis
1501 2686 1624 2749 post
1681 2681 2044 2750 perpetratio-

352 2778 480 2819 nem
522 2764 739 2834 peccati
792 2765 1048 2834 haberet,
1104 2775 1392 2836 quantum
1445 2775 1568 2837 post
1617 2767 1879 2824 ell’ectum
1912 2768 2046 2825 libi-

347 2851 498 2908 dinis
529 2860 632 2908 aut
681 2852 930 2923 alicujus
963 2853 1237 2922 criminis,
1282 2862 1336 2910 et
1387 2855 1445 2911 in
1505 2856 1626 2925 ipsa
1665 2857 1836 2912 etiam
1870 2872 2045 2914 exrc-

349 2938 640 3010 gitatione,
700 2948 1012 3012 antequam
1071 2950 1368 3012 perpetret,
1441 2944 1691 3013 primum
1739 2945 2043 3016 augustize,

348 3026 637 3096 quomodo
687 3025 901 3084 scilicet
953 3027 1181 3094 efliciat,
1236 3029 1444 3086 dehinc
1499 3031 1758 3086 mteroris
1813 3047 1931 3102 quo
1972 3046 2044 3087 ex

348 3114 607 3170 satietate
655 3116 868 3184 peccati
935 3115 1008 3171 ad
1074 3117 1294 3182 horam,
1345 3117 1525 3173 donec
1580 3118 1794 3175 scilicet
1846 3119 2047 3176 solitus

349 3201 538 3258 fervor
584 3202 798 3268 redeat,
851 3203 1142 3259 fastidium
1193 3206 1488 3263 consuevit
1536 3207 1674 3276 pati,
1724 3207 2046 3264 maximum

346 3297 400 3346 et
429 3289 584 3346 omni
631 3291 961 3362 acceptione
1013 3292 1256 3363 dignum
1303 3293 1418 3348 Deo
1465 3293 1718 3350 fructum
1750 3309 1870 3351 sum
1908 3310 2043 3351 con—

348 3378 597 3434 tritionis
641 3377 891 3435 offerret.
945 3379 1053 3436 Sed
1103 3394 1309 3436 verum
1355 3387 1439 3436 est
1485 3395 1720 3450 prorsus
1768 3385 1897 3450 quia
1940 3385 2049 3451 ﬁlii

347 3468 532 3520 amuli
560 3466 939 3534 prudentiores
989 3474 1065 3528 et.
1118 3475 1180 3522 ut
1210 3468 1290 3523 sic
1336 3468 1544 3536 dicam,
1580 3469 1896 3526 vivaciores
1922 3477 2047 3525 sunt

346 3554 480 3623 ﬁliis
529 3555 664 3607 lucis
713 3556 773 3608 in
817 3558 1159 3622 generatione
1213 3571 1314 3610 sua
1353 3559 1505 3627 (Luc.
1549 3573 1658 3624 xvr,
1705 3557 1781 3627 8).
1827 3558 2048 3614 Dicitur

350 3641 504 3697 enim
535 3641 824 3710 apostolis,
857 3643 940 3697 vel
995 3641 1198 3698 Judam
1249 3661 1356 3698 non
1402 3645 1598 3700 videtis
1644 3645 1906 3714 quomodo
1941 3661 2046 3700 non

350 3729 572 3798 dormit,
603 3743 718 3786 non
757 3730 912 3801 quod
953 3732 1154 3788 melior
1183 3733 1324 3788 foret
1371 3733 1534 3789 ludas
1580 3733 1780 3804 vigilia
1816 3742 2047 3803 aposto-

349 3817 538 3874 lorum
605 3831 825 3887 somno,
883 3820 978 3896 sed
1037 3821 1194 3892 quod
1255 3820 1410 3897 illius
1467 3821 1524 3876 in
1573 3821 1723 3878 malo
1767 3823 2049 3893 sagacitas

352 3905 620 3976 apostolis
649 3907 847 3964 adesse
894 3909 1122 3966 deberet
1164 3909 1223 3966 iu
1267 3909 1437 3965 bono.
1488 3911 1556 3966 Et
1596 3909 1813 3966 Paulus
1843 3911 2044 3966 huma-

351 4009 492 4050 num
537 3995 732 4052 dicens
795 3999 971 4063 (Rom.
1045 4013 1122 4065 vi,
1186 3999 1296 4067 l9),
1354 4006 1587 4067 propter
1658 3998 2044 4054 inﬁrmitatem

351 4083 541 4138 carnis
595 4091 824 4152 nostra,
893 4085 1042 4141 sicut
1107 4093 1306 4140 nostra
1353 4085 1728 4142 exhibuimus
1791 4087 2047 4144 membra

351 4173 568 4229 servire
591 4171 908 4243 iniquitati,
961 4175 1008 4230 si
1047 4188 1164 4230 non
1217 4173 1487 4242 amplius,
1539 4175 1619 4230 sic
1646 4175 1846 4232 saltem
1875 4177 2043 4234 exhi-

305 4290 317 4298 ~
353 4259 484 4316 bere
514 4276 626 4318 non
661 4263 784 4318 vult
811 4262 883 4318 ad
911 4261 1282 4318 serviendum
1315 4262 1619 4319 sanctitati.

423 4349 673 4407 Noverat
755 4350 1132 4407 acrimoniam
1215 4355 1271 4406 et
1337 4351 1706 4422 sagacitatem
1773 4353 2044 4412 humanae

1226 433 1286 487 ν.
1325 431 1664 490 GUIBERTI
1702 430 1999 487 ABBATIS
2035 432 2090 487 S.
2132 429 2378 486 MARI£
2419 430 2508 486 DE
2562 429 2958 486 NOVIGENTO

3835 425 3918 480 3'.’

2141 563 2346 620 mentis
2375 562 2448 618 ad
2481 561 2718 628 malum,
2751 559 2855 632 qui
2891 559 2937 616 si
2970 559 3326 618 tantumdem
3377 561 3676 618 bonorum
3741 567 3920 614 stu-

2144 651 2284 708 diosi
2316 659 2523 714 essent,
2573 663 2798 718 magnze
2851 648 3040 705 laudis
3079 648 3245 704 titulo
3273 649 3436 719 digni
3485 649 3713 704 forent.
3755 646 3918 701 Ob-

2139 741 2375 810 jiciatur
2401 753 2539 807 ergo
2570 737 2783 793 talibus
2826 737 2936 792 sub
2984 735 3200 806 quibus
3236 736 3452 791 aculeis
3492 744 3550 791 et
3583 735 3916 791 tortiuni—

2147 827 2255 883 bus
2298 827 2535 882 miseras
2566 824 2887 894 transigant
2919 824 3278 894 voluptates;
3311 823 3633 895 objiciatur
3680 822 3916 890 turpis

2143 916 2404 986 opinios
2433 928 2550 984 qua
2599 912 2718 968 sola
2759 927 2861 968 seu
2907 911 3120 982 apertis
3157 913 3279 968 sive
3310 927 3425 968 non
3469 913 3700 982 apertis
3747 923 3916 966 rea-

2147 1005 2299 1061 tibus
2331 1001 2644 1058 infelicium
2675 1001 3005 1056 sordidatur
3055 1000 3341 1056 honestas.
3377 1001 3432 1057 Si
3467 1001 3678 1070 itaque
3713 999 3915 1055 mala

2146 1093 2363 1159 futura,
2391 1090 2532 1161 quia
2570 1103 2683 1144 non
2714 1096 2848 1144 ante
2885 1087 3082 1144 oculos
3114 1095 3216 1144 aut
3252 1101 3286 1143 a
3318 1088 3598 1144 lateribus
3647 1101 3725 1144 ea
3775 1087 3916 1142 ha-

2146 1182 2302 1247 bent,
2333 1179 2524 1234 adhuc
2555 1177 2752 1232 timere
2783 1190 2896 1232 non
2951 1176 3290 1246 dignantur,
3351 1177 3592 1232 timeant
3657 1175 3912 1231 saltem

2147 1283 2248 1340 pro
2278 1267 2501 1324 tantilla
2541 1267 2832 1336 voluptate
2886 1273 3000 1320 tam
3059 1265 3276 1320 rabidis
3320 1267 3692 1321 cruciatibus
3743 1265 3910 1334 agi-

2148 1355 2276 1423 tari,
2303 1355 2372 1411 de
2422 1354 2640 1427 quibus
2690 1353 2830 1410 nihil
2885 1353 2992 1408 sibi
3037 1354 3332 1423 contingat
3389 1355 3496 1409 nisi
3529 1353 3910 1410 honestatis

2145 1443 2465 1515 periculum
2528 1442 3018 1513 perditionemque
3075 1440 3341 1497 lucrari:
3402 1457 3558 1512 quae,
3606 1442 3908 1513 inquam

2146 1530 2413 1600 voluptas
2435 1529 2507 1584 ad
2557 1529 2682 1598 apis
2725 1527 3182 1595 similitudinem,
3233 1535 3297 1584 ut
3335 1529 3614 1598 praefatus
3651 1537 3910 1584 auctor

2147 1618 2226 1674 ait
2256 1619 2445 1684 (Bon.
2497 1619 2593 1673 ubi
2635 1634 2782 1687 sup.,
2829 1625 3008 1674 metro
3035 1618 3111 1683 7),
3169 1616 3280 1672 mel
3335 1618 3390 1671 in
3421 1631 3539 1684 ore,
3587 1617 3649 1672 id
3683 1625 3782 1672 est
3830 1617 3906 1670 iu

2149 1716 2426 1777 suggestu
2485 1707 2665 1777 ipsius
2727 1705 3244 1772 delectatiunculas,
3306 1706 3472 1776 gerit,
3529 1706 3632 1762 sed
3715 1719 3900 1760 acu-

2149 1795 2300 1851 leum
2342 1795 2400 1851 iu
2431 1795 2634 1863 cauda,
2665 1797 2804 1866 quia
2853 1793 3210 1864 postmodum
3241 1793 3530 1864 quidquid
3581 1793 3902 1850 dulcedi-

2151 1883 2241 1939 nis
2275 1883 2484 1940 inlimze
2537 1884 2748 1952 hausit,
2799 1896 2965 1939 sava:
3012 1881 3356 1952 suspicionis
3401 1881 3722 1937 acerbitate
3769 1896 3905 1936 ex-

2149 1971 2334 2029 solvit.

2220 2060 2367 2116 Dicit
2407 2068 2644 2116 sanctus
2697 2059 3010 2129 Gregorius
3056 2059 3274 2128 (Morel.
3332 2061 3391 2113 in
3427 2058 3546 2124 Job,
3608 2057 3717 2114 lib.
3769 2073 3900 2125 xu,

2149 2163 2274 2220 cap.
2307 2148 2423 2219 21),
2456 2150 2597 2221 quia
2642 2150 2784 2205 nihil
2835 2148 3077 2219 simplici
3128 2155 3314 2204 mente
3369 2147 3608 2204 felicius.
3641 2147 3904 2204 Contra

2149 2239 2305 2308 quod
2336 2239 2572 2309 quidam
2607 2238 2686 2294 ait
2733 2238 2873 2308 quia
2925 2251 3088 2292 mens
3133 2235 3280 2292 male
3336 2236 3566 2292 conscia
3603 2236 3904 2306 propriis

2151 2341 2375 2396 semper
2399 2329 2657 2398 agitatur
2685 2325 2953 2387 stimulis.
2985 2326 3124 2382 dum
3167 2323 3504 2380 malefacere
3533 2325 3896 2394 gestiendo,

2150 2422 2253 2470 aut
2315 2415 2615 2471 malefacta
2665 2414 2937 2475 timendo.
2996 2413 3277 2468 intestinis
3333 2413 3684 2468 creberrime
3735 2427 3894 2468 creo

2151 2509 2345 2559 matur
2402 2502 2699 2558 incendiis.
2751 2502 2806 2558 Si
2857 2501 3032 2572 igitur
3087 2501 3336 2557 consulit
3383 2509 3611 2556 aeternae
3665 2500 3896 2571 perdi-

2153 2590 2312 2658 tioni,
2345 2590 2433 2646 vel
2487 2590 2610 2663 [pro
2637 2588 2716 2662 et]
2767 2590 3031 2660 praesenti
3058 2590 3320 2645 consulat
3361 2588 3786 2656 verecundiae;
3827 2597 3898 2644 et

2151 2692 2464 2733 conversus
2508 2678 2580 2733 ad
2633 2692 2731 2733 cor
2787 2677 2969 2732 discat
3020 2678 3278 2732 resistere
3334 2676 3895 2730 consuetudinibus

2153 2765 2367 2836 pravis,
2417 2766 2653 2822 sollicite
2689 2765 2948 2821 videlecet
2980 2765 3279 2835 inquirens
3323 2765 3465 2836 quid
3495 2765 3664 2820 distet
3715 2765 3897 2820 inter

2152 2868 2381 2910 carnem
2411 2861 2467 2910 et
2506 2853 2792 2922 spiritum,
2853 2853 2965 2909 imo
3005 2853 3144 2924 quid
3200 2854 3273 2909 sit
3321 2867 3456 2909 caro
3506 2861 3561 2908 ct
3589 2853 3888 2922 spiritus.

2154 2943 2394 2998 Frustra
2432 2958 2583 2998 enim
2632 2943 2793 2999 miles
2831 2943 3010 2998 armis
3063 2943 3390 3008 instruitur,
3444 2941 3553 2997 nisi
3591 2941 3887 2997 animum

2153 3044 2340 3086 acrem
2423 3031 2632 3087 habeat
2688 3045 2806 3101 quo
2869 3030 3130 3086 hostibus
3185 3030 3517 3085 reluctetur.
3579 3029 3649 3084 Et
3711 3030 3882 3099 quid

2155 3119 2380 3188 prodest
2413 3120 2654 3174 virtutes
2691 3117 3024 3173 carnalibus
3076 3117 3350 3172 adversas
3380 3116 3630 3172 lasciviis
3664 3130 3891 3187 agno-

2155 3221 2328 3274 scere,
2366 3208 2412 3262 si
2444 3206 2587 3262 ratio
2619 3206 2771 3262 iners
2815 3211 2872 3262 et
2902 3205 3125 3276 torpida
3176 3205 3246 3261 ad
3297 3205 3735 3276 impugnandas
3769 3220 3891 3261 eas

2156 3311 2271 3352 non
2303 3295 2438 3350 velit
2459 3308 2758 3364 assurgere
2784 3295 2813 3347 ?

2227 3385 2536 3437 Sumumus
2556 3383 2748 3451 itaque
2771 3381 3049 3452 quiddam
3073 3381 3296 3436 veracis
3322 3381 3573 3438 historiae
3591 3381 3648 3436 in
3666 3396 3886 3440 exem-

2157 3471 2338 3542 plum,
2369 3470 2538 3540 cujus
2566 3470 2704 3524 dum
2753 3478 2968 3525 secreta
2995 3469 3357 3536 discutimus,
3395 3471 3658 3539 plurimae
3687 3469 3814 3527 inst
3829 3473 3886 3528 i-

2157 3559 2395 3615 tutionis
2447 3557 2610 3613 nobis
2679 3557 3062 3613 instrumenta
3120 3557 3430 3627 aperimus.
3491 3557 3604 3613 Nec
3633 3572 3744 3614 nos
3778 3574 3884 3614 res

2156 3660 2336 3701 novas
2361 3647 2548 3703 moliri
2581 3647 2638 3702 in
2668 3646 2773 3702 hoc
2797 3645 3110 3717 quisquam
3139 3645 3446 3710 existimet,
3478 3645 3664 3702 sciens
3693 3648 3878 3718 quia,

2155 3735 2204 3792 si
2233 3736 2551 3791 secundum
2586 3743 2830 3805 poetam,

2915 3824 3096 3879 Licuit
3123 3837 3434 3894 semperque
3465 3823 3642 3878 licebit

2156 3913 2444 3980 Signatum
2470 3918 2739 3982 prasente
2767 3917 2897 3967 nota
2912 3913 3208 3982 producere
3234 3928 3443 3978 nomen,

2157 4000 2337 4057 multo
2375 4001 2559 4071 magis
2615 4001 2778 4058 limat
2815 4001 3086 4058 omnibus
3121 4014 3297 4057 sacrae
3345 4015 3571 4071 paginas
3619 4001 3877 4060 scientia

2155 4089 2335 4145 doctis
2372 4089 2533 4145 salva
2561 4089 2687 4156 lide,
2719 4096 2774 4145 et
2797 4090 2970 4160 juxta
2998 4096 3256 4145 veterum
3289 4089 3521 4160 regulas
3568 4089 3874 4162 interpre-

2157 4187 2302 4241 tum,
2373 4177 2796 4248 Scripturarum
2857 4192 2958 4248 per
3019 4192 3224 4233 sensus
3279 4177 3468 4234 varios
3528 4177 3872 4250 disquirere

2157 4267 2498 4322 ubertatem.
2533 4267 2803 4322 Dicamus
2834 4268 3031 4338 igitur.

1755 4497 2040 4542 EXPLICIT
2080 4499 2424 4543 PROOEMIUM
2434 4527 2448 4543 .

1908 4651 2317 4664 _—_

1023 4783 1550 4890 INCIPIT
1623 4785 2390 4894 MORALIUM
2466 4786 3195 4893 GENESEOS

1686 4993 2006 5068 LIBER
2095 4991 2532 5066 PRIMUS.

882 5313 934 5362 ο
969 5309 1196 5368 CAPUT
1229 5311 1533 5371 PRIMUM.

435 5391 591 5449 VERS
624 5397 671 5449 l.
701 5395 777 5450 In
800 5398 1090 5467 principio
1116 5402 1322 5454 creauit
1351 5403 1490 5456 Deus
1529 5401 1717 5456 costum
1744 5407 1794 5455 et
1833 5406 2054 5454 terram.

365 5479 424 5536 in
457 5481 736 5553 principio
783 5486 1172 5543 conversionis
1228 5495 1437 5543 nostrae
1495 5488 1646 5544 intra
1693 5490 2062 5560 nosmetipsos

366 5567 426 5624 in
459 5568 574 5625 duo
603 5573 867 5642 quaedam
907 5573 1014 5630 sibi
1053 5575 1218 5632 valde
1249 5577 1539 5632 contraria
1567 5576 1900 5646 dividimur,
1928 5593 2060 5650 quin

367 5657 426 5718 in
485 5658 645 5716 nullo
703 5661 844 5719 bene
898 5663 1126 5720 vivente
1195 5677 1391 5734 pacem
1461 5664 1552 5720 vel
1600 5673 2057 5724 momentaneam

2166 5311 2312 5366 inter
2366 5327 2445 5378 se,
2503 5319 2566 5367 ut
2616 5319 2754 5382 puto
2803 5312 3062 5382 reperiri,
3133 5321 3371 5382 possunt
3422 5311 3655 5367 habere.
3718 5313 3864 5370 Sunt

2166 5408 2359 5455 autem
2383 5413 2534 5467 caro,
2587 5409 2641 5456 et
2671 5399 2928 5470 spiritus.
2970 5401 3114 5456 Caro
3152 5411 3343 5456 autem
3375 5401 3481 5456 hoc
3523 5401 3582 5456 in
3635 5400 3776 5471 loco,
3809 5411 3861 5459 et

2165 5502 2316 5558 saepe
2370 5489 2514 5544 alias
2543 5504 2676 5545 cum
2735 5502 2836 5558 pro
2879 5490 3034 5546 vitiis
3063 5490 3253 5546 carnis
3308 5489 3563 5560 ponitur,
3613 5489 3672 5545 in
3717 5492 3862 5546 malo

2167 5578 2465 5647 accipitur.
2504 5577 2683 5634 Homo
2723 5592 2974 5648 namque
3001 5593 3036 5633 a
3064 5579 3179 5634 Deo
3225 5579 3302 5634 ita
3330 5577 3593 5635 conditus
3641 5587 3726 5635 est
3753 5579 3862 5636 im-

2167 5668 2360 5724 munis
2387 5669 2461 5723 ab
2497 5667 2652 5724 omni
2683 5667 2977 5738 superﬂuo
3005 5675 3062 5724 et
3093 5666 3416 5725 inordinate
3445 5668 3626 5726 animi
3645 5677 3702 5727 et
3731 5687 3858 5729 car-
