3966 6420
44 384 111 437 33
1296 374 1668 432 MORALIUM
1710 374 1778 430 IN
1818 373 2118 430 GENESIN
2160 373 2291 430 LIB.
2334 374 2384 431 Ι.
3503 380 3570 432 34

45 515 133 571 nis
180 526 302 570 suae
337 517 524 578 motu,
567 525 698 569 cum
744 517 905 568 tanta
953 508 1160 567 harum
1207 507 1458 565 duarum
1510 508 1760 578 partium
1790 511 1834 565 Α
1872 513 1989 574 tur,
2042 522 2174 564 cum
2215 508 2464 565 duorum
2508 508 2749 565 istorum
2799 509 3178 583 intelligentia
3207 518 3262 568 et
3306 511 3569 569 ordinata

43 603 349 661 concordia
392 608 624 657 creatus
661 606 762 667 est,
814 607 878 655 ut
909 598 990 654 nil
1023 598 1080 653 in
1111 611 1170 654 se
1200 611 1440 668 prorsus
1486 596 1757 652 molestiae

45 701 361 763 pateretur,
410 692 593 746 donec
635 688 899 745 divinum
969 687 1296 757 imperium,
1348 686 1597 755 serpenti
1647 684 1756 740 ob-

47 789 392 850 temperans,
428 778 932 849 transgrederetur
963 791 976 830 :
1010 791 1126 847 quo
1158 784 1324 845 pacto
1360 774 1510 830 illico
1535 780 1756 830 contra-

46 870 191 926 riam
266 868 525 925 dominio
579 867 785 923 mentis
845 866 1021 921 sensit
1073 878 1327 920 carnem.
1406 864 1478 919 Et
1530 863 1754 933 justum

48 958 283 1029 quidem
319 956 452 1023 fuit,
489 964 551 1012 ut
592 955 857 1026 quandiu
892 955 1007 1024 ipse
1052 954 1162 1009 Deo
1193 952 1525 1009 obedienter
1564 951 1756 1022 subji-

49 1055 295 1114 ceretur,
331 1045 553 1101 nullam
595 1043 1045 1115 repugnantiam
1075 1043 1164 1098 sui
1194 1041 1472 1098 adversus
1501 1056 1559 1097 se
1591 1050 1755 1111 pate-

48 1143 225 1191 retur.
270 1147 378 1189 nec
424 1133 616 1188 minus
644 1132 867 1201 justum
901 1131 1007 1187 fuit
1030 1130 1185 1201 quod
1218 1144 1352 1186 cum
1384 1130 1498 1186 Deo
1545 1122 1753 1198 subjici

48 1221 241 1287 nollet,
296 1236 405 1277 nec
434 1222 685 1291 seipsum
732 1221 842 1276 sub
872 1235 977 1276 suo
1002 1220 1134 1291 jure
1181 1219 1437 1275 haberet.
1491 1218 1653 1275 Unde
1699 1227 1755 1274 et

48 1324 179 1366 cum
209 1311 280 1367 de
325 1310 500 1366 vetito
538 1309 936 1376 comedissent,
974 1308 1144 1364 ambo
1185 1308 1294 1364 sibi
1333 1307 1613 1363 dicuntur
1651 1321 1753 1377 pe-

48 1398 323 1454 rizomata
350 1398 489 1467 (Gen
520 1410 599 1461 ιιι,
634 1400 712 1463 7),
748 1395 801 1451 id
831 1402 913 1451 est
947 1393 1448 1450 circumcinctoria
1480 1393 1749 1461 texuisse,

49 1488 185 1557 quia
239 1486 505 1541 videlicet
562 1484 641 1551 hi,
715 1484 816 1554 qui
869 1483 1033 1553 prius
1091 1482 1236 1538 nihil
1295 1480 1753 1552 concupiscendo

49 1575 332 1643 viderant,
388 1576 508 1644 jam
563 1587 733 1643 aquo
779 1573 1001 1644 judicio
1057 1572 1305 1642 turpiter
1356 1571 1643 1627 stimulari
1692 1570 1751 1627 in

49 1663 394 1719 alterutrum
427 1663 768 1718 sentiebant.

119 1754 201 1807 Ex
235 1762 379 1808 tunc
407 1766 547 1821 ergo
582 1753 639 1806 in
665 1751 834 1807 nobis
856 1749 1392 1821 concupiscentialis
1415 1748 1751 1805 inobedien-

1866 597 2184 653 secundum
2242 597 2528 668 justitiam
2597 597 2922 654 differentia
2994 600 3049 655 in
3116 600 3310 656 animo
3370 600 3569 658 haberi

1867 684 2085 756 incipit.
2121 685 2225 742 Sed
2255 685 2435 756 ipsam
2470 695 2680 743 terram
2713 687 2966 759 qualiter
2992 688 3239 760 explicet
3267 691 3568 761 sequentia

1864 774 2185 831 videamus.

1938 862 2107 920 Vnns.
2140 867 2193 919 2.
2227 894 2295 905 —
2344 866 2512 919 Terra
2541 870 2721 919 autem
2750 870 2869 920 erat
2899 869 3081 921 inanis
3110 871 3164 922 et
3206 882 3398 923 vacua.
3428 869 3567 924 Ter-

1862 965 2008 1019 ram,
2048 961 2112 1009 ut
2148 953 2290 1020 dixi,
2326 953 2415 1009 vel
2454 968 2667 1031 corpus
2696 964 2978 1023 nostrum,
3028 969 3131 1011 seu
3166 956 3433 1013 affectum
3475 963 3569 1012 Io

1862 1040 2153 1097 carnalem
2218 1042 2492 1099 debemus
2559 1043 2686 1099 istic
2747 1043 3023 1114 accipere.
3095 1043 3358 1101 Carnalis
3430 1060 3568 1102 vero
3648 1099 3661 1109 ,

1862 1128 2102 1187 allectus
2131 1130 2320 1187 inanis
2358 1145 2489 1188 vere
2518 1131 2748 1199 dicitur,
2793 1134 2935 1204 quia
2964 1132 3109 1189 nihil
3142 1133 3411 1203 solidum,
3445 1142 3566 1191 sta-

1863 1218 1993 1285 bile,
2027 1219 2116 1275 vel
2167 1227 2457 1287 constans,
2513 1230 2801 1291 quantum
2852 1222 2925 1277 ad
2971 1235 3030 1277 se
3061 1221 3325 1291 pertinet,
3362 1222 3564 1294 habet;

1861 1307 1980 1376 sed,
2013 1308 2163 1364 sicut
2201 1322 2337 1364 caro
2374 1309 2685 1365 subtractis
2732 1308 2960 1366 ossibus
2998 1317 3116 1366 tota
3154 1310 3422 1377 concidit,
3467 1326 3567 1382 per

1859 1410 1920 1452 se
1951 1404 2103 1452 stare
2138 1410 2252 1452 non
2290 1396 2508 1474 valens,
2553 1398 2632 1453 ita
2672 1411 2806 1467 pars
2841 1399 3019 1454 nostri
3056 1398 3308 1467 inferior,
3354 1400 3567 1457 scilicet

1860 1484 2208 1553 animalitas,
2249 1484 2358 1541 nisi
2405 1485 2554 1541 adsit
2592 1486 2737 1542 ratio
2776 1501 2910 1557 quae
2940 1496 3123 1558 regat,
3157 1488 3239 1544 nil
3290 1489 3570 1559 pondero-

1860 1588 2009 1641 sum,
2041 1573 2124 1629 nil
2152 1573 2312 1641 utile,
2346 1574 2444 1629 sed
2479 1582 2663 1629 totum
2696 1586 2938 1641 vanum,
2974 1583 3143 1645 turpe
3172 1583 3227 1632 et
3258 1576 3567 1634 incommo—

1858 1662 1998 1717 dum
2031 1676 2202 1733 agere
2234 1662 2413 1718 novit.
2460 1667 2597 1727 Quae
2630 1661 2879 1719 inanitas
2911 1667 3198 1734 praecipue
3228 1665 3300 1719 ad
3328 1665 3567 1721 interio-

1862 1763 1981 1804 rem
2024 1751 2269 1820 pertinet
2320 1750 2631 1818 hominem,
2680 1750 2752 1805 ad
2795 1751 3094 1808 deterioris
3141 1751 3399 1808 videlicet
3438 1751 3569 1809 alie.

50 1843 122 1897 tia
162 1849 390 1912 regnat,
429 1818 559 1911 quas
590 1840 761 1896 etiam
802 1818 1061 1895 nolentes
1099 1839 1171 1894 ad
1212 1846 1400 1895 motus
1438 1852 1540 1893 nos
1581 1837 1748 1892 inde-
1781 1818 1819 1872 Β
1858 1847 1986 1894 ctus
2031 1818 2215 1908 ipsius
2247 1847 2486 1909 partem,
2530 1854 2665 1895 cum
2710 1839 2877 1911 longe
2918 1854 2953 1896 a
2986 1841 3101 1896 Deo
3133 1840 3400 1911 cogitatio
3441 1842 3568 1912 ejus

49 1945 201 1986 curos
230 1931 456 1986 invitat.
504 1930 565 1985 In
599 1930 688 1985 his
721 1928 899 2000 igitur
929 1927 1031 1999 qui
1063 1928 1237 1983 chaos
1266 1926 1542 1982 vitiorum
1583 1924 1749 1981 devi-

49 2026 247 2085 tantes,
278 2016 568 2088 principia
606 2016 998 2072 conversionis
1040 2016 1428 2071 benevolendo
1469 2014 1747 2080 fecerunt,

54 2109 196 2163 Deus
224 2108 437 2163 cadum
480 2115 534 2162 et
561 2114 772 2162 terram
803 2113 978 2171 creat,
1027 2105 1167 2175 quia
1211 2104 1511 2175 Spiritum,
1564 2103 1620 2159 id
1667 2111 1750 2160 est

55 2198 350 2263 rationem,
392 2204 448 2251 et
490 2204 721 2261 terram,
774 2195 830 2250 id
860 2203 944 2250 est
976 2194 1267 2249 carnalem
1308 2192 1578 2249 allectum
1619 2207 1751 2263 qua:

59 2287 211 2357 prius
237 2284 480 2341 confuso
512 2286 568 2339 in
600 2284 769 2339 corde
802 2283 1056 2337 fidelium
1087 2282 1385 2337 commista
1420 2281 1753 2337 ferebantur

58 2375 247 2430 ordine
286 2374 562 2430 discernit
592 2380 643 2429 et
676 2373 933 2435 suscitat,
969 2378 1024 2428 et
1066 2371 1274 2427 malum
1313 2371 1546 2441 quidem
1580 2384 1750 2440 supe-

60 2464 172 2520 rius
217 2471 500 2528 statuens,
548 2460 852 2532 cujusdam
903 2460 954 2515 ei
1012 2459 1370 2530 principatus
1415 2460 1751 2530 dignitatem

63 2551 268 2619 tribuit,
302 2552 373 2607 de
400 2553 573 2623 cujus
610 2557 759 2606 nutu
810 2558 963 2606 terra
991 2563 1124 2605 cum
1176 2548 1297 2605 suis
1335 2550 1606 2604 omnibus
1638 2562 1755 2619 spc-

0 2712 2 2719 ν
64 2655 181 2697 rare
223 2641 453 2697 debeat.
502 2639 661 2695 Sicut
707 2639 860 2695 enim
891 2638 960 2694 de
989 2636 1130 2694 caelo
1178 2638 1375 2694 lumen
1427 2637 1755 2694 infunditur

0 2786 3 2795 ,
62 2738 112 2786 et
143 2744 212 2785 ex
243 2730 515 2785 discursu
549 2728 797 2785 nubium
838 2727 1058 2799 ubique
1087 2735 1375 2783 terrarum
1411 2728 1622 2797 pluvia:
1654 2727 1757 2782 mi-

63 2818 390 2886 nistrantur,
420 2831 494 2873 ex
524 2824 780 2887 quatuor
809 2829 1043 2886 quoque
1073 2814 1260 2870 ventis
1289 2814 1414 2870 cmli
1442 2822 1592 2872 terra
1620 2830 1755 2886 per-

0 2898 1 2909 “
65 2906 245 2975 flatur,
302 2906 381 2962 ita
410 2906 482 2962 de
526 2905 766 2972 ratione,
800 2919 932 2975 quae
979 2916 1207 2960 summa
1251 2904 1433 2959 nostri
1476 2918 1609 2974 pars
1648 2911 1751 2970 est,

0 2991 4 3067 ξ
65 2994 463 3066 intelligentiae,
512 3002 678 3050 rectae
737 2992 1070 3048 intentionis
1118 2991 1596 3062 discretionisque
1637 2992 1753 3047 cla-

0 3080 4 3091 '
64 3086 189 3141 ritas
236 3085 513 3155 procedit,
565 3082 624 3139 in
661 3096 729 3139 ea
782 3084 1016 3138 Patrum
1068 3081 1444 3151 antiquorum
1502 3081 1756 3137 caelestes

0 3155 5 3251 ξ
60 3174 445 3240 enubilautur,
494 3180 804 3229 servantur
847 3179 903 3227 et
931 3170 1059 3227 aliis
1098 3170 1391 3227 tradendae
1433 3171 1747 3238 sententiae,

0 3260 5 3269 '
61 3277 125 3319 ex
149 3263 360 3334 quibus
409 3277 546 3319 cum
577 3260 876 3331 compluti,
926 3267 982 3316 et
1029 3259 1126 3316 alii
1174 3259 1409 3327 fuerint,
1459 3258 1551 3314 sui
1580 3259 1752 3315 etiam

63 3353 300 3422 corporis
328 3361 567 3417 terram,
600 3350 655 3405 id
686 3358 772 3406 est
799 3363 997 3405 omnes
1026 3361 1302 3404 sensuum
1345 3361 1587 3403 suorum
1621 3361 1750 3417 par-

66 3449 157 3506 tes,
205 3441 313 3498 hac
365 3438 686 3510 spiritualis
740 3438 991 3493 scientim
1050 3435 1406 3506 plenitudine
1456 3435 1527 3490 ad
1591 3435 1755 3490 bonis

0 3515 7 3609 ξ
65 3529 319 3599 operibus
345 3528 815 3586 fructificandum
852 3526 1074 3597 irrigat,
1105 3533 1161 3582 et
1190 3533 1446 3596 quatuor
1474 3524 1755 3594 spiritua-

0 3616 5 3625 ‘
69 3614 225 3684 libus,
258 3615 794 3686 principalibusque
825 3614 1161 3679 virtutibus,
1184 3612 1493 3683 prudentia
1520 3612 1754 3680 scilicet,

0 3690 6 3717 ⁵
66 3701 290 3773 iustitia,
325 3703 681 3771 fortitudine,
718 3702 1095 3773 temperantia
1125 3701 1410 3772 quidquid
1446 3701 1634 3757 vitiosi
1671 3711 1755 3757 cst

70 3792 333 3861 humoris,
362 3794 532 3863 quasi
560 3792 865 3863 cujusdam
891 3806 1051 3849 aurae
1074 3790 1318 3861 potentis
1340 3790 1591 3860 impulsu
1622 3791 1754 3847 abs-

69 3882 223 3951 tergit
247 3890 303 3937 et
346 3882 541 3938 siccat.
576 3880 734 3937 Sicut
774 3884 947 3947 enim,
996 3881 1042 3936 si
1085 3880 1228 3935 bene
1272 3879 1556 3945 attendas,
1604 3887 1757 3935 terra

68 3969 197 4025 nihil
223 3984 364 4041 pene
394 3978 500 4037 est,
535 3970 643 4025 nisi
676 3969 745 4025 de
771 3969 910 4025 caelo
941 3968 1231 4040 quidquid
1262 3967 1397 4024 boni
1438 3968 1625 4039 gignit
1654 3983 1756 4023 ac-

67 4059 243 4128 cipiat,
288 4060 367 4117 ita
415 4074 630 4130 corpus
670 4068 932 4115 nostrum
979 4058 1134 4114 omni
1188 4057 1483 4113 sterilitate
1533 4058 1665 4113 boni
1700 4064 1756 4113 et

0 4140 8 4219 ί
69 4148 281 4204 miseria
323 4150 539 4219 peccati
573 4149 906 4219 squalidum
941 4154 1219 4208 remanet,
1264 4146 1371 4203 nisi
1413 4147 1632 4203 ratione
1660 4160 1756 4202 re-

0 4218 7 4251 ?
70 4247 244 4307 gatur.
294 4218 459 4294 Ratio
512 4218 643 4294 vero
690 4237 833 4293 nihil
877 4236 1035 4292 aliud
1073 4243 1158 4292 est
1199 4250 1379 4306 quam
1411 4234 1752 4303 intellectus,

70 4337 133 4379 ex
170 4340 282 4396 quo
326 4326 424 4382 Dei
465 4333 522 4381 et
550 4326 891 4394 angelorum
930 4324 1146 4379 similes
1186 4322 1494 4389 efficimur,
1543 4336 1660 4393 quo
1688 4336 1756 4377 ea

1857 1935 1913 1983 et
1957 1942 2101 1983 cura
2148 1937 2435 1995 versatur,
2488 1936 2543 1984 θι
2596 1936 2699 1984 aut
2737 1929 2985 1984 otiosum
3038 1942 3274 1998 pl‘OI‘SllS
3316 1937 3419 1991 (εει.
3463 1936 3566 1985 τιιιι

1860 2015 2101 2072 noxium
2140 2017 2294 2087 quod
2327 2017 2654 2073 meditatur.
2687 2016 2832 2073 Cum
2863 2032 3002 2088 ergo
3032 2018 3103 2074 sit
3130 2017 3187 2073 in
3217 2018 3568 2086 vagabundo

1859 2105 2047 2161 cordis
2094 2105 2349 2175 appetitu
2394 2105 2664 2172 inanitas,
2705 2113 2761 2161 et
2800 2120 2833 2161 a
2873 2106 3091 2171 divino,
3142 2113 3209 2163 ut
3256 2106 3335 2162 ita
3374 2106 3558 2162 dicam

1859 2194 2074 2249 semine
2117 2194 2446 2250 miseranda
2481 2194 2775 2260 sterilitas,
2817 2202 2992 2250 restat
3024 2202 3088 2251 ut
3136 2203 3419 2265 sequatur
3463 2211 3569 2250 ne-

1861 2283 2106 2339 cessario
2158 2283 2214 2339 in
2252 2297 2502 2353 operum
2549 2284 2830 2340 bonorum
2879 2284 3234 2341 exhibitione
3281 2286 3566 2349 vacuitas,

1860 2372 2002 2442 quia
2034 2371 2200 2427 valde
2239 2376 2452 2428 mirum
2488 2381 2652 2439 esset,
2698 2373 2744 2428 si
2785 2372 3016 2428 vitalem
3051 2387 3291 2430 succum
3333 2374 3508 2429 arbor
3536 2387 3571 2428 a

1862 2460 2157 2516 radicibus
2206 2461 2562 2530 perdidisset,
2630 2469 2685 2516 et
2741 2461 2993 2517 arefacta
3062 2463 3375 2517 introrsum
3437 2462 3571 2517 folia

1863 2547 2204 2618 fructusque
2238 2548 2595 2618 produceret.
2634 2551 2803 2604 Terra
2829 2563 2965 2619 ergo
2998 2550 3183 2619 primo
3211 2552 3392 2604 inanis
3420 2549 3571 2606 inte-

1862 2637 2003 2704 rius,
2062 2642 2113 2692 et
2150 2653 2321 2691 vacua
2371 2637 2444 2693 ab
2502 2637 2748 2694 utilitate
2803 2639 3078 2694 exterius.
3134 2637 3241 2704 Qui
3309 2639 3380 2695 de
3419 2642 3571 2695 terra

1861 2734 1963 2793 est,
2000 2727 2097 2791 ait,
2127 2726 2196 2781 de
2244 2734 2396 2783 terra
2454 2727 2627 2783 habet
2654 2742 2794 2795 esse,
2843 2735 2898 2783 et
2940 2727 3063 2783 ideo
3094 2727 3267 2784 habet
3319 2727 3389 2784 de
3418 2735 3571 2797 terra

1863 2814 2022 2885 loqui
2066 2817 2236 2883 (Joan.
2288 2830 2366 2879 tu,
2421 2818 2534 2885 3t),
2585 2816 2725 2887 quia
2758 2816 2802 2871 si
2834 2816 3101 2872 conderet
3145 2816 3317 2872 homo
3371 2817 3573 2887 quida

1863 2917 1921 2959 se
1949 2903 2176 2971 habeat,
2221 2904 2301 2959 nil
2334 2918 2573 2974 prorsus
2605 2905 2842 2971 invenit,
2878 2905 2986 2961 nisi
3016 2905 3173 2976 quod
3212 2906 3445 2961 absente
3472 2906 3571 2961 Dei

1864 2993 2053 3061 gratia
2094 2992 2324 3048 asinum
2350 2992 2540 3061 juvat.
2579 2991 2728 3060 Quid
2773 2993 2926 3049 enim
2958 3002 3043 3049 est
3072 2995 3265 3062 homo,
3298 3009 3414 3050 non
3445 2986 3571 3049 dico

1863 3079 1985 3135 sine
2032 3079 2276 3147 ratione,
2325 3080 2422 3136 sed
2470 3082 2593 3136 sine
2634 3081 2770 3147 Deo,
2823 3082 2925 3152 qui
2956 3081 3235 3138 clarificat
3265 3083 3567 3148 rationem,

1863 3169 1971 3225 nisi
1998 3170 2210 3239 pecus?
2236 3170 2400 3226 Ratio
2430 3184 2682 3240 namque
2704 3170 2813 3225 nisi
2844 3171 3022 3225 amori
3050 3171 3250 3226 divino
3272 3172 3567 3242 adjuncta,

1866 3258 2122 3313 versutia
2174 3257 2363 3326 potius
2407 3256 2702 3312 saecularis
2752 3265 2807 3313 et
2855 3257 3141 3313 diabolica
3195 3259 3440 3315 dicenda
3488 3268 3573 3315 est

1867 3360 2043 3416 quam
2090 3345 2163 3400 ad
2194 3345 2418 3416 aliquid
2460 3345 2595 3401 boni
2642 3345 2839 3402 valens
2869 3346 3196 3416 prudentia.
3251 3349 3383 3403 Haec
3412 3363 3569 3411 cum,

1866 3434 1980 3488 Deo
2014 3432 2351 3502 inspirante,
2394 3432 2578 3503 legem
2620 3432 2793 3503 juxta
2830 3433 3166 3503 Apostolum
3210 3435 3573 3505 spiritualem

1863 3523 1968 3578 scit
2015 3529 2071 3577 et
2119 3521 2505 3591 amplectitur,
2541 3522 2831 3579 carnalem
2883 3531 3075 3579 tamen
3110 3523 3382 3581 allectum
3432 3525 3574 3595 pati-

1866 3618 1980 3677 tur,
2034 3611 2273 3666 vanitati
2338 3610 2599 3681 subjecta
2644 3625 2762 3668 non
2802 3612 3000 3668 volens
3042 3613 3103 3684 (Ι
3145 3617 3266 3668 Cor.
3308 3629 3407 3679 vn,
3446 3617 3571 3686 45);

1867 3699 2022 3755 unde
2049 3706 2105 3755 et
2134 3698 2291 3770 quod
2320 3705 2597 3769 operatur
2638 3714 2754 3756 non
2789 3699 3073 3771 intelligit,
3113 3700 3170 3757 id
3195 3709 3281 3757 est
3312 3716 3428 3757 non
3477 3716 3575 3773 ap-

1868 3788 2091 3858 probat,
2140 3802 2258 3843 non
2307 3788 2510 3858 diligit.
2566 3790 2672 3844 Per
2707 3789 2974 3859 spiritum
3013 3790 3189 3853 enim.
3243 3790 3299 3846 id
3346 3798 3431 3847 est
3479 3805 3572 3847 ra-

1870 3877 2101 3944 tionem,
2155 3891 2287 3947 qua
2333 3891 2466 3933 cum
2517 3877 2630 3933 Deo
2679 3878 2870 3941 sentit,
2920 3886 2975 3934 et
3020 3893 3092 3934 ex
3145 3880 3278 3948 Deo,
3332 3888 3388 3936 et
3440 3895 3572 3937 cum

1868 3965 1981 4021 Deo
2008 3965 2181 4031 videt,
2222 3964 2465 4021 attendit
2494 3964 2735 4029 bonum,
2761 3966 2919 4037 quod
2953 3967 3075 4023 fieri
3102 3968 3394 4037 convenit,
3422 3969 3571 4025 desi-

1864 4054 2028 4110 derat
2083 4054 2284 4119 facere,
2333 4054 2428 4110 sed
2477 4068 2612 4110 caro
2657 4056 2945 4123 renititur,
2975 4063 3031 4111 et
3078 4057 3474 4125 venundatur,
3519 4058 3573 4114 id

1864 4150 1949 4198 est
1974 4142 2261 4199 alienatus
2301 4143 2473 4199 homo
2520 4157 2555 4199 a
2604 4152 2879 4214 potestate
2921 4144 3009 4201 sui
3056 4158 3159 4214 per
3202 4146 3575 4202 consuetudi-

1867 4245 1995 4287 nem
2046 4231 2340 4303 peccandi,
2390 4232 2548 4304 quod
2595 4246 2709 4288 non
2762 4232 2933 4289 vellet
2989 4247 3092 4304 per
3135 4234 3401 4303 spiritum
3444 4235 3575 4292 facit

1869 4335 1969 4392 per
2014 4320 2307 4387 allectum,
2358 4328 2413 4377 et
2454 4335 2528 4377 ex
2559 4335 2625 4377 eo
2671 4322 2826 4393 quod
2876 4322 3096 4379 invitus
3145 4322 3299 4392 facit,
3345 4337 3421 4379 ex
3470 4323 3577 4379 hoc

71 4426 189 4480 qua
208 4414 301 4470 Dei
328 4422 466 4470 sunt
491 4413 769 4484 sapimus,
803 4428 919 4484 quo
956 4412 1127 4468 etiam
1159 4412 1281 4468 solo
1326 4412 1382 4467 in
1411 4411 1531 4467 vita
1577 4410 1685 4466 hac
1721 4424 1756 4466 a
1789 4431 1831 4485 ι)
1872 4412 1993 4481 ipso
2022 4409 2130 4481 legi
2158 4410 2256 4466 Dei
2285 4410 2561 4480 quoniam
2595 4410 2747 4466 bona
2775 4419 2878 4479 est,
2912 4412 3214 4468 consentit.

73 4500 247 4559 bestiis
289 4503 628 4571 differimus,
664 4504 773 4559 hoc
816 4501 1231 4558 animalitatem
1268 4508 1543 4567 nostram,
1586 4498 1638 4555 id
1670 4507 1756 4555 est

74 4592 467 4661 carnalitatem,
520 4606 696 4663 quam
738 4606 872 4648 cum
919 4591 1115 4647 bestiis
1161 4590 1445 4646 habemus
1488 4602 1756 4645 commu-

76 4691 209 4746 nem,
244 4695 437 4752 regere
466 4689 522 4737 et
552 4680 821 4736 ordinare
851 4680 1144 4735 debemus.

138 4767 415 4825 Habemus
452 4768 634 4841 igitur
674 4768 882 4825 coelum
930 4768 989 4823 in
1037 4768 1219 4834 nobis,
1262 4780 1381 4837 quo
1419 4766 1477 4821 in
1505 4765 1757 4822 coelestia

76 4857 437 4928 suspiremus;
493 4857 773 4913 habemus
812 4871 844 4912 e
893 4856 1184 4912 contrario
1231 4863 1463 4919 terram,
1513 4869 1634 4925 qua
1682 4854 1753 4910 ad

76 4948 368 5014 appetenda
420 4946 622 5002 infima
660 4960 930 5017 pecorum
963 4959 1120 5000 more
1159 4945 1572 5015 demergimur.
1626 4945 1756 5000 llaec

77 5030 187 5099 sibi,
241 5035 558 5092 secundum
618 5034 975 5104 Apostolum,
1046 5032 1293 5089 invicem
1346 5031 1751 5101 adversantur,

82 5127 133 5174 ut
158 5136 278 5191 quis
331 5123 489 5179 bona
523 5123 791 5193 cupimus
834 5121 1038 5189 facere,
1071 5122 1283 5192 saepius
1330 5135 1444 5176 non
1477 5121 1756 5190 possimus

80 5210 210 5273 (Gal.
242 5226 294 5279 v,
328 5216 434 5282 l7).
478 5212 623 5267 Cum
665 5211 860 5282 itaque
894 5211 965 5265 ad
994 5211 1173 5267 Deum
1206 5210 1619 5275 conVertimur,
1655 5222 1753 5264 ra-

0 5354 7 5393 ἰ
82 5295 285 5363 tionem.
314 5315 445 5371 quae
465 5301 575 5357 sub
606 5298 813 5356 affectu
855 5300 1073 5355 carnali
1115 5298 1285 5369 quasi
1315 5297 1525 5353 ancilla
1555 5298 1755 5353 ordine

89 5395 418 5455 praepostero,
467 5396 526 5444 et
558 5388 723 5444 valde
763 5402 1031 5458 perverso
1069 5387 1315 5458 jacebat,
1356 5386 1654 5456 erigimus,
1700 5394 1757 5442 et

0 5440 7 5546 ξ
86 5481 263 5530 contra
287 5490 439 5545 eum,
481 5477 584 5546 qui
625 5476 818 5532 servili
851 5475 1097 5531 audacia
1126 5474 1374 5531 dominae
1404 5489 1526 5530 suae
1561 5474 1753 5531 insur-

0 5538 9 5646 ξ
91 5570 305 5632 rexerat,
351 5538 698 5636 perpetuum
733 5571 1024 5620 certamen
1053 5576 1321 5619 exercere
1359 5562 1752 5633 proponimus.

89 5647 229 5706 Tunc
264 5666 398 5724 ergo
434 5656 690 5723 primum
739 5652 796 5708 in
846 5651 1015 5708 nobis
1045 5648 1254 5713 malum
1298 5663 1367 5706 ac
1397 5657 1551 5706 terra
1590 5661 1757 5704 crea-

1936 4499 2028 4565 Et,
2075 4505 2138 4554 ut
2184 4499 2458 4569 probetur
2489 4499 2673 4569 magis
2714 4498 2836 4556 haec
2881 4506 3047 4556 terra:
3098 4500 3368 4569 inanitas,
3416 4502 3574 4558 addit

1866 4587 2077 4644 ibidem
2126 4586 2449 4657 Apostolus.
2502 4586 2645 4643 Nam
2696 4601 2829 4644 cum
2880 4588 3151 4645 dixisset:
3203 4591 3360 4647 Nunc
3389 4596 3571 4646 autem

1864 4690 1972 4729 non
1997 4690 2190 4745 operor
2216 4690 2311 4743 ego
2337 4674 2497 4740 illud,
2539 4674 2635 4730 sed
2672 4677 2819 4745 quod
2843 4678 3057 4732 habitat
3094 4680 3155 4731 in
3183 4694 3267 4733 me
3292 4686 3573 4748 peccatum

1866 4763 2050 4829 (Rom.
2099 4778 2202 4830 vn,
2256 4767 2345 4830 l7,
2398 4763 2455 4819 id
2497 4770 2583 4820 est
2621 4778 2735 4820 non
2767 4779 2838 4819 ex
2878 4779 3006 4821 mea
3051 4766 3318 4821 rationali
3369 4768 3571 4824 volun-

1866 4861 1979 4909 tate
2027 4852 2300 4923 procedit,
2333 4859 2398 4908 ut
2436 4852 2654 4908 malum
2699 4853 2927 4921 faciam,
2977 4854 3072 4909 sed
3119 4868 3192 4910 ex
3240 4856 3572 4913 necessitate

1866 4955 2060 5011 pravae
2106 4941 2563 5009 consuetudinis,
2625 4942 2870 5013 adjecit:
2928 4943 3048 4999 Scio
3095 4947 3237 4999 enim
3287 4949 3419 5016 quia
3465 4963 3573 5002 non

1865 5030 2081 5084 habitat
2116 5032 2300 5096 inme,
2334 5032 2430 5084 hoc
2459 5036 2538 5085 est
2566 5032 2626 5084 in
2662 5046 2832 5086 carne
2859 5048 2995 5100 mea,
3032 5036 3229 5088 bonum
3260 5034 3418 5105 (Ibid.
3458 5037 3565 5103 l8).

1863 5118 2061 5174 Omnis
2089 5119 2243 5174 enim
2290 5125 2557 5175 creatura
2598 5118 2721 5176 sine
2771 5120 2904 5187 Dco,
2954 5123 3011 5177 in
3043 5132 3331 5192 quantum
3363 5123 3434 5179 ad
3464 5140 3569 5181 ve-

1867 5221 1995 5263 rum
2025 5221 2147 5262 esse
2191 5206 2453 5277 pertinet,
2492 5208 2635 5264 nihil
2665 5216 2769 5276 est,
2821 5222 2895 5277 e',
2931 5211 2976 5264 si
3009 5225 3219 5281 expers
3256 5215 3327 5267 sit
3356 5214 3567 5269 summi

1866 5295 2020 5362 boni,
2066 5309 2167 5365 per
2208 5309 2267 5350 se
2308 5309 2615 5366 nunquam
2659 5296 2810 5352 bona
2840 5307 2948 5353 est.
2996 5298 3195 5356 Omnis
3232 5309 3424 5356 autem
3470 5316 3571 5358 na-

1867 5394 1998 5440 tura
2045 5385 2185 5454 quia
2214 5398 2250 5438 a
2282 5384 2394 5439 Deo
2423 5385 2505 5452 lit,
2553 5384 2703 5441 bona
2731 5396 2844 5455 est;
2876 5388 3142 5445 diabolus
3169 5390 3344 5456 enim,
3368 5404 3569 5447 secun-

1864 5474 2002 5528 dum
2041 5473 2169 5535 hoc,
2205 5472 2392 5528 bonus
2419 5481 2523 5541 est,
2568 5474 2663 5531 sed
2708 5488 2781 5531 ex
2811 5489 2917 5531 suo
2949 5477 3233 5547 pessimus
3270 5486 3374 5534 est.
3405 5480 3568 5536 Unde

1864 5574 2071 5617 verum
2107 5568 2193 5618 est
2228 5561 2370 5632 quia
2410 5569 2580 5627 terra,
2616 5571 2906 5635 quantum
2933 5579 3003 5621 ex
3041 5579 3101 5621 se
3143 5566 3330 5628 habet.
3375 5567 3567 5624 inanis

1862 5657 1967 5716 est,
1996 5650 2160 5707 nulla
2202 5651 2369 5706 utilia
2399 5651 2689 5722 cogitans;
2732 5665 2919 5708 vacua
2954 5659 3059 5721 est,
3099 5653 3245 5710 nihil
3296 5653 3561 5710 idoneum
