3966 6422
394 367 460 416 35
1289 357 1349 411 ν.
1394 353 1730 412 GUIBERTI
1769 353 2066 411 ABBATIS
2101 354 2156 409 S.
2200 351 2444 408 MARIAE
2486 353 2576 410 DE
2616 351 3008 408 NOVIGENTO
3856 351 3925 400 36

401 491 534 550 usui
574 490 947 548 fructiﬁcans.
983 488 1180 545 Inanis
1207 501 1344 559 ergo
1374 487 1638 554 interius,
1661 494 1716 542 et
1746 497 1930 541 vacua
1948 491 2097 542 exte-
2125 486 2164 541 Α
2205 483 2594 555 praemittitur,
2627 483 3004 554 incomposita
3036 481 3415 539 subiufertur.
3465 482 3585 540 Nisi
3618 482 3781 538 enim
3831 482 3927 535 in-

399 580 539 636 rius.
2204 572 2412 627 tuitum
2445 587 2566 627 suae
2607 573 2842 628 internae
2880 570 3352 628 considerationis
3395 571 3612 642 aliquis
3653 571 3922 632 amittat.

475 667 682 723 Dicunt
711 673 973 722 auctores
1004 664 1180 721 nostri
1211 663 1364 735 quod
1415 663 1472 718 in
1509 660 1686 718 veteri
1726 659 2094 716 translatione
2201 674 2506 730 nunquam
2567 660 2636 715 ad
2693 659 2980 716 exteriora
3033 659 3203 728 mala,
3262 667 3318 716 et
3384 661 3795 732 incomposita,
3871 667 3924 713 et

402 771 515 812 non
567 754 780 810 dicitur
821 754 1010 809 inanis
1042 759 1092 807 et
1129 768 1301 806 vacua
1347 752 1498 822 (Gen.
1541 767 1580 812 ι.
1615 751 1686 816 2),
1720 749 1814 803 sed
1847 749 2097 803 invisibi-
2201 747 2527 804 inordinata
2564 763 2737 819 opera
2783 747 3054 818 procedit.
3103 747 3260 804 Sicut
3299 761 3552 818 namque
3600 762 3802 804 caecus
3855 761 3924 801 ea

402 845 470 898 lis
518 848 568 897 et
614 845 924 913 composita.
973 841 1134 909 Quod
1181 840 1391 910 optime
1449 836 1751 895 moralitati
1799 843 2094 892 consonat.
2200 850 2333 907 qua;
2374 837 2599 910 corpori
2648 851 2754 892 suo
2801 835 3116 904 adhaerent,
3160 845 3344 892 vestes
3391 836 3605 893 scilicet
3662 849 3815 891 suas
3869 844 3922 888 et

401 933 559 989 Mens
583 932 736 987 enim
769 929 1017 986 hominis
1040 930 1094 985 in
1129 926 1746 999 peccatiprofunditate
1777 924 2091 986 constituti.
2201 933 2406 981 caetera
2450 925 2748 995 disponere
2798 925 2976 980 nitide
3006 939 3072 980 ac
3118 924 3405 990 decenter,
3457 933 3512 981 et
3559 924 3762 980 sordes
3809 939 3921 993 ap-

401 1034 535 1076 cum
573 1033 673 1089 per
714 1017 1189 1074 consuetudinem
1225 1014 1492 1086 peccandi
1523 1013 1592 1068 ad
1628 1012 1930 1083 reprobum
1962 1027 2094 1067 sen-
2206 1014 2415 1083 positas
2465 1014 2682 1069 evitare
2735 1014 2934 1081 nescit,
2987 1013 3064 1069 ita
3121 1013 3168 1069 is
3219 1013 3320 1084 qui
3369 1014 3577 1070 mentis
3607 1027 3709 1084 per
3760 1013 3919 1066 vitia

401 1121 529 1164 sum
587 1107 865 1178 pervenit,
916 1106 993 1162 ita
1026 1119 1220 1161 amore
1268 1104 1534 1159 vitiorum
1583 1102 1798 1171 quibus
1835 1109 2097 1155 assuetus
2201 1103 2508 1158 caecitatem
2561 1102 2822 1169 incurrit,
2873 1110 3037 1158 actus
3084 1109 3281 1172 turpes
3324 1109 3379 1158 et
3414 1102 3702 1171 indignos,
3747 1115 3920 1172 quo-

401 1203 504 1264 cst,
576 1203 996 1266 praegravatur,
1074 1197 1140 1250 ut
1193 1193 1426 1248 omnino
1493 1189 1744 1260 seipsum
1805 1189 2097 1245 attendere
2203 1204 2332 1246 rum
2385 1191 2575 1246 studio
2615 1190 2843 1261 ﬂagrat,
2899 1191 3141 1247 interius
3191 1190 3477 1247 moderari
3524 1190 3760 1260 penitus
3806 1203 3918 1244 ne-

404 1285 638 1351 nesciat,
685 1292 741 1340 et
771 1285 827 1339 in
860 1297 977 1354 qua
1006 1281 1260 1352 corporis
1296 1279 1760 1336 dehonestatione
1804 1285 1859 1334 et
1889 1278 2096 1333 animae
2202 1279 2348 1348 quit.
2399 1279 2630 1346 Legitur
2661 1279 2814 1348 apud
2855 1277 3210 1334 Salomonem
3249 1293 3262 1332 :
3305 1281 3470 1332 Ilomo
3502 1283 3786 1347 apostata,
3823 1279 3921 1329 uir

405 1372 720 1443 perditione
742 1374 928 1444 jaceat
968 1385 1202 1442 prorsus
1232 1384 1348 1425 non
1395 1368 1608 1424 videat.
1639 1368 1792 1423 Talis
1827 1374 1910 1422 est
1941 1366 2096 1421 enim
2203 1367 2415 1420 inutilis
2466 1367 2752 1433 graditur-
2781 1382 2871 1421 ore
2919 1382 3170 1437 perverso
3227 1366 3404 1437 (Prov.
3465 1381 3542 1433 vr,
3614 1368 3724 1436 l2).
3785 1365 3920 1422 Nisi

403 1460 678 1530 reprobus
716 1474 938 1526 sensus,
981 1467 1044 1515 ut
1085 1459 1142 1514 iu
1184 1464 1410 1515 tantum
1443 1465 1660 1513 mentes
1705 1455 2095 1526 periturorum
2201 1453 2353 1509 enim
2400 1453 2708 1510 introrsum
2750 1468 2784 1510 a
2813 1455 2928 1510 Deo
2976 1462 3370 1524 apostatasset,
3427 1454 3497 1510 ad
3549 1455 3922 1524 incongruos

401 1555 644 1605 excaacet
690 1555 774 1615 ut,
823 1562 954 1604 cum
997 1547 1112 1606 sint
1160 1546 1217 1602 in
1263 1545 1436 1602 fetore
1478 1544 1824 1614 miseriaque
1871 1551 1925 1598 et
1970 1557 2098 1597 om-
2203 1555 2270 1597 ac
2300 1543 2570 1612 reprobos
2612 1550 2807 1611 gestus
2852 1543 3156 1599 exterioris
3184 1542 3435 1599 hominis
3466 1557 3581 1598 non
3626 1543 3921 1598 venisset.

402 1639 564 1692 nium
595 1650 654 1691 se
687 1635 1006 1692 videntium
1039 1635 1308 1704 despectu
1334 1647 1400 1689 ac
1418 1632 1666 1704 {horrore
1694 1631 1878 1702 positi,
1908 1630 2099 1686 beatos
2203 1629 2489 1686 Caveatur
2538 1630 2716 1700 igitur
2766 1631 3017 1702 primum
3063 1631 3334 1687 caecitatis
3367 1631 3605 1699 occasio,
3651 1645 3727 1686 ne
3767 1630 3925 1686 forte

403 1740 460 1780 se
492 1725 639 1780 solos
673 1732 728 1780 et
759 1739 891 1780 vere
929 1724 1000 1779 ab
1027 1723 1154 1778 aliis
1193 1721 1556 1776 honorandos
1585 1734 1688 1790 pro
1719 1733 1824 1774 sua
1867 1733 2095 1789 prospe-
2127 1786 2157 1790 _
2205 1720 2572 1789 superveniat
2595 1719 2974 1775 obscenorum
3005 1734 3243 1789 operum
3277 1718 3500 1775 effusio.

406 1813 571 1869 ritate
599 1820 654 1868 et
685 1812 848 1868 bonis
896 1811 1290 1882 proventibus,
1341 1809 1556 1880 quibus
1587 1786 1771 1878 super
1813 1786 1952 1862 alios
1981 1786 2096 1862 feli-
2126 1786 2166 1842 Β
2276 1786 2379 1863 Sed
2411 1807 2566 1863 unde
2597 1807 2716 1862 hmc
2749 1786 3059 1878 prodeant,
3085 1808 3412 1879 vigilanter,
3451 1822 3638 1864 sermo
3667 1809 3925 1864 divinus

403 1917 494 1957 cos
526 1901 639 1956 fore
667 1916 725 1956 se
756 1900 1100 1970 gloriantur,
1133 1899 1418 1954 aestimare
1448 1897 1720 1952 audeant.
1767 1894 1834 1950 Hi
1861 1902 1996 1951 sunt
2027 1895 2096 1952 de
2201 1898 2447 1954 intimat.
2481 1900 2548 1953 Et
2592 1899 2818 1952 tenebrae
2855 1903 3009 1952 erant
3051 1914 3214 1967 super
3239 1900 3440 1964 faciem
3471 1899 3678 1968 abyssi.
3715 1899 3922 1955 Potest

404 1989 620 2060 (ιιιίιηιε
649 1988 912 2043 Salomon
953 1986 1032 2042 λίῑ
1065 2002 1077 2040 ε
1111 1988 1415 2049 Inﬂantur.
1451 1999 1567 2038 cum
1596 1984 1736 2037 male
1763 1985 2014 2052 Γοσθνιήεν
2046 1988 2096 2036 (³⁸
2202 1987 2274 2044 ad
2297 1987 2541 2043 litteram
2564 1986 2872 2057 dupliciter
2897 1987 2974 2042 ita
3003 1986 3151 2055 dici;
3192 1988 3273 2042 Et
3298 1988 3526 2042 tenebrz
3553 1993 3713 2042 erant
3743 2003 3924 2057 super

403 2079 678 2131 emsultant
718 2077 775 2130 in
813 2075 971 2130 rebus
1010 2077 1261 2144 pessimis
1302 2073 1481 2142 (Prov.
1519 2087 1577 2141 ιι,
1623 2072 1728 2142 li).
1780 2070 1939 2139 Quod
1973 2085 2093 2127 ma-
2201 2078 2398 2145 faciem
2435 2077 2641 2143 abyssi,
2695 2075 2748 2131 id
2785 2084 2869 2131 est
2909 2090 3082 2145 super
3112 2075 3556 2146 profunditatem
3604 2091 3916 2146 aquarum

403 2164 557 2220 xime
586 2177 790 2219 sensus
821 2162 1046 2232 reprobi
1072 2162 1367 2233 proprium
1398 2169 1500 2217 cst.
2202 2179 2334 2236 qua;
2397 2163 2623 2235 proprie
2683 2171 2924 2220 vocatur
2989 2164 3279 2234 abyssus:
3339 2164 3428 2220 vel
3483 2179 3646 2234 super
3701 2166 3918 2230 faciem

475 2253 800 2322 Antequam
862 2251 1057 2322 itaque
1110 2252 1261 2307 Deus
1316 2251 1462 2306 inter
1517 2246 1746 2322 ctelurp,
1806 2257 1872 2306 ut
1919 2262 2097 2320 supra
2203 2255 2410 2321 abyssi,
2446 2253 2499 2308 id
2528 2261 2611 2308 est
2639 2252 2948 2322 plusquam
2985 2253 3039 2308 in
3068 2252 3563 2323 abysso.Abyssus
3593 2252 3919 2323 allegorice

404 2339 678 2407 diximus,
731 2341 1050 2409 distinguat
1097 2345 1153 2394 et
1191 2346 1423 2404 terram,
1456 2343 1600 2393 terra
1628 2344 1744 2395 erat
1775 2338 2092 2404 invisibilis,
2203 2356 2366 2398 mens
2414 2341 2668 2397 humana
2716 2340 2947 2407 dicitur,
3007 2355 3138 2411 qua;
3191 2349 3425 2412 quantm
3473 2341 3543 2397 sit
3600 2355 3920 2412 quamque

405 2431 545 2500 quia
575 2436 885 2499 antequam
920 2428 976 2483 in
1002 2427 1169 2484 corde
1199 2427 1525 2498 cujuspiam
1556 2428 1848 2484 criminosi
1881 2427 2097 2482 discre-
2203 2428 2791 2500 incomprehensibilis
2820 2429 3239 2498 profunditatis,
3285 2428 3472 2485 omnis
3503 2430 3672 2486 homo
3719 2432 3917 2496 novit,

404 2518 572 2574 tionis
600 2517 844 2588 gratiam
876 2517 1056 2582 daret,
1075 2515 1312 2572 affectus
1332 2516 1578 2572 carnalis
1609 2529 1786 2588 quam
1807 2515 2092 2582 sordidus,
2203 2519 2298 2575 cui
2328 2517 2755 2575 inscrutabilem
2787 2517 3170 2583 altitudinem,
3203 2517 3636 2574 instabilitatem
3661 2518 3916 2581 ﬂuctus,

405 2621 583 2676 quam
630 2603 998 2661 exsecrabilis
1042 2611 1206 2668 esset.
1256 2619 1369 2660 ηοη
1414 2604 1547 2671 090.
1599 2618 1772 2675 quem
1819 2603 1897 2658 ῐιὶΙ
1939 2603 2094 2669 latet.
2205 2607 2694 2679 perturbationem
2737 2606 2824 2662 sui
2873 2605 3059 2662 cordis
3095 2605 3346 2676 experiri
3387 2606 3644 2678 contigit.
3693 2607 3920 2663 Evenit

405 2695 501 2750 sed
567 2693 672 2750 sibi
724 2693 847 2764 ipsi,
916 2693 1017 2765 qui
1071 2692 1306 2763 patitur,
1364 2692 1592 2763 penitus
1639 2691 1942 2748 invisibilis

2351 2696 2550 2752 (etiam
2602 2697 2660 2752 in
2698 2696 2981 2752 bonorum
3029 2695 3318 2762 cordibus,
3360 2709 3492 2751 cum
3518 2709 3653 2752 caro
3682 2697 3917 2754 adver-

405 2775 543 2855 quia
575 2783 726 2838 sicut
753 2782 948 2838 ebrius
972 2781 1124 2853 quod
1148 2781 1364 2850 patitur
1391 2781 1588 2850 nescit,
1615 2781 1693 2836 ita
1713 2780 1873 2836 vitiis
1893 2779 2098 2850 plenus
2204 2800 2304 2842 sus
2351 2784 2641 2855 spiritum.
2690 2791 2745 2840 et
2785 2783 3026 2854 spiritus
3053 2783 3334 2840 adversus
3364 2797 3597 2840 carnem
3637 2785 3919 2857 confligit

406 2871 545 2941 quid
591 2871 663 2926 sit
712 2871 1033 2938 honestum,
1088 2868 1230 2940 quid
1277 2884 1390 2924 non
1437 2869 1738 2925 honestum
1778 2867 2097 2924 discernere
2204 2872 2354 2939 (Gal.
2389 2886 2444 2939 v,
2487 2874 2591 2937 l7),
2644 2877 2708 2927 ut
2766 2869 2824 2926 in
2868 2877 3030 2926 tanta
3078 2869 3358 2926 densitate
3404 2870 3782 2940 cogitationis
3845 2875 3918 2928 sit

406 2961 626 3032 nequit.
659 2959 817 3016 Sicut
845 2973 1095 3030 namque
1125 2959 1299 3014 vivus
1335 2966 1389 3014 ct
1420 2967 1701 3026 mortuus,
1734 2958 1781 3014 si
1811 2957 2006 3029 aliquo
2036 2959 2095 3015 in
2205 2961 2452 3026 animus,
2505 2967 2570 3016 ut
2601 2959 2717 3029 ipse
2751 2958 2851 3014 vix
2901 2957 2961 3014 in
3004 2958 3184 3029 seipso
3227 2958 3655 3029 deprehendere
3699 2963 3918 3031 possit,

407 3049 526 3106 loco
556 3048 670 3105 sint
704 3047 887 3119 positi,
937 3049 1110 3104 vivus
1149 3047 1380 3119 qundam
1413 3055 1705 3104 mortuum
1745 3047 1936 3103 videre
1984 3061 2087 3118 po-
2125 3087 2165 3144 ο
2205 3051 2264 3107 in
2310 3063 2427 3121 quo
2472 3048 2543 3104 sit
2585 3054 2760 3112 statu,
2813 3054 3011 3103 utrum
3044 3055 3324 3118 sequatur
3362 3047 3637 3118 impetum
3682 3051 3916 3112 carnis.

406 3144 530 3203 test,
593 3137 689 3194 sed
745 3144 1012 3193 mortuus
1071 3135 1270 3192 vivum
1335 3149 1451 3191 non
1511 3143 1716 3206 potest;
1788 3135 1867 3192 ita
1921 3135 2091 3192 homo
2130 3135 2165 3144 “
2203 3156 2277 3200 an
2309 3139 2583 3209 impetum
2615 3135 2867 3206 spiritus.

405 3227 715 3298 quispiam,
779 3225 948 3296 cujus
995 3224 1352 3281 rationaliter
1405 3225 1664 3280 animum
1724 3225 1897 3293 viget,
1953 3225 2095 3281 vitia
2276 3229 2450 3298 Legat
2485 3225 2586 3297 qui
2617 3224 2746 3281 vult
2795 3223 3020 3294 plenius
3067 3224 3121 3280 id
3169 3239 3335 3281 nosse
3383 3225 3531 3282 beati
3582 3226 3918 3298 Augustini

405 3329 582 3386 quam
630 3313 983 3369 detestabilia
1025 3312 1218 3368 videre
1265 3318 1478 3381 potest;
1529 3310 1632 3382 qui
1686 3325 1820 3366 vero
1869 3311 1929 3367 in
1957 3327 2093 3382 pro-
2205 3320 2508 3372 tractatum
2551 3327 2726 3382 super
2771 3312 3000 3380 abyssus
3045 3313 3301 3380 abyssum
3341 3315 3556 3367 invocat
3589 3314 3758 3383 (Psal.
3789 3331 3916 3376 xu.

406 3402 652 3460 fundum
684 3401 967 3458 malorum
993 3400 1114 3471 jam
1146 3399 1326 3467 venit,
1350 3406 1406 3456 et
1427 3398 1546 3468 jam
1577 3398 1893 3454 contemnit
1922 3407 2096 3470 atque
2205 3407 2281 3475 8).
2311 3403 2378 3458 Et
2411 3403 2468 3457 in
2499 3400 2771 3456 cordibus
2812 3400 3147 3471 iniquorum
3181 3401 3333 3471 quod
3387 3410 3658 3471 putamus
3681 3412 3771 3460 est
3807 3405 3920 3460 ba-

405 3491 686 3561 desperat.
732 3490 872 3561 quid
901 3490 974 3546 sit
1012 3489 1218 3556 virtus,
1251 3487 1391 3558 quid
1442 3486 1737 3554 modestia,
1772 3486 1914 3557 quid
1946 3486 2097 3542 bona
2206 3492 2491 3557 rathrum,
2533 3504 2664 3560 quae
2709 3489 3078 3544 tenebrarum
3114 3489 3484 3556 immensitas,
3529 3492 3574 3546 si
3607 3493 3921 3550 mentibus

407 3587 612 3634 caetera
650 3591 765 3634 non
814 3576 1165 3646 considerat;
1198 3575 1361 3632 furor
1405 3573 1556 3630 enim
1592 3581 1676 3630 est
1721 3573 1852 3641 illis,
1885 3574 2099 3631 scilicet
2206 3581 2516 3638 electorum
2565 3585 2725 3634 tanta
2771 3577 2916 3633 inest
2960 3577 3316 3634 obscuritas?
3365 3579 3420 3635 Si
3465 3594 3629 3649 super
3679 3581 3918 3636 humum

407 3665 822 3738 peccatoribus,
853 3663 1148 3719 secundum
1189 3661 1606 3718 similitudinem
1633 3664 1917 3731 serpentis,
1957 3665 2099 3716 sicut
2207 3669 2397 3740 populi
2431 3667 2526 3722 Dei
2554 3667 2728 3737 juxta
2762 3665 3097 3736 prophetam
3145 3666 3466 3723 ascendunt
3511 3670 3680 3738 spina
3727 3685 3922 3727 cura-

408 3755 620 3824 aspidis
664 3754 844 3810 surdae
881 3758 931 3808 et
969 3753 1276 3808 obturantis
1315 3765 1473 3804 aures
1503 3765 1630 3806 suas
1657 3751 1824 3820 (Psal.
1857 3765 1989 3815 LVII,
2023 3750 2094 3820 5).
2209 3770 2338 3815 rum
2372 3754 2761 3818 saecularium,
2795 3759 2844 3808 et
2872 3768 3059 3822 vepres
3101 3753 3514 3811 desideriorum
3555 3757 3922 3826 carnalium,

411 3844 595 3900 Furor
631 3850 715 3899 est
744 3842 1025 3912 reprobus
1063 3854 1287 3904 sensus,
1324 3839 1427 3910 qui
1468 3839 1525 3894 in
1565 3838 1876 3894 amentiam
1907 3853 2102 3895 versos
2210 3851 2414 3914 quanto
2450 3845 2627 3910 magis
2657 3857 2820 3913 super
2861 3843 3077 3897 domum
3113 3844 3311 3911 gaudii
3351 3847 3593 3900 civitatis
3625 3851 3925 3903 exsultan-

410 3930 874 3988 irrationabiliter
899 3937 974 3998 et,
1004 3937 1069 3986 ut
1094 3929 1173 3985 ita
1201 3927 1411 3995 dicam,
1444 3927 1676 3998 porcina
1707 3926 1902 3982 vivere
1931 3927 2099 3984 mise-
2212 3933 2320 3989 tis?
2360 3933 2515 4001 (fsai.
2554 3946 2715 3996 xxnt,
2749 3931 2858 4002 l3.)
2898 3930 3058 3998 Quod
3100 3940 3184 3988 est
3221 3933 3409 3989 dicere
3441 3949 3454 3988 :
3489 3935 3532 3991 si
3567 3935 3646 4003 hi,
3675 3937 3784 4006 qui
3839 3940 3924 3994 nil

411 4034 502 4076 ros
553 4020 722 4092 cogit.
771 4019 878 4087 Qui
935 4017 1255 4076 secundum
1313 4015 1748 4073 similitudinem
1802 4016 2100 4086 serpentis,
2211 4020 2368 4077 aliud
2417 4020 2473 4076 iu
2503 4020 2612 4075 hoc
2651 4020 2868 4075 mundo
2914 4019 3151 4077 charius
3198 4021 3412 4078 habent
3441 4036 3616 4093 quam
3651 4038 3828 4082 suam
3894 4043 3924 4083 a

408 4107 669 4164 videlicet
720 4107 952 4178 aspidis,
1006 4113 1112 4174 est,
1161 4104 1302 4176 quia
1345 4105 1494 4159 sicut
1549 4103 1719 4173 aspis,
1782 4117 1913 4158 cum
1964 4117 2105 4173 prte-
2213 4109 2450 4165 Domino
2480 4108 2616 4164 ﬂere
2651 4107 3184 4178 peregrinationem,
3220 4109 3355 4165 flere
3385 4110 3576 4166 saaculi
3610 4117 3925 4181 praesentis

409 4196 644 4253 senserit
675 4197 1110 4261 incautatorem,
1143 4194 1381 4250 alteram
1415 4196 1645 4248 aurium
1681 4199 1846 4248 terrae
1875 4191 2100 4262 affligit,
2211 4210 2552 4262 aerumnam,
2597 4195 2883 4252 molestias
2921 4203 2976 4252 et
3010 4197 3316 4262 tumultus,
3367 4199 3728 4270 nebulasque
3779 4205 3922 4260 ani-

409 4285 646 4342 alteram
695 4299 832 4341 vero
877 4283 1065 4340 cauda
1091 4282 1355 4348 obdurat,
1385 4296 1456 4337 ne
1487 4280 1834 4336 incantantis
1869 4294 2102 4336 carmen
2211 4299 2440 4342 morum
2500 4284 2823 4354 patiuntur,
2899 4293 3118 4354 quanto
3189 4286 3427 4355 gravius
3479 4286 3560 4344 illi
3615 4289 3718 4359 qui
3780 4294 3925 4348 totis

408 4374 708 4444 obaudiat;
743 4375 824 4430 sic
849 4371 937 4428 isti
967 4385 1100 4428 cum
1132 4370 1309 4426 verba
1338 4369 1483 4425 sacri
1513 4369 1746 4439 eloquii,
1779 4376 1882 4424 aut
1909 4369 2100 4438 cujus-
2130 4387 2173 4441 ο
2212 4372 2540 4444 przecordiis
2589 4371 2808 4441 ﬂagitia
2854 4372 3075 4439 sitiunt,
3108 4374 3351 4430 avaritia
3383 4375 3678 4442 anhelant,
3722 4376 3926 4436 libidi-

409 4463 550 4520 libet
579 4460 970 4533 praedicatoris
1016 4457 1283 4522 audiunt,
1315 4472 1448 4529 quae
1486 4457 1554 4512 de
1573 4464 1904 4527 contemptu
1931 4457 2102 4514 volu-
2212 4461 2386 4517 nibus
2431 4458 2680 4526 sordent,
2718 4458 2937 4515 invidia
2976 4460 3296 4530 tabescunt,
3327 4463 3596 4532 superbia
3636 4468 3922 4535 turgent?

413 4561 635 4622 ptatum
669 4549 988 4620 proferunt,
1041 4561 1173 4604 mox
1213 4547 1285 4602 ad
1320 4545 1654 4603 memoriam
1705 4545 1950 4616 pristina
1994 4559 2101 4602 sua
2212 4550 2298 4605 Ex
2343 4549 2434 4604 his
2477 4548 2670 4618 itaque
2716 4547 2965 4602 tenebris
2990 4548 3130 4617 (illa,
3176 4548 3245 4605 de
3274 4564 3395 4621 qua
3426 4564 3604 4621 supra
3634 4557 3924 4611 tractavi-

411 4639 824 4695 delectamenta
871 4636 1177 4704 reducunt,
1207 4634 1426 4706 quibus
1454 4635 1620 4705 quasi
1668 4633 1856 4690 cauda
1901 4646 2101 4690 aurem
2213 4651 2362 4696 mus.
2393 4635 2756 4692 invisibilitas
2783 4643 2838 4692 et
2879 4635 3274 4706 incompositio
3310 4638 3599 4696 oriuntur.
3632 4639 3740 4697 Sed
3775 4654 3926 4700 sunt

411 4727 599 4783 cordis
633 4725 952 4792 obducunt,
998 4731 1052 4781 et
1082 4723 1384 4795 praesentia
1432 4721 1648 4793 quibus
1688 4721 1908 4778 fervent
1935 4729 1991 4778 et
2024 4723 2105 4777 in-
2213 4725 2472 4796 quidam,
2508 4723 2626 4794 ‘qui
2657 4723 2788 4780 licet
2835 4724 3208 4794 Babyloniam
3251 4726 3420 4794 hanc,
3473 4727 3528 4783 id
3574 4736 3659 4785 est
3699 4735 3925 4789 mentis

415 4817 575 4873 biant
607 4815 822 4886 pariter
841 4813 1164 4880 attendunt,
1198 4813 1415 4884 quibus
1451 4819 1632 4868 totum
1680 4824 1851 4868 suum
1885 4810 2102 4867 intelle-
2212 4811 2604 4869 confusionem
2655 4825 2760 4882 per
2804 4813 3019 4869 scelera
3066 4814 3251 4871 multa
3317 4815 3640 4884 inciderint,
3714 4825 3921 4877 tamen

413 4912 568 4960 ctum
614 4905 669 4958 in
716 4911 940 4959 terrena
988 4902 1389 4972 deprimentes,
1438 4905 1638 4956 contra
1688 4899 1867 4956 Deum
1909 4913 1968 4955 se
2016 4913 2105 4954 vo-
2212 4900 2487 4971 quiddam
2546 4899 2784 4956 rationis
2836 4900 3154 4968 residuum,
3207 4905 3375 4974 quasi
3403 4919 3477 4962 ex
3524 4905 3730 4976 grandi
3785 4909 3924 4980 igne

413 5001 638 5048 cantem
667 4990 998 5047 obstruunt.
2211 4988 2514 5046 scintillam
2557 4989 2824 5057 retinent,
2855 5004 2927 5046 ex
2972 5004 3090 5062 qua
3123 4991 3365 5048 miseriae
3399 4993 3554 5050 illius
3584 4997 3921 5064 pavendam

500 5088 580 5136 ll
619 5078 686 5134 Hi
729 5087 880 5135 terra
923 5077 1226 5134 invisibilis
1267 5084 1422 5141 sunt,
1474 5076 1614 5148 quia
1655 5076 1869 5146 seipsos
1899 5076 1953 5132 in
1985 5087 2105 5146 qua
2212 5077 2460 5133 nimium
2507 5077 2864 5147 voraginem,
2913 5080 2970 5135 in
3021 5093 3138 5150 qua
3172 5080 3416 5138 demersi
3450 5091 3607 5152 sunt,
3641 5086 3923 5143 conside-

416 5176 570 5240 peste
599 5175 736 5224 sunt
767 5180 1002 5237 pensare
1034 5181 1146 5222 non
1177 5173 1394 5222 norunt
1427 5179 1441 5219 :
1473 5163 1672 5234 repleti
1712 5176 1964 5234 namque
1992 5163 2104 5218 iui-
2215 5179 2345 5222 rare
2373 5164 2586 5220 valent.
2608 5166 2682 5222 Et
2710 5181 2840 5222 cum
2860 5167 2973 5224 sint
3001 5167 3438 5239 aliquiprorsus
3458 5172 3749 5242 exstincti,
3785 5179 3916 5246 qui,

416 5255 706 5326 quitatum
735 5254 1022 5311 obscurati
1053 5261 1190 5311 sunt
1218 5260 1386 5310 terrae
1415 5251 1680 5308 domibus
1706 5251 1876 5320 .(Psal.
1909 5265 2102 5320 LXXIII,
2215 5259 2279 5308 ut
2324 5251 2536 5308 dicitur
2576 5251 2632 5308 in
2679 5253 2938 5322 psalmo:
2989 5257 3273 5310 Dormiunt
3321 5260 3378 5312 in
3415 5260 3680 5328 sepulcris
3737 5262 3917 5331 (Psal.

415 5345 530 5412 20),
563 5342 618 5398 id
647 5351 732 5398 est
762 5342 921 5412 proni
963 5342 1031 5399 ad
1066 5341 1328 5413 proprias
1358 5339 1640 5407 libidines,
1691 5337 1769 5394 nil
1821 5338 1966 5394 scire
1995 5337 2103 5394 nisi
2215 5354 2463 5408 Lxxxvn,
2496 5341 2575 5411 5),
2601 5340 2655 5396 id
2684 5349 2768 5397 est
2799 5356 2978 5412 prava
3008 5345 3421 5402 consuetudine
3465 5354 3601 5404 sunt
3630 5348 3916 5420 depressi,

417 5431 573 5502 quod
602 5431 763 5488 carui
802 5430 968 5488 dulce
1005 5431 1076 5487 sit
1114 5436 1408 5501 quaerunt.
1446 5436 1502 5484 et
1531 5427 1600 5482 ad
1632 5425 1830 5482 divina
1860 5425 2108 5482 videnda
2215 5443 2467 5500 quorum
2551 5429 2703 5485 Deus
2779 5445 2894 5486 non
2965 5439 3050 5488 est
3125 5447 3343 5490 memor
3418 5435 3672 5507 amplius
3735 5441 3915 5510 (Psal.

414 5519 610 5576 oculos
673 5519 852 5576 animi
907 5517 1300 5590 perdiderunt.
1371 5517 1441 5572 Et
1491 5514 1632 5586 quia
1687 5515 1946 5571 nondum
2002 5528 2108 5570 nec
2215 5530 2469 5584 Litxxvn,
2523 5520 2599 5584 6),
2655 5532 2803 5588 quos
2855 5521 3106 5589 profecto
3153 5522 3226 5577 ad
3278 5523 3525 5594 propriae
3580 5531 3917 5585 revocando

415 5608 624 5678 seipsos
657 5607 908 5678 aspicere
938 5605 1272 5677 praevalent.
1296 5603 1429 5674 jure
1457 5611 1610 5660 terra
1637 5617 1769 5673 quae
1803 5601 2107 5659 invisibilis
2215 5604 2411 5666 lumen
2453 5605 2801 5677 cognitionis
2827 5622 3132 5680 nunquam
3171 5611 3396 5682 revisit;
3427 5620 3563 5670 sunt
3613 5621 3807 5673 tamen
3859 5619 3916 5674 hi
