3966 6424
92 373 153 423 37
1317 364 1688 421 MORALIUM
1732 365 1797 420 IN
1836 364 2134 421 GENESIN
2176 365 2303 420 LIB.
2347 365 2390 419 Ι.
2882 446 2887 461 ³
3543 373 3613 423 38

92 513 230 570 quos
257 497 667 570 praediximus,
708 496 872 554 oculo
919 495 1027 553 etsi
1080 494 1326 553 multum
1376 496 1626 560 turbato,
1675 510 1790 551 non
1823 498 1867 551 Α
1906 493 2009 553 lux
2038 495 2251 553 scilicet
2276 480 2383 553 est.
2433 495 2669 567 Sapiens
2720 497 2910 554 enim:
2946 499 3227 568 Proposui,
3273 497 3483 570 inquit.
3513 515 3613 570 pro

93 595 277 644 tamen
329 588 567 658 penitus
615 594 918 651 excaecata,
961 585 1064 657 qui
1111 592 1287 655 caput
1331 585 1399 641 de
1446 586 1652 656 abysso
1681 585 1802 641 ele-

94 685 289 732 vantes
343 676 624 741 clamare,
666 675 920 732 soleant:
974 678 1046 730 De
1104 674 1403 744 pro/undis
1453 676 1689 730 clamavi
1727 674 1803 728 ad

95 772 139 820 te
185 766 353 833 (Psal.
402 779 604 833 cxxtx,
651 764 726 835 1),
777 771 832 821 et
873 771 1098 820 caetera.
1164 764 1263 820 His
1318 763 1585 819 convenit
1643 763 1800 835 quod

94 852 373 925 sequitur.

164 943 238 997 Et
260 942 513 1011 Spiritus
534 943 634 997 Dei
647 941 929 1008 ferebatur
943 955 1108 1011 super
1128 955 1321 1011 aquas.
1347 944 1524 1011 Aquae
1558 941 1613 996 in
1636 954 1803 996 sacra

95 1032 304 1103 pagina
337 1032 650 1103 aliquoties
680 1031 1002 1101 voluptates
1030 1032 1221 1086 carnis
1256 1030 1603 1101 signillcant.
1640 1030 1803 1088 Unde

95 1129 147 1177 et
175 1121 232 1177 in
265 1121 585 1191 Evangelia
628 1120 865 1191 spiritus
912 1120 983 1176 de
1031 1119 1263 1176 homine
1293 1120 1493 1175 exiens
1538 1134 1639 1190 per
1681 1120 1804 1177 loca

97 1209 378 1280 inaquosa
409 1209 494 1266 ire
518 1210 735 1266 dicitur
778 1210 931 1280 (Luc.
969 1223 1049 1274 xi,
1088 1208 1200 1279 24).
1254 1210 1317 1264 In
1363 1208 1571 1263 diluvio
1626 1209 1804 1280 igitur

96 1314 365 1368 aquarum
397 1299 697 1352 multarum
739 1298 906 1365 (Psal.
940 1311 1100 1363 xxm,
1153 1298 1233 1367 6),
1289 1297 1365 1353 id-
1398 1306 1482 1354 est
1532 1298 1590 1353 iu
1633 1297 1803 1355 ﬂuxu

96 1387 412 1443 multorum
442 1387 769 1444 carnalium
801 1386 1215 1443 desideriorum
1267 1387 1593 1443 constitutis
1637 1402 1803 1443 men-

94 1475 243 1531 tibus
286 1476 391 1532 Dei
450 1475 701 1547 Spiritus
730 1475 1112 1546 superfertur,
1145 1474 1286 1545 quia
1314 1475 1509 1531 adhuc
1549 1475 1803 1546 igniculo

93 1563 454 1620 discretionis
492 1564 721 1620 vivente
769 1563 1092 1619 considerat
1138 1562 1337 1619 infelix
1394 1564 1625 1619 animus
1654 1577 1803 1634 quas

94 1653 304 1723 patitur
337 1652 633 1722 miserias;
665 1660 721 1709 et
759 1653 907 1709 sicut
952 1652 1022 1708 de
1054 1666 1186 1723 rege
1235 1651 1540 1722 Babylonis
1589 1652 1803 1723 legitur

93 1740 227 1811 quia
256 1755 456 1797 coram
502 1741 774 1798 Sedcchia
817 1756 951 1814 rege
1002 1740 1152 1797 Juda
1185 1740 1330 1797 lilios
1372 1741 1498 1811 ejus
1532 1741 1802 1797 occiderit

93 1829 226 1899 (Jer.
258 1844 357 1897 nn,
426 1831 536 1899 lO),
593 1830 689 1896 ita,
740 1831 881 1886 dum
926 1829 1176 1901 quisque
1223 1830 1465 1886 attendit
1509 1843 1542 1885 a
1573 1830 1800 1886 diabolo

94 1933 187 1989 per
213 1919 495 1976 vitiorum
528 1919 938 1975 immissionem
991 1932 1167 1989 opera
1210 1933 1316 1975 sua
1363 1918 1513 1975 bona
1556 1918 1800 1975 interlici

92 2015 139 2063 et
168 2008 416 2076 destrui,
450 2022 584 2064 cum
619 2016 839 2080 quanto
871 2006 1073 2078 rugitu
1121 2007 1244 2063 haec
1270 2007 1510 2077 aspiciat
1546 2007 1655 2064 dici
1685 2022 1800 2064 non

94 2104 285 2167 potest,
316 2100 463 2169 quia
486 2112 545 2154 se
582 2098 733 2153 videt
765 2097 1001 2154 omnino
1050 2098 1257 2167 perire.
1311 2097 1460 2153 dolet
1491 2097 1802 2168 malletque

96 2183 254 2249 mori,
282 2192 339 2241 et
376 2192 570 2241 tamen
602 2195 802 2241 contra
835 2185 1033 2241 insitas
1083 2185 1350 2241 medullis
1394 2184 1800 2256 concupiscen-

99 2273 196 2327 tias
222 2282 278 2328 et
321 2274 776 2331 consuetudines
815 2288 933 2329 non
980 2274 1130 2330 valet
1178 2273 1293 2330 ullo
1323 2274 1491 2329 modo
1519 2275 1798 2330 resistere.

96 2360 205 2418 Sub
231 2377 481 2432 persona
535 2363 742 2419 horum
784 2362 969 2419 multa
1016 2363 1075 2419 in
1126 2364 1246 2419 suis
1291 2361 1803 2419 lamentationibus

97 2450 366 2508 Jeremias
399 2452 680 2524 propheta
731 2452 1009 2522 deplorat.
1062 2451 1206 2508 Sunt
1245 2451 1344 2523 qui
1380 2451 1507 2507 ollis
1536 2453 1802 2510 carnium

102 2538 464 2596 delectantur
507 2540 566 2595 in
612 2540 879 2611 JEgypto,
911 2547 965 2595 et
995 2540 1249 2595 exerceri
1298 2547 1499 2610 sponte
1529 2554 1636 2596 sua
1663 2555 1803 2611 ope-

104 2628 258 2684 ribus
287 2628 399 2686 luti
434 2637 489 2685 et
520 2628 752 2699 lateris;
792 2629 887 2685 sed
934 2636 1070 2685 sunt
1114 2642 1322 2686 rursus
1369 2628 1467 2684 alii
1494 2629 1596 2700 qui
1625 2629 1803 2685 coacti

103 2730 163 2773 ac
187 2726 495 2775 mmrentes
527 2718 601 2775 ab
637 2718 1007 2775 exactoribus
1053 2725 1344 2789 urgentur
1379 2717 1451 2773 ad
1481 2714 1712 2774 sordida
1749 2726 1804 2775 et

104 2806 324 2879 fragilia
353 2821 552 2879 opera,
599 2823 730 2879 quas
759 2808 1064 2879 signantur
1110 2822 1210 2878 per
1239 2808 1428 2864 lutum
1461 2816 1516 2863 et
1546 2808 1801 2875 laterem,

103 2903 150 2950 et
197 2897 511 2962 Pharaoni,
545 2896 601 2952 id
648 2904 733 2954 est
777 2896 1025 2963 diabolo,
1073 2896 1434 2954 famulantur
1485 2896 1670 2963 inviti,
1703 2896 1802 2965 qui

105 2982 346 3041 clamant
377 3000 517 3041 cum
552 2984 850 3041 Psalmista
876 2986 946 3042 ad
980 2985 1160 3042 Deum
1189 3000 1201 3040 :
1262 2987 1509 3040 Miserere
1547 2988 1669 3047 mei,
1702 2986 1802 3039 Do-

106 3076 256 3140 mine,
308 3076 573 3143 quoniam
602 3076 901 3129 inveteravi
934 3077 1076 3129 inter
1137 3090 1315 3129 omnes
1367 3076 1614 3129 inimicos
1665 3088 1806 3128 meos

108 3162 267 3232 (Psal.
299 3178 378 3231 vr,
405 3168 484 3232 7).
517 3162 772 3231 Quorum
807 3163 959 3220 Deus
1008 3164 1333 3220 interiorem
1375 3164 1652 3235 gemitum
1699 3175 1808 3219 au-

108 3251 260 3308 diens
285 3252 487 3309 educit
531 3252 754 3308 vinctos
798 3252 961 3323 (Psat.
1019 3268 1187 3318 mn,
1218 3252 1271 3322 7)
1320 3251 1558 3309 funibus
1604 3251 1808 3307 crimi-

108 3353 264 3408 num,
291 3341 366 3397 ad
399 3341 512 3398 hoc
536 3347 600 3397 ut
622 3341 738 3397 sint
770 3340 826 3395 in
857 3339 1190 3397 fortitudine
1233 3340 1428 3412 pravis
1480 3340 1602 3396 suis
1631 3340 1805 3395 moti-

109 3429 210 3487 bus
251 3429 592 3501 resistendi;
641 3429 902 3485 similiter
948 3444 1044 3486 eos
1082 3429 1184 3501 qui
1228 3437 1576 3499 exasperant
1606 3429 1806 3497 (Ibid.)

108 3518 172 3574 ad
199 3519 301 3575 hoc
330 3519 526 3591 erigit,
560 3526 622 3575 ut
669 3533 803 3575 cum
830 3518 1011 3574 David
1056 3518 1257 3574 audire
1287 3518 1570 3575 debeant:
1607 3518 1808 3573 Inveni

106 3608 251 3663 viros
278 3608 605 3664 secundum
646 3622 744 3663 cor
789 3621 981 3663 meum
1031 3606 1183 3677 (Act.
1226 3623 1344 3675 xui,
1394 3608 1511 3676 22),
1554 3618 1808 3677 quorum

107 3697 282 3766 perire
341 3697 480 3754 facit
526 3696 863 3753 memoriam
925 3696 1251 3767 iniquitatis
1289 3711 1422 3753 cum
1463 3696 1653 3753 sonitu
1693 3695 1809 3751 bla-

109 3786 520 3856 sphemiarum,
559 3787 777 3857 quibus
826 3786 1107 3842 adversus
1163 3787 1345 3842 Deum
1377 3785 1637 3842 solebant
1685 3798 1810 3855 per-

107 3882 371 3945 strepere,
423 3874 531 3946 qui
581 3877 751 3932 vertit
799 3874 1023 3945 impios,
1068 3882 1123 3931 et
1151 3873 1271 3945 jam
1302 3889 1415 3930 non
1455 3882 1593 3930 sunt
1622 3872 1807 3944 impii,

108 3970 158 4018 et
202 3963 607 4021 habitantibus
650 3964 709 4019 in
753 3963 1037 4035 sepulcris
1105 3963 1416 4020 oblivionis
1480 3962 1803 4019 exclamat:

111 4054 325 4122 Lazare,
361 4057 492 4109 veni
520 4056 675 4122 foras
723 4056 903 4123 (Joan.
957 4070 1033 4120 ιι,
1083 4053 1194 4124 42).
1227 4054 1291 4110 Id
1340 4060 1423 4110 est
1452 4052 1807 4124 pestilentem

111 4142 254 4201 illam
285 4143 505 4215 peccati
558 4143 956 4200 temulentiam
1014 4142 1282 4215 digerens
1343 4149 1433 4197 Ic
1479 4149 1624 4198 testu
1655 4155 1811 4198 acer-

113 4230 247 4288 rimo
294 4232 647 4304 pmnitentize
695 4231 1033 4299 edormisce,
1079 4240 1133 4289 et
1163 4232 1265 4304 qui
1314 4231 1480 4303 quasi
1525 4238 1807 4295 mortuus,

110 4334 300 4378 excors
341 4329 397 4378 et
426 4321 680 4392 elinguis
709 4320 767 4376 in
822 4320 1094 4377 barathro
1141 4321 1418 4377 vitiorum
1451 4319 1685 4391 jacebas
1712 4334 1807 4375 oc-

1908 584 2027 640 luce
2066 587 2261 640 habere
2315 587 2468 640 illam
2508 587 2664 658 (Sap.
2713 603 2806 651 vn,
2874 588 2978 654 10).
3036 589 3104 643 Ει
3141 588 3325 644 alter:
3361 590 3615 644 Miserere

1907 678 2102 743 nostri,
2153 676 2253 743 ait,
2320 678 2455 730 Deus
2503 678 2762 742 omnium,
2819 680 2869 731 et
2919 680 3122 746 respice
3159 692 3255 732 nos
3301 683 3351 733 et
3398 679 3614 733 ostende

1907 765 2061 817 nobis
2119 764 2287 818 lucem
2324 767 2734 820 miserationum
2775 770 2994 819 tuarum
3042 767 3222 837 (Eccli,
3289 750 3491 835 XXXVI,
3541 767 3610 838 l).

1910 852 1975 907 Et
2020 866 2315 923 exponens
2362 866 2541 924 quam
2585 853 2770 910 lucem
2825 854 3070 924 adjecit:
3123 857 3213 921 Et,
3249 853 3302 909 id
3350 862 3454 919 cst,
3503 857 3614 910 im-

1908 945 2059 997 mitte
2106 944 2353 996 timorem
2400 948 2550 998 tuum
2588 958 2753 1012 super
2793 951 2996 1008 gentes,
3036 959 3155 1012 qua:
3190 959 3297 998 non
3335 945 3614 1013 exquisie-

1907 1037 2038 1085 runt
2065 1036 2113 1085 te
2150 1030 2359 1101 (Ibid).,
2392 1033 2464 1097 2),
2495 1032 2550 1087 id
2572 1041 2655 1088 est
2683 1046 2857 1102 super
2896 1032 3037 1089 vitia
3068 1041 3281 1100 nostra,
3331 1048 3464 1104 qua":
3499 1048 3613 1089 non

1910 1121 2310 1192 permittunta
2354 1120 2515 1176 nobis
2557 1121 2790 1192 exquiri
2834 1130 2902 1178 te.
2941 1123 3007 1177 Ut
3054 1127 3375 1190 cognoscant
3406 1121 3612 1192 (ιδιά),

1912 1208 1962 1263 id
1999 1217 2082 1264 est
2110 1212 2175 1264 ut
2198 1222 2542 1277 cognoscere
2581 1223 2685 1264 nos
2728 1208 2958 1274 faciant,
3008 1224 3140 1265 cum
3171 1210 3357 1265 evicta
3406 1223 3474 1266 ac
3512 1210 3615 1266 de-

1910 1310 2125 1368 pressa,
2159 1304 2209 1353 te
2258 1297 2593 1367 opitulante,
2643 1296 2858 1353 fuerint
2905 1312 2939 1353 a
2987 1298 3172 1365 nobis,
3216 1301 3350 1367 quia
3395 1314 3502 1353 non
3533 1303 3615 1353 est

1911 1390 2069 1452 Deus,
2094 1388 2210 1440 nisi
2252 1392 2311 1440 tu
2332 1385 2360 1442 ?
2392 1385 2589 1456 (Ibid.)
2626 1384 2730 1442 Sed
2775 1386 3092 1442 videndum
3123 1395 3227 1454 est,
3275 1402 3409 1443 cum
3440 1402 3612 1458 supe-

1908 1476 2033 1533 rius
2053 1475 2391 1542 dixerimus,
2413 1474 2623 1545 eosqui
2645 1475 2799 1530 vitiis
2811 1474 3243 1546 opprimuntur,
3271 1477 3472 1532 timore
3493 1491 3614 1532 suae

1909 1563 2245 1636 perditionis
2289 1564 2506 1635 urgeri,
2542 1564 2696 1619 unde
2740 1564 2844 1619 iste
2884 1566 3054 1621 timor
3100 1564 3172 1621 sit
3217 1566 3418 1622 melior
3447 1565 3615 1637 quia

1909 1654 2075 1710 nobis
2099 1651 2423 1722 appellatur
2452 1652 2577 1708 lux.

1980 1741 2127 1797 Sunt
2160 1741 2261 1812 qui
2305 1742 2523 1808 timent,
2576 1755 2646 1796 ne
2697 1741 2752 1796 in
2801 1741 2923 1797 suis
2970 1741 3480 1813 deprehendantur
3510 1743 3615 1799 lla-

1911 1829 2085 1901 gitiis,
2127 1831 2231 1899 qui
2280 1828 2450 1885 timor
2497 1829 2682 1901 magis
2734 1828 2805 1885 ad
2858 1829 3005 1886 male
3052 1831 3343 1902 agendum
3394 1831 3610 1900 incitat,

1912 1933 2089 1990 quam
2112 1918 2371 1974 retrahit.
2415 1918 2573 1975 Sicut
2608 1918 2763 1975 enim
2805 1928 2968 1989 poeta
2999 1920 3069 1975 de
3100 1920 3313 1976 talibus
3344 1920 3460 1976 ait:

2013 2007 2244 2079 [Quoque
2274 2009 2449 2076 magis
2469 2010 2690 2075 tegitur,
2715 2012 2889 2063 tectus
2914 2012 3091 2077 magis
3113 2015 3309 2065 aestuat
3337 2013 3504 2078 ignis.

1912 2095 2001 2152 Sic
2029 2104 2083 2152 et
2116 2112 2220 2152 nos
2247 2096 2567 2153 secundum
2611 2097 2877 2153 eumdem
2909 2112 3143 2154 sensum
3195 2113 3507 2170 possumus
3536 2099 3618 2156 di-

1910 2199 2057 2253 cere,
2100 2184 2239 2257 quia
2274 2200 2391 2256 quo
2436 2184 2720 2242 occultius
2758 2194 3052 2257 peccatum
3104 2188 3500 2257 committitur,
3550 2202 3616 2244 eo

1910 2274 2309 2331 vehementius
2345 2274 2404 2331 in
2452 2274 2645 2331 animo
2683 2276 3090 2332 committentis
3132 2277 3480 2334 desiderium
3509 2291 3618 2333 ex-

1911 2364 2142 2420 citatur.
2180 2364 2346 2432 Nam,
2407 2364 2563 2435 quod
2614 2364 2855 2421 latenter
2903 2365 2963 2421 tit
2992 2373 3046 2422 et
3077 2368 3231 2438 quod
3278 2367 3619 2437 prohibetur

1912 2467 1982 2508 ne
2013 2452 2129 2520 fiat,
2172 2452 2445 2509 libentius
2475 2462 2860 2524 perpetratur,
2908 2455 3062 2509 Nam
3107 2458 3614 2526 concupiscentiam,

1912 2542 1991 2599 ait
2046 2542 2369 2612 Apostolus,
2414 2544 2734 2611 nesciebam,
2799 2543 2854 2599 id
2903 2551 2986 2600 est
3024 2558 3141 2601 non
3199 2545 3339 2602 adeo
3380 2559 3616 2616 gravem

1911 2638 2184 2702 expertus
2222 2645 2402 2699 eram,
2462 2634 2575 2686 nisi
2641 2632 2729 2687 lem
2799 2632 3031 2688 diceret:
3103 2634 3222 2689 Non
3281 2637 3618 2704 concupisces

1914 2724 2087 2788 (Rom.
2130 2735 2230 2788 vn,
2284 2724 2357 2787 '7).
2418 2720 2558 2777 Dicit
2603 2720 2775 2777 etiam
2815 2721 3054 2792 quidam
3109 2721 3377 2792 Sapiens:
3438 2725 3621 2780 Timor

1912 2811 2055 2865 nihil
2083 2814 2162 2865 est
2187 2811 2301 2864 nisi
2322 2812 2762 2881 presumptionis
2784 2810 3126 2880 adjutorium
3152 2811 3303 2881 (Sap.
3327 2827 3466 2879 xvu,
3505 2816 3615 2881 Η),

1914 2898 2288 2971 scilicetquia
2324 2914 2458 2959 cum
2483 2899 2540 2957 in
2578 2900 2770 2956 animo
2788 2899 2990 2956 timore
3023 2900 3157 2971 quis
3185 2908 3411 2969 aestuat,
3444 2910 3620 2958 aestus

1916 2988 2081 3058 ipse;
2135 2988 2238 3060 qui
2270 2988 2339 3045 de
2386 2988 2579 3045 servili
2638 2996 2792 3046 totus
2844 2988 3049 3045 timore
3091 2996 3315 3045 constat
3368 2988 3500 3059 plus
3545 2987 3618 3043 ad

1913 3075 2177 3134 ell'ectum
2244 3076 2475 3133 sceleris
2523 3083 2799 3149 provocat
2855 3091 3032 3148 quam
3089 3077 3385 3146 retardat;
3437 3084 3491 3133 et
3537 3083 3620 3132 est

1916 3165 2163 3237 proditio
2201 3165 2563 3237 cogitationis
2586 3166 2942 3223 auxiliorum
2976 3166 3029 3222 id
3052 3174 3135 3222 cst
3163 3166 3429 3232 ostendit,
3463 3165 3619 3236 quod

1915 3255 2054 3325 ipsis
2100 3254 2387 3324 perversis
2432 3252 2878 3324 cogitationibus
2923 3253 2995 3309 ad
3032 3253 3252 3309 malum
3300 3253 3621 3310 anhelanti-

1916 3341 2026 3398 bus
2056 3339 2226 3397 timor
2255 3340 2374 3415 ipse
2416 3340 2754 3409 auxilietur,
2786 3341 3001 3397 scilicet
3045 3340 3199 3397 vires
3230 3340 3500 3411 praebeat.
3536 3341 3623 3396 Ti-

1916 3436 2075 3486 ment
2126 3429 2323 3500 itaque
2386 3429 2758 3500 deprehendi,
2832 3430 3035 3486 timent
3094 3430 3402 3501 proditioni
3447 3430 3619 3487 etiam

1916 3533 2037 3575 suae
2066 3518 2269 3590 aliqui,
2297 3518 2393 3575 sed
2427 3519 2567 3590 quia
2604 3532 2677 3575 ex
2723 3518 2911 3591 gratia
2950 3519 3049 3576 Dei
3092 3534 3209 3575 non
3247 3527 3351 3587 est,
3385 3520 3525 3591 quia
3549 3534 3622 3575 ex

1916 3621 2113 3664 amore
2139 3623 2253 3664 non
2302 3616 2543 3678 constat,
2586 3609 2861 3665 vitiorum
2915 3610 3178 3666 ardorem
3219 3625 3335 3665 non
3366 3618 3618 3681 superat.

1918 3697 2041 3753 Filii
2073 3697 2247 3754 Israel
2280 3712 2479 3768 poenas
2525 3712 2675 3769 quas
2715 3697 2806 3754 lex
2838 3699 3172 3755 minabatur
3202 3698 3485 3765 timentes,
3518 3714 3625 3755 nec

1916 3793 2074 3842 metu
2104 3800 2426 3855 pmnarum,
2456 3800 2561 3842 nec
2590 3786 2913 3843 carnalium
2950 3786 3184 3858 praemio
3206 3788 3623 3857 promissarum

1917 3889 1952 3930 a
1998 3874 2140 3946 legis
2181 3874 2655 3945 praevaricatione
2715 3875 2895 3931 teneri
2945 3883 3224 3945 poterant,
3273 3876 3415 3947 quia
3464 3875 3624 3933 nullo

1918 3964 2020 4019 Dei
2062 3976 2257 4019 amore
2309 3962 2381 4019 ad
2430 3962 2573 4019 bene
2619 3963 2913 4034 agendum
2960 3964 3183 4020 animos
3230 3964 3621 4035 applicabant,

1916 4053 2013 4108 sed
2079 4059 2263 4108 totum
2319 4050 2497 4108 coacti
2544 4049 2829 4108 serviliter
2876 4065 2992 4108 non
3049 4053 3257 4122 spiritu
3304 4053 3625 4123 adoptionis

1918 4140 2187 4212 agebant.
2219 4139 2414 4197 Timor
2439 4154 2576 4212 ergo
2615 4139 2707 4197 ille
2747 4155 2920 4211 quem
2969 4139 3215 4196 dicimus
3243 4140 3346 4197 lux
3384 4149 3488 4210 est,
3521 4141 3623 4213 qui

1917 4237 1972 4287 et
2003 4230 2269 4287 tenebras
2314 4229 2574 4287 obscenae
2620 4229 2981 4301 cogitationis
3022 4229 3274 4299 discutit,
3314 4237 3370 4287 et
3412 4231 3625 4302 pariter

1918 4319 1988 4376 ad
2023 4333 2276 4375 amorem
2298 4318 2529 4376 virtutis
2558 4318 2839 4376 accendit.

114 4408 296 4466 clusus
313 4412 461 4477 veni,
497 4407 554 4464 id
585 4417 669 4465 est
716 4410 918 4466 accede
956 4409 1028 4466 ad
1060 4423 1193 4466 eum
1226 4408 1325 4481 qui
1368 4416 1421 4465 te
1461 4416 1626 4465 vocat
1657 4407 1805 4465 inte-
1836 4426 1880 4481 ι)
1987 4407 2095 4475 Qui
2132 4406 2311 4479 igitur
2350 4408 2531 4479 primo
2573 4408 2696 4464 sine
2748 4408 2941 4465 fructu
2993 4407 3063 4465 de
3116 4423 3221 4465 suo
3265 4416 3490 4480 torpore
3521 4408 3620 4465 do-

114 4497 229 4554 rius
275 4512 377 4569 per
434 4499 655 4569 peccati
702 4497 1188 4568 deplorationem;
1221 4506 1287 4555 ut
1331 4500 1506 4566 foras,
1550 4497 1603 4553 id
1636 4506 1720 4554 est
1750 4498 1808 4554 in

110 4595 293 4657 aperto
321 4588 446 4660 jam
494 4587 735 4658 prodeas
780 4600 881 4656 per
913 4586 1196 4643 bonorum
1227 4600 1465 4656 operum
1500 4585 1810 4642 exhibitio-

112 4688 249 4731 nem.
285 4677 410 4747 Ipse
464 4689 721 4747 namque
764 4676 920 4732 videt
964 4676 1334 4732 afﬂictionem
1376 4675 1570 4746 populi
1618 4675 1731 4743 sui,
1755 4682 1811 4732 et

115 4762 412 4833 descendit,
468 4763 526 4820 id
560 4771 645 4821 est
684 4763 1035 4835 compatitur
1078 4763 1149 4819 ad
1196 4763 1585 4819 miserendum
1624 4761 1725 4828 eis,
1755 4768 1811 4817 et

115 4849 237 4908 dicit
263 4854 377 4909 eis:

182 4941 343 4999 VERs.
368 4946 422 4999 3.
475 4968 542 4983 -—
593 4941 725 4996 Fiat
768 4942 868 4996 tua:
915 4946 967 4995 et
1010 4942 1166 5009 facta
1203 4945 1281 4995 est
1330 4941 1447 4994 luat.
1480 4939 1643 5007 Quod
1672 4954 1811 5011 ergo

117 5027 348 5088 dicimus
375 5031 586 5088 debere
616 5030 853 5101 intelligi
888 5044 987 5101 per
1012 5030 1220 5095 lucem,
1250 5031 1357 5085 nis:
1389 5028 1528 5085 illud
1559 5029 1810 5099 primum

121 5116 340 5186 bonum,
401 5118 562 5191 quod
615 5118 702 5175 his
750 5118 850 5190 qui
909 5125 1336 5175 convertuntur
1373 5118 1445 5173 ad
1494 5131 1592 5173 cor
1638 5117 1807 5187 (Psal.

118 5220 315 5274 uxxiv,
362 5211 411 5275 9)
444 5209 641 5265 datur.
694 5207 842 5275 Quid
886 5215 969 5264 est
1014 5215 1207 5263 autem
1260 5205 1512 5277 primum
1571 5205 1807 5273 bonum,

121 5297 218 5351 nisi
244 5297 410 5354 timor
441 5297 565 5363 Dei,
599 5296 699 5368 qui
748 5296 961 5354 dicitur
1008 5298 1227 5351 initium
1282 5293 1807 5365 sapientiae?(Psal.

121 5398 196 5449 cx,
226 5387 297 5455 9).
355 5384 711 5456 Sapientiam
773 5399 911 5441 vero
963 5385 1150 5441 lucem
1208 5384 1478 5455 appellari
1522 5398 1638 5439 non
1669 5398 1807 5453 uno,

122 5472 204 5529 sed
234 5475 429 5532 multis
475 5473 911 5543 Scripturarum
964 5473 1103 5530 locis
1149 5472 1523 5529 advertimus.
1558 5471 1720 5539 Quod
1762 5473 1810 5529 si

124 5561 233 5631 ipsa
261 5563 361 5621 lux
406 5571 513 5632 est,
569 5570 625 5618 et
672 5562 902 5619 initium
953 5562 1083 5633 ejus
1128 5561 1301 5618 timor
1344 5561 1444 5617 Dei
1490 5568 1595 5628 est,
1640 5560 1811 5618 timor

125 5650 379 5721 profecto,
416 5651 561 5725 quia
591 5664 730 5722 pars
770 5650 898 5721 ejus
946 5657 1051 5718 est,
1104 5648 1254 5706 idem
1301 5648 1457 5719 quod
1490 5656 1671 5706 totum
1705 5656 1808 5715 est,

1920 4496 2091 4561 lebat,
2152 4496 2221 4552 de
2273 4511 2390 4567 quo
2442 4510 2501 4552 se
2556 4503 2827 4553 excutere
2885 4511 2999 4552 non
3058 4504 3298 4568 poterat,
3333 4497 3472 4568 quia
3501 4496 3625 4554 sine

1918 4586 2045 4642 luce
2077 4584 2263 4657 gratia
2310 4584 2553 4641 cmlcstis
2597 4591 2741 4652 erat,
2782 4585 2906 4655 jam
2949 4586 3118 4653 dolet,
3171 4602 3276 4643 nec
3321 4585 3482 4643 dolor
3515 4600 3625 4643 va-

1880 4747 1885 4752 _
1919 4689 2066 4731 cuus
2102 4681 2204 4742 est,
2233 4674 2372 4744 quia
2412 4673 2607 4730 unctio
2647 4674 2830 4729 sancti
2878 4673 3145 4745 Spiritus,
3192 4690 3323 4747 quae
3354 4689 3484 4732 eum
3518 4675 3626 4731 do-

1918 4772 2005 4821 cet
2030 4763 2099 4819 de
2145 4762 2415 4819 omnibus
2460 4770 2516 4819 et
2560 4763 2811 4829 roborat,
2862 4764 3044 4818 adest.
3093 4763 3334 4834 Antiqui
3389 4764 3625 4835 quando

1916 4852 2339 4909 exercebantur
2394 4851 2464 4906 ad
2549 4851 2892 4921 palmstram,
2966 4854 3106 4923 ungi
3180 4860 3621 4923 consueverant,

1919 4941 2045 4998 ideo
2073 4940 2335 4996 videlicet
2367 4948 2431 4996 ut
2475 4953 2576 5010 per
2605 4940 2783 5006 nuda,
2817 4947 2872 4995 et
2900 4954 2973 4995 ex
3001 4940 3274 4997 unctione
3304 4942 3625 4999 madefacta

1917 5044 2158 5101 corpora
2193 5028 2519 5086 labentibus
2554 5028 2697 5099 ejus,
2728 5028 2831 5099 qui
2865 5028 3308 5099 colluctahatur,
3353 5029 3625 5087 manibus

1918 5120 2116 5175 minus
2143 5119 2321 5175 teneri
2353 5118 2600 5174 luctator
2642 5125 2849 5187 posset.
2906 5117 3059 5174 Nudi
3106 5126 3324 5184 autem,
3378 5120 3435 5176 id
3476 5128 3559 5176 est
3598 5133 3633 5175 a

1917 5208 2285 5264 saecularium
2334 5221 2529 5264 rerum
2591 5221 2785 5263 amore
2855 5207 3145 5277 praepediti
3198 5207 3293 5281 [/.,
3342 5207 3628 5281 expediti]

1916 5305 1971 5353 et
2000 5297 2181 5364 uncti,
2242 5295 2296 5352 id
2355 5304 2439 5353 est
2495 5296 2707 5352 divinae
2760 5296 3078 5353 dilectionis
3124 5296 3278 5354 dulci
3338 5298 3624 5355 suavitate

1916 5382 2182 5451 delibuti,
2229 5381 2457 5439 diabilo
2501 5382 2759 5439 duellum
2801 5382 3054 5440 indicere
3104 5382 3403 5455 jubemur,
3454 5385 3626 5457 cujus

1918 5479 2076 5529 tanto
2107 5472 2295 5527 minor
2333 5479 2417 5528 est
2460 5470 2836 5543 fragiliorque
2884 5470 2943 5528 in
3002 5471 3320 5543 pugnando
3348 5480 3625 5529 constan-

1918 5562 2017 5629 tia,
2068 5568 2289 5632 quanto
2329 5559 2601 5617 fervidior
2650 5560 2706 5617 in
2751 5559 2922 5617 corde
2954 5560 3281 5633 paenitentis
3329 5561 3628 5619 invenitur

1918 5648 2378 5719 compunctionis
2407 5649 2614 5723 gratia.
