3966 6436
323 393 392 444 39
1212 388 1268 440 ν.
1311 385 1646 443 GUIBERTI
1684 386 1980 442 ABBATIS
2015 389 2072 442 S.
2115 385 2354 442 MARLE
2396 387 2485 443 DE
2524 384 2922 443 NOVIGENTO
3764 393 3838 443 40

399 519 566 577 Vsus.
600 518 652 572 4.
707 549 773 558 --
824 517 996 573 Facta
1043 524 1235 574 autem
1287 517 1432 585 luce,
1487 518 1646 574 Vidit
1689 520 1828 572 Deus
1872 516 2018 587 quod
2044 520 2088 575 Α
2125 524 2179 573 et
2207 517 2520 574 esurientes
2549 516 2716 574 bonis
2743 518 3008 585 exsatiat,
3039 524 3094 573 et
3138 518 3377 574 vincula
3423 521 3835 585 tentatiouum,

323 615 458 664 esset
485 609 641 663 bona.
667 606 814 674 Quid
843 615 927 662 est
955 607 1096 661 vidit
1132 609 1292 673 Deus,
1325 605 1432 660 nisi
1463 607 1599 675 quia
1639 605 1815 660 videri
1852 603 2027 660 fecit?

327 697 549 754 Dicitur
589 703 646 753 et
704 696 772 751 de
829 694 1209 751 Centurione:
1263 696 1511 749 Audiens
1578 697 1731 749 Jcsus
1793 696 2026 749 miratus

323 791 402 839 est
427 784 576 855 (Luc.
611 799 710 849 vn,
761 785 832 852 9).
882 782 1040 839 Unde
1091 786 1334 838 miratus
1369 791 1470 849 est,
1526 797 1625 852 per
1653 796 1824 852 quem
1857 797 2025 838 omne

324 874 537 929 mirum
564 879 821 928 creatum
867 879 971 932 est.
1008 881 1216 941 praeter
1261 885 1435 942 quem
1481 871 1620 926 nihil
1663 871 1875 926 mirum
1916 878 2020 942 est,

323 962 432 1018 nisi
475 960 630 1032 quod
686 960 899 1016 mirum
946 959 1127 1014 voluit
1172 959 1338 1014 nobis
1393 958 1709 1023 ostendere,
1761 961 1913 1030 quod
1950 963 2018 1016 ad

322 1063 628 1106 commune
677 1048 1004 1117 exemplum
1054 1061 1087 1102 a
1147 1047 1296 1103 fideli
1363 1047 1591 1102 homine
1651 1047 1868 1104 dictum
1913 1057 2018 1117 est,

333 1137 494 1193 Vidit
535 1151 674 1208 ergo
717 1137 886 1191 lucem
917 1135 1063 1204 quod
1090 1141 1224 1190 esset
1254 1137 1410 1204 bona,
1447 1136 1500 1191 id
1544 1143 1628 1191 est
1655 1137 1834 1192 videri
1867 1137 2016 1204 fecit,

323 1240 500 1297 quam
537 1226 751 1281 bonum
782 1232 947 1292 esset,
999 1225 1185 1280 timori
1215 1232 1270 1281 et
1315 1225 1498 1280 amori
1548 1231 1794 1280 mentem
1849 1238 2020 1280 man-

321 1314 514 1384 cipare
563 1313 779 1368 divino.
830 1313 894 1368 In
960 1311 1178 1368 deliciis
1230 1321 1285 1370 et
1345 1313 1743 1384 voluptatibus
1789 1313 2015 1370 educati

321 1401 463 1474 quid
533 1401 606 1457 sit
651 1401 882 1456 miseria
947 1401 1233 1468 nesciunt,
1280 1409 1336 1457 et
1407 1401 1465 1456 in
1541 1401 1910 1472 squaloribus
1949 1415 2017 1456 ac

319 1491 596 1560 spurcitia
635 1489 890 1557 enutriti,
920 1489 1063 1560 quid
1112 1489 1228 1544 sint
1280 1487 1497 1544 delicias
1535 1502 1602 1544 ac
1651 1489 1885 1545 felicitas
1928 1504 2018 1546 ne-

313 1581 521 1635 sciunt.
553 1578 700 1646 Quid
733 1578 866 1634 boni
910 1578 1116 1633 habeat
1159 1577 1395 1640 sanitas.
1450 1576 1700 1646 languor
1745 1578 2010 1645 ostendit,

313 1669 392 1723 ait
421 1667 700 1737 quidam;
732 1665 1131 1736 cognoscimus
1165 1665 1302 1734 quid
1341 1665 1666 1732 habuimus,
1711 1674 2010 1736 postquam

313 1755 525 1812 habere
555 1754 870 1810 desinimus
930 1753 1074 1809 Cum
1112 1753 1291 1824 igitur
1343 1761 1464 1823 post
1513 1754 1816 1809 innumera
1855 1755 2014 1824 ﬂagi-

2132 620 2264 676 quae
2296 607 2404 662 Deo
2454 606 2523 661 ad
2572 606 2771 662 horam
2825 607 3118 661 secedente
3169 607 3436 677 ingruere
3473 608 3689 678 'solent,
3740 608 3836 664 sui

2131 693 2374 763 Spiritus
2421 694 2712 750 redeuntis
2761 693 2891 764 igne
2937 693 3218 750 dissolvit.
3255 695 3403 762 Quid
3454 695 3614 762 illud,
3669 697 3835 768 quod

2129 782 2322 837 anima
2353 790 2546 838 nostra
2573 796 2800 838 omnem
2843 796 3020 837 sacra:
3063 783 3318 838 lectionis
3354 798 3564 851 escam,
3608 785 3678 840 de
3709 799 3837 855 qua

2129 870 2282 926 vires
2309 871 2764 940 compunctionis
2796 871 3118 938 hauriebat,
3161 872 3238 927 ita
3269 872 3584 943 aliquando
3615 874 3840 930 abomi-

2130 963 2323 1024 natur,
2357 966 2420 1013 ut
2448 974 2617 1026 usque
2667 958 2743 1013 ad
2781 965 2971 1028 portas
3010 962 3199 1014 mortis
3240 961 3411 1030 (Psat.
3455 978 3560 1029 ενι,
3621 966 3737 1028 i8),
3777 963 3834 1020 id

2125 1053 2210 1100 est
2241 1046 2381 1100 vitia
2412 1060 2508 1115 per
2567 1061 2698 1117 quae
2756 1047 2874 1103 itur
2931 1047 3003 1104 ad
3057 1056 3296 1105 mortem
3355 1051 3836 1123 appropinquare

2126 1132 2413 1190 videatur.
2469 1133 2573 1190 Sed
2627 1135 2720 1190 ille
2772 1135 2871 1205 qui
2931 1143 3111 1192 tentat
3155 1151 3281 1199 nos,
3342 1152 3456 1193 non
3501 1147 3564 1194 ut
3600 1139 3832 1208 perdat,

2126 1235 2315 1291 neque
2373 1229 2437 1278 ut
2465 1223 2626 1290 sciat,
2677 1223 2774 1279 sed
2811 1231 2872 1279 ut
2903 1224 3048 1279 scire
3099 1239 3203 1279 nos
3242 1224 3410 1280 faciat
3434 1225 3480 1282 si
3523 1225 3833 1298 diligimus

2120 1323 2277 1375 eum,
2309 1309 2482 1367 mittit
2536 1311 2802 1377 verbum,
2867 1311 2921 1367 id
2966 1319 3050 1368 est
3097 1327 3355 1383 saporem
3408 1314 3565 1370 verbi
3623 1315 3716 1370 sui
3765 1313 3830 1370 in

2122 1413 2244 1466 nos,
2278 1406 2334 1455 et
2381 1407 2564 1466 sanat,
2622 1401 2904 1471 cripitque
2960 1401 3030 1456 de
3075 1400 3311 1458 interitu
3363 1403 3532 1472 (Psat.
3567 1419 3672 1469 cn,
3705 1404 3825 1468 20).

2121 1487 2253 1543 Haec
2286 1476 2440 1544 Deus
2467 1488 2524 1544 in
2565 1489 2728 1545 nobis
2772 1489 2912 1559 agit,
2969 1495 3034 1546 ut
3077 1489 3227 1546 bona
3271 1505 3344 1546 ex
3391 1492 3529 1562 ipso,
3564 1492 3716 1548 mala
3747 1507 3828 1548 ex

2121 1576 2286 1632 nobis
2334 1591 2436 1632 nos
2477 1577 2689 1633 habere
2739 1579 3090 1646 noverimus,
3139 1586 3192 1634 et
3222 1579 3303 1634 sic
3349 1579 3499 1635 inter
3543 1579 3728 1637 lucem
3767 1589 3827 1637 et

2121 1664 2385 1718 tenebras
2417 1664 2750 1720 dividimus.

2193 1751 2358 1806 Vsus.
2417 1754 2468 1805 5.
2521 1781 2591 1791 --
2647 1754 3066 1823 Appellavitque
3128 1755 3296 1808 lucem
3342 1755 3517 1810 diem:
3575 1762 3624 1810 et
3674 1764 3825 1811 tene-

314 1847 394 1900 tia
422 1844 493 1898 ad
522 1845 698 1898 Deum
754 1820 1224 1908 revertimur,'et
1277 1820 1415 1897 vitia
1467 1841 1522 1896 in
1573 1850 1817 1898 Virtutes
1861 1820 2011 1898 com-
2043 1820 2082 1875 Β
2121 1839 2247 1893 bras
2273 1846 2494 1894 noctem.
2530 1841 2628 1896 Est
2675 1841 2940 1910 quaedam
2995 1855 3222 1898 summa
3269 1842 3394 1910 lux,
3430 1858 3562 1914 quae
3593 1843 3826 1901 illumi-

314 1939 628 1991 mutamus.
693 1937 832 1986 tunc
881 1929 1132 1999 primum
1179 1929 1713 1996 animadvertimus,
1773 1931 1828 1986 in
1891 1946 2008 2001 quo

313 2017 643 2088 pestilentiae
693 2017 966 2072 barathro
1008 2015 1320 2087 jacuimus,
1353 2026 1408 2072 et
1453 2032 1572 2089 quo
1613 2019 2008 2075 vehementius

313 2109 381 2162 de
415 2113 732 2177 perpetrato
762 2105 1014 2160 facinore
1065 2104 1482 2171 erubescimus,
1524 2113 1682 2162 tanto
1722 2110 2008 2177 copiosius

311 2195 380 2250 ad
419 2195 666 2264 priorem
700 2195 873 2248 vitam
906 2191 1044 2247 boni
1069 2194 1257 2262 operis
1293 2193 1546 2249 novitate
1589 2195 2004 2264 contegendam

310 2290 644 2338 aestuamus.
685 2282 752 2337 Et
782 2295 898 2336 non
931 2280 1096 2336 modo
1127 2281 1294 2336 timor
1338 2288 1441 2349 est,
1495 2296 1567 2337 ne
1607 2283 2006 2352 deprehenda-

311 2385 444 2427 mur
475 2373 532 2426 in
564 2370 736 2436 vitiis,
782 2369 878 2426 sed
923 2372 1096 2425 etiam
1137 2370 1182 2426 si
1235 2369 1472 2440 impune
1516 2384 1750 2440 peccare
1792 2371 2002 2440 liceret,

309 2474 502 2516 amore
526 2459 763 2530 justitite
791 2458 964 2514 semel
1010 2466 1372 2529 prtegustatze
1403 2459 1524 2530 jam
1556 2473 1788 2530 peccare
1831 2460 2003 2516 nolu-

311 2564 458 2614 mus,
492 2563 624 2619 quae
669 2548 739 2604 ad
770 2561 1023 2618 praesens
1061 2548 1117 2603 in
1147 2551 1370 2603 tantum
1421 2562 1526 2604 nos
1559 2556 1907 2616 remunerat,
1939 2555 2004 2605 ut

307 2638 479 2695 etiam
530 2645 684 2693 metu
753 2637 873 2707 jam
945 2635 1280 2706 perditionis
1357 2635 1578 2706 abjccto
1637 2639 2003 2695 securitatem

308 2727 501 2797 gloriae
525 2725 943 2796 consequendaa
976 2724 1208 2780 tribuat.
1242 2724 1546 2794 Sequitur:

377 2819 448 2873 Et
483 2815 680 2870 divisit
728 2817 874 2869 inter
919 2815 1106 2882 lucem,
1155 2819 1206 2868 et
1253 2815 1498 2869 tenebras
1546 2813 1666 2884 [al.,
1711 2815 1792 2869 Et
1810 2815 2004 2870 divisit

307 2907 474 2961 lucem
511 2920 546 2959 a
597 2901 874 2974 tenebris].
943 2902 1090 2969 Quid
1141 2909 1226 2958 est
1292 2903 1484 2958 divisit
1543 2903 1649 2958 nisi
1718 2903 2003 2960 discretio-

307 3008 437 3050 nem
471 2992 682 3048 habere
713 2991 857 3047 inter
902 2991 1042 3046 vitia
1089 2991 1448 3061 virtutesque
1494 2990 1740 3048 docuit?
1777 2991 2002 3060 Quanto

303 3081 454 3138 enim
488 3081 704 3136 arctius
729 3079 787 3134 in
821 3079 1101 3136 virtutum
1136 3079 1396 3135 custodia
1434 3079 1808 3150 persistimus,
1843 3089 2000 3137 tanto
2028 3117 2066 3170 ρ

302 3169 686 3240 perspicacius
757 3167 846 3222 his
898 3167 1188 3222 contraria
1244 3165 1514 3236 quaslibet
1576 3167 1993 3235 cognoscimus,

301 3263 386 3314 l8
415 3256 519 3314 Sed
563 3256 676 3312 alia
713 3264 798 3311 est
845 3255 1112 3325 qntedam
1179 3254 1348 3310 valde
1411 3255 1666 3309 notanda
1711 3254 1992 3321 discretio,

300 3360 419 3417 qua
464 3345 676 3400 scilicet
718 3350 884 3400 acute
930 3349 986 3398 et
1043 3341 1432 3398 indesinenter
1489 3341 1782 3397 attendere
1821 3342 1996 3397 debe-

299 3448 451 3500 mus,
479 3432 620 3504 quid
671 3445 742 3488 ex
792 3432 978 3498 nobis,
1027 3437 1084 3485 et
1129 3430 1270 3500 quid
1318 3445 1391 3486 ex
1443 3431 1554 3486 Deo
1580 3431 1892 3486 habeamus
1923 3433 1996 3501 (11

299 3523 419 3580 Cor.
452 3537 533 3588 Ill,
585 3519 660 3590 5).
703 3518 864 3585 Quod
905 3518 1156 3574 mirabili
1203 3527 1325 3575 arte
1370 3519 1548 3589 pietas
1593 3519 1759 3575 nobis
1799 3519 1995 3575 divina

297 3624 447 3680 saepe
495 3609 768 3664 insinuat.
823 3606 967 3664 Nam
1017 3607 1074 3662 in
1125 3613 1332 3663 nostra;
1405 3607 1794 3663 conversionis
1835 3607 1994 3664 initio

298 3705 517 3754 tantam
576 3696 965 3765 lacrymarum
1031 3693 1374 3760 ubertatem,
1445 3702 1664 3751 tantam
1719 3695 1994 3752 orationis

297 3786 462 3842 nobis
501 3784 653 3840 Deus
695 3783 1036 3853 plerumque
1084 3782 1333 3854 largitur
1375 3782 1730 3851 instantiam,
1785 3790 1849 3840 ut
1869 3784 1988 3854 jam

295 3865 611 3932 humanam
661 3870 824 3928 nobis
870 3870 1174 3926 videamur
1227 3871 1542 3942 transgredi
1600 3879 1892 3938 naturam,
1936 3879 1991 3928 et

295 3962 506 4019 imitari
534 3959 971 4030 contemplando
993 3958 1332 4030 angelicam.
1365 3958 1521 4026 Quod
1552 3973 1682 4015 cum
1715 3959 1990 4029 aliquan-

291 4049 392 4107 diu
443 4050 744 4106 nobiscum
799 4048 1016 4119 agitur,
1075 4047 1144 4104 de
1218 4055 1412 4103 nostro
1481 4047 1741 4117 profectu
1811 4061 1990 4118 supra

290 4153 467 4210 quam
490 4139 713 4210 justum
751 4144 836 4194 est
893 4135 1144 4207 gaudere
1201 4134 1354 4190 intra
1398 4149 1504 4191 nos
1561 4135 1984 4205 praesumimus.

291 4228 394 4284 Sed
447 4227 598 4282 Deus
647 4233 900 4281 nostram
945 4224 1095 4278 mira
1124 4223 1544 4294 dispensatione
1583 4223 1840 4280 retundit
1882 4238 1988 4280 su-

291 4315 570 4387 perbiam,
619 4321 675 4370 et
737 4325 844 4368 nos
886 4311 986 4382 qui
1030 4325 1432 4368 erraveramus
1471 4311 1529 4368 in
1575 4311 1896 4376 solitudine,
1931 4311 1982 4368 id

2116 1935 2461 1983 natomnem
2505 1928 2790 1984 hominem
2840 1929 3028 1998 (Joan.
3060 1946 3096 1997 ι,
3146 1933 3218 1995 9),
3275 1932 3549 1988 rationem
3599 1932 3825 1987 scilicet

2113 2015 2327 2086 cuique
2355 2015 2563 2071 dando.
2623 2017 2880 2086 Appellat
2923 2017 3136 2089 itaque,
3189 2019 3240 2074 id
3271 2026 3354 2075 est
3404 2020 3564 2091 eligit
3604 2020 3820 2087 lucem,

2113 2103 2400 2172 cujusque
2457 2100 2668 2158 scilicet
2722 2103 2968 2158 hominis
3014 2105 3316 2172 rationem,
3367 2119 3492 2160 eam
3551 2105 3822 2161 faciendo

2113 2190 2285 2244 diem.
2327 2190 2620 2256 Quomodo
2671 2191 2864 2246 diem?
2892 2192 3039 2259 Dies,
3098 2201 3160 2248 ut
3203 2193 3282 2248 ait
3315 2195 3571 2264 quidam,
3617 2202 3698 2250 est
3729 2194 3818 2250 sol

2113 2292 2287 2347 super
2315 2286 2545 2343 terram,
2603 2279 2684 2335 sol
2729 2279 2840 2334 sub
2888 2289 3039 2335 terra
3095 2294 3210 2336 nox
3248 2288 3351 2336 est.
3409 2281 3572 2338 Ratio
3630 2282 3821 2353 igitur

2113 2373 2308 2421 nostra
2337 2367 2383 2421 si
2436 2366 2570 2422 velit
2615 2381 2737 2422 esse
2777 2367 2900 2434 lux,
2935 2367 3082 2424 sicut
3111 2382 3233 2424 esse
3273 2369 3459 2435 debet,
3501 2369 3672 2425 solem
3699 2370 3818 2425 sibi

2113 2461 2424 2524 praeponat,
2467 2454 2521 2509 id
2560 2462 2644 2510 est
2683 2462 2908 2510 terrena
2955 2455 3235 2512 desideria
3275 2471 3468 2514 amore
3510 2465 3567 2513 et
3602 2472 3815 2514 exem-

2112 2543 2202 2611 plo
2229 2541 2439 2598 Christi
2465 2543 2768 2613 deprimat,
2823 2553 2886 2600 ut
2928 2545 3050 2600 dies
3102 2546 3273 2602 etiam
3303 2545 3416 2601 dici
3444 2553 3656 2616 queat;
3686 2560 3815 2602 nox

2110 2631 2261 2686 enim
2292 2631 2474 2701 iniqui
2507 2646 2620 2686 non
2676 2639 2882 2699 essent,
2945 2633 3052 2688 nisi
3089 2635 3382 2690 Christum
3437 2643 3614 2704 atque
3639 2636 3817 2690 ratio—

2111 2733 2241 2775 nem
2268 2733 2434 2776 suam
2467 2719 2678 2775 inlimis
2715 2721 3130 2790 cupiditatibus
3159 2731 3568 2793 supponerent.
3601 2723 3812 2793 Appel-

2111 2807 2228 2863 lare
2284 2809 2431 2864 sicut
2463 2821 2668 2864 vocare
2705 2809 2883 2878 accipi
2919 2809 2975 2864 in
3020 2809 3332 2881 Scripturis
3371 2811 3570 2868 bifarie
3599 2816 3808 2882 potest.

2110 2895 2172 2950 In
2203 2895 2385 2951 bono:
2427 2898 2627 2952 Vocavi
2663 2912 2730 2950 ex
2776 2899 2996 2952 nomine
3035 2899 3262 2954 Beseteet
3302 2899 3512 2967 (Exod.
3541 2915 3689 2966 xxxx,
3726 2903 3807 2972 2).

2108 2981 2174 3038 In
2223 2983 2408 3038 malo:
2466 2985 2690 3039 Vocavit
2744 2987 2945 3052 famem
2972 3001 3135 3056 super
3201 2993 3402 3042 terram
3466 2987 3633 3057 (Psat.
3694 3003 3810 3052 cur,

2105 3073 2220 3139 2t),
2254 3079 2310 3126 ct
2339 3070 2555 3127 affatim
2590 3073 2750 3128 alias.
2803 3073 2975 3130 Vocat
3007 3075 3252 3128 tembras
3289 3080 3512 3142 noctem,
3563 3075 3813 3146 quando

2105 3173 2220 3226 eos,
2267 3159 2369 3229 qui
2417 3169 2756 3229 praepostere
2799 3161 3028 3230 vivunt,
3071 3170 3126 3218 et
3167 3162 3490 3218 voluntarie
3540 3171 3809 3234 peccant,

2108 3248 2279 3303 tradit
2311 3249 2366 3302 in
2402 3257 2643 3312 noctem,
2687 3249 2740 3304 id
2770 3257 2854 3306 est
2895 3249 2955 3305 in
3003 3251 3313 3320 reprobum
3359 3265 3590 3308 sensum
3623 3252 3806 3321 (Rom.

2107 3352 2144 3403 ι,
2171 3339 2285 3404 28).
2331 3336 2506 3392 Vocat
2535 3345 2726 3393 autem
2757 3338 2818 3393 in
2853 3346 3142 3409 quantum
3177 3339 3370 3396 venire
3399 3339 3692 3410 permittit,
3740 3346 3812 3397 ut

2105 3431 2227 3480 est:
2279 3426 2346 3480 Et
2392 3439 2458 3479 ne
2494 3441 2590 3480 nos
2628 3426 2857 3480 inducas
2886 3429 2945 3480 in
2994 3429 3356 3482 tentationem.
3407 3427 3616 3484 Rectus
3663 3441 3810 3485 vero

2105 3512 2236 3568 vita:
2264 3513 2465 3568 modus
2493 3521 2594 3580 cst,
2631 3521 2696 3570 ut
2717 3516 2907 3570 carnis
2935 3523 3124 3572 motus
3154 3515 3541 3588 subjiciantur
3567 3517 3806 3586 rationi,

2103 3609 2161 3657 at
2192 3601 2312 3671 ipsa
2339 3603 2480 3657 ratio
2514 3603 2761 3672 primum
2792 3604 3078 3660 subdatur
3112 3605 3238 3660 Deo.

2176 3691 2242 3744 Et
2267 3691 2449 3754 factus
2480 3689 2598 3760 [al.,
2645 3690 2818 3760 juxta
2851 3689 3019 3761 Vulg.
3054 3690 3411 3764 Factumque]
3454 3698 3536 3748 est
3561 3707 3807 3764 vespere,

2101 3781 2152 3831 et
2177 3792 2334 3832 mane
2379 3777 2496 3832 dies
2527 3793 2682 3832 unus.
2731 3777 2880 3841 Quid
2922 3787 3006 3834 est
3050 3795 3266 3849 vespere
3306 3781 3417 3836 nisi
3455 3781 3803 3850 adversitas,

2101 3865 2240 3935 quid
2267 3880 2424 3920 mane
2461 3865 2570 3921 nisi
2623 3867 3018 3936 prosperitas?
3046 3868 3275 3936 Exitus,
3310 3869 3498 3940 inquit
3534 3873 3808 3927 matutini

2101 3955 2157 4006 in
2197 3968 2496 4022 vesperam,
2540 3960 2589 4008 et
2623 3970 2838 4024 vespere
2885 3957 2945 4010 in
2989 3961 3319 4012 matutinum
3349 3959 3635 4014 delectabis
3667 3957 3794 4031 [al.,

2092 4042 2265 4112 juxta
2303 4041 2502 4112 Vulg.,
2549 4043 2757 4098 Exitus
2798 4047 3070 4099 matutine
3119 4051 3170 4099 et
3213 4061 3430 4115 vespere
3473 4047 3797 4122 delectabisj

2095 4129 2274 4197 (Psat.
2324 4145 2471 4199 LXIV,
2512 4133 2603 4201 8);
2651 4130 2707 4186 id
2749 4139 2834 4188 est
2874 4132 3236 4190 delectabiles
3282 4133 3469 4198 facies,
3521 4136 3662 4206 quia
3710 4137 3801 4193 di-

2097 4217 2407 4289 ligentibus
2451 4219 2632 4275 Deum
2682 4219 2928 4291 Spiritus
2960 4222 3154 4278 omnia
3201 4233 3538 4292 cooperatur
3579 4223 3636 4278 iu
3683 4223 3799 4280 bo-

2095 4321 2260 4373 num,
2291 4306 2414 4362 sive
2447 4308 2658 4365 scilicet
2691 4308 2747 4364 in
2783 4309 3057 4378 adversis,
3090 4311 3210 4366 sive
3249 4311 3308 4367 in
3338 4313 3644 4383 prosperis.
3679 4311 3802 4370 Ve-

287 4411 372 4461 est
420 4404 542 4460 sine
591 4402 704 4459 Deo
748 4399 1237 4466 irrationabiliter,
1307 4409 1362 4456 et
1425 4399 1736 4456 bestialiter
1765 4401 1984 4457 vixera—
2013 4419 2056 4474 ι)
2093 4410 2252 4466 spere
2281 4396 2458 4468 igitur
2503 4405 2558 4453 et
2590 4410 2756 4454 mane
2805 4397 2865 4453 tit
2896 4398 3016 4454 dies
3057 4413 3230 4466 unus,
3272 4401 3413 4470 quia
3455 4399 3636 4455 sancti
3665 4399 3796 4457 sive

288 4507 442 4559 mus,
477 4490 550 4547 ad
576 4489 730 4546 viam
762 4487 1088 4558 quaerendae
1139 4487 1407 4556 civitatis,
1454 4490 1624 4561 cujus
1666 4487 1872 4544 artifex
1902 4496 1985 4546 est

287 4583 440 4638 Deus
481 4579 664 4650 (Hebr.
722 4591 800 4644 xi,
859 4577 966 4645 10),
1027 4584 1333 4646 postquam
1378 4592 1480 4633 sua
1533 4577 1720 4649 gratia
1764 4577 1984 4634 reducit

287 4670 526 4726 dicens:
556 4669 672 4724 Non
712 4665 920 4720 habetis
969 4661 1090 4736 [al.,
1124 4663 1313 4734 juxta.
1364 4665 1536 4736 Vulg.
1569 4663 1849 4738 habemus]
1895 4665 1982 4721 hic

283 4761 581 4812 manentem
635 4757 928 4817 civitatem,
975 4753 1224 4818 futuram
1276 4755 1538 4821 inquirite
1597 4751 1976 4825 [inquirimus]

285 4846 468 4917 (Hebr.
504 4859 626 4911 xm,
661 4843 770 4912 14).
816 4841 885 4896 Et
913 4839 1134 4910 aliquid
1177 4855 1442 4911 supernae
1479 4842 1799 4899 dulcedinis
1827 4856 1979 4912 pra?-

285 4941 516 5007 gustare
543 4931 695 4998 facit,
728 4928 1068 4998 subtrahere
1115 4930 1254 4985 solet
1301 4931 1500 5001 gratiae
1550 4931 1890 4996 ubertatem,
1923 4937 1978 4986 et

283 5022 524 5088 esurire,
557 5028 612 5076 et
640 5017 801 5075 sitire
851 5015 1105 5072 interiori
1155 5017 1242 5074 siti
1297 5032 1365 5074 ac
1398 5019 1565 5086 fame,
1624 5027 1680 5076 et
1727 5019 1784 5074 in
1811 5017 1978 5073 malis

281 5111 552 5183 permittit
582 5109 888 5172 tabescere,
930 5105 1025 5160 sed
1073 5113 1252 5163 totum
1299 5107 1608 5164 eruditioni
1651 5114 1878 5172 nostrae,
1911 5111 1977 5160 ut

282 5200 542 5256 ostendat
571 5197 736 5253 nobis
764 5197 918 5266 quod
961 5194 1074 5262 ipse
1095 5195 1208 5252 ait:
1259 5197 1400 5262 Quia
1437 5199 1554 5249 sine
1603 5211 1686 5250 me
1719 5195 1864 5248 nihil
1888 5207 1977 5261 po-

281 5291 432 5344 testis
460 5289 640 5354 facere
663 5285 692 5342 ?
735 5289 906 5355 (Joan.
949 5302 1044 5350 xv,
1074 5285 1150 5356 5.)
1182 5287 1250 5342 Ει
1279 5292 1470 5340 tamen
1513 5297 1627 5338 non
1671 5295 1777 5336 nos
1805 5281 1971 5336 dere-

281 5376 548 5445 linquens
597 5388 1016 5446 usquequaque
1061 5375 1226 5444 (Psat.
1280 5386 1463 5428 cxvm.
1511 5371 1584 5439 8),
1615 5376 1746 5423 eum
1799 5367 1871 5422 ad
1915 5380 1974 5422 se

278 5463 679 5535 quaerendum,
725 5463 871 5520 sicut
926 5475 1138 5533 sponsa
1187 5461 1245 5514 in
1316 5456 1566 5513 Canticis
1626 5467 1726 5524 per
1780 5461 1974 5509 noctes

276 5551 548 5608 dilectum
595 5563 856 5622 quaerere
903 5549 1118 5607 dicitur
1172 5549 1228 5600 in
1277 5541 1484 5600 lectulo
1537 5542 1718 5610 (Cant.
1766 5557 1847 5607 tu,
1900 5543 1969 5610 t),

278 5641 524 5696 intentos
553 5646 609 5696 et
641 5638 946 5710 vigilantes
979 5633 1206 5700 viderit,
1239 5629 1464 5686 animas
1492 5629 1721 5684 tandem
1771 5629 1972 5683 inanes

2091 4485 2260 4542 malis
2285 4495 2640 4557 premantur,
2685 4487 2805 4543 sive
2851 4487 3165 4545 honoribus
3207 4489 3598 4556 cumulentur,
3635 4490 3790 4549 idem

2089 4581 2244 4641 sunt,
2302 4582 2355 4631 et
2408 4588 2633 4644 semper
2692 4575 2750 4630 in
2805 4575 2886 4630 eis
2937 4582 3262 4645 perseverat
3307 4575 3457 4632 idem
3515 4577 3798 4648 splendor

2089 4663 2340 4720 divinus.

2157 4753 2343 4808 Potest
2389 4759 2444 4807 et
2491 4751 2654 4808 aliter
2712 4749 2843 4806 dici.
2899 4750 3124 4806 Factum
3161 4755 3241 4806 est
3279 4767 3499 4821 vespere
3541 4758 3593 4808 et
3628 4769 3796 4812 mane

2086 4841 2202 4895 dies
2247 4854 2407 4895 unus.
2446 4839 2764 4909 Vesperum
2806 4838 3086 4894 habemus
3154 4839 3211 4894 in
3274 4841 3558 4910 praesenti,
3619 4843 3789 4913 quia,

2083 4927 2188 4983 etsi
2218 4927 2361 4983 bene
2391 4926 2586 4982 vivere
2631 4925 3052 4992 contendimus,
3073 4992 3081 4997 _
3103 4927 3251 4982 nihil
3295 4935 3486 4984 tamen
3516 4929 3788 5000 perfectae

2081 5012 2360 5068 claritatis
2402 5011 2722 5067 habemus:
2761 5029 2830 5066 ex
2875 5022 3035 5082 parte
3080 5016 3232 5070 enim
3289 5021 3674 5086 cegnoscimus,
3733 5030 3792 5078 et

2082 5105 2326 5171 exparte
2349 5101 2736 5170 prophetamus
2767 5102 2820 5168 (Ι
2856 5103 2985 5158 Cor.
3029 5119 3146 5170 xm,
3180 5105 3274 5171 9);
3325 5105 3380 5159 in
3427 5106 3787 5176 quibusdam

2079 5187 2234 5244 enim
2259 5197 2315 5244 et
2361 5187 2620 5243 humana
2655 5188 2998 5259 ignorantia,
3041 5199 3095 5247 et
3134 5193 3513 5250 tentatiouum
3563 5195 3782 5254 violen-

2083 5277 2162 5332 tia
2187 5277 2526 5347 caligamus,
2560 5277 2618 5331 in
2651 5277 2946 5349 aliquibus
2971 5294 3106 5336 vero
3123 5288 3177 5337 et
3205 5281 3404 5337 divina
3433 5282 3782 5357 cognitione,

2080 5371 2136 5420 et
2157 5378 2270 5420 usu
2297 5364 2662 5434 experientiae
2701 5367 2866 5436 quasi
2903 5368 3156 5438 quodam
3210 5369 3428 5426 lumine
3483 5370 3784 5429 suffundi-

2080 5465 2234 5508 mur.
2273 5454 2500 5522 Vespere
2526 5468 2662 5526 ergo
2714 5469 2873 5512 nunc
2918 5456 3218 5526 habemus,
3261 5475 3418 5514 mane
3456 5459 3514 5515 in
3552 5459 3776 5533 futuro,

2081 5540 2235 5597 unde
2261 5540 2388 5598 licet
2415 5539 2732 5614 incongrue
2768 5545 2841 5602 ad
2887 5544 3154 5616 litteram,
3187 5548 3260 5604 ad
3309 5562 3543 5606 sensum
3582 5556 3779 5609 tamen

2079 5627 2289 5697 optime
2330 5627 2512 5697 primo
2557 5645 2800 5702 vespere,
2863 5633 3072 5690 dehinc
3119 5651 3282 5690 mane
3332 5636 3582 5706 ponitur,
3635 5639 3780 5708 quia
