3966 6426
66 418 113 469 il
322 402 327 409 '
1276 414 1645 470 MORALIUM
1684 416 1754 470 IN

1939 416 2097 471 ESIN
2140 416 2269 471 LIB.
2314 419 2360 471 ι.
3512 420 3581 472 42

61 560 156 616 per
194 545 539 603 exercitium
596 546 867 617 corporis,
922 546 1080 617 quod
1123 546 1499 618 corruptibile
1549 561 1754 619 aggra-
1792 550 1836 603 Α
1878 556 2040 604 nesta
2090 548 2410 618 gerendum
2460 546 2881 616 subministrat,
2922 556 2977 605 et
3024 549 3081 604 in
3131 557 3326 605 nostra
3370 550 3582 607 faciens

59 643 153 691 vat
192 635 451 692 animam
498 636 658 707 (Sap.
701 651 783 701 ix,
838 636 943 705 15),
997 637 1369 706 pervenimus
1416 637 1488 693 ad
1522 638 1763 692 matuti-

58 737 187 779 nam
221 739 493 794 supernae
533 724 922 796 intelligentia:
951 725 1293 781 claritatem.
1327 727 1551 781 Dicitur
1598 739 1761 781 nam~

59 828 170 883 que
199 814 314 870 Deo
346 828 360 868 :
396 814 528 869 Dies
558 829 723 884 super
752 814 868 869 dies
895 813 1042 883 regis
1070 815 1338 884 adjicies?
1367 816 1535 881 (Psat.
1567 831 1650 877 1.x,
1681 817 1762 882 7.)

63 905 185 957 Dies
232 903 406 959 modo
463 903 629 959 nobis
679 903 739 959 in
771 903 949 973 hujus
980 903 1176 959 saeculi
1233 917 1467 974 vespere
1512 911 1669 968 sunt,
1704 904 1762 959 in

61 992 273 1061 quibus
309 994 424 1047 Deo
471 992 778 1058 servimus,
812 992 907 1047 sed
948 992 1038 1048 his
1065 992 1602 1063 superadjiciuntur
1643 992 1759 1059 alii,

62 1081 275 1153 quibus
320 1081 448 1152 jam
498 1080 867 1137 indefectibili
918 1080 1043 1137 luce
1094 1080 1353 1137 innovati
1406 1080 1515 1152 ipsi
1570 1089 1763 1137 nostro

63 1170 178 1240 regi
208 1170 324 1225 Deo
384 1169 757 1238 famulemur,
807 1177 862 1225 et
899 1169 955 1225 hi
1004 1177 1195 1226 tamen
1245 1185 1388 1226 unus
1441 1171 1557 1226 dies
1606 1179 1760 1237 sunt,

62 1258 199 1328 quia
244 1272 436 1314 unum
483 1258 766 1328 efﬁciunt,
816 1258 917 1314 uni
949 1258 1213 1316 videlicet
1256 1260 1601 1330 obsequium
1650 1260 1764 1316 Deo

62 1346 329 1402 reddunt.

129 1435 317 1491 Potest
360 1449 567 1492 rursus
618 1434 768 1491 idem
823 1435 938 1490 dies
966 1451 1108 1491 unus
1154 1435 1325 1491 timor
1355 1435 1617 1509 intelligi,
1661 1437 1761 1508 qui

61 1524 312 1594 quidem,
347 1531 414 1580 ut
443 1537 623 1594 supra
668 1523 943 1591 diximus,
978 1523 1208 1580 initium
1245 1525 1539 1594 sapientiae
1571 1528 1761 1591 (Eccti.

64 1630 101 1681 ι,
134 1613 222 1682 16)
278 1628 414 1669 cum
448 1613 541 1679 sit,
586 1621 641 1669 et
669 1626 741 1669 ex
771 1626 965 1669 amore
1011 1620 1248 1681 constet,
1306 1614 1363 1668 in
1395 1614 1653 1670 adversis
1698 1629 1765 1670 ac

66 1704 349 1773 prosperis
398 1703 546 1758 idem
580 1717 681 1758 nos
728 1716 953 1772 semper
981 1702 1251 1769 illustrat,
1298 1710 1354 1759 et
1384 1705 1609 1773 primus
1648 1719 1764 1773 quo

64 1792 131 1847 ad
172 1790 519 1862 sapientiam
549 1790 923 1861 perveniatur
964 1791 1182 1862 gradus
1222 1806 1345 1847 esse
1382 1792 1761 1863 dignoscitur.

67 1883 206 1936 Unus
236 1888 431 1937 autem
467 1880 610 1936 idem
640 1880 855 1936 dicitur
885 1881 1025 1950 quia
1054 1882 1278 1951 primus
1304 1888 1406 1937 est.

131 1969 298 2027 Vens.
339 1973 394 2024 6.
443 1999 513 2010 —
542 1971 697 2024 Dixit
746 1984 957 2039 quoque
984 1973 1124 2024 Deus
1158 1986 1171 2024 :
1204 1972 1327 2025 Fiat
1365 1971 1765 2038 ﬁrmamentum

63 2062 118 2113 in
157 2058 333 2113 medio
362 2073 653 2127 aquarum,
685 2062 737 2112 et
780 2057 998 2112 dividat
1041 2072 1216 2127 aquas
1247 2057 1319 2114 ab
1362 2060 1543 2127 aquis.
1579 2058 1765 2128 Aquae

67 2146 353 2203 multoties
409 2146 467 2201 in
518 2145 697 2202 sacris
739 2145 942 2201 litteris
988 2146 1255 2201 scientias
1304 2146 1655 2217 signiﬁcant,
1701 2153 1764 2202 ut

66 2244 137 2292 est
172 2252 183 2290 :
215 2237 501 2298 Sitientes,
547 2237 720 2289 venite
766 2235 842 2288 ad
870 2250 1044 2304 aquas
1095 2234 1254 2305 (Isai.
1293 2252 1381 2299 ιν,
1416 2235 1505 2303 1);
1557 2236 1662 2291 hoc
1704 2235 1762 2290 in

73 2325 240 2394 bono;
295 2332 352 2381 et
394 2338 408 2379 :
443 2327 622 2394 Aquae
669 2325 895 2391 furtivae
947 2324 1214 2379 dulciores
1271 2329 1399 2379 sunt
1454 2324 1632 2395 (Prov.
1689 2340 1761 2389 ix,

74 2412 189 2483 l7);
260 2412 464 2468 hocin
514 2411 683 2468 malo.
752 2411 1050 2467 Geminam
1081 2413 1234 2468 enim
1300 2426 1420 2468 esse
1467 2412 1763 2468 scientiam

69 2503 196 2557 satis
250 2501 453 2572 liquet,
497 2501 737 2557 alteram
783 2500 1062 2569 divinam,
1115 2500 1451 2556 saecularem
1500 2501 1759 2558 alteram.

71 2590 411 2646 Smcularem
441 2588 676 2660 quidem
721 2589 919 2645 deﬁnit
966 2588 1261 2659 apostolus
1287 2590 1538 2646 Iacobus
1581 2597 1762 2646 terre-

69 2693 194 2733 nam
225 2679 376 2749 (Jac.
413 2694 493 2746 ιιι,
531 2678 637 2747 15),
673 2677 728 2732 id
772 2686 856 2734 est
881 2679 1126 2734 terrenis
1155 2678 1490 2746 inhiantem,
1533 2678 1763 2733 anima-

70 2766 190 2835 lem,
223 2767 274 2822 id
308 2774 395 2823 est
443 2780 511 2822 ea
558 2768 697 2835 sola,
733 2781 865 2838 quae
913 2766 1086 2823 bruta
1115 2767 1389 2823 animalia
1446 2775 1537 2822 ιιι
1587 2781 1762 2838 appe-

67 2863 208 2923 tunt,
268 2855 695 2926 exquirentem.
763 2855 1110 2912 Diabolicam
1168 2856 1355 2923 (Ibid)
1409 2870 1545 2912 vero
1610 2855 1762 2917 dicit,

69 2945 200 3015 quia
245 2944 319 3000 ad
352 2945 462 3000 hoc
514 2944 699 3000 solum
731 2952 923 3012 vacat,
958 2944 1065 3000 hoc
1102 2944 1488 3014 triumphum,
1539 2944 1763 3014 hocque

68 3033 299 3103 gloriam
333 3032 594 3102 deputat,
627 3039 692 3089 ut
719 3032 861 3088 alios
885 3033 1145 3103 decipere
1175 3033 1381 3101 valeat,
1411 3048 1485 3089 ex
1515 3033 1762 3089 aliorum

68 3122 286 3177 damnis
328 3135 440 3177 sua
496 3121 659 3177 lucra
708 3120 955 3190 efﬁciat,
1006 3135 1079 3177 ex
1119 3135 1440 3193 pauperum
1493 3122 1761 3192 lacrymis

66 3224 194 3279 opes
238 3218 537 3282 congerat,
570 3210 642 3265 ad
686 3209 963 3265 ultionem
1005 3210 1095 3266 sui
1125 3218 1291 3266 caute
1342 3210 1503 3266 alteri
1538 3210 1757 3266 malum

68 3298 281 3369 inﬁigat
303 3338 319 3365 ,
354 3304 432 3366 et,
479 3297 634 3368 quod
679 3298 845 3369 pejus
878 3305 998 3367 est,
1047 3298 1226 3369 gratis
1256 3298 1408 3354 mala
1438 3304 1753 3368 perpetrat,

67 3394 117 3441 et
145 3401 201 3442 se
250 3386 531 3443 audacter
584 3395 912 3457 perpetrare
961 3387 1231 3444 exsultat.
1297 3388 1429 3443 Haec
1465 3387 1758 3457 sapientiae

68 3476 286 3530 nomine
314 3475 374 3531 in
421 3474 732 3544 Scripturis
761 3474 927 3531 valde
956 3476 1193 3531 abusive
1232 3475 1576 3545 appellatur,
1609 3474 1760 3530 sicut

70 3562 172 3632 lex,
205 3563 353 3620 sicut
385 3562 695 3634 judicium,
728 3578 859 3634 qum
890 3578 1021 3620 cum
1067 3564 1215 3620 bona
1246 3578 1466 3634 semper
1498 3577 1620 3620 esse
1668 3563 1759 3620 de-

68 3651 247 3719 beant,
278 3651 597 3723 aliquando
621 3659 813 3708 tamen
843 3652 1119 3708 dicuntur
1147 3653 1239 3708 lex
1269 3653 1441 3720 mala,
1469 3650 1755 3723 judicium

68 3749 322 3804 pravum.
400 3737 688 3805 Sapientia
749 3741 929 3790 autem
977 3752 1097 3805 qum
1149 3737 1435 3791 desursum
1495 3740 1574 3791 est
1612 3736 1753 3805 (Jac.

69 3840 137 3884 ιιι.
186 3826 291 3895 17),
322 3824 535 3896 primo,
572 3832 636 3882 ut
682 3825 832 3882 idem
871 3825 971 3891 ait,
999 3826 1207 3895 pudica
1243 3832 1322 3880 est
1370 3824 1582 3897 (lbid.),
1618 3824 1759 3894 quia

66 3926 132 3968 ex
173 3927 277 3969 sua
320 3913 760 3984 pulchritudine
807 3914 954 3969 nulli
989 3923 1196 3984 praeter
1227 3915 1342 3970 Deo
1381 3914 1485 3969 soli
1537 3914 1758 3983 placere

66 4015 248 4059 amore
278 4002 606 4059 adulterino
634 4002 937 4069 desiderat,
983 4002 1078 4058 cui
1125 4003 1265 4059 vitio
1304 4010 1418 4059 tota
1456 4002 1753 4072 sapientia,

69 4090 171 4145 imo
204 4099 265 4147 ut
293 4093 511 4148 rectius
534 4092 812 4161 appellem
840 4090 1074 4158 astutia,
1095 4092 1186 4148 vel
1214 4092 1471 4148 versutia
1500 4091 1758 4147 humana

66 4178 408 4235 commilitat.
461 4179 664 4233 Deinde
699 4178 1174 4249 paciﬁca(1bid.),
1214 4178 1355 4249 quia
1399 4192 1515 4234 non
1545 4178 1756 4234 verbo-

68 4280 189 4323 rum
237 4267 506 4338 strepitui
559 4267 648 4324 vel
674 4267 875 4323 litibus
925 4267 1139 4337 instat;
1194 4267 1312 4333 sed,
1349 4281 1409 4324 se
1443 4266 1757 4338 tranquille

68 4370 276 4425 regens,
336 4357 589 4413 aliorum
644 4355 751 4413 sibi
818 4356 1093 4413 benevole
1147 4356 1320 4413 corda
1373 4356 1752 4427 conglutinat.

1876 637 2206 692 inﬁrmitate
2252 636 2543 705 virtutem,
2604 636 2888 707 quidquid
2930 637 2989 692 in
3039 637 3204 693 nobis
3262 638 3466 709 fragile
3515 653 3581 694 ac

1874 732 2040 780 vetus
2067 733 2171 792 est,
2208 724 2412 781 solidat
2433 733 2489 780 et
2509 725 2831 781 conﬁrmat.
2870 725 3036 791 Huic,
3064 725 3323 795 inquam,
3349 740 3582 782 annexa

1873 827 2035 869 mens
2081 821 2279 869 nostra
2324 822 2555 884 sumpto
2584 828 2657 870 ex
2704 827 2771 870 ea
2802 814 2968 884 adipe
3016 814 3292 883 interiori,
3344 822 3399 870 et
3430 823 3582 871 exte-

1874 902 2011 957 riori
2059 902 2412 974 pinguedine
2461 903 2518 959 ﬁt
2565 903 2730 959 ratio.
2781 902 2946 959 Ratio
2989 911 3180 959 autem
3220 903 3293 960 ab
3325 918 3390 960 eo
3423 905 3579 974 quod

1871 1001 1954 1050 est
1985 1001 2197 1061 ratum,
2233 994 2286 1049 id
2309 998 2414 1063 est,
2447 994 2931 1062 firmumdicitur,
2956 995 3096 1065 quia
3127 994 3207 1050 nil
3235 1009 3301 1050 eo
3332 995 3578 1062 ﬁrmius,

1873 1082 2029 1153 quod
2077 1097 2209 1139 cum
2261 1085 2481 1141 ratione
2525 1084 2607 1141 ﬁt.
2646 1084 2808 1141 Ratio
2855 1098 3011 1153 vero,
3058 1084 3167 1139 nisi
3199 1098 3466 1154 superna:
3498 1084 3579 1140 illi

1873 1171 2168 1241 sapientia;
2201 1172 2423 1241 innixa,
2472 1181 2589 1231 tota
2624 1173 2964 1243 versipellis,
3006 1173 3180 1229 noxia
3207 1187 3275 1229 ac
3308 1188 3579 1243 perversa

1871 1267 1976 1327 est,
2023 1274 2130 1316 nec
2180 1261 2353 1318 etiam
2401 1263 2545 1319 ratio
2576 1262 2686 1319 dici
2740 1270 2943 1333 potest.
3004 1264 3435 1318 Firmamentum
3477 1264 3581 1320 ita-

1874 1363 1987 1419 que
2033 1350 2113 1417 ﬁt,
2147 1351 2372 1421 quoties
2422 1350 2634 1407 divinae
2666 1351 2987 1421 prudentiae
3029 1365 3087 1407 se
3118 1352 3405 1422 adjungii,
3440 1350 3580 1421 quia

1871 1452 1945 1493 ex
2005 1437 2130 1509 ipsa
2160 1438 2311 1494 vires
2368 1440 2566 1507 sumit,
2617 1439 2834 1509 quibus
2888 1440 3212 1510 superiores
3268 1454 3455 1511 aquas
3501 1440 3576 1495 si-

1875 1526 2065 1581 tiendo
2115 1526 2414 1595 sustineat,
2463 1534 2519 1582 et
2552 1527 2851 1583 inferiores
2898 1528 3009 1584 sub
3040 1528 3294 1585 dominio
3339 1529 3579 1585 rationis

1871 1616 2142 1685 deponat.
2195 1615 2472 1685 Superius
2504 1630 2757 1688 namque
2804 1616 3121 1686 spiritualis
3164 1618 3414 1673 scientia:
3448 1633 3579 1687 my-

1873 1704 2047 1759 steria
2088 1718 2202 1759 non
2234 1712 2350 1759 tam
2388 1704 2660 1772 localiter,
2711 1719 2910 1775 quam,
2942 1713 3006 1761 ut
3037 1705 3117 1759 sic
3165 1706 3374 1771 dicam,
3410 1720 3578 1760 men-

1875 1792 2066 1849 taliter
2124 1792 2425 1861 habemus,
2469 1794 2553 1863 ad“
2590 1808 2721 1863 qua:
2785 1793 3053 1862 bibenda,
3118 1792 3234 1849 imo
3294 1793 3426 1849 totis
3472 1808 3578 1850 su-

1877 1880 2065 1951 genda
2093 1881 2389 1937 desideriis
2436 1882 2659 1938 inhiare
2708 1882 3001 1946 debemus.
3036 1897 3168 1953 quae
3219 1882 3429 1939 caelesti
3477 1898 3579 1939 nos

1874 1969 2231 2026 institutione
2290 1970 2623 2038 informent,
2673 1984 2861 2027 mores
2926 1971 3227 2040 aediﬁcent,
3295 1971 3437 2027 vitia
3483 1986 3578 2027 se-

1873 2058 2029 2126 dent,
2075 2067 2330 2131 augeant
2388 2060 2680 2127 exercitia,
2742 2058 2987 2116 fastidiis
3039 2059 3283 2126 obstent,
3332 2059 3579 2115 invitent

1874 2148 2142 2217 praemiis,
2211 2148 2496 2219 supplicia
2560 2155 2895 2220 suggerant,
2958 2155 3013 2204 et
3077 2148 3578 2219 contemplationis

1874 2236 2140 2294 acumine
2200 2237 2259 2293 in
2323 2238 2511 2293 omnis
2578 2237 2837 2293 veritatis
2899 2237 3148 2293 educant
3186 2236 3571 2293 altitudinem.

1875 2324 2170 2394 Superius,
2223 2326 2485 2398 inquam,
2537 2340 2653 2381 non
2682 2339 2783 2395 per
2810 2323 3174 2393 localitatem,
3224 2325 3321 2380 sed
3354 2340 3453 2395 per
3481 2325 3575 2381 di-

1875 2414 2173 2484 gnitatem.
2223 2414 2384 2471 Unde
2430 2414 2788 2484 Apostolus:
2823 2413 2950 2480 Qua:
2991 2427 3208 2468 sursum
3257 2419 3386 2469 sunt
3433 2429 3576 2483 qua»

1872 2505 1978 2557 rite
2025 2507 2079 2557 et
2127 2505 2304 2573 sap-ite
2371 2504 2594 2572 (Coloss.
2640 2518 2725 2569 ιιι,
2781 2506 2851 2569 1).
2908 2501 3402 2558 Subterhabemus
3443 2503 3574 2559 vitae

1872 2591 2167 2648 saecularis
2226 2592 2499 2649 astutiam
2547 2607 2678 2663 quae
2742 2591 2893 2648 bona
2946 2592 3200 2661 corporis
3245 2591 3573 2661 exquirere,

1873 2681 2079 2737 animae
2112 2681 2426 2753 negligere,
2460 2679 2692 2737 fraudes
2718 2680 3037 2752 jurgiaque
3066 2693 3284 2746 amara,
3320 2686 3375 2735 et
3401 2679 3573 2749 quid-

1873 2770 2014 2839 quid
2062 2770 2235 2826 saluti
2270 2769 2623 2826 contrarium
2655 2777 2740 2825 est
2783 2776 3046 2839 appetere
3090 2768 3363 2839 praedicat
3396 2781 3463 2823 ac
3493 2774 3574 2824 te-

1874 2872 2025 2913 nere.
2076 2859 2293 2914 Horum
2343 2858 2528 2914 duum
2575 2857 2761 2913 media
2812 2856 2956 2913 ratio
3001 2856 3208 2922 currit,
3254 2870 3386 2927 quae
3417 2868 3451 2911 a
3481 2869 3576 2911 su-

1872 2945 2083 3015 periori
2124 2953 2348 3002 armata
2389 2952 2593 3001 contra
2628 2944 2870 3001 inferius
2900 2951 3017 3000 tam
3049 2944 3292 2999 ﬁdeliter
3335 2943 3386 2999 ei
3418 2944 3575 3015 quod

1871 3035 1977 3091 sibi
2021 3043 2244 3105 praeest,
2293 3043 2349 3092 et
2390 3049 2425 3092 a
2453 3049 2570 3106 quo
2613 3034 3020 3091 sufﬁcientiam
3084 3032 3418 3089 constantiae
3480 3046 3574 3088 ac-

1870 3122 2025 3192 cipit,
2075 3123 2368 3179 adhaerere
2432 3123 2741 3190 contendit,
2794 3130 3085 3199 quantum
3135 3120 3243 3176 sub
3275 3120 3366 3175 sui
3422 3119 3576 3191 juris

1869 3211 2109 3267 arbitrio
2173 3210 2624 3276 animalitatem,
2693 3208 2751 3264 id
2823 3215 2907 3264 est
2979 3222 3190 3278 corpus
3248 3223 3460 3276 suum,
3516 3214 3573 3264 et

1868 3311 1936 3353 ea
1996 3311 2129 3369 quae
2174 3296 2471 3367 prudentia
2533 3297 2736 3365 carnis,
2790 3309 2921 3366 quae
2986 3294 3059 3350 ab
3109 3294 3377 3364 Apostolo
3426 3308 3571 3349 mors

1868 3384 2056 3455 (Rom.
2110 3401 2226 3452 vni,
2279 3387 2333 3452 6)
2381 3382 2612 3452 dicitur,
2648 3396 2681 3437 a
2719 3396 2777 3437 se
2830 3380 3032 3452 exigit.
3082 3382 3291 3438 habere
3338 3381 3573 3438 subdita

1868 3473 2047 3543 cupit.

1941 3565 2045 3619 Per
2076 3561 2183 3618 hoc
2232 3561 2428 3633 itaque
2468 3560 2870 3629 firmamentum
2906 3574 3074 3631 aquae
3117 3560 3566 3630 supercmlestes,

1868 3650 1921 3706 id
1954 3658 2058 3718 est,
2090 3658 2155 3707 ut
2186 3651 2265 3706 ita
2311 3650 2519 3717 dicam,
2553 3648 3036 3718 superrationales
3058 3656 3113 3705 et
3144 3648 3460 3717 inferiores,
3498 3650 3569 3705 ad

1867 3738 2068 3795 inﬁma
2119 3737 2382 3794 videlicet
2429 3752 2534 3793 nos
2582 3737 2949 3793 devolventes
3000 3736 3365 3804 dividuntur,
3431 3737 3573 3808 quia

1865 3842 1940 3884 ex
1988 3828 2088 3884 Dei
2119 3840 2314 3883 amore
2348 3827 2641 3882 ﬁrmatum
2691 3833 2901 3881 nostra;
2932 3824 3137 3880 mentis
3167 3823 3486 3894 ingenium,
3518 3830 3573 3879 et

1865 3931 2115 3987 superno
2146 3914 2457 3972 intellectui
2491 3929 2550 3971 se
2597 3914 2956 3985 subjiciendo
2984 3914 3219 3983 aspirat,
3273 3920 3336 3968 ut
3388 3913 3568 3980 decet,

1864 4014 1920 4062 et
1962 4006 2216 4076 indignis
2245 4003 2545 4060 affectibus
2575 4018 2634 4059 se
2666 4003 2915 4073 praefert,
2944 4009 3010 4061 ut
3040 4002 3337 4057 dominum
3372 4010 3568 4057 aucto-

1865 4096 2031 4151 ritate
2074 4108 2193 4164 qua
2221 4094 2402 4149 debet.
2449 4093 2601 4148 Talis
2642 4092 2771 4163 ejus
2819 4105 2938 4147 esse
2966 4090 3132 4146 debet
3179 4089 3347 4160 vigor
3395 4097 3572 4160 atque

1867 4184 2186 4254 integritas,
2233 4190 2296 4238 ut
2326 4182 2614 4253 quidquid
2659 4180 2731 4237 ad
2761 4180 3019 4236 divinam
3062 4178 3403 4249 sapientiam
3436 4178 3569 4233 atti-

1867 4279 1961 4328 net
2010 4272 2067 4327 in
2102 4272 2294 4339 verbo,
2338 4278 2439 4327 aut
2469 4284 2639 4340 opere
2671 4283 2773 4340 pro
2803 4268 2967 4326 nulla
2996 4282 3095 4339 spe
3124 4267 3408 4323 commodi
3457 4266 3570 4323 ali-

1864 4360 2035 4431 cujus
2064 4360 2394 4430 temporalis
2431 4360 2504 4415 ab
2533 4373 2599 4414 eo
2648 4359 2767 4425 fiat,
2797 4366 2853 4414 et
2884 4359 2931 4413 si
2964 4356 3207 4428 aliquid,
3257 4356 3428 4412 etiam
3466 4369 3569 4426 pro

68 4446 294 4501 Modesta
326 4446 530 4518 (Ibid.)
575 4453 659 4502 est
703 4445 898 4513 etiam,
958 4460 1088 4516 qua)
1121 4445 1266 4501 nihil
1298 4460 1401 4501 nos
1450 4445 1752 4501 indiscrete
1785 4460 1827 4514 ι)
1866 4448 2121 4517 corporis
2161 4448 2282 4503 sola
2312 4446 2666 4513 necessitate,
2714 4454 2817 4502 aut
2844 4446 3018 4502 etiam
3044 4460 3160 4502 non
3210 4444 3564 4510 necessitate,

69 4533 237 4591 facere
290 4536 465 4591 sinat.
519 4535 825 4592 Suadibitis
871 4534 1069 4605 (1bid.)
1121 4550 1355 4605 quoque
1401 4535 1634 4602 dicitur,
1691 4541 1756 4589 ut

69 4621 499 4679 obstinationem
540 4623 768 4693 penitus
810 4622 1014 4694 fugiat,
1072 4631 1129 4680 et
1175 4624 1339 4680 facile
1393 4622 1603 4680 rationi
1647 4623 1755 4678 ob-

73 4716 376 4781 temperans
431 4712 597 4769 nulla
657 4712 945 4769 credenda
1010 4713 1317 4779 discredat,
1383 4726 1516 4783 qum
1582 4719 1754 4767 tantae

73 4803 317 4866 potentiae
360 4811 472 4870 est,
508 4810 570 4858 ut
598 4801 819 4872 absque
847 4815 916 4858 ea
958 4816 1126 4859 nemo
1159 4802 1484 4873 quidquam
1522 4799 1756 4857 virtutis

69 4887 277 4945 efﬁciat.

131 4977 361 5050 Duobus
409 4986 603 5034 autem
654 4979 837 5035 modis
874 4978 1191 5050 accipimus
1232 4977 1594 5049 sapientiam.
1648 4974 1756 5031 Sa-

71 5046 323 5133 pientiarm
368 5068 469 5124 Dei
522 5068 768 5125 dicimus
824 5046 1116 5127 Christum
1167 5070 1222 5139 (1
1247 5046 1369 5126 Cor.
1419 5084 1456 5135 ι,
1488 5067 1604 5133 24),
1651 5065 1755 5135 qui

73 5168 160 5223 per
186 5158 496 5227 quemdam
547 5158 626 5213 ait
673 5158 987 5228 sapientem
1028 5173 1041 5212 :
1076 5159 1198 5226 Ego
1249 5172 1319 5212 ea:
1365 5171 1455 5210 ore
1500 5156 1757 5210 altissimi

68 5244 271 5310 prodivi
319 5248 511 5314 (Eucti.
561 5262 711 5313 xxiv,
757 5249 832 5316 5).
874 5246 1225 5316 Sapientiam
1272 5245 1446 5300 etiam
1496 5243 1755 5299 rationa-

77 5331 326 5390 bilitatem
377 5349 444 5390 ac
479 5334 1025 5391 intellectualitatem
1077 5348 1112 5390 a
1160 5333 1275 5389 Deo
1324 5333 1383 5388 in
1431 5330 1652 5402 angelis
1700 5336 1755 5385 et

77 5419 383 5480 hominibus
442 5431 716 5490 creatam,
772 5438 905 5494 quae
956 5424 1140 5479 dicit:
1174 5423 1265 5477 Ab
1310 5423 1472 5476 initio
1517 5425 1567 5475 et
1631 5424 1756 5473 ante

77 5513 251 5566 tacula
296 5518 486 5568 creata
526 5528 648 5568 sum
677 5512 862 5578 (Ibid,
910 5512 1017 5583 14).
1069 5512 1231 5567 Hanc
1259 5510 1319 5565 in
1361 5508 1526 5565 nobis
1556 5508 1654 5564 illa
1681 5520 1754 5563 ex

77 5610 161 5654 ore
183 5600 275 5656 Dei
316 5601 586 5672 prodiens
632 5600 913 5671 sapientia
943 5608 1119 5668 creat,
1150 5613 1283 5670 quae
1315 5605 1509 5654 nostro
1538 5595 1753 5667 adjun-

80 5693 156 5741 cta
188 5689 372 5747 animo
402 5690 557 5748 vires
590 5690 664 5746 ad
694 5689 991 5747 veritatem
1035 5685 1519 5759 cognoscendum,
1566 5692 1623 5741 et
1651 5684 1754 5741 bo-

414 5782 699 5847 ΡΑτιιοι..
750 5779 956 5845 CLVI.

1862 4536 1959 4591 sed
2006 4550 2189 4606 prava
2247 4536 2544 4593 voluntate
2612 4533 2694 4602 ﬁt,
2745 4535 2799 4592 id
2840 4548 2898 4591 se
2927 4535 3115 4605 inepte
3180 4548 3247 4590 ac
3289 4533 3570 4589 fallaciter

1865 4637 1967 4693 pro
2005 4623 2185 4679 divini
2219 4623 2483 4693 obsequii
2522 4623 2712 4679 studio
2773 4622 2959 4679 facere
3018 4636 3207 4679 caecus
3250 4620 3339 4677 sui
3388 4621 3570 4691 ipsius

1863 4710 2078 4766 arbiter
2104 4726 2220 4767 non
2249 4712 2463 4767 credat.
2500 4710 2587 4765 Ita
2614 4710 2751 4766 mihi
2780 4710 2927 4766 inter
2947 4722 3133 4779 aquas
3160 4711 3568 4778 ﬁrmamentum

1862 4799 2170 4857 consistere
2234 4800 2439 4856 debere
2479 4814 2547 4855 ac
2594 4813 2758 4869 posse
2805 4798 3071 4867 videtur;
3121 4796 3218 4852 sed
3285 4796 3434 4852 idem
3478 4799 3571 4865 ﬁr-

1862 4892 2191 4942 mamentum
2219 4900 2254 4942 a
2283 4888 2397 4943 Deo
2446 4894 2688 4942 vocatur
2734 4883 2967 4950 caalum,
3018 4884 3083 4938 In
3124 4881 3264 4938 cmlo
3297 4882 3569 4952 mysteria

1865 4975 2049 5032 multa
2085 4976 2463 5043 clauduntur,
2492 4973 2648 5045 quod
2692 4973 2867 5030 menti
2897 4988 3013 5028 non
3048 4971 3332 5028 immerito
3360 4980 3569 5029 nostra)

1864 5062 2237 5130 assimilatur,
2283 5061 2383 5119 ubi
2446 5061 2737 5133 quidquid
2796 5061 3005 5117 animae
3067 5058 3261 5124 saluti,
3316 5060 3569 5116 remedio

1862 5158 2039 5222 atque
2094 5149 2471 5207 consolationi
2539 5157 2741 5220 aptum
2801 5156 2906 5217 est,
2958 5148 3123 5219 quasi
3168 5146 3228 5201 in
3290 5147 3566 5202 thesauro

1866 5254 2052 5310 usque
2098 5240 2171 5295 ad
2233 5247 2459 5308 tempus
2524 5246 2938 5308 opportunum,
2999 5250 3116 5306 quo
3177 5249 3267 5291 res
3307 5234 3569 5291 exhiberi

1864 5328 2005 5384 illud
2031 5328 2245 5397 exigat,
2278 5326 2619 5392 custoditur,
2653 5325 2808 5395 quod
2847 5324 3074 5395 plenius
3105 5322 3565 5394 supradiximus,

1862 5431 1995 5474 cum
2026 5417 2096 5473 de
2124 5416 2264 5471 caelo
2291 5430 2358 5471 ac
2387 5423 2540 5471 terra
2565 5428 2889 5485 ageremus.

1936 5506 2103 5563 Vens.
2137 5507 2187 5558 8.
2218 5532 2292 5545 —
2340 5503 2568 5557 Factum
2612 5506 2690 5555 est
2718 5515 2856 5571 ergo
2887 5513 3123 5568 vespere,
3166 5503 3217 5553 et
3245 5515 3403 5555 mane
3450 5500 3567 5555 dies

1862 5593 2152 5651 secundus.
2193 5591 2515 5647 Primordia
2561 5596 2761 5645 nostra
2792 5586 3113 5644 secundum
3153 5585 3386 5643 beatum
3428 5586 3568 5644 Gre-

1865 5681 2090 5753 gorium
2144 5678 2313 5736 mista
2364 5685 2500 5735 sunt
2549 5674 2746 5744 malis;
2792 5681 2847 5730 et
2886 5672 3017 5730 licet
3064 5685 3235 5729 mane
3276 5688 3380 5729 nos
3429 5674 3570 5730 illu-

3216 5771 3255 5827 2
