3966 6436
369 412 437 466 is
1271 407 1330 462 v.
1367 405 1701 464 GUIBEBTI
1748 375 2039 459 ABDATIS
2090 403 2146 457 s.
2189 401 2426 456 usum:
2461 401 2556 459 DE
2597 404 2982 462 novicesro
3840 419 3908 469 ti

375 549 549 604 minet
581 545 689 617 pite
716 557 856 616 erga
898 545 1078 600 Deum
1125 541 1465 611 devotionis,
1499 541 1839 600 creberrime
1875 547 2063 596 tamen
2095 540 2141 594 Δ
2179 537 2346 594 modo
2373 537 2582 603 videat,
2617 539 2669 594 id
2707 547 2792 596 est
2823 542 3003 598 videri
3043 542 3212 601 faciat
3244 546 3396 602 Deus
3443 548 3694 617 bonum,
3731 550 3902 622 quod

377 635 617 692 involvit
658 633 980 690 obscuritas
1025 631 1297 703 pristinze.
1337 631 1451 686 imo
1488 629 1790 695 naturalis,
1833 641 2067 685 consue—

376 723 611 779 tudinis.
666 721 1095 780 Obtenebrascit
1140 721 1372 776 animus
1407 734 1480 776 ex
1512 719 1648 776 vitio
1688 725 1924 774 terrenae
1954 730 2068 771 mo-

376 813 466 880 lis,
498 827 568 869 ne
629 811 1036 882 superbiamus
1079 823 1149 866 ex
1193 807 1398 880 gratia,
1445 807 1559 864 Deo
1589 805 1643 860 id
1703 804 2068 874 dispensante

378 916 480 972 pro
526 900 713 961 nobis,
773 898 867 953 sed
918 910 1120 954 rursus
1166 895 1480 951 irradiatur
1533 893 1735 949 ardore
1782 904 2068 961 compun-

379 987 599 1056 ctionis,
649 1001 720 1042 ne
749 985 965 1042 deﬂuat
1015 985 1070 1040 in
1118 983 1458 1040 barathrum
1509 979 1922 1051 desperationis
1968 984 2070 1034 aut

379 1075 656 1131 criminis.
698 1074 924 1145 Sicque,
969 1073 1106 1129 dum
1138 1071 1462 1127 alternatim
1502 1067 1857 1125 ascendendo
1886 1081 2071 1138 usque

380 1165 450 1220 ad
501 1165 670 1221 caelos
714 1171 769 1219 et
802 1162 1189 1218 descendendo
1237 1173 1422 1230 usque
1467 1159 1540 1214 ad
1586 1158 1842 1228 abyssos,
1893 1169 2070 1212 manu

382 1265 633 1322 superna
665 1251 981 1321 remigante
1025 1247 1385 1313 deducimur,
1417 1245 1481 1301 ﬁt
1508 1253 1573 1302 ut
1601 1258 1704 1315 per
1731 1243 1852 1299 haec
1877 1241 2073 1299 discri-

383 1339 541 1394 mina
604 1340 674 1396 ad
707 1338 830 1405 hoc,
876 1345 938 1393 ut
1001 1337 1180 1392 simus
1223 1334 1347 1390 sine
1410 1332 1742 1389 discrimine
1773 1339 1828 1388 et
1872 1330 2073 1388 timore

380 1427 551 1483 etiam
605 1425 970 1492 discriminis,
1007 1423 1079 1480 ad
1111 1423 1287 1480 vitam
1328 1421 1540 1478 scilicet
1571 1421 1826 1477 cuilibem
1870 1418 2074 1475 venia-

385 1529 530 1570 mus.
564 1516 634 1570 Et
665 1515 711 1569 is
739 1514 854 1568 dies
882 1512 1148 1568 secundus
1195 1518 1300 1576 est,
1331 1511 1472 1580 quia
1499 1523 1532 1564 a
1563 1509 1784 1576 timore,
1822 1507 1921 1578 qui
1952 1507 2074 1577 pri-

380 1617 509 1660 mus
556 1603 774 1673 gradus
801 1610 906 1668 est,
965 1601 1142 1670 pietas
1191 1599 1481 1654 secundus
1509 1605 1611 1652 est.
1664 1597 1846 1652 Pietas
1883 1603 2074 1652 autem

381 1691 452 1747 ad
485 1691 582 1747 Dei
633 1690 854 1746 cultum
891 1689 1158 1758 pertinet,
1203 1693 1269 1742 ut
1313 1693 1398 1740 (Si.
1445 1685 1586 1740 illud
1636 1683 1888 1754 Apostoli
1926 1697 1938 1738 :
1970 1684 2078 1737 So-

383 1781 517 1846 brie,
570 1784 660 1834 I5
689 1783 740 1832 et
779 1778 948 1846 juste,
979 1782 1029 1831 et
1090 1779 1182 1847 pie
1228 1777 1474 1829 vivamus
1521 1774 1657 1842 (Tit.
1703 1788 1760 1838 lt,
1798 1772 1862 1838 l).
1915 1770 2072 1838 Quod

380 1868 460 1922 sic
498 1866 807 1936 exponitur
839 1880 852 1920 :
886 1865 1074 1920 Sobrie
1115 1865 1170 1919 in
1204 1863 1386 1930 nobis,
1415 1865 1562 1931 juste
1607 1861 1676 1916 ad
1723 1861 2070 1930 proximum,

377 1959 470 2027 pie
497 1955 567 2011 ad
620 1957 800 2010 Deum
859 1954 1019 2010 Unde
1048 1961 1103 2009 et
1139 1952 1294 2023 impii
1325 1952 1552 2022 proprie
1591 1951 1868 2006 dicuntur
1903 1948 2072 2004 alieni

383 2059 418 2101 a
447 2043 574 2099 ﬁde.
623 2043 761 2110 Quae
791 2055 924 2098 vero
987 2042 1172 2111 major
1221 2041 1421 2110 pietas.
1473 2039 1606 2110 quis
1667 2053 1739 2095 ex
1801 2037 1965 2094 nobis
2003 2035 2072 2092 ad

384 2133 566 2189 Deum
594 2131 780 2202 major
819 2130 1055 2186 affectus
1093 2143 1215 2185 esse
1256 2135 1455 2199 potest,
1488 2141 1663 2198 quam
1697 2135 1871 2183 totam
1909 2139 2076 2181 men-

383 2223 454 2278 tis
489 2220 857 2276 intentionem
903 2218 963 2274 in
993 2217 1203 2272 divinae
1229 2214 1521 2286 sapientiae
1549 2214 1740 2268 sinum
1773 2211 2072 2276 reclinare,

382 2317 437 2365 et
467 2323 570 2364 nos
598 2308 654 2362 in
685 2306 862 2376 hujus
891 2303 1093 2360 mundi
1125 2303 1386 2371 negotiis,
1423 2301 1479 2356 in
1509 2301 1724 2371 quibus
1753 2313 1812 2354 se
1838 2298 2073 2369 quidam

385 2397 700 2468 plurimum
733 2391 924 2447 valere
953 2397 1009 2446 et
1041 2404 1241 2460 sapere
1287 2389 1630 2459 gloriantur,
1681 2385 1990 2443 imbecilles
2022 2392 2078 2440 et

384 2485 574 2541 fatuos
622 2481 852 2538 facere?
899 2481 952 2536 Is
981 2487 1106 2550 post
1135 2479 1232 2534 Dei
1279 2479 1537 2534 timorem
1581 2475 1820 2532 idoneus
1847 2481 1902 2531 et
1930 2487 2071 2529 como

386 2581 584 2647 petens
609 2572 774 2628 valde
804 2571 1020 2641 gradus
1043 2577 1146 2626 est.

457 2663 563 2720 Sed
625 2661 868 2733 quaestio
898 2659 1092 2731 gravis
1150 2657 1243 2714 hic
1288 2657 1492 2723 oritur,
1535 2669 1640 2712 cur
1703 2668 1834 2710 cum
1896 2652 2077 2722 pridie

383 2762 439 2813 et
488 2753 730 2823 reliquis
769 2749 1145 2820 sequentibus
1183 2748 1385 2804 diebus
1433 2748 1660 2803 dicatur
1692 2762 1705 2802 :
1745 2745 1900 2799 Vidit
1934 2745 2076 2798 Deus

387 2841 532 2913 quod
568 2844 702 2895 esset
751 2838 962 2902 bonum,
997 2835 1165 2892 hodie
1195 2834 1682 2906 praetermittatur.
1715 2832 1820 2888 Sed
1866 2831 2078 2887 scimus

387 2929 540 3002 quod
572 2927 642 2985 de
687 2925 914 2983 diabolo
945 2925 1155 2981 dicitur
1199 2923 1338 2993 quia
1379 2924 1434 2978 in
1467 2924 1706 2979 veritate
1743 2937 1859 2979 non
1890 2922 2074 2991 stetit;

387 3019 486 3091 qui
518 3015 781 3089 quandiu
832 3026 1072 3069 summae
1119 3011 1343 3067 veritati
1392 3010 1640 3076 inhaesit,
1689 3009 1748 3066 iu
1789 3017 2074 3079 quantum

2172 625 2344 682 vitari
2383 633 2438 682 et
2502 628 2654 684 credi
2707 643 2742 684 a
2797 629 2961 685 nobis
2992 631 3115 688 vult
3179 632 3566 704 deceptorium
3622 637 3898 692 malum.

2175 715 2480 787 Apostolus
2506 717 2714 775 clamat
2747 733 2760 772 :
2797 721 2963 774 Miser
2990 737 3117 791 ergo
3147 723 3320 788 homo,
3351 727 3476 793 quis
3505 741 3591 780 me
3619 727 3904 782 liberabit

2174 802 2241 856 de
2268 817 2488 872 corpore
2533 809 2720 860 mortis
2753 807 2960 875 hujus?
3006 810 3179 876 (Rom.
3229 825 3323 875 vit,
3373 812 3462 880 24)
3517 821 3570 868 et
3603 828 3722 869 nos
3777 823 3904 869 ter-

2177 891 2359 947 tiones
2407 906 2555 963 quas
2594 892 2848 962 ferimus,
2902 910 3112 966 pugnas
3155 885 3346 954 carnis
3375 899 3430 955 in
3483 900 3797 971 spiritum,
3847 911 3903 956 et

2177 979 2412 1050 spiritus
2461 980 2516 1036 in
2546 996 2777 1038 carnem
2833 984 2975 1051 (Gai.
3007 1001 3060 1052 v,
3115 989 3194 1054 ιτ)
3226 986 3441 1044 bonum
3489 997 3852 1059 putaremus
3877 989 3904 1043 E’

2179 1069 2249 1125 Et
2293 1070 2338 1124 si
2393 1069 2541 1125 bona
2605 1078 2905 1142 utcunque
2970 1074 3219 1143 agimus,
3256 1074 3397 1145 quia
3461 1076 3518 1132 in
3581 1077 3806 1144 fluctu,
3849 1086 3904 1132 et

2181 1157 2394 1228 peccati
2429 1159 2682 1228 periculo
2711 1174 2934 1230 semper
2963 1175 3188 1230 sumus,
3224 1171 3286 1219 ut
3316 1163 3412 1220 illa
3440 1164 3556 1220 Noe
3587 1165 3900 1230 columba,

2180 1247 2319 1316 quia
2381 1247 2472 1303 hic
2519 1247 2773 1318 requiem
2839 1263 2954 1304 non
3004 1250 3304 1317 habemus,
3370 1252 3443 1308 ad
3491 1253 3631 1319 Noe,
3707 1253 3767 1310 id
3814 1263 3902 1309 est

2179 1333 2490 1403 Christum,
2540 1336 2638 1406 qui
2702 1337 3056 1406 requiescere
3095 1353 3199 1394 nos
3257 1339 3448 1408 faciat,
3497 1342 3899 1412 suspiremus.

2184 1424 2253 1478 Et
2286 1430 2438 1478 recte
2465 1422 2556 1480 die
2602 1424 2854 1480 secundo
2889 1425 3027 1498 quia
3063 1426 3274 1483 bonum
3324 1428 3398 1485 sit
3439 1443 3557 1485 non
3589 1429 3900 1497 videmus,

2183 1511 2321 1581 quia
2372 1519 2675 1582 postquam
2743 1513 2912 1582 primi
2959 1515 3069 1569 diei
3119 1515 3176 1570 in
3233 1517 3501 1586 paradiso
3546 1517 3759 1579 habiti.
3843 1519 3900 1572 in

2185 1599 2543 1668 protoplasto
2578 1600 3045 1669 perditigloriam
3090 1603 3389 1659 amisimus
3435 1605 3582 1661 istuc
3627 1605 3901 1661 devoluti

2185 1685 2424 1752 dolores,
2458 1701 2572 1742 non
2623 1687 2772 1742 bona
2803 1690 3139 1759 reperimus.
3173 1689 3334 1757 Quod
3367 1692 3504 1748 satis
3535 1701 3668 1762 apte
3699 1693 3904 1763 signat

2189 1774 2244 1829 in
2283 1774 2530 1830 Sabbato
2574 1777 2824 1845 paschali
2862 1785 2982 1847 post
3015 1780 3253 1833 Alleluia
3284 1787 3501 1836 tractus
3532 1781 3633 1852 qui
3664 1782 3902 1837 cantari

2183 1862 2340 1929 solet,
2377 1862 2477 1932 qui
2527 1862 2777 1919 laborem
2813 1865 3005 1921 Sir-culi
3050 1866 3228 1937 hujus
3258 1877 3380 1938 post
3413 1868 3670 1925 laetitiam
3723 1884 3900 1940 para-

2183 1950 2288 2004 disi
2321 1963 2424 2004 nos
2450 1951 2759 2006 incurrisse
2791 1952 2971 2008 docet.

2257 2036 2423 2092 Vsus.
2464 2039 2518 2091 9.
2568 2067 2636 2078 —
2692 2041 2845 2093 Dixit
2875 2056 2997 2095 vero
3056 2043 3236 2096 Deus:
3271 2045 3675 2111 Congregentur
3733 2061 3900 2114 aqua

2185 2140 2304 2194 quae
2333 2125 2431 2179 sub
2469 2126 2600 2181 coelo
2628 2133 2754 2181 sunt
2782 2130 2840 2181 in
2871 2130 3040 2184 locum
3081 2147 3270 2196 unum,
3301 2137 3350 2186 et
3392 2138 3659 2202 appareat
3693 2134 3894 2197 arida,

2185 2219 2382 2282 Aquae,
2425 2230 2542 2283 qua:
2589 2216 2685 2269 sub
2716 2218 2866 2284 calo,
2901 2226 3036 2273 sunt
3080 2219 3374 2275 saecularis
3423 2222 3704 2288 versutia,
3757 2237 3897 2292 quae

2189 2301 2246 2356 in
2315 2301 2448 2357 solis
2514 2303 2757 2372 negotiis
2832 2304 3156 2361 forensibus
3218 2315 3274 2362 et
3340 2307 3412 2362 ad
3475 2307 3896 2378 decipiendum

2187 2391 2436 2446 maxime
2491 2391 2677 2458 callet,
2743 2400 2797 2448 et
2864 2393 2972 2449 sub
3032 2394 3175 2464 jugo
3237 2402 3429 2451 tamen
3495 2396 3896 2467 intelligentia

2189 2486 2394 2534 nostra1
2469 2480 2855 2551 restringitur.
2936 2482 3033 2537 Ha:
3098 2491 3526 2554 congregantur
3587 2487 3648 2538 in
3715 2487 3896 2539 locum

2187 2581 2370 2633 unum,
2405 2566 2542 2636 quia
2575 2576 2703 2623 totae
2753 2569 2884 2635 Deo,
2921 2570 3022 2640 qui
3080 2570 3238 2627 locus
3294 2579 3485 2628 noster
3522 2581 3625 2639 est,
3675 2576 3740 2628 in
3785 2591 3896 2642 quo

2184 2656 2440 2722 vivimus,
2500 2671 2773 2710 moremur
2813 2662 2864 2711 et
2909 2673 3095 2713 sumus
3148 2663 3306 2725 (Act.
3370 2676 3502 2728 xvu,
3537 2663 3653 2728 28),
3703 2660 3896 2717 velint

2185 2740 2388 2809 nolint,
2421 2742 2834 2800 sollicitudines
2866 2754 3092 2813 nostrae,
3144 2762 3275 2817 quae
3306 2761 3469 2818 vaga:
3497 2756 3553 2805 et
3589 2749 3898 2805 instabiles

2185 2835 2354 2884 antea
2395 2830 2758 2900 difﬂuebant,
2805 2834 3020 2890 servire
3059 2843 3370 2904 coguntur.
3423 2839 3566 2892 Loca
3600 2837 3723 2902 Dei,
3771 2838 3894 2892 imo

2186 2918 2345 2974 locus
2391 2919 2583 2976 fideles
2625 2922 2845 2992 quique
2891 2922 2948 2978 in
3001 2923 3314 2994 Scripturis
3363 2925 3475 2981 dici
3524 2925 3730 2994 solent,
3788 2926 3894 2981 sed

2187 3007 2369 3064 multo
2401 3009 2585 3080 magis
2615 3011 2843 3081 proprie
2874 3012 3045 3080 Deus,
3078 3021 3243 3069 extra
3271 3028 3442 3084 quem
3478 3029 3583 3070 nec
3625 3029 3752 3082 nos,
3785 3030 3896 3070 nec

387 3109 468 3166 illi
511 3107 857 3177 conjunctus
920 3108 1024 3168 est,
1076 3102 1287 3156 veritas
1329 3105 1385 3154 et
1433 3099 1548 3168 ipse
1592 3097 1720 3154 fuit.
1758 3098 1866 3164 Qui
1920 3097 2073 3153 enim
2105 3129 2146 3182 ρ
2185 3097 2404 3168 aliquid
2462 3103 2565 3166 est,
2630 3098 2789 3155 locus
2841 3107 3034 3157 noster
3097 3109 3359 3158 vocatur.
3402 3102 3510 3169 Qui
3559 3102 3699 3173 quia
3740 3118 3897 3174 quos

389 3198 628 3254 adhaeret
671 3194 913 3257 Domino,
945 3203 1085 3244 unus
1127 3193 1209 3244 est
1237 3189 1480 3257 Spiritus
1519 3186 1576 3253 (Ι
1603 3189 1733 3240 Cor.
1765 3201 1841 3251 vr,
1868 3189 1970 3252 l7).
2005 3187 2074 3241 Et

385 3288 455 3344 de
483 3301 548 3342 eo
580 3285 636 3340 in
679 3283 784 3338 Job
813 3279 1084 3337 scribitur
1114 3295 1128 3332 :
1165 3278 1419 3332 Habitent
1447 3278 1505 3330 in
1549 3275 1892 3334 tabernaculo
1933 3275 2070 3343 ejus,

385 3375 598 3432 scilicet
629 3368 786 3440 impii
832 3369 964 3422 socii
995 3367 1132 3435 ejus,
1183 3367 1282 3434 qui
1305 3379 1412 3417 non
1458 3369 1536 3418 est
1575 3363 1712 3433 (Job.
1763 3379 1918 3431 xvm,
1966 3366 2071 3426 15).

385 3463 526 3531 Quis
553 3466 636 3516 est
667 3459 764 3528 qui
791 3470 898 3510 non
941 3459 1020 3508 est
1048 3452 1156 3509 nisi
1188 3452 1470 3511 diabolus.
1502 3451 1604 3524 qui
1635 3452 1694 3508 in
1725 3459 2008 3523 quantum
2042 3465 2076 3507 a

385 3565 523 3610 vero
552 3562 673 3604 esse
719 3543 950 3610 decidit,
974 3543 1094 3614 jam
1125 3555 1247 3596 esse
1291 3541 1463 3596 etiam
1509 3541 1741 3597 destitit.
1781 3539 2077 3607 Quomodo

386 3640 539 3697 enim
571 3642 676 3703 est,
728 3632 828 3704 qui
861 3639 977 3687 tam
1023 3628 1322 3686 infeliciter
1363 3635 1468 3692 est,
1502 3629 1614 3684 imo
1656 3629 1758 3700 qui
1788 3627 2078 3684 aeternali-

387 3737 474 3786 ter
505 3727 562 3782 in
591 3729 770 3780 morte
812 3719 932 3776 sine
983 3725 1164 3774 morte
1192 3723 1293 3772 est.
1332 3715 1493 3783 Quod
1528 3716 1676 3773 idem
1705 3723 1761 3772 et
1799 3716 1868 3773 de
1915 3715 2078 3771 nobis

388 3814 686 3878 sentimus,
731 3807 872 3880 quia
911 3819 945 3862 a
983 3805 1082 3860 Dei
1122 3803 1341 3860 visione
1389 3803 1446 3858 in
1478 3803 1678 3874 primis
1741 3804 2078 3874 parentibus

387 3903 532 3974 lapsi
571 3913 792 3964 sumus,
847 3895 916 3951 de
975 3892 1214 3950 veritate
1266 3891 1324 3947 in
1369 3893 1681 3948 vanitatem
1719 3892 2074 3960 devenimus,

387 4000 444 4048 et
503 3987 777 4046 veraciter
833 3999 954 4041 esse
1001 3981 1376 4053 perdidimus,
1421 3979 1529 4035 nisi
1585 3980 1740 4050 quod
1805 3978 1902 4035 Dei
1958 3981 2078 4038 sola

389 4078 576 4150 gratia
621 4081 812 4132 nostro
859 4079 1048 4129 tamen
1094 4067 1304 4125 sudore
1335 4066 1640 4122 durissimo
1678 4080 1746 4122 ac
1805 4066 2076 4124 conﬂictu

389 4163 611 4223 restitui
647 4161 954 4218 credimus.
989 4157 1136 4214 Hinc
1163 4155 1301 4212 dum
1343 4153 1416 4210 ad
1451 4154 1805 4224 glutiendum
1835 4155 2075 4214 salivam

387 4253 590 4324 capitis
618 4249 818 4316 nostri,
855 4248 925 4303 ad
953 4243 1414 4316 praegustandam
1445 4242 1709 4300 videlicet
1735 4245 2074 4316 sapientiam

388 4338 714 4397 Conditoris
749 4337 924 4392 nostri
950 4332 1176 4404 magnis
1203 4331 1466 4402 suspiriis
1509 4331 1894 4401 elaboramus,
1944 4348 2072 4390 nos-

387 4427 654 4499 metipsos
695 4424 862 4481 nobis
906 4422 1073 4478 valde
1116 4419 1432 4476 contrarios
1479 4421 1690 4491 positos
1718 4421 2067 4492 experimur,
2100 4424 2142 4480 D

385 4526 442 4574 et
473 4517 530 4573 in
561 4514 764 4572 salutis
792 4525 960 4582 opere
987 4509 1272 4566 neminem
1310 4509 1666 4576 viciniorem,
1695 4509 2074 4568 infestiorem-

386 4620 502 4677 que
530 4605 749 4661 hostem
807 4613 984 4671 quam
1027 4612 1133 4654 nos
1181 4598 1452 4668 patimur.
1511 4597 1898 4669 Conqueritur
1943 4599 2074 4656 inde

386 4691 686 4750 Psalmista
745 4705 758 4745 :
822 4689 1068 4755 Quantas
1121 4686 1406 4740 ostendisti
1465 4687 1604 4739 mihi
1658 4687 2072 4755 tribulationes,

383 4781 584 4834 multas
629 4783 680 4832 et
715 4776 891 4830 malas
943 4773 1114 4843 (Psal.
1164 4787 1288 4834 ιιι,
1345 4770 1458 4841 22).
1507 4771 1577 4828 Et
1624 4772 1759 4828 alibi
1813 4774 1922 4830 sub
1975 4789 2074 4844 spe

385 4864 569 4920 futuri
609 4864 744 4920 boui
788 4863 1018 4918 laetatur
1054 4876 1067 4914 :
1101 4862 1204 4916 Pro
1247 4859 1460 4926 diebus,
1508 4859 1703 4929 quibus
1755 4860 2073 4916 humiliatus

383 4959 482 5022 est,
512 4955 672 5007 annis
715 4952 911 5020 quibus
955 4950 1099 5004 vidit
1144 4949 1312 5018 (Psal.
1346 4965 1566 5014 Lxxxix,
1623 4951 1733 5018 l7),
1767 4949 1821 5006 id
1851 4959 1935 5006 est
1979 4966 2075 5008 ex-

385 5047 584 5111 pertus
633 5047 716 5094 est
744 5039 909 5092 mala.
952 5039 1095 5093 Cum
1125 5051 1260 5106 ergo
1301 5036 1422 5091 dies
1452 5036 1586 5092 mali
1627 5037 1742 5093 sint
1768 5039 1987 5107 (Ephes.
2019 5056 2071 5107 ν,

389 5131 496 5196 t6),
544 5133 599 5182 et
643 5124 900 5181 mundus
945 5123 1002 5178 in
1035 5123 1288 5192 maligno
1341 5123 1558 5192 positus
1587 5125 1638 5193 (Ι
1659 5125 1819 5180 Joan.
1853 5141 1908 5192 v,
1961 5128 2072 5198 t9),

382 5222 439 5270 et
479 5213 638 5268 hunc
680 5211 1008 5266 conﬂictum
1039 5209 1375 5266 inferiorum
1409 5224 1719 5282 aquarum,
1765 5211 1826 5266 in
1860 5212 2076 5282 quibus

381 5309 468 5358 est
529 5299 801 5370 superbia
859 5297 1140 5353 adversus
1199 5297 1542 5368 superiores,
1593 5298 1811 5370 quibus
1851 5307 2076 5356 constat

381 5388 682 5446 humilitas
729 5394 784 5443 et
815 5385 1087 5442 sanctitas
1117 5385 1174 5442 in
1217 5386 1366 5442 valle
1396 5386 1808 5458 lacrymarum,
1853 5387 1910 5442 in
1943 5387 2074 5446 lacu

381 5474 644 5542 miseriae,
693 5473 902 5531 saeculo
960 5473 1173 5530 scilicet
1234 5473 1500 5543 praesenti
1565 5473 1891 5541 toleremus,
1934 5488 2072 5544 pro-

381 5560 608 5632 pbetica
662 5558 1088 5632 apostolicaque
1153 5559 1356 5630 lingua
1421 5559 1528 5616 hoc
1589 5573 1704 5616 non
1765 5561 1942 5619 vitam
2005 5576 2074 5620 ac

384 5648 647 5718 patriam,
697 5649 791 5704 sed
840 5647 1110 5704 exsilium
1165 5654 1522 5716 mortemque
1569 5647 1886 5711 denuntiet,
1929 5664 2071 5719 quo-

2181 3185 2394 3255 excipit
2422 3185 2529 3241 sibi
2577 3187 2850 3254 viviﬁcat,
2894 3202 3048 3244 unus
3077 3195 3226 3244 recte
3256 3189 3489 3245 dicitur.
3519 3190 3658 3246 Tota
3685 3199 3892 3247 autem

2182 3281 2415 3341 nostra,
2479 3289 2656 3345 quam
2711 3275 2778 3330 de
2843 3275 3053 3332 szeculo
3098 3277 3492 3346 possidemus,
3551 3277 3890 3348 prudentia,

2187 3368 2325 3417 tunc
2369 3361 2534 3431 plene
2561 3363 2633 3418 ad
2681 3363 2861 3420 Deum
2902 3365 3278 3434 convertitur,
3330 3380 3463 3424 cum
3510 3366 3582 3422 ad
3625 3368 3894 3438 agendas

2185 3449 2553 3507 ecclesiarum
2618 3465 2860 3519 causas,
2927 3460 2982 3508 et
3055 3453 3409 3530 extrinsecas
3471 3467 3661 3523 curas,
3731 3470 3894 3525 quas

2185 3537 2416 3594 litterati
2472 3538 2582 3595 viri
2647 3539 2844 3596 minus
2905 3541 3048 3597 scire
3114 3542 3316 3611 solent,
3386 3542 3506 3598 zelo
3565 3549 3620 3599 et
3685 3556 3894 3602 amore

2185 3625 2541 3683 deserviendi
2593 3628 2682 3684 his
2711 3629 2812 3699 qui
2858 3630 3324 3702 contemplationi
3374 3631 3712 3700 inserviunt,
3768 3647 3892 3704 quo

2186 3713 2426 3771 liberius
2453 3716 2568 3772 Deo
2606 3724 2831 3785 vacent,
2875 3717 3179 3774 saeculares
3225 3719 3444 3790 quique
3474 3719 3890 3790 accinguntur.

2188 3802 2255 3859 Hi
2286 3817 2400 3859 non
2448 3803 2519 3859 ad
2564 3803 2924 3874 decipiendos
2983 3820 3264 3877 pauperes
3306 3821 3412 3863 suo
3471 3806 3592 3878 jam
3633 3815 3894 3866 utuntur

2186 3889 2437 3962 ingenio,
2483 3891 2580 3948 sed
2629 3906 2841 3948 aurum
2887 3901 2943 3949 et
2985 3901 3292 3965 argentum
3326 3894 3481 3965 quod
3521 3895 3589 3951 de
3635 3895 3892 3968 Egypto

2184 3979 2539 4048 extulerunt,
2568 3980 2641 4036 ad
2667 3981 3085 4038 exstruendum
3117 3983 3216 4038 Dei
3249 3982 3686 4040 tabernaculum
3714 3985 3771 4040 in
3805 4000 3894 4041 so-

2183 4067 2444 4136 litudine,
2493 4069 2548 4125 id
2577 4077 2680 4136 est,
2714 4077 2880 4126 extra
2917 4070 3120 4127 turbas
3151 4070 3426 4127 vitiorum
3457 4071 3661 4127 devota
3693 4081 3892 4129 mente

2183 4157 2538 4226 expendunt.
2583 4158 2652 4214 Hi
2695 4165 2832 4215 sunt
2861 4159 3047 4214 cilicia
3076 4159 3284 4216 domus
3331 4160 3452 4228 Dei,
3502 4159 3602 4231 qui
3635 4161 3892 4218 saecula-

2185 4245 2336 4302 rium
2371 4259 2648 4302 curarum
2695 4246 2962 4316 pulveres
3011 4247 3273 4316 tolerant,
3309 4255 3375 4304 ut
3422 4247 3788 4320 hyacinthus,
3829 4260 3890 4309 et

2185 4347 2451 4404 purpura
2506 4341 2840 4391 sanctarum
2897 4335 3178 4392 mentium
3236 4335 3379 4392 nihil
3433 4336 3734 4392 exterioris
3790 4337 3885 4395 in-

2183 4421 2536 4492 quietudinis
2585 4421 2790 4490 ferant,
2857 4423 2954 4479 sed
3000 4437 3106 4480 suo
3154 4423 3541 4481 indesinenter
3591 4425 3889 4495 proposito

2179 4509 2409 4566 instent.
2472 4512 2542 4565 Et
2568 4516 2835 4581 appareat
2880 4511 3065 4578 arida,
3103 4512 3336 4583 inquit;
3365 4527 3468 4584 per
3492 4512 3600 4570 hoc
3627 4527 3889 4586 namque

2180 4597 2334 4669 quod
2375 4599 2723 4654 conscientia
2772 4599 2990 4670 pridem
3033 4599 3216 4657 ﬂuida
3254 4601 3328 4657 ad
3370 4602 3551 4658 Deum
3595 4603 3886 4658 constrin-

2181 4684 2356 4756 gitur,
2402 4691 2554 4740 terra
2597 4687 2786 4742 cordis
2831 4687 3009 4743 nostri
3041 4701 3074 4743 a
3105 4688 3520 4759 cogitationum
3551 4689 3881 4760 superﬂua-

2182 4785 2310 4826 rum
2342 4771 2796 4844 ingurgitatione
2829 4775 3041 4832 siccata
3074 4775 3193 4848 jam
3226 4775 3474 4833 ferendis
3515 4776 3651 4833 boni
3689 4779 3885 4848 operis

2179 4859 2450 4930 frugibus
2482 4869 2718 4932 apparet
2747 4871 2901 4933 apta.

2254 4947 2424 5004 Vsus.
2460 4951 2552 5006 1ο.
2585 4977 2659 4992 --
2686 4951 2767 5006 Et
2810 4955 3024 5006 vocavit
3056 4955 3195 5006 Deus
3241 4952 3460 5007 aridam
3510 4957 3728 5017 terram,
3764 4970 3884 5009 con-

2179 5039 2519 5104 gregationes
2556 5054 2827 5107 aquarum
2857 5055 2984 5094 vero
3022 5041 3324 5110 appellavit
3353 5043 3552 5096 maria.
3602 5041 3774 5096 Terra
3804 5045 3881 5100 ab

2181 5125 2422 5180 humore
2483 5127 2734 5182 carnalis
2789 5128 3118 5198 petulantiae
3169 5128 3546 5200 avaritiaeque
3609 5128 3875 5200 levigata,

2181 5218 2316 5282 apta
2366 5212 2598 5282 quidem
2637 5214 2820 5271 cultui
2851 5229 2919 5270 ac
2967 5215 3186 5272 fructui
3241 5223 3326 5272 est
3357 5216 3573 5282 divino,
3632 5217 3724 5272 sed
3751 5234 3877 5273 con-

2180 5303 2516 5369 gregationes
2544 5317 2816 5370 aquarum
2847 5303 2956 5359 sub
2981 5304 3114 5374 jure
3155 5304 3394 5360 rationis
3423 5318 3538 5360 non
3575 5319 3633 5360 se
3665 5305 3876 5362 volun-

2183 5388 2322 5445 tarie
2387 5390 2735 5456 cohibentes,
2785 5391 3176 5448 amarissimos
3236 5393 3616 5449 teutationum
3667 5393 3876 5451 ﬂuctus

2183 5475 2240 5532 in
2270 5475 2434 5532 nobis
2478 5479 2851 5535 exsuscitant.
2905 5479 3066 5536 Unde
3109 5487 3165 5536 et
3191 5483 3372 5534 maria
3399 5480 3680 5536 vocabulo
3712 5483 3872 5540 valde

2181 5577 2438 5636 congruo
2480 5566 2864 5637 appellantur.
2913 5569 3096 5623 Maria
3141 5567 3294 5624 enim
3326 5567 3650 5625 amaritudo
3695 5569 3870 5628 inter-

2181 5661 2458 5722 pretatur.
2491 5653 2628 5712 Inde
2643 5654 2926 5712 atrocium
2953 5655 3192 5723 irarum,
3227 5655 3531 5712 libidinum
3554 5662 3609 5712 et
3629 5656 3867 5715 aliorum
