3966 6426
131 368 179 418 iii
1309 356 1682 414 MORALIL'M
1727 359 1792 413 IN
1832 358 2126 413 GENESIN
2173 358 2302 413 LIB.
2346 359 2386 413 Ι.
3580 365 3645 417 46

123 505 373 553 motuum
407 502 791 566 tempestates,
821 509 953 565 quae
996 494 1136 550 dum
1167 493 1347 550 animi
1380 493 1619 565 imperio
1651 506 1817 550 coer-
1848 500 1890 551 A
1930 502 2034 561 est,
2085 493 2188 564 qui
2247 492 2639 565 intelligentiae
2688 496 2882 553 lumen
2939 498 3161 570 ubique
3214 499 3643 571 Scripturarum

121 594 332 654 rentur,
390 586 563 657 quasi
596 585 718 641 freti
766 584 1071 655 cujusdam
1106 583 1297 640 fervor
1340 583 1702 640 subbulliens
1731 589 1824 638 l6

122 675 374 746 prosilire
399 675 691 730 nituntur.
725 672 833 729 Sed
864 673 960 728 Dei
984 672 1163 743 pietas
1195 672 1373 744 hujus
1403 687 1618 743 pugnae
1652 686 1824 728 exer-

122 764 247 820 citia
292 778 409 820 non
441 763 863 820 irremunerata
906 762 1261 832 relinquens,
1315 761 1487 829 videt,
1522 761 1576 817 id
1616 769 1700 817 est
1729 762 1823 817 vi-

125 853 234 909 deri
259 853 395 909 facit
432 866 465 908 a
497 852 681 919 nobis,
713 864 893 922 quam
923 850 1073 906 bona
1112 849 1489 921 salubriaque
1528 857 1666 906 sunt
1693 864 1824 920 quae

124 942 366 1014 agimus,
398 949 453 997 et
501 955 573 997 ex
613 954 816 995 eorum
851 938 1307 995 consideratione
1350 939 1421 995 ad
1456 938 1689 995 meliora
1721 953 1822 1009 ge-

124 1031 384 1098 rendum,
431 1030 551 1100 ipso
598 1028 905 1100 aspirante,
957 1027 1324 1084 excandescit
1370 1027 1620 1084 animus.
1665 1027 1826 1084 Unde

126 1134 222 1176 suo
254 1119 530 1175 invisibili
564 1126 710 1174 nutu
752 1117 909 1195 dicit,
962 1116 1017 1173 id
1065 1124 1149 1173 est
1194 1130 1531 1187 prosperum
1555 1114 1822 1173 effectum

128 1208 286 1264 bonis
312 1206 615 1263 all'ectibus
645 1206 870 1263 tribuit.

186 1296 354 1354 ναμε.
415 1299 498 1351 Η.
545 1325 615 1336 -
658 1296 955 1361 Germinet,
1003 1293 1214 1365 inquit,
1267 1300 1415 1349 terra
1454 1294 1679 1349 herbam
1734 1296 1867 1349 vi-‘

123 1391 320 1440 rentcm
369 1390 420 1440 et
456 1387 747 1452 facientem
792 1398 989 1438 semen.
1043 1384 1212 1437 Terra
1255 1383 1542 1453 germinat
1581 1383 1822 1457 herbam,

124 1490 250 1532 cum
305 1489 406 1531 cor
450 1475 738 1545 cujusque
780 1472 964 1529 fidelis
1013 1472 1087 1529 ab
1128 1472 1286 1528 omni
1339 1471 1576 1527 lascivia
1620 1471 1825 1528 mundi

124 1565 351 1631 sudum,
385 1563 543 1619 verbi
594 1562 690 1618 Dei
722 1562 940 1617 semine
978 1560 1429 1617 conversationis
1471 1561 1632 1617 initia
1660 1562 1823 1617 emit-

127 1654 202 1705 tit.
245 1652 387 1715 Quae
439 1648 617 1705 herba
659 1647 853 1702 virens
893 1654 996 1714 est,
1046 1648 1187 1717 quia
1227 1660 1399 1703 succo
1446 1646 1565 1716 spei
1597 1656 1826 1701 aeternae

126 1740 281 1795 vivit.
310 1736 602 1808 Quidquid
635 1736 787 1792 enim
837 1749 941 1806 pro
972 1735 1166 1792 favore
1209 1735 1465 1792 humano
1498 1735 1576 1803 ﬁt,
1611 1735 1827 1791 marci-

125 1829 255 1883 dum
295 1842 363 1883 ac
387 1826 579 1882 sterile
609 1832 711 1881 est.

192 1920 258 1973 Et
286 1919 599 1985 facientem,
650 1914 860 1985 inquit,
919 1928 1113 1968 semen.
1149 1914 1340 1967 Semen
1383 1913 1517 1968 facit
1557 1911 1827 1983 quisquis

130 2007 175 2062 id
210 2004 462 2076 religiosi
499 2002 794 2075 propositi,
829 2001 983 2072 quod
1011 2001 1368 2072 aggreditur,
1407 2015 1575 2071 opere
1609 2000 1825 2055 efficaci

128 2095 482 2165 exsequitur.
542 2095 660 2149 Aut
714 2099 867 2147 certe
930 2090 1109 2146 herba
1178 2090 1393 2157 virens,
1450 2105 1626 2144 semen
1697 2088 1827 2144 facit

131 2198 251 2240 cum
279 2182 534 2254 quisque
577 2181 632 2237 id
677 2180 811 2237 boni
856 2179 1013 2251 quod
1061 2193 1233 2251 agere
1279 2177 1435 2249 apud
1482 2192 1541 2234 se
1573 2178 1823 2245 inchoat,

129 2272 247 2328 aliis
274 2272 448 2328 etiam
476 2284 549 2327 ex
591 2268 989 2326 benevolentia
1032 2276 1095 2324 ut
1126 2282 1185 2323 se
1227 2267 1574 2324 aemulentur
1618 2266 1827 2337 praedi-

130 2376 251 2417 care
278 2375 396 2417 ιιοιι
426 2368 630 2416 cessat.

192 2453 259 2507 Et
288 2453 502 2517 lignum
537 2450 865 2519 pomiferum
897 2448 1107 2514 faciens
1144 2448 1389 2513 fructum
1432 2446 1604 2514 juxta
1659 2459 1825 2512 genus

127 2556 294 2595 suum.
329 2538 480 2606 Quid
512 2552 613 2608 per
643 2539 850 2603 tignum
876 2536 1225 2605 pomiferum,
1269 2533 1377 2589 nisi
1410 2534 1661 2589 arduum
1696 2533 1825 2589 vitae

130 2630 452 2686 institutum
483 2626 553 2683 de
598 2627 705 2697 piis
747 2624 925 2681 initiis
972 2624 1044 2680 ad
1097 2623 1387 2679 sanctiora
1432 2636 1822 2693 progressum.

128 2718 223 2773 Sed
254 2716 402 2789 quid
464 2716 583 2787 agit
630 2714 919 2781 sanctitas,
980 2713 1025 2769 si
1094 2713 1163 2787 de
1212 2726 1319 2768 sua
1367 2711 1494 2767 aliis
1540 2711 1698 2768 nulla
1744 2720 1827 2768 est

129 2807 402 2877 probitate
452 2803 721 2861 utilitas?
750 2803 855 2859 Per
903 2802 1009 2858 hoc
1055 2802 1208 2857 enim
1257 2800 1412 2872 quod
1454 2801 1511 2855 in
1543 2801 1828 2857 teneritu-

127 2897 252 2953 dine
294 2893 519 2952 exordii
567 2892 748 2949 nostri
811 2892 981 2959 bona,
1044 2905 1176 2962 quae
1243 2896 1477 2961 gustare
1525 2890 1823 2960 ccepimus,

128 2985 366 3041 libenter
420 2982 549 3039 aliis
594 2980 989 3052 propinamus,
1024 2979 1085 3035 fit
1131 2978 1225 3049 pia
1281 2978 1381 3034 Dei
1435 2978 1717 3049 largitate,
1764 2984 1828 3032 ut

130 3074 360 3143 proinde
390 3071 466 3128 ad
508 3071 746 3127 meliora
795 3068 1030 3141 provehi
1070 3080 1438 3137 mereamur;
1479 3065 1634 3123 unde
1681 3065 1829 3123 dici-

132 3172 245 3219 tur:
288 3164 549 3217 Fructum
599 3160 809 3227 faciens
842 3159 1014 3228 jua'ta
1059 3172 1224 3226 genus
1273 3171 1452 3223 suum,
1503 3154 1560 3211 id
1596 3163 1681 3211 est
1714 3156 1827 3211 Deo

132 3251 491 3308 lucrifaciens
531 3248 884 3320 proximum.
929 3249 1112 3301 Genus
1158 3252 1421 3302 nostrum
1453 3252 1667 3300 natura
1711 3244 1827 3300 hu-

132 3355 295 3397 mana
322 3347 431 3397 est.
476 3340 654 3395 Juxta
699 3352 867 3407 genus
901 3350 1039 3408 ergo
1087 3343 1352 3391 nostrum
1386 3333 1824 3401 fructiticamus,

129 3444 252 3486 cum
291 3429 444 3500 ejus,
488 3441 621 3497 quae
663 3424 717 3480 in
764 3423 931 3480 nobis
975 3428 1062 3480 est
1103 3422 1447 3491 donationis,
1490 3421 1746 3477 docendo
1774 3429 1827 3475 et

129 3518 340 3575 orando
369 3515 676 3589 participes
716 3506 1100 3585 et‘proximos
1130 3511 1392 3568 facimus.
1429 3511 1648 3567 Dicitur
1674 3510 1826 3566 enim

131 3608 182 3663 in
209 3607 350 3664 Job:
379 3609 453 3662 Et
481 3607 714 3659 visitans
766 3605 993 3673 speciem
1024 3607 1176 3657 tuam
1205 3617 1312 3656 non
1351 3600 1599 3671 peccabis
1630 3599 1743 3670 (Job
1775 3615 1825 3665 ν,

126 3696 252 3767 24);
282 3696 442 3767 quod
474 3695 622 3751 idem
651 3701 733 3749 est
759 3707 828 3749 ac
857 3692 902 3748 si
933 3691 1086 3748 dicat
1116 3706 1129 3746 :
1165 3690 1359 3747 Facies
1383 3693 1627 3758 fructum
1656 3689 1826 3758 jumta

126 3799 286 3850 genus
316 3792 510 3841 tuum.
541 3782 842 3853 Sequitur:

193 3875 362 3944 Cujus
391 3887 571 3928 semen
618 3873 677 3925 in
723 3867 1006 3940 semetipso
1044 3871 1118 3923 sit
1164 3883 1329 3938 super
1368 3874 1593 3923 terram.
1644 3868 1831 3923 Semen

131 3971 384 4020 nostrum
460 3975 635 4032 opera
697 3966 913 4026 nostra,
988 3972 1121 4029 quae
1178 3972 1284 4028 pro
1349 3957 1543 4013 fructu
1589 3956 1829 4012 caelestis

134 4052 307 4107 bravii
337 4050 438 4107 hic
463 4050 735 4121 jacimus,
766 4049 939 4104 ‘sunt.
991 4046 1153 4113 Quod
1194 4062 1369 4102 semen
1402 4047 1460 4102 in
1513 4046 1831 4102 nobismet-

132 4140 258 4213 ipsis
290 4140 505 4197 habere
537 4137 834 4209 jubemur,
876 4150 947 4192 ne
984 4136 1137 4191 bona
1179 4135 1428 4206 gerendo
1457 4146 1591 4188 cum
1620 4131 1831 4188 adula-

131 4238 312 4287 torum
343 4226 561 4286 fabulis
589 4226 891 4297 ungimur,
917 4223 1087 4295 quasi
1108 4224 1272 4294 palea
1300 4221 1558 4278 exterius
1596 4220 1831 4276 inventa

134 4317 338 4375 favoris
385 4323 560 4374 vento
630 4315 951 4386 rapiamur.
1024 4312 1106 4371 Sit
1166 4312 1363 4383 itaque
1406 4311 1596 4368 virtus
1635 4316 1833 4365 nostra

133 4420 398 4476 granum,
454 4419 571 4461 non
626 4411 795 4461 exeat
849 4401 1036 4460 cordis
1092 4402 1387 4458 horreum.
1442 4399 1547 4456 Sed
1607 4412 1723 4455 non
1752 4397 1832 4453 ita

134 4495 366 4553 interius
391 4495 621 4551 fructus
658 4501 851 4550 noster
898 4499 1259 4561 contegatur,
1292 4496 1355 4546 ut
1397 4488 1466 4545 ad
1498 4487 1828 4558 exemplum

135 4584 373 4656 proximi
432 4597 552 4640 non
603 4582 882 4654 prodatur
914 4596 927 4636 :
959 4582 1044 4637 Sit
1096 4595 1264 4651 super
1321 4584 1551 4647 terram,
1626 4577 1682 4634 id
1724 4584 1829 4643 est,

135 4674 313 4730 veniat
341 4673 417 4729 ad
464 4672 777 4743 corporalis
801 4671 990 4742 operis
1039 4668 1406 4726 evidentiam.
1457 4669 1644 4724 Potest
1678 4666 1828 4723 enim

132 4769 180 4817 et
206 4762 421 4818 bonum
457 4761 597 4827 fieri,
627 4768 683 4817 et
712 4759 840 4816 laus
866 4759 1058 4817 oblata
1085 4757 1390 4815 contemni.
1419 4756 1557 4825 Quae
1587 4770 1835 4827 sequun-

134 4859 222 4907 tur
250 4850 700 4921 praecedentium
732 4849 987 4920 repetitio
1034 4856 1188 4905 sunt.

199 4941 362 4997 Vens.
402 4943 493 4996 13.
527 4969 596 4980 -
643 4942 715 4995 Et
758 4940 971 5006 factum
1014 4943 1093 4994 est
1140 4952 1379 5007 vespere,
1423 4941 1475 4992 et
1520 4952 1680 4991 mane
1719 4936 1835 4990 dies

138 5033 337 5084 tertius.
391 5028 548 5097 Quid
595 5031 787 5084 tertius
842 5027 959 5083 dies
1029 5027 1139 5083 nisi
1195 5026 1452 5094 scientia,
1513 5040 1645 5097 quae
1710 5033 1837 5096 post

139 5126 391 5176 timorem
471 5118 860 5190 pietatemque
930 5117 1001 5173 ad
1063 5115 1407 5187 sapientiam
1470 5114 1839 5171 tendentibus

139 5208 329 5265 tertius
385 5207 611 5280 gradus
664 5206 793 5263 est?
841 5205 997 5262 Nihil
1047 5206 1202 5261 enim
1247 5202 1534 5274 spirituali
1589 5204 1839 5259 scientiae

142 5297 314 5369 magis
355 5295 634 5366 competit
665 5307 844 5366 quam
899 5293 1095 5350 saeculi
1123 5293 1397 5349 astutiam
1428 5292 1758 5362 reprimere,
1784 5299 1840 5348 et

141 5399 260 5442 cum
300 5387 447 5443 bene
493 5384 695 5456 egerit,
738 5382 880 5440 alios
920 5383 993 5440 ad
1042 5380 1361 5439 sanctitatis
1404 5381 1663 5438 studium
1701 5395 1840 5452 pro-

142 5485 352 5531 vocare.
404 5472 662 5531 Scientia
722 5472 896 5540 enim,
957 5471 1130 5541 juxta
1193 5469 1424 5525 beatum
1476 5468 1837 5538 Gregorium,

144 5563 371 5631 pertinet
402 5562 478 5619 ad
509 5559 855 5631 doctrinam,
900 5558 1182 5630 sapientia
1228 5572 1366 5615 vero
1406 5557 1478 5613 ad
1517 5558 1717 5625 vitam,
1745 5557 1839 5613 cui

147 5652 271 5708 satis
302 5664 546 5723 vespere
589 5656 645 5705 et
686 5662 854 5705 mane
909 5647 1196 5715 convenit,
1232 5646 1371 5718 quia
1400 5659 1569 5702 rarus
1607 5645 1841 5704 omnino

1934 582 2146 639 habere
2169 590 2379 653 queat:
2414 583 2630 641 habent
2659 599 2915 657 namque
2955 601 3121 645 sacra
3150 588 3384 660 eloquia
3413 605 3644 661 corpus,

1932 676 1987 725 et
2019 670 2188 740 quasi
2236 684 2538 741 vesperam
2596 672 2656 728 in
2719 672 3112 743 integumento
3156 675 3381 745 litterae,
3430 677 3648 735 habent

1934 758 2188 814 animam
2228 765 2285 837 et
2321 760 2486 828 quasi
2531 772 2699 815 mane
2734 760 2789 815 in
2838 760 3143 831 splendore
3192 764 3534 822 moralitatis
3580 780 3648 822 ac

1935 847 2246 914 allegoriae.

2007 936 2384 993 Vens.14.—
2435 938 2600 991 Ducit
2637 953 2847 1007 quoque
2902 942 3076 995 Deus:
3129 943 3291 997 Fiant
3347 944 3645 1001 luminaria

1933 1028 1993 1079 in
2020 1027 2358 1094 ﬁrmamento
2404 1026 2542 1093 caeli,
2584 1031 2635 1081 et
2665 1027 2924 1082 dividant
2966 1029 3109 1085 diem
3138 1045 3201 1085 ac
3246 1037 3473 1088 noctem.
3521 1035 3644 1091 Duo

1938 1114 2043 1169 ista
2097 1115 2399 1169 luminaria
2445 1114 2733 1171 Christum
2797 1115 2856 1172 in
2915 1117 3229 1175 Ecclesiam
3277 1120 3644 1192 interpretari

1936 1202 2073 1258 satis
2102 1202 2375 1259 idoneum
2401 1210 2504 1270 est,
2551 1205 2873 1261 secundum
2903 1205 3084 1262 illud:
3128 1208 3261 1263 Dies
3290 1209 3402 1263 diei
3435 1217 3645 1266 eructat

1933 1291 2156 1345 verbum
2209 1291 2377 1362 (Psai.
2426 1308 2581 1357 xvni,
2627 1292 2707 1361 2),
2750 1301 2858 1350 etc.
2900 1294 3197 1352 Christum
3241 1298 3475 1368 quidem
3517 1314 3643 1370 pro-

1935 1380 2185 1449 positum
2243 1379 2506 1451 exemplo
2566 1389 2618 1436 et
2673 1381 2978 1439 imitationi
3044 1385 3283 1442 fortium
3340 1387 3638 1459 dicimus;

1938 1470 2249 1526 Ecclesiam
2282 1483 2417 1525 vero
2457 1469 2514 1524 in
2563 1471 2686 1525 suis
2716 1472 3102 1529 mediocribus
3149 1476 3423 1531 membris
3446 1478 3645 1548 junio-

1939 1572 2068 1614 rum
2118 1558 2431 1628 minusque
2486 1560 2806 1627 potentium
2862 1562 3160 1632 exemplar
3232 1566 3469 1634 positam
3529 1582 3644 1622 non

1937 1648 2185 1703 absurde
2215 1646 2513 1701 sentimus.
2566 1647 2948 1703 Tolerabilius
2991 1664 3131 1715 sane
3172 1653 3355 1708 oculis
3403 1653 3647 1711 inlirmis

1934 1741 2018 1790 est
2077 1734 2375 1791 lucernam
2433 1735 2541 1791 sub
2596 1735 2819 1792 laterna
2892 1738 3204 1806 attendere,
3271 1755 3449 1811 quam
3513 1742 3648 1798 solis

1858 1808 1894 1861 Β
1928 1824 2108 1895 jubar
2137 1825 2195 1879 in
2232 1839 2352 1880 suae
2382 1825 2605 1895 spherae
2651 1826 2865 1882 virtute
2894 1826 3106 1883 videre.
3156 1808 3343 1885 Solem
3390 1845 3643 1902 namque

1935 1913 1990 1969 in
2017 1921 2291 1983 potestate
2320 1913 2429 1969 diei
2463 1914 2637 1970 tradit
2680 1915 2852 1985 Deus,
2911 1931 3044 1971 cum
3088 1917 3230 1973 viris
3276 1918 3642 1976 intellectua-

1936 2002 2090 2058 litate
2138 2002 2390 2072 praeditis
2436 2003 2932 2074 contemplationis
2972 2005 3123 2060 dona
3168 2006 3435 2077 largitur.
3468 2009 3647 2065 Vide-

1934 2105 2070 2147 mus
2098 2104 2236 2147 sane
2264 2091 2542 2161 quosdam
2596 2093 2654 2147 in
2691 2099 2939 2163 utroque
2970 2107 3115 2150 sexu
3145 2094 3482 2166 virginitate
3505 2112 3645 2168 pro-

1935 2180 2102 2250 fessa,
2136 2181 2571 2238 mundanarum
2598 2196 2792 2237 rerum
2814 2183 3273 2253 possessionibus
3305 2187 3640 2256 pauperiem

1933 2270 2144 2328 Christi
2177 2283 2530 2340 praeponere,
2580 2271 2694 2325 Deo
2748 2284 2983 2327 vacare.
3023 2273 3200 2328 Porro
3253 2282 3390 2330 sunt
3438 2275 3641 2345 aliqui,

1935 2360 2162 2432 quinec
2196 2359 2483 2416 mundum
2533 2360 2813 2425 deserere,
2868 2376 2977 2418 nec
3023 2361 3250 2418 caelibes
3283 2362 3497 2430 vivere,
3542 2378 3638 2419 ne-

1935 2463 2049 2519 que
2075 2447 2145 2503 ad
2173 2447 2409 2517 plenum
2463 2449 2573 2503 Deo
2622 2462 2830 2504 vacare
2866 2456 3106 2519 possunt
3162 2451 3323 2507 Unde
3352 2458 3408 2507 et
3439 2452 3639 2507 lunam

1935 2550 2000 2591 ac
2031 2535 2223 2592 stellas
2281 2535 2337 2591 in
2396 2539 2669 2605 potestate
2727 2536 2910 2592 noctis
2956 2537 3072 2593 dat.
3133 2538 3239 2594 Dat
3294 2538 3448 2595 enim
3480 2540 3647 2596 nobis

1935 2624 2038 2694 qui
2067 2638 2298 2681 summa
2345 2638 2696 2695 praesumere
2733 2640 2847 2680 non
2885 2626 3188 2693 audemus,
3239 2642 3343 2683 nec
3400 2628 3535 2697 Noe,
3589 2629 3641 2685 id

1933 2721 2017 2771 est
2075 2720 2342 2781 rectores,
2410 2727 2516 2768 nec
2573 2713 2793 2779 Daniel,
2853 2713 2908 2769 id
2962 2722 3045 2770 est
3116 2715 3360 2782 caelibes,
3432 2717 3641 2773 imitari

1936 2816 2262 2872 possumus,
2323 2808 2389 2858 ut
2454 2801 2558 2857 Job
2615 2802 2759 2857 bene
2810 2811 3169 2873 operantem,
3233 2805 3642 2862 misericordiae

1934 2891 2255 2947 studentem
2301 2897 2606 2960 sectemur,
2669 2899 2723 2946 et
2775 2891 2877 2961 qui
2931 2891 2999 2946 ad
3053 2892 3485 2950 reclinatorium
3536 2908 3641 2951 au-

1936 2995 2125 3048 reum,
2175 2980 2231 3035 id
2290 2986 2375 3036 est
2431 2980 2502 3035 ad
2553 2979 2780 3035 beatam
2834 2981 3093 3050 requiem
3165 2996 3266 3052 per
3339 2997 3640 3039 ascensum

1939 3083 2321 3141 purpureum,
2365 3068 2578 3125 scilicet
2617 3082 2718 3139 per
2777 3070 3119 3139 martyrium
3172 3074 3474 3141 pervenire
3532 3088 3642 3128 non

1878 3151 1897 3171 ‘
1935 3171 2255 3229 speramus,
2295 3171 2394 3227 per
2432 3157 2620 3213 media
2660 3156 2860 3212 saltem
2910 3167 3143 3227 propter
3183 3158 3645 3217 filias'Hierusa-

1938 3247 2046 3302 lem
2111 3244 2390 3300 charitate
2463 3250 2753 3300 constrata
2821 3243 3105 3314 attingere
3161 3246 3475 3304 valeamus.
3537 3248 3642 3315 Qui

1938 3333 2117 3404 igitur
2167 3334 2399 3403 Agnum
2464 3331 2889 3388 illuminantem
2958 3347 2991 3389 a
3054 3334 3347 3390 montibus
3415 3337 3647 3392 aeternis

1937 3436 2291 3493 quocunque
2334 3420 2464 3476 ierit
2528 3420 2693 3491 sequi
2760 3421 2954 3491 (Apoc.
3010 3438 3123 3488 xiv,
3174 3424 3227 3493 5)
3273 3438 3389 3479 non
3447 3426 3642 3494 audet,

1937 3519 2159 3567 montes
2205 3510 2278 3565 ab
2324 3523 2390 3565 eo
2436 3508 2793 3565 illuminatos
2845 3511 3124 3579 attendat,
3188 3519 3244 3568 et
3310 3513 3355 3567 si
3412 3528 3524 3569 non
3587 3514 3643 3569 in

1936 3599 2226 3665 omnibus,
2277 3597 2367 3653 vel
2407 3598 2467 3654 in
2515 3597 2711 3668 aliquo
2766 3612 2861 3654 eos
2907 3607 2972 3655 ιιι
3021 3600 3346 3656 membrum
3380 3601 3647 3659 Ecclesiae

1937 3689 2153 3745 censeri
2186 3687 2407 3755 debeat,
2442 3687 2707 3758 prosequi
2751 3688 3077 3743 contendat.
3127 3688 3255 3744 Post
3288 3688 3409 3745 haec
3451 3698 3644 3746 autem

1937 3792 2079 3834 cum
2115 3778 2282 3843 liunt,
2326 3776 2588 3832 videlicet
2627 3790 2761 3832 cum
2802 3776 2859 3831 hi
2908 3776 3094 3833 ardua
3145 3776 3509 3848 perfectaque
3553 3778 3648 3834 eli-

1939 3877 2104 3942 gunt,
2134 3868 2215 3925 illi
2264 3868 2476 3924 leviora
2530 3876 2875 3938 proponunt,
2913 3868 3032 3924 dies
3076 3883 3312 3942 noxque
3343 3869 3645 3938 dividitur,

1939 3958 2078 4030 quia
2112 3958 2169 4013 in
2223 3955 2429 4013 studiis
2476 3969 2607 4027 quae
2647 3954 2898 4026 quisque
2940 3957 3175 4027 appetit,
3231 3958 3363 4014 vitae
3397 3958 3648 4028 qualitas

1939 4046 2289 4103 declaratur.

2015 4136 2082 4188 Ut
2129 4136 2242 4187 sint
2291 4135 2350 4186 in
2393 4134 2573 4201 signa,
2609 4136 2660 4187 et
2701 4137 2962 4202 tempora,
2999 4135 3049 4185 et
3094 4131 3209 4186 dies
3255 4138 3306 4187 et
3352 4149 3542 4203 annos,
3593 4144 3647 4191 et

1942 4222 2269 4279 illuminent
2310 4228 2541 4277 terram.
2608 4221 2781 4288 Signa
2824 4227 2874 4275 et
2924 4227 3163 4291 tempora
3207 4223 3364 4292 quod
3414 4224 3644 4292 dicitur,

1941 4310 2022 4367 nil
2055 4309 2304 4380 amplius
2333 4309 2485 4365 valet
2515 4323 2692 4381 quam
2736 4310 2782 4366 si
2824 4310 3060 4381 diceret,
3105 4318 3170 4368 ut
3215 4311 3329 4368 sint
3374 4313 3433 4368 in
3482 4314 3649 4387 signa

1865 4425 1906 4478 ι)
1945 4411 2290 4474 temporum,
2324 4410 2389 4459 ut
2420 4409 2504 4458 est
2547 4401 2729 4459 illud:
2775 4404 2988 4458 Pateris
3029 4404 3236 4458 libabat
3264 4409 3313 4458 et
3357 4420 3511 4473 auro,
3545 4404 3653 4461 hoc

1941 4498 2044 4557 est,
2069 4489 2262 4545 aureis
2285 4490 2514 4560 pateris.
2541 4488 2802 4549 Christus
2822 4496 2875 4545 et
2898 4488 3150 4545 Ecclesia
3169 4490 3335 4561 signa
3351 4499 3488 4548 sunt
3509 4499 3648 4549 tem-

1942 4592 2170 4650 porum,
2205 4576 2344 4647 quia
2372 4574 2661 4646 quidquid
2676 4590 2844 4647 egere
2874 4575 2963 4631 vel
2989 4576 3204 4647 agitur,
3233 4576 3393 4633 aliud
3422 4578 3654 4650 videtur

1944 4647 2003 4725 in
2032 4681 2114 4733 re,
2160 4665 2316 4723 aliud
2368 4664 2747 4736 portenditur.
2784 4664 3065 4733 Christus,
3113 4673 3168 4721 et
3206 4667 3309 4736 qui
3346 4675 3481 4724 sunt
3527 4647 3655 4739 ejus

1944 4756 2004 4812 in
2048 4753 2310 4825 praesenti
2358 4753 2497 4809 dum
2537 4753 2766 4821 vivunt,
2807 4758 2896 4808 1³1
2930 4753 3133 4809 mundi
3178 4755 3420 4812 tolerant
3449 4771 3654 4827 oppro-

1945 4843 2072 4900 bria
2098 4857 2166 4900 ac
2212 4855 2526 4912 aerumnas,
2559 4848 2614 4897 et
2651 4841 2699 4896 si
2738 4840 2812 4897 ab
2843 4840 2934 4896 his
2967 4840 3072 4911 qui
3105 4841 3299 4897 saeculi
3334 4851 3655 4913 pascuntur

1946 4932 2129 5005 gloria
2183 4932 2540 5003 requiratur,
2587 4944 2695 4986 cur
2736 4930 2844 4986 ista
2883 4936 3099 4999 ferant,
3151 4931 3312 5001 quia,
3356 4931 3654 5004 inquiunt,

1947 5026 2154 5091 tempus
2198 5028 2464 5077 nostrum
2511 5019 2752 5075 nondum
2797 5020 3041 5088 advenit,
3091 5027 3300 5091 tempus
3345 5028 3524 5077 autem
3571 5040 3657 5078 ve-

1945 5114 2120 5165 strum
2183 5124 2393 5180 semper
2452 5113 2531 5163 est
2585 5112 2852 5179 paratum
2897 5109 3087 5176 (Joan.
3133 5124 3229 5176 vn,
3281 5109 3354 5179 6).
3407 5111 3657 5181 Tempus

1949 5198 2381 5271 gloriﬁcationis
2429 5206 2763 5254 sanctorum
2825 5197 3345 5267 impraesentiarum
3390 5212 3507 5253 non
3553 5206 3656 5265 est,

1949 5288 2090 5359 quia
2110 5302 2227 5343 non
2258 5286 2472 5343 habent
2502 5286 2595 5342 hic
2625 5294 2951 5343 manentem
2984 5286 3272 5342 civitatem
3306 5285 3505 5357 (Hebr.
3535 5301 3656 5354 xm,

1955 5376 2062 5446 14),
2112 5375 2210 5431 sed
2258 5375 2469 5443 locum,
2511 5389 2629 5445 quo
2669 5374 2777 5445 ipsi
2827 5374 2929 5446 qui
2978 5388 3192 5431 aurum
3237 5388 3359 5430 esse
3399 5374 3662 5447 delegere

1951 5468 2297 5535 metientur,
2351 5474 2406 5524 et
2467 5466 2565 5523 ubi
2627 5466 2915 5537 pressaris
2980 5466 3434 5534 contunduntur,
3494 5467 3660 5523 utin

1950 5555 2229 5627 templum
2273 5555 2446 5628 Regis
2503 5554 2628 5613 sine
2683 5555 2869 5613 securi
2923 5562 2979 5613 et
3023 5555 3231 5612 malleo
3281 5563 3664 5612 exstruantur

1957 5646 2061 5714 (ιιι
2109 5648 2241 5713 Reg.
2292 5662 2368 5713 vi,
2418 5644 2493 5717 7).
2544 5645 2795 5714 Tempus
2846 5659 2980 5702 vero
3044 5658 3467 5715 perversurum,
3519 5644 3660 5700 dum
