3966 6476
293 363 366 418 47
1203 358 1264 412 ν.
1305 358 1638 415 GUIBERTI
1678 355 1968 414 ABBATIS
2005 356 2064 412 S.
2106 355 2348 412 MANE
2389 355 2476 412 DE
2519 355 2907 413 NOVIGENTO
3750 359 3834 412 48

297 497 392 553 hic
443 503 642 567 agunt,
698 509 926 566 semper
957 495 1016 550 in
1063 502 1332 566 promptu
1371 501 1476 562 est,
1526 493 1664 565 quia
1689 509 1795 550 nec
1835 493 1990 549 deest
2021 493 2069 546 Α
2108 495 2422 549 instruunt.
2469 493 2592 548 Non
2623 491 2776 548 enim
2827 507 3030 549 sumus
3077 493 3258 550 noctis
3313 508 3502 566 neque
3542 495 3832 552 tenebra-

299 585 452 641 unde
483 585 803 641 transitorie
855 583 1127 640 honorari
1189 591 1444 651 possunt,
1489 583 1533 639 si
1585 583 1815 639 fortuna
1845 582 1990 638 arri-

297 674 455 738 serit,
487 688 592 730 nec
639 673 956 730 honoribus
1005 673 1106 742 ipsi
1154 673 1382 728 desunt.
1425 673 1490 728 In
1537 672 1686 728 malo
1712 681 1902 729 autem
1937 677 1994 726 et

299 761 358 817 in
389 761 537 816 bono
584 775 794 816 nomen
847 760 1114 829 temporis
1154 759 1286 830 poni
1333 761 1490 827 solet,
1522 767 1578 815 et
1609 759 1784 828 vulgo
1820 759 1992 814 etiam

298 849 408 904 dici
439 849 774 920 quibusque
805 848 1022 918 quibus
1051 855 1186 904 sunt
1233 848 1385 904 mala
1430 856 1782 912 proventura
1811 847 1994 902 felici-

298 937 428 993 bus.
485 937 601 994 Vos
661 936 964 1004 habebitis,
1042 936 1338 1006 inquiunt,
1415 944 1639 1006 tempus
1690 943 1991 1003 vestrum;

300 1026 454 1081 unde
510 1025 570 1081 in
625 1024 881 1094 psalmo:
943 1027 1013 1079 Et
1070 1023 1175 1078 erit
1227 1029 1436 1094 tempus
1489 1040 1670 1078 eorum
1704 1027 1763 1078 in
1799 1025 1995 1078 saecula

301 1114 466 1184 (Psal.
516 1129 674 1177 Lxxx,
729 1113 831 1180 l6).
909 1113 1012 1168 Hic
1070 1113 1285 1182 gloria,
1365 1112 1477 1168 illic
1539 1111 1795 1168 habituri
1860 1119 1996 1168 sunt

301 1208 524 1270 tempus
573 1200 834 1256 miseria.
885 1201 1134 1270 Tempus
1181 1208 1373 1256 autem
1421 1209 1543 1270 post
1584 1200 1752 1256 linem
1801 1199 1994 1256 saculi

301 1287 480 1356 hujus
509 1302 624 1344 non
651 1295 753 1352 est,
795 1287 966 1359 juxta
1015 1289 1155 1344 illud
1189 1289 1246 1344 in
1286 1289 1620 1358 Apocalysi:
1666 1289 1737 1344 Et
1773 1297 1996 1358 tempus

301 1375 455 1432 ultra
500 1389 615 1431 non
648 1375 756 1431 erit
804 1378 999 1445 (Apoc.
1039 1392 1124 1443 1.x,
1159 1376 1263 1446 16).
1315 1377 1421 1432 Sed
1456 1384 1681 1446 tempus
1725 1386 1779 1434 et
1809 1391 1998 1434 sacu-

301 1463 418 1520 lum
456 1463 723 1520 unimode
755 1465 893 1520 solet
943 1465 1074 1534 poni
1109 1479 1212 1535 pro
1241 1479 1306 1520 eo
1355 1465 1512 1536 quod
1553 1474 1638 1522 est
1665 1465 1802 1522 vita.
1839 1467 1999 1523 Unde

299 1551 632 1621 apostolus:
682 1553 1022 1607 Ambulastis
1064 1553 1364 1620 aliquando
1410 1553 1702 1608 secundum
1747 1557 1998 1609 saculum

299 1640 492 1693 mundi
520 1640 683 1707 hujus
714 1641 928 1708 (Ep/tes.
971 1655 1030 1703 η,
1061 1641 1134 1707 2).
1177 1639 1242 1694 In
1292 1640 1508 1709 psalmo
1549 1642 1720 1696 etiam
1752 1643 1992 1706 dicitur:

301 1728 538 1781 Posuisti
603 1727 854 1780 saculum
883 1733 1127 1782 nostrum
1172 1730 1231 1780 in
1267 1729 1664 1783 illuminatione
1683 1731 1863 1784 vultus
1915 1727 2001 1784 tui

2101 595 2252 648 rum,
2285 581 2381 637 sed
2411 581 2522 638 diei
2553 595 2619 636 ac
2650 580 2885 638 luminis
2913 583 2964 649 (ι
3006 583 3182 636 Thess.
3221 599 3274 649 ν,
3321 584 3396 652 5).

2173 669 2340 725 Vens.
2396 672 2480 724 19.
2534 700 2602 709 -
2645 673 2715 725 Et
2757 672 2968 736 factum
3026 676 3104 724 est
3150 686 3363 740 vespere
3414 676 3464 726 et
3501 687 3662 726 mane
3689 671 3827 725 dies

2101 764 2355 827 quartus.
2408 758 2474 814 In
2520 773 2586 813 eo
2629 758 2784 828 quod
2834 758 3203 828 pramittitur
3255 766 3311 814 et
3358 773 3507 830 sape
3549 759 3822 816 dicitur:

2112 847 2263 901 Vidit
2288 849 2424 901 Deus
2461 846 2606 916 quod
2634 852 2768 902 esset
2803 848 3016 914 bonum,
3068 847 3194 902 licet
3242 847 3411 916 plura
3461 847 3823 911 dixerimus,

2103 934 2157 990 id
2189 935 2473 1005 pracipue
2497 937 2715 1008 [notare
2753 934 3044 1002 debemus,
3094 935 3248 1005 quod
3296 935 3436 991 dum
3477 949 3721 992 suorum
3755 937 3823 990 in

2103 1021 2266 1078 nobis
2324 1036 2634 1078 munerum
2691 1023 2842 1078 Deus
2906 1023 3260 1078 incrementa
3359 1023 3625 1094 largitur,
3671 1031 3730 1079 et
3785 1037 3826 1078 a

2103 1111 2269 1165 nobis
2324 1117 2555 1166 econtra
2609 1119 2858 1181 quantos
2911 1125 3014 1165 nos
3062 1110 3131 1166 de
3189 1125 3365 1182 quam
3408 1111 3582 1167 nullis
3615 1111 3826 1167 fecerit

2103 1197 2399 1268 aspicitur,
2447 1199 2703 1254 maxima
2763 1198 2822 1254 in
2867 1199 3156 1255 mentibus
3197 1199 3409 1255 nostris
3461 1200 3823 1256 humilitatis

2104 1301 2332 1342 summa
2397 1295 2724 1357 generatur.
2785 1287 2949 1344 Videt
3007 1289 3147 1342 Deus
3229 1289 3376 1358 quod
3455 1289 3650 1344 bonum
3708 1289 3818 1356 sit,

2105 1375 2340 1444 quando
2379 1375 2520 1445 quid
2563 1374 2778 1430 fuimus
2819 1383 2875 1432 et
2918 1375 3060 1446 quid
3107 1376 3312 1443 simus,
3357 1391 3460 1432 nos
3509 1377 3824 1434 humiliter

2105 1463 2397 1519 attendere
2437 1463 2590 1519 facit.
2628 1465 2696 1519 Et
2725 1477 2798 1519 ex
2824 1464 2947 1534 ipsa
2975 1465 3146 1534 capti
3174 1465 3306 1520 boni
3347 1465 3820 1522 consideratione

2105 1551 2366 1606 animum
2412 1559 2672 1607 nostrum
2721 1551 2789 1606 ad
2837 1551 3073 1607 meliora
3118 1552 3432 1608 succendit.
3469 1553 3630 1610 Unde
3671 1567 3814 1609 cum

2106 1639 2376 1710 Apostolo
2413 1655 2518 1696 nos
2565 1640 2714 1710 cogit
2753 1641 2983 1696 dicere:
3031 1643 3234 1696 Gratia
3281 1643 3374 1695 Dei
3409 1657 3527 1695 sum
3567 1641 3633 1696 id
3663 1641 3822 1710 quod

2105 1744 2225 1784 sum
2253 1731 2319 1794 ‘(1
2375 1730 2505 1783 Cor.
2593 1745 2681 1794 xv,
2759 1731 2864 1796 10).
2947 1729 3075 1784 Dies
3140 1737 3406 1799 quartus,
3484 1729 3818 1800 gratiarum

302 1815 472 1880 (Psal.
525 1829 740 1879 Lxxxtx,
792 1815 866 1882 8),
921 1815 975 1869 id
1032 1823 1115 1870 est
1157 1815 1332 1870 vitam
1387 1824 1662 1872 nostram.
1714 1819 1998 1875 Usualiter
2031 1789 2070 1844 Β
2107 1789 2497 1884 spiritualium
2559 1789 2772 1870 scilicet
2817 1789 3088 1870 fortitudo
3144 1789 3360 1885 gradus
3393 1789 3516 1870 est“
3537 1825 3815 1886 quartus.

299 1903 470 1958 etiam
501 1902 570 1958 de
599 1903 795 1972 aliquo
821 1903 1100 1958 dicimus:
1133 1903 1344 1960 Malum
1384 1904 1659 1960 saculum
1693 1906 1850 1962 ducit
1880 1907 1994 1963 ille.

302 1991 408 2046 Per
440 1991 547 2046 hoc
579 1991 759 2060 igitur
786 1992 940 2061 quod
989 1992 1248 2048 Christus
1297 1993 1354 2048 in
1401 1993 1606 2049 diebus
1647 1996 1840 2050 carnis
1858 1997 1996 2063 fsua

302 2079 512 2150 probra
555 2079 746 2149 potius
801 2081 1039 2150 appetiit
1095 2096 1272 2152 quam
1346 2083 1607 2150 honores,
1648 2091 1704 2140 et
1746 2084 1992 2140 Ecclesia

301 2168 493 2224 adhuc
521 2175 720 2238 sponte
773 2176 1168 2238 paupertatem
1198 2170 1394 2227 tolerat
1417 2179 1470 2227 et
1503 2171 1742 2234 labores,
1765 2173 1996 2243 signum

301 2263 386 2312 est
423 2255 576 2326 quod
624 2255 680 2310 in
720 2255 811 2311 his
859 2257 1267 2326 temporalibus
1306 2259 1469 2314 bonis
1526 2259 1709 2316 noluit
1751 2261 1998 2331 deﬁgere

302 2353 540 2412 mentes,
617 2345 713 2400 scd
795 2345 866 2402 ad
935 2345 1134 2402 futura
1173 2361 1233 2401 se
1284 2347 1622 2414 extendunt,
1663 2361 1796 2418 qua
1847 2354 1997 2404 retro

301 2441 438 2490 sunt
477 2432 878 2490 oblivisceutes
927 2434 1148 2505 (Philip.
1201 2451 1280 2503 ιιι,
1332 2437 1436 2503 13),
1487 2450 1739 2507 quorum
1786 2444 1840 2492 et
1871 2434 1997 2492 ﬁeri

300 2528 497 2591 utpote
555 2527 904 2578 aternorum
976 2522 1332 2579 delectantur
1401 2530 1456 2579 et
1516 2532 1800 2580 conantur
1872 2524 1996 2580 ha-

303 2609 487 2664 redes.

371 2697 452 2752 Et
505 2697 642 2762 dies,
713 2703 764 2752 et
818 2713 1007 2754 annos.
1068 2698 1195 2755 Dies
1267 2707 1403 2756 sunt
1453 2699 1696 2770 singula
1748 2714 1996 2771 quaque

301 2783 544 2842 virtutes
607 2800 738 2856 qua
789 2801 890 2857 per
936 2787 1451 2844 manifestationem
1498 2788 1736 2858 spiritus
1782 2787 1999 2844 dantur

301 2873 374 2929 ad
434 2874 760 2941 utilitatem,
815 2891 930 2930 non
997 2876 1164 2932 modo
1227 2890 1438 2948 genera
1507 2876 1860 2947 linguarum,
1907 2875 1994 2932 vel

300 2962 690 3034 interpretatio
737 2979 1090 3032 sermonum,
1138 2966 1256 3033 sed,
1307 2965 1463 3036 quod
1541 2965 1837 3022 salubrius
1890 2974 1993 3034 est,

302 3049 594 3120 patientia,
655 3052 979 3123 benignitas
1007 3095 1024 3116 ,

300 3137 550 3194 castitas.
585 3139 688 3204 Qui
722 3139 932 3196 harum
984 3141 1302 3212 quamlibet
1349 3140 1555 3212 attigit,
1604 3141 1752 3197 diem
1785 3141 1993 3209 habet;

300 3225 403 3296 qui
456 3241 591 3282 vero
632 3227 893 3284 omnium
944 3228 1346 3299 perfectionem
1396 3229 1684 3296 habuerit,
1732 3229 1888 3298 quod
1938 3230 1996 3285 in

300 3313 622 3384 apostolicis
681 3315 822 3371 viris
878 3315 1053 3373 fuisse
1101 3331 1214 3372 non
1266 3316 1664 3384 discredimus,
1732 3317 1998 3387 quandiu

298 3401 470 3456 etiam
525 3415 776 3472 prasens
826 3401 1060 3460 durabit
1107 3403 1404 3470 saculum,
1449 3404 1551 3460 etsi
1601 3417 1766 3460 raros
1807 3404 2000 3461 admo-

299 3487 440 3544 dum
479 3489 657 3560 tales;
690 3498 880 3546 tamen
927 3490 1151 3560 aliquos
1179 3505 1294 3547 non
1332 3491 1630 3548 defuturos
1659 3506 1993 3562 speramus:

301 3583 403 3631 aut
433 3577 546 3646 ipse
573 3583 655 3633 est
694 3591 906 3644 annus,
957 3578 1047 3634 vel
1096 3579 1286 3648 potius
1332 3580 1501 3636 habet
1545 3593 1786 3636 annum.
1840 3581 1998 3638 Sicut

300 3676 556 3734 namque
595 3679 669 3721 ex
713 3665 912 3722 multis
953 3667 1158 3724 diebus
1196 3682 1406 3735 annus,
1452 3669 1530 3724 ita
1573 3683 1648 3726 ex
1691 3669 1997 3740 multiplici

299 3750 583 3807 virtutum
640 3752 858 3808 lumine
904 3754 996 3811 vir
1051 3754 1292 3826 quilibet
1337 3755 1694 3828 dignoscitur
1736 3766 1997 3814 constare

300 3837 602 3908 perfectus.
647 3839 906 3897 Concinit
953 3841 1091 3898 huic
1137 3843 1335 3900 sensui
1382 3845 1537 3914 quod
1584 3845 1702 3901 lilia
1746 3845 1848 3902 Job
1877 3845 1999 3902 dies

300 3933 561 3994 vocatur,
625 3933 682 3983 et
725 3928 829 3984 Job
878 3929 995 4000 ipse
1060 3931 1259 4001 plenus
1279 3931 1522 3996 .dierum
1566 3933 1751 3990 obisse
1800 3933 1996 4004 perbi-

301 4012 488 4069 betur.

371 4101 540 4158 Vsns.
577 4106 660 4158 l6.
697 4133 770 4146 —
803 4108 1050 4176 Fecitque
1099 4111 1235 4164 Deus
1285 4108 1392 4164 duo
1421 4110 1719 4166 luminaria
1758 4127 1991 4178 magna:

300 4190 568 4245 luminare
596 4197 792 4260 maius,
842 4201 902 4250 ut
941 4201 1200 4264 praeesset
1245 4196 1373 4265 diei,
1427 4203 1477 4253 et
1525 4199 1790 4254 luminare
1817 4201 1996 4254 minus

297 4283 359 4332 ut
421 4288 675 4350 praesset
745 4286 908 4342 nocti.
969 4289 1024 4338 et
1088 4286 1292 4340 stellas.
1365 4285 1523 4342 Facit
1588 4287 1784 4358 itaque
1845 4287 1997 4343 Deus

299 4365 569 4420 luminare
669 4370 870 4437 majus,
967 4369 1123 4439 quod

299 4452 555 4510 Verbum
606 4469 740 4511 caro
792 4455 1008 4513 factum
1051 4458 1140 4514 sui
1199 4459 1523 4530 cognitione
1587 4460 1838 4517 illustrat
1887 4462 1999 4516 Ec-

297 4540 550 4608 clesiam,
581 4549 636 4597 et
677 4543 930 4600 Ecclesia
958 4546 1047 4601 sui
1081 4547 1348 4616 exemplo
1377 4555 1432 4602 et
1473 4547 1734 4603 doctrina
1784 4547 2000 4603 illumi-

299 4636 401 4684 nat
449 4636 680 4697 terram,
731 4631 787 4687 id
835 4641 939 4700 est,
1001 4639 1362 4691 terrenarum
1409 4643 1620 4692 terram
1675 4635 1997 4692 amantium

299 4717 728 4775 conscientiam.
781 4721 861 4774 Et
891 4723 1094 4777 stellas.

372 4805 537 4862 Vens.
595 4809 658 4861 l7
702 4815 758 4864 ct
806 4811 888 4864 l8.
955 4838 1029 4851 —
1071 4813 1140 4865 Et
1185 4813 1368 4879 posuit
1411 4826 1500 4866 eas
1563 4815 1619 4865 in
1655 4811 1997 4882 ﬁrmamento

297 4895 434 4960 cali,
463 4900 523 4948 ut
558 4902 850 4965 praessent
887 4896 1000 4950 diei
1030 4913 1093 4952 ac
1139 4901 1302 4952 nocti.
1347 4900 1707 4954 Firmamento
1752 4901 1886 4969 cali,
1940 4901 1996 4958 id

296 4988 381 5038 est
408 4981 610 5038 virtuti
659 4984 838 5040 animi
887 4985 1094 5041 debent
1144 4986 1423 5056 impressa
1461 5001 1575 5044 non
1614 4987 1798 5044 solum
1828 4988 1992 5044 Chri-

297 5077 438 5138 stus,
504 5069 600 5126 sed
647 5079 702 5127 et
768 5071 1036 5128 Ecclesia
1113 5073 1460 5131 universalis
1535 5075 1857 5142 concordia,
1934 5077 1994 5132 in

297 5171 417 5228 qua
461 5165 596 5214 sunt
657 5158 820 5215 alteri
879 5160 1195 5218 alterorum
1255 5161 1548 5233 tuembra;
1637 5177 1742 5220 nec
1805 5163 1992 5220 solum

296 5244 645 5302 attendeuda
685 5246 1138 5305 universalitatis
1169 5250 1464 5318 sanctitas,
1513 5251 1611 5307 sed
1645 5259 1700 5308 et
1741 5251 1996 5323 singulo-

295 5345 448 5398 rum,
481 5333 582 5402 qui
613 5347 716 5403 per
737 5335 929 5391 stellas
968 5335 1296 5407 ﬁgurantur
1343 5339 1692 5410 pervidenda
1719 5339 1990 5409 simplici-

296 5425 404 5475 tas.
437 5418 574 5486 Qua
608 5430 866 5492 prasunt
894 5423 1008 5478 diei
1038 5439 1100 5479 ac
1140 5427 1302 5494 nocti,
1336 5427 1476 5496 quia
1521 5433 1578 5482 et
1606 5425 1678 5482 ad
1707 5426 1992 5482 virtutum

296 5509 558 5564 custodia
601 5524 706 5565 nos
787 5512 1080 5580 muniunt,
1145 5521 1200 5570 et
1256 5515 1326 5570 de
1389 5514 1616 5571 cautela
1695 5513 1991 5577 vitiorum,

295 5595 570 5653 doctrina
595 5611 661 5654 ac
701 5599 1046 5670 operationis
1085 5601 1340 5671 ipsorum
1387 5601 1843 5658 consideratione
1891 5614 1995 5656 nos

1101 3053 1512 3120 misericordia,
1588 3053 1860 3120 charitas,
1941 3061 2068 3139 etc

2103 1903 2250 1969 Quid
2297 1903 2450 1959 enim
2497 1905 2684 1972 magis
2746 1903 3004 1959 animant
3049 1903 3298 1970 roborat,
3361 1904 3514 1959 unde
3555 1904 3822 1974 amplius

2107 1991 2382 2047 fortitudo
2412 1992 2674 2047 nutritur
2709 2005 2884 2062 quam
2934 2005 3067 2046 cum
3117 1992 3312 2062 ipsum
3357 1991 3538 2047 Deum
3579 1992 3820 2047 electos-

2105 2095 2220 2150 que
2267 2080 2395 2150 ejus
2473 2081 2825 2136 attendimus
2885 2093 3159 2151 prospera
3219 2081 3528 2151 despicere,
3600 2081 3814 2137 mundi

2105 2169 2349 2224 adversa
2391 2182 2688 2239 nusquam
2729 2169 3082 2224 formidare?
3128 2170 3287 2233 Quod
3331 2169 3377 2224 si
3429 2177 3594 2226 extra
3643 2170 3818 2226 disci-

2107 2257 2321 2327 plinam
2345 2270 2568 2320 sumus,
2603 2265 2656 2313 et
2685 2271 2817 2313 cum
2843 2257 3172 2314 hominibus
3198 2257 3472 2328 ﬂagellari
3507 2257 3812 2327 nolumus,

2103 2344 2347 2400 adulteri
2412 2352 2469 2400 et
2549 2359 2664 2401 non
2732 2344 2834 2400 filii
2922 2359 3146 2401 sumus.
3245 2345 3540 2401 Fortitudo
3623 2345 3814 2415 igitur

2104 2448 2318 2502 vespere
2381 2439 2431 2488 et
2497 2449 2654 2488 mane
2729 2433 2786 2489 in
2838 2433 3097 2489 adversis
3168 2440 3223 2490 et
3286 2433 3555 2504 jocundis
3627 2438 3814 2491 tantis

2105 2521 2348 2592 pullulet
2369 2521 2438 2578 de
2486 2522 2781 2592 exemplis,
2828 2529 2883 2578 et
2923 2521 3199 2578 mentium
3244 2530 3573 2578 nostrarum
3619 2522 3810 2593 vigori

2107 2623 2207 2680 per
2281 2611 2402 2666 hac
2476 2610 2697 2667 fortiter
2777 2610 3026 2666 excitato
3111 2609 3320 2666 fastidii
3389 2609 3576 2665 omnis
3639 2609 3810 2664 cedat

2104 2699 2441 2754 obscuritas.

2177 2787 2360 2842 Potest
2401 2795 2458 2842 et
2511 2801 2610 2856 per
2655 2788 2922 2842 luminare
2951 2787 3129 2856 majus
3180 2786 3346 2853 ratio,
3397 2799 3497 2856 per
3533 2785 3810 2840 luminare

2104 2876 2282 2930 minus
2330 2875 2616 2938 voluntas,
2663 2891 2766 2946 per
2815 2883 3024 2932 terram
3073 2874 3322 2931 carnalis
3355 2872 3594 2930 affectus
3631 2871 3814 2928 intel-

2105 2963 2223 3034 ligi.
2261 2963 2417 3020 Sicut
2462 2966 2615 3020 enim
2665 2977 2696 3019 a
2747 2964 2862 3020 solo
2899 2963 3041 3020 luna
3091 2964 3430 3030 illustratur,
3479 2969 3534 3018 et
3581 2974 3617 3016 a
3665 2959 3812 3017 luna

2107 3060 2278 3118 terra,
2342 3052 2424 3108 sic
2480 3053 2752 3108 voluntas
2819 3059 3015 3107 nostra
3083 3065 3322 3121 prorsus
3400 3049 3812 3120 comparabilis

2107 3137 2277 3205 luna,
2312 3137 2452 3208 quia
2497 3153 2806 3208 nunquam
2852 3137 2908 3193 in
2957 3138 3155 3194 eodem
3205 3145 3359 3194 statu
3404 3144 3720 3208 permanet,
3749 3144 3810 3193 et

2104 3241 2252 3297 sape
2324 3226 2531 3294 deficit,
2599 3227 2709 3282 nisi
2791 3241 2826 3282 a
2889 3227 3109 3283 ratione
3193 3226 3322 3282 forti
3413 3225 3809 3282 moderamine

2105 3323 2361 3386 regatur.
2431 3316 2503 3371 ad
2589 3330 2930 3372 consensum
3011 3315 3260 3370 carnalis
3324 3315 3631 3385 appetitus,
3699 3313 3804 3384 qui

2103 3417 2326 3474 semper
2368 3405 2634 3461 sordibus
2695 3405 2896 3471 inhiat,
2947 3403 3287 3460 creberrime
3338 3403 3661 3459 deducitur.
3695 3403 3805 3459 Sed

2104 3493 2245 3564 quia
2287 3493 2436 3549 sicut
2480 3507 2515 3548 a
2584 3501 2742 3564 patre
2790 3492 2944 3548 filius
2990 3505 3024 3548 a
3092 3491 3475 3562 parasitarum
3535 3491 3806 3548 societate

2104 3579 2491 3651 restringitur,
2539 3580 2616 3636 ita
2659 3580 2756 3637 illa
2798 3581 3026 3650 spiritui
3067 3594 3267 3651 parere
3313 3577 3697 3648 compellitur,
3740 3577 3806 3634 fit

2104 3668 2236 3724 inde
2291 3675 2352 3724 ut
2405 3668 2595 3738 ipsum
2667 3669 2857 3725 carnis
2917 3677 3137 3724 motum
3189 3675 3245 3723 et
3320 3667 3444 3736 ipsa
3501 3665 3806 3736 compellat

2103 3763 2392 3827 quatenus
2428 3755 2534 3812 sibi
2585 3755 2912 3812 famuletur.
2953 3756 3085 3811 Hac
3109 3756 3299 3826 itaque
3342 3753 3609 3810 ordinata
3633 3753 3806 3808 modo

2103 3859 2220 3915 quo
2299 3844 2576 3914 diximus,
2631 3845 2843 3900 scilicet
2901 3845 3200 3900 voluntate
3275 3843 3424 3898 facta
3492 3841 3806 3911 appendice

2105 3931 2363 3999 rationis,
2394 3940 2449 3989 et
2495 3933 2712 3989 carnali
2760 3931 2967 3989 affectu
2999 3932 3180 4002 posito
3219 3931 3328 3987 sub
3373 3931 3611 4000 imperio
3631 3931 3805 4000 justa

2102 4021 2435 4089 voluntatis,
2490 4036 2714 4078 necesse
2755 4029 2839 4077 est
2904 4028 2968 4077 ut
3017 4020 3139 4076 hac
3185 4033 3318 4076 cum
3366 4017 3562 4085 stellis,
3615 4017 3669 4072 id
3719 4025 3807 4073 est

2102 4123 2234 4166 cum
2311 4110 2572 4166 omnium
2645 4118 2975 4166 nostrarum
3034 4108 3293 4164 claritate
3355 4112 3448 4162 Is
3519 4106 3804 4162 virtutum

2103 4196 2419 4268 afﬁgantur
2495 4197 2859 4254 firmamento
2931 4196 3078 4264 caeli,
3163 4203 3218 4252 et
3265 4194 3548 4260 videlicet,
3633 4194 3805 4264 cujus

2103 4285 2308 4352 Verbo,
2344 4286 2458 4341 imo
2505 4299 2606 4356 per
2649 4300 2822 4356 quem
2871 4284 3127 4342 Verbum
3172 4282 3281 4353 ipsi
3321 4281 3453 4339 facti
3483 4286 3539 4338 et
3589 4281 3801 4337 firmati

1215 4371 1506 4428 illuminat
1591 4375 1791 4438 minus,
1855 4373 1995 4442 quia
2025 4381 2067 4434 D
2105 4382 2242 4430 sunt
2293 4375 2438 4440 cali,
2479 4383 2534 4432 et
2581 4390 2826 4446 quorum
2883 4377 3071 4432 virtus
3115 4381 3199 4429 est
3267 4372 3486 4442 Spiritu
3528 4375 3654 4442 ejus
3686 4371 3803 4426 oris

2107 4463 2279 4527 (Psal.
2318 4479 2490 4532 XXXII,
2521 4465 2586 4526 6).

2177 4550 2342 4607 Vens.
2374 4554 2462 4606 20.
2498 4581 2566 4591 —
2611 4551 2775 4606 Dixit
2813 4566 3023 4620 quoque
3073 4551 3254 4604 Deus:
3299 4547 3616 4602 Producunt
3645 4561 3802 4616 aqua

2106 4639 2298 4708 reptile
2341 4641 2538 4694 anima
2591 4641 2821 4693 viventis
2870 4645 2918 4693 et
2964 4639 3184 4694 volatile
3243 4653 3406 4702 super
3456 4641 3657 4690 terram
3701 4635 3802 4690 sub

2103 4725 2444 4796 ﬁrmamento
2502 4729 2639 4782 cali.
2712 4726 2856 4791 Quid
2933 4741 3034 4796 per
3095 4728 3309 4795 reptile,
3384 4725 3494 4780 nisi
3573 4723 3802 4780 subtilis

2104 4815 2371 4870 alacritas
2423 4815 2755 4871 animorum
2785 4815 2858 4870 ad
2904 4815 3303 4886 intelligendas
3335 4822 3390 4870 et
3420 4812 3801 4882 penetrandas

2104 4901 2479 4960 obscuritates
2542 4901 2873 4958 divinorum
2949 4902 3290 4958 librorum?
3358 4902 3528 4971 Aqua
3605 4907 3798 4956 autem

2101 4988 2313 5044 divin-ae
2402 4990 2652 5046 scientia
2727 4991 2888 5060 copia
2971 4998 3103 5047 est:
3179 4989 3513 5052 Emtendens,
3587 4987 3794 5057 inquit,

2100 5078 2294 5134 calum
2349 5083 2412 5131 ut
2463 5079 2671 5147 pellem,
2723 5081 2820 5146 qui
2863 5080 2999 5146 tegis
3054 5080 3215 5148 aquis
3281 5078 3457 5142 (Psal.
3493 5091 3605 5143 cm,
3641 5077 3714 5140 3).
3743 5082 3797 5130 et

2100 5173 2344 5234 catera;
2402 5174 2458 5221 et
2507 5165 2648 5222 illud
2712 5166 2772 5222 in
2828 5166 2982 5222 bono
3050 5167 3290 5237 intelligi
3350 5172 3562 5236 potest:
3621 5165 3796 5218 Pisces

2099 5254 2270 5306 maris
2320 5255 2420 5322 qui
2461 5254 2846 5324 perambulant
2869 5257 3090 5309 semitas
3131 5256 3304 5309 maris
3348 5253 3518 5322 (Psal.
3568 5268 3688 5318 sui,
3723 5254 3794 5318 9).

2103 5339 2434 5396 Producunt
2463 5354 2630 5411 aqua
2675 5341 2918 5410 reptilia,
2951 5355 3082 5396 cum
3115 5354 3292 5396 sacra
3335 5339 3644 5410 Scriptura
3687 5353 3798 5396 usu

2101 5441 2208 5482 suo
2254 5427 2429 5483 corda
2466 5437 2661 5484 nostra
2696 5429 2946 5485 reddunt
2991 5429 3066 5484 ad
3128 5428 3532 5498 reperiendum
3579 5428 3796 5484 acutis-

2101 5513 2266 5580 sima,
2293 5521 2349 5569 et
2392 5514 2463 5570 ad
2499 5514 2882 5571 exolvendum
2927 5515 3244 5582 celerrima,
3298 5516 3354 5570 in
3390 5514 3606 5585 quibus
3633 5514 3796 5584 quasi

2103 5614 2491 5670 procreamur,
2525 5608 2580 5656 et
2614 5603 2670 5657 in
2725 5615 2927 5658 earum
2983 5610 3255 5658 naturam
3294 5601 3691 5658 convertimur
3737 5601 3796 5658 in
