3966 6430
82 426 141 478 it)
1288 424 1653 482 MORALIUM
1696 424 1771 482 IN
1810 426 2120 484 GENESIN
2161 427 2293 484 LIB.
2338 428 2381 481 l.
3537 437 3604 490 30

78 563 316 622 tantum,
370 562 436 610 ut
468 555 596 610 sine
648 554 737 609 his
770 554 985 620 vivere,
1028 554 1107 609 nil
1140 562 1348 624 praeter
1391 555 1497 610 has
1542 564 1776 627 gratum
1804 562 1849 612 Α
1890 558 2064 613 nimis
2118 558 2303 614 ardua
2347 560 2758 629 praesumptive
2810 560 3001 633 erigit.
3053 562 3127 618 ad
3176 564 3599 633 phantasticam

79 643 322 715 cogitare
405 644 713 713 possimus.
797 641 946 710 Quid
1013 642 1164 698 enim
1234 642 1565 714 indignius,
1642 645 1786 715 quid

83 732 371 789 molestius
426 732 639 787 animae
670 731 908 798 viventi,
944 737 1008 787 ut
1052 732 1371 787 secundum
1425 740 1646 790 textum
1697 734 1785 791 lo-

82 835 245 892 quar,
277 829 332 877 et
362 820 433 875 de
466 820 710 876 mortuis
739 834 886 891 quos
930 818 1233 876 saecularia
1260 830 1506 890 pascunt
1545 829 1784 888 taceam,

82 924 253 982 quam
284 925 317 965 a
348 909 551 964 divina
603 908 841 964 lectione
882 922 1108 976 vacare,
1155 916 1209 963 et
1262 909 1413 964 diem
1441 910 1563 966 sine
1610 912 1784 968 studii

85 999 273 1055 fructu
320 998 644 1069 transigere
665 996 692 1051 ?
722 997 868 1053 Sunt
902 996 1080 1068 igitur
1126 998 1351 1067 reptilia
1383 998 1654 1065 viventia,
1684 1001 1785 1071 qui

86 1088 216 1144 huic
278 1094 495 1142 sanctas
543 1086 795 1142 scientiae
853 1086 1022 1157 quasi
1072 1087 1241 1143 undae
1292 1087 1615 1157 purissimas
1680 1104 1788 1146 sua

89 1177 438 1247 immergunt
480 1183 725 1246 pectora.
760 1175 1010 1231 Scientia
1050 1184 1244 1232 autem
1293 1177 1474 1233 estde
1506 1179 1782 1247 moribus,

84 1273 133 1322 et
163 1265 230 1321 de
274 1265 363 1321 his
397 1280 526 1336 quae
574 1264 633 1322 in
666 1265 869 1322 usibus
918 1272 1178 1336 aguntur
1233 1265 1505 1321 humanis
1534 1267 1787 1337 qualiter

88 1355 199 1410 fieri
238 1353 487 1409 debeant
551 1354 784 1410 honeste
833 1360 1098 1422 tractare,
1157 1354 1446 1411 eteadem
1497 1355 1789 1425 proximos

87 1443 336 1498 edocere.

158 1527 392 1583 Volatite
460 1542 597 1584 vero
656 1543 818 1598 super
885 1533 1088 1583 terram
1158 1543 1253 1585 eos
1313 1529 1415 1599 qui
1491 1530 1785 1601 sapientiae

85 1618 309 1673 student
350 1624 407 1673 et
451 1617 951 1687 contemplationis
980 1618 1319 1673 excellentia
1375 1620 1617 1675 terrenis
1655 1635 1784 1675 om-

87 1708 249 1764 nibus
277 1705 716 1777 supereminent
763 1706 1155 1777 intelligimus.
1205 1706 1558 1777 Sapientiam
1590 1717 1783 1764 autem

86 1795 386 1851 deﬁnimus
417 1795 477 1850 in
526 1793 850 1866 cognitione
894 1802 1264 1863 aeternorum,
1296 1795 1357 1851 in
1403 1796 1783 1869 intelligentia

88 1885 216 1954 Dei;
260 1865 800 1954 contemplationem
848 1897 987 1940 vero
1033 1884 1294 1940 bifariam
1341 1865 1614 1953 dicimus,
1640 1885 1781 1942 dum
1815 1865 1855 1919 Β

88 1973 288 2029 scilicet
371 1980 582 2043 argute
644 1972 999 2028 intendimus
1063 1972 1213 2029 inter
1278 1987 1415 2029 vera
1481 1981 1535 2029 et
1598 1972 1779 2042 falsa,

90 2062 321 2118 virtutes
354 2075 423 2117 ac
455 2061 616 2129 vitia,
648 2061 816 2118 utilia
852 2069 907 2117 et
938 2061 1188 2129 inutilia,
1217 2068 1272 2118 et
1304 2060 1361 2117 in
1393 2062 1784 2132 speculatione

90 2150 290 2207 divinae.
339 2149 660 2221 maiestatis
682 2154 738 2206 et
780 2149 997 2205 civium
1043 2164 1425 2220 supernorum
1467 2152 1682 2222 gloriae.
1716 2152 1781 2208 lli

92 2239 181 2309 qui
251 2239 392 2305 istis,
472 2239 938 2309 contemplationi
1013 2239 1273 2295 videlicet
1336 2253 1405 2294 ac
1467 2238 1780 2309 sapientia},

94 2330 221 2385 dant
276 2342 533 2399 operam,
600 2328 748 2384 sicut
814 2328 895 2384 illi
953 2342 1101 2398 quos
1164 2327 1636 2399 przelibavimus,
1679 2329 1782 2399 qui

93 2417 376 2474 scientiam
429 2416 719 2484 affectant,
769 2431 842 2474 ex
910 2417 1101 2489 aquis,
1170 2417 1223 2472 id
1290 2424 1411 2485 est,
1475 2416 1785 2487 Scripturis

93 2507 361 2577 originem
394 2513 661 2572 sumunt,
694 2506 833 2576 quia
862 2505 950 2562 his
979 2505 1247 2562 innutriti
1277 2505 1506 2562 discunt
1533 2505 1784 2576 qualiter

92 2608 142 2650 se
174 2595 227 2651 in
274 2593 673 2666 spiritualium
717 2608 994 2651 sensuum
1024 2592 1496 2665 inquisitionibus
1518 2608 1783 2649 exercere

90 2684 337 2741 debeant.
401 2684 511 2741 Sed
569 2683 696 2740 licet
739 2697 799 2739 se
846 2697 1021 2754 super
1065 2690 1294 2739 terrena
1343 2698 1534 2754 penna
1571 2690 1782 2739 sanctas

88 2772 433 2842 cogitationis
484 2770 748 2838 ellerant,
797 2771 897 2825 sub
925 2770 1273 2841 ﬁrmamento
1310 2778 1504 2828 tamen
1552 2785 1781 2827 necesse

89 2868 161 2915 est
216 2868 277 2917 ut
337 2875 399 2917 se
459 2860 807 2930 deprimant.
863 2860 1320 2917 Firmamentum
1381 2860 1488 2916 hoc
1548 2860 1608 2916 in
1662 2860 1781 2915 loco

94 2956 253 3017 potest
284 2949 528 3020 intelligi
579 2949 767 3005 virtus
803 2948 1083 3020 angelica,
1139 2963 1271 3019 quae
1300 2948 1428 3005 aliis
1474 2949 1780 3005 ruentibus

95 3036 144 3091 in
186 3037 561 3094 beatitudinis
592 3037 722 3094 sede
749 3045 1027 3107 perpetua
1062 3037 1327 3093 firmitate
1355 3037 1633 3093 consistit.
1670 3036 1777 3105 Qui

1895 648 2295 718 cogitationem
2336 647 2695 704 devolvatur.
2741 648 2967 705 Etenim
3012 663 3127 706 non
3175 652 3605 725 imaginationis

1896 736 2178 805 grossitie,
2219 735 2323 793 sed
2361 736 2647 807 spirituali
2694 751 2929 807 prorsus
2975 739 3098 795 acie
3150 740 3300 797 Deus
3345 742 3596 799 videtur.

1898 827 2044 881 Deus
2096 840 2349 896 namque
2396 826 2644 896 Spiritus
2689 834 2792 882 est.
2845 827 3098 884 Verbum
3157 844 3294 901 ergo
3367 844 3601 888 carnem

1895 914 2109 969 factum
2134 914 2609 985 contemplemur,
2660 929 2761 985 per
2792 928 2969 986 quam
3008 916 3258 973 amando
3298 931 3333 973 a
3362 918 3603 974 terrenis

1893 1002 2200 1059 elevemur.

1967 1091 2135 1147 Vens.
2169 1095 2258 1146 2i.
2299 1122 2369 1133 —
2422 1094 2637 1149 Creavit
2667 1094 2807 1147 Deus
2854 1097 2962 1147 cete
2999 1094 3256 1162 grandia,
3304 1100 3355 1149 et
3396 1111 3602 1150 omnem

1893 1180 2135 1233 animam
2193 1182 2457 1233 viventem
2504 1184 2669 1249 atque
2728 1180 3057 1248 motabilem,
3099 1197 3265 1250 quam
3322 1183 3601 1251 produxe~

1892 1273 2021 1322 rant
2085 1282 2249 1337 aqua
2278 1269 2450 1338 juxta
2494 1270 2693 1339 species
2740 1283 2889 1335 suas,
2945 1274 2995 1323 et
3037 1270 3260 1324 volatile
3309 1272 3603 1327 secundum

1893 1371 2059 1425 genus
2088 1372 2264 1412 suum.
2296 1356 2443 1424 Quid
2474 1362 2582 1411 cete
2619 1358 2880 1424 grandia,
2931 1356 3042 1413 nisi
3087 1358 3347 1415 doctores
3394 1359 3602 1415 claris-

1892 1444 2042 1511 simi,
2094 1459 2344 1515 quorum
2404 1445 2779 1515 capacissima
2824 1445 2955 1516 plus
2999 1446 3272 1501 omnibus
3318 1446 3603 1504 miramur

1894 1533 2172 1605 ingenia?
2201 1532 2349 1601 Quid
2380 1534 2764 1603 Augustinus,
2823 1533 2965 1603 quid
3010 1535 3416 1605 Hieronymus,
3457 1537 3601 1606 quid

1893 1621 2143 1692 denique
2222 1621 2534 1692 Gregorius
2603 1621 2713 1676 nisi
2793 1629 3051 1676 monstra
3120 1636 3228 1677 suo
3297 1631 3353 1679 et
3406 1634 3603 1679 nostro

1892 1711 2103 1767 saeculo
2134 1710 2292 1766 fuere
2326 1709 2585 1781 ingentia
2612 1709 2640 1765 i‘
2670 1723 2704 1764 a
2730 1709 2966 1780 quibus,
3004 1717 3067 1765 ut
3099 1708 3351 1766 breviter
3388 1711 3597 1779 dicam,

1893 1812 2008 1854 non
2033 1798 2160 1854 dico
2187 1806 2267 1855 tot
2308 1806 2364 1855 et
2418 1806 2578 1855 tanta
2615 1797 2865 1853 inveniri
2917 1804 2972 1853 et
3022 1798 3225 1863 teneri,
3285 1799 3403 1863 sed,
3443 1801 3599 1870 quod

1894 1887 2218 1943 mirabilius
2246 1894 2349 1952 est,
2379 1894 2494 1942 tam
2545 1886 2848 1942 innumera
2888 1893 3120 1956 potuere
3150 1887 3431 1943 conscribi
3468 1903 3601 1959 qum

1892 1977 1994 2033 vix
2052 1976 2238 2033 media
2287 1977 2502 2047 possint
2548 1990 2582 2032 a
2628 1976 2792 2032 nobis
2840 1991 2955 2032 non
3003 1977 3130 2032 dico
3170 1976 3319 2047 capi,
3364 1978 3461 2033 sed
3506 1978 3598 2035 vel

1892 2063 2229 2133 simpliciter
2300 2062 2459 2132 legi?
2508 2061 2646 2129 Quis
2706 2062 2939 2133 gloriosi
3001 2062 3268 2134 Origenis
3331 2064 3484 2120 dicta
3541 2064 3596 2121 in

1892 2152 2157 2222 quinque
2187 2151 2471 2207 librorum
2503 2150 2759 2207 millibus
2801 2151 3063 2222 relegat?
3092 2150 3232 2218 Quis
3280 2152 3594 2224 Areopagi-

1894 2248 1963 2297 tas
2020 2240 2275 2311 Dionysii
2345 2240 2619 2310 mysteria
2682 2239 2855 2310 digne
2910 2239 3240 2311 intelligat?
3313 2240 3419 2295 Sed
3477 2243 3600 2297 haec

1890 2329 2090 2385 divina
2134 2328 2462 2399 spectacula
2508 2328 2734 2385 lectoris
2790 2328 2983 2384 animo
3040 2328 3253 2384 rectius
3302 2330 3598 2399 pensanda

1889 2418 2229 2483 omittimus,
2260 2432 2439 2489 quam
2493 2431 2695 2487 pauca,
2731 2416 2845 2472 imo
2892 2417 3075 2484 nulla,
3106 2424 3394 2488 quantum
3441 2418 3513 2473 ad
3539 2418 3596 2475 id

1891 2507 2045 2578 quod
2092 2521 2153 2563 se
2202 2522 2293 2564 res
2341 2506 2513 2563 habet
2559 2506 2936 2577 proferamus.
2982 2507 3137 2562 Facit
3189 2507 3340 2563 Deus
3384 2507 3595 2578 hujus-

1890 2596 2041 2652 modi
2094 2596 2367 2668 insignia,
2409 2596 2506 2652 sed
2552 2603 2608 2652 et
2642 2598 2881 2650 animum
2937 2598 3222 2661 viventem,
3273 2595 3329 2651 id
3375 2603 3459 2651 est
3500 2610 3597 2651 eos

1890 2685 1992 2754 qui
2022 2699 2095 2741 ex
2144 2686 2253 2742 lide
2295 2685 2521 2742 vivunt.
2571 2684 2675 2755 qui
2722 2691 2777 2740 et
2826 2684 2874 2739 si
2914 2699 3029 2740 non
3078 2692 3412 2755 operantur,
3457 2684 3595 2739 lides

1888 2780 2079 2829 tamen
2106 2774 2206 2839 eis,
2250 2775 2423 2845 juxta
2455 2773 2809 2844 Apostolum,
2858 2780 3164 2842 reputatur
3210 2772 3283 2828 ad
3308 2772 3592 2842 justitiam

1889 2863 2064 2933 (Rom.
2117 2880 2191 2930 IV,
2241 2866 2373 2932 2'2):
2431 2863 2565 2919 facit
2607 2870 2663 2917 et
2717 2862 3065 2931 motabilem,
3114 2876 3211 2917 eos
3240 2861 3454 2917 scilicet
3489 2862 3592 2931 qui

1889 2966 2003 3007 non
2079 2951 2266 3007 solum
2329 2951 2402 3007 ad
2462 2951 2811 3007 credendum
2881 2949 3094 3019 vivere,
3154 2950 3251 3006 sed
3322 2950 3394 3006 ad
3450 2950 3593 3006 bene

1888 3039 2176 3110 agendum
2263 3046 2455 3095 motus
2531 3038 2751 3095 alacres
2830 3038 2969 3095 dare
3058 3046 3363 3095 noverunt.
3448 3038 3593 3094 Sunt

94 3140 209 3181 cum
250 3140 479 3197 semper
525 3126 758 3183 videant
788 3126 989 3182 faciem
1038 3126 1242 3194 Patris,
1271 3127 1444 3197 juxta
1478 3126 1775 3197 Evangelii
1810 3169 1850 3225 Ο
1899 3134 1988 3182 s9
2034 3142 2287 3199 namque
2318 3129 2420 3199 qui
2468 3128 2596 3183 ﬁdei
2640 3128 2818 3183 solius
2867 3135 3228 3183 sacramento
3275 3127 3588 3187 salventur.

93 3214 291 3272 dictum
358 3215 582 3287 (Matth.
645 3231 798 3282 xvui,
869 3214 977 3285 10),
1048 3222 1238 3271 tamen
1305 3217 1447 3286 quia
1510 3223 1778 3270 creatura

94 3311 248 3370 sunt,
329 3304 618 3361 Creatoris
698 3305 789 3360 sui
866 3304 1220 3375 maiestatem
1297 3305 1779 3375 comprehendere

93 3390 409 3449 nullatenus
457 3399 718 3465 possunt.
770 3393 836 3448 Et
892 3407 1026 3449 cum
1074 3407 1145 3448 ne
1203 3392 1494 3449 modicum
1543 3393 1778 3464 quidem

97 3480 343 3546 peccandi
373 3479 669 3546 allectum,
703 3480 790 3536 vel
833 3480 1027 3536 carnis
1054 3480 1280 3550 pondus
1329 3481 1619 3547 habentes,
1660 3495 1778 3551 quo

95 3576 477 3636 aggraventur
538 3582 573 3625 a
618 3571 727 3625 Deo
779 3569 1124 3636 contuendo,
1173 3569 1361 3640 ipsum
1407 3570 1779 3639 aliquatenus

95 3654 290 3721 videre,
322 3658 420 3714 sed
454 3671 758 3728 nunquam
793 3657 1089 3727 pervidere
1117 3657 1406 3714 sinantur.
1438 3657 1583 3723 Quid
1614 3658 1780 3713 homo

96 3754 358 3812 peccator,
444 3747 586 3818 quid
666 3746 1021 3816 corruptibili
1105 3747 1252 3804 mole
1326 3748 1632 3817 depressus
1702 3746 1779 3802 ibi

96 3833 286 3901 videat,
332 3835 433 3891 ubi
475 3849 550 3891 ex
600 3842 762 3904 parte
806 3834 1123 3905 spiritualis
1161 3836 1332 3891 etiam
1386 3836 1615 3906 natura!
1641 3836 1777 3892 cali-

100 3920 217 3991 gat?
245 3924 365 3992 lpsa
408 3924 565 3979 enim
595 3938 727 3980 cum
753 3924 825 3979 ad
859 3924 956 3980 Dei
987 3924 1469 3995 comparationem
1507 3938 1781 3995 corporea

100 4009 178 4075 sit,
205 4012 338 4081 quia
368 4012 765 4069 circumscribi
795 4020 997 4083 potest,
1041 4013 1196 4084 quod
1238 4014 1389 4069 Deus
1433 4028 1547 4068 non
1579 4021 1777 4083 potest,

101 4098 222 4167 quia
251 4115 361 4157 non
386 4109 474 4157 est
502 4101 751 4172 idipsum
794 4101 950 4171 quod
989 4101 1162 4169 Deus,
1212 4116 1327 4157 non
1355 4102 1505 4157 valet
1530 4116 1782 4172 compre-

103 4188 325 4247 hendere
354 4191 513 4263 quod
555 4202 639 4248 est
687 4193 858 4248 Deus.
909 4193 1223 4248 Pensemus
1271 4192 1486 4263 itaque,
1518 4199 1573 4248 et
1613 4192 1660 4248 si
1707 4192 1781 4248 sit

102 4277 289 4348 aliquis
316 4280 456 4337 adeo
486 4288 740 4348 sanctus,
775 4280 878 4352 qui
933 4295 1033 4351 per
1083 4279 1384 4351 speculum
1428 4288 1483 4336 et
1530 4281 1782 4352 aenigma

102 4367 339 4425 scintillet
366 4370 426 4425 in
459 4369 605 4426 illud
634 4384 970 4440 supremum
1003 4369 1218 4435 lumen,
1243 4382 1421 4440 quam
1445 4368 1595 4425 infra
1621 4369 1776 4425 illam

104 4453 417 4524 dignitatem
448 4459 766 4529 angelicam
802 4458 1010 4530 jaceat,
1044 4459 1213 4529 cujus
1243 4466 1477 4525 natura,
1508 4461 1781 4529 quamvis
1810 4472 1850 4525 ι)

106 4547 406 4612 purissima,
469 4554 661 4603 tamen
702 4554 915 4612 creata,
961 4548 1018 4602 in
1083 4548 1265 4604 Deum
1314 4548 1508 4604 minus
1569 4548 1778 4605 videat.

109 4630 205 4686 Sub
229 4638 570 4702 ﬁrmamento
598 4636 777 4706 igitur
821 4636 1101 4704 volemus,
1157 4635 1294 4706 quia
1341 4639 1445 4692 etsi
1470 4636 1540 4693 de
1569 4636 1783 4692 divinis

109 4726 413 4791 tractemus,
473 4724 616 4795 quia
682 4724 851 4795 longe
945 4724 1019 4779 ab
1086 4739 1290 4780 eorum
1352 4724 1782 4796 perspicacitate

108 4808 374 4880 distemus,
407 4813 468 4868 in
494 4813 650 4869 omni
691 4812 1169 4884 contemplatione
1218 4820 1412 4869 nostra
1454 4828 1781 4885 pensemus,

111 4910 199 4953 nec
239 4915 337 4957 nos
383 4902 457 4958 ad
501 4916 702 4959 eorum
750 4902 1263 4973 comparationem,
1318 4902 1431 4959 imo
1479 4904 1781 4974 aequalita-

114 4988 228 5051 tem,
252 4985 305 5043 in
337 4988 448 5046 hac
477 4989 595 5045 vita
638 4991 937 5060 pervenire
968 5005 1129 5061 posse
1160 5005 1602 5062 praesumamus.

171 5072 467 5134 Possumus
517 5085 571 5135 et
602 5093 701 5149 per
756 5080 1186 5137 firmamentum
1229 5080 1613 5137 humilitatem
1655 5080 1783 5137 Sal-

114 5164 317 5232 vatoris,
361 5182 496 5238 quae
542 5166 883 5225 immortalis
928 5176 984 5225 et
1029 5168 1400 5240 impassibilis
1448 5184 1522 5226 ex
1587 5183 1781 5227 resur-

116 5251 347 5319 rectione,
386 5264 442 5313 et
486 5257 656 5328 quasi
709 5256 872 5315 ﬁrma
916 5257 1036 5329 jam
1087 5257 1239 5314 facta
1289 5265 1393 5323 est,
1445 5257 1781 5329 intelligere,

118 5340 207 5395 sub
232 5357 342 5412 qua
370 5345 555 5403 multo
596 5345 956 5417 probabilius
999 5353 1086 5403 est
1113 5353 1168 5404 et
1200 5345 1385 5403 tutius
1415 5346 1787 5419 imaginando

119 5429 349 5490 animum
396 5434 712 5501 intendere,
759 5442 816 5492 et
880 5436 955 5493 ad
1002 5450 1129 5492 eam
1181 5434 1261 5507 pii
1317 5444 1463 5492 aestu
1519 5435 1786 5493 desiderii

120 5522 392 5591 suspirare,
434 5538 616 5597 quam
666 5524 803 5582 illuc
850 5524 1056 5583 oculus
1091 5532 1147 5582 et
1192 5524 1438 5596 lippiens
1477 5525 1783 5598 dirigatur,

120 5606 202 5663 ubi
226 5611 434 5685 aliquid
472 5614 545 5672 de
579 5614 694 5672 Deo
739 5613 1156 5672 inconveniens
1200 5614 1500 5686 cogitetur,
1535 5621 1592 5671 et
1631 5613 1786 5670 unde

126 5694 327 5759 intentio
371 5702 777 5776 spiritualibus
841 5704 1039 5762 minus
1099 5709 1351 5770 assueta,
1404 5704 1546 5760 dum
1594 5717 1656 5760 se
1713 5703 1784 5759 ad

1890 3217 2246 3280 utinfantes,
2287 3218 2505 3287 quibus
2541 3217 2790 3272 aliorum
2835 3216 3124 3271 succurrit
3168 3215 3505 3282 credulitas,
3535 3223 3590 3271 et

1888 3305 1947 3360 hi
2004 3320 2150 3376 quos
2215 3304 2713 3360 Christianismum
2794 3304 3061 3373 excipere
3137 3302 3338 3359 mortis
3420 3311 3590 3374 urget

1888 3394 2226 3450 necessitas:
2273 3400 2410 3450 sunt
2447 3400 2502 3449 et
2546 3393 2642 3449 alii
2681 3407 2829 3463 quos
2872 3392 2945 3448 ad
2990 3399 3139 3447 recte
3182 3391 3417 3448 vivendi
3459 3399 3589 3448 stu-

1886 3473 2047 3538 dium
2106 3482 2343 3553 instigat
2421 3495 2571 3552 pura
2637 3480 2927 3544 voluntas,
2997 3489 3051 3537 et
3117 3481 3314 3537 zeterni
3367 3481 3588 3551 praemii

1887 3571 2189 3642 cupiditas.
2239 3571 2326 3626 llli
2384 3570 2563 3641 igitur
2610 3570 2887 3633 viventes,
2958 3568 3046 3625 isti
3116 3569 3431 3625 motabiles.
3482 3570 3587 3625 Sed

1886 3674 2086 3716 omnes
2149 3674 2222 3716 ex
2295 3659 2467 3729 aquis
2530 3658 2763 3715 oriundi
2841 3665 2996 3725 sunt,
3084 3659 3226 3729 quia
3278 3672 3351 3715 ex
3411 3672 3589 3715 sacrae

1887 3748 2199 3821 Scriptura;
2242 3747 2767 3818 praedicationibus.
2810 3753 2866 3802 et
2912 3745 3180 3802 allectum
3238 3747 3381 3802 bene
3428 3747 3588 3817 cogi-

1888 3837 2049 3893 tandi
2078 3837 2432 3906 concipiunt,
2464 3844 2519 3891 et
2565 3836 2638 3891 ad
2685 3834 2975 3899 ell‘ectum,
3017 3850 3149 3906 quae
3192 3836 3334 3891 bene
3379 3849 3589 3891 conce-

1890 3934 2112 3996 perant,
2145 3927 2383 3981 ducunt.
2432 3924 2653 3980 Habent
2674 3931 2729 3979 et
2762 3923 2988 3993 rcptilia
3026 3925 3147 3980 haec
3184 3925 3399 3994 species
3431 3939 3585 3989 suas,

1888 4021 1944 4069 et
1966 4014 2219 4070 volatilia
2264 4028 2449 4085 genus
2499 4027 2693 4079 suum,
2745 4012 2885 4082 quia
2915 4013 3137 4083 quique
3175 4021 3230 4068 et
3282 4014 3423 4068 bene
3460 4028 3587 4069 cre-

1888 4103 2105 4171 dentes,
2127 4112 2183 4159 et
2202 4103 2356 4173 juste
2392 4102 2666 4169 viventes,
2712 4110 2767 4157 et
2808 4101 3095 4158 subtiliter
3139 4101 3592 4171 contemplantes

1889 4194 2053 4249 varia
2109 4194 2400 4264 possident
2457 4207 2559 4263 pro
2630 4206 2736 4248 suo
2800 4191 2969 4248 modo
3027 4191 3349 4263 gratiarum
3407 4191 3590 4247 chari-

1888 4290 2093 4348 smata,
2180 4296 2312 4352 quae
2376 4281 2608 4337 diversa
2677 4280 2734 4336 in
2797 4294 2917 4336 una
2989 4280 3306 4336 intentione
3367 4278 3589 4335 faciunt

1890 4373 2198 4442 proposita.

1964 4461 2131 4516 Vsus.
2178 4462 2269 4514 22.
2318 4489 2387 4500 -
2432 4458 2825 4528 Benedixitque
2875 4460 2951 4513 eis
3004 4461 3140 4513 Deus
3188 4457 3410 4512 dicens:
3462 4458 3587 4513 Cre-

1890 4552 2022 4605 scite
2093 4554 2144 4603 et
2210 4548 2677 4616 multiplicamini,
2745 4552 2795 4602 et
2869 4548 3068 4615 replete
3143 4561 3319 4615 aquas
3393 4545 3585 4608 maris,

1891 4654 2120 4706 avesque
2141 4638 2573 4705 multiplicemur
2612 4650 2777 4705 super
2815 4640 3035 4690 terram.
3077 4635 3160 4691 Ac
3202 4634 3249 4691 si
3298 4636 3451 4691 Deus
3496 4642 3589 4690 at-

1893 4708 2133 4783 tendens
2185 4724 2458 4782 exercitia
2517 4731 2736 4791 nostra,
2788 4724 3006 4794 quibus
3049 4722 3119 4779 de
3175 4722 3340 4779 bonis
3372 4722 3590 4778 meritis

1892 4816 1964 4871 ad
2009 4815 2230 4885 potiora
2276 4813 2547 4870 merenda
2599 4811 3034 4875 inardescimus,
3097 4817 3357 4881 patenter
3402 4810 3585 4866 dicat:

1893 4901 2129 4957 Crescite
2175 4897 2566 4969 intelligentia,
2593 4904 2649 4953 et
2682 4896 2827 4953 alter
2855 4895 3102 4952 alterum
3141 4894 3320 4951 sacris
3346 4896 3592 4966 eloquiis

1894 4989 2201 5044 imbuendo
2232 4985 2654 5058 propagamini,
2684 4989 2735 5040 et
2763 5000 2936 5056 aquas
2967 4986 3160 5053 maris,
3192 4984 3248 5040 id
3284 4991 3370 5040 est
3402 4985 3590 5055 pleni-

1893 5078 2155 5134 tudinem
2235 5078 2689 5148 Scripturarum,
2763 5075 3086 5146 allegoricis
3156 5082 3213 5131 et
3272 5075 3591 5131 moralibus

1892 5167 2332 5223 commentando
2387 5165 2598 5236 replete
2645 5165 2931 5222 sensibus.
2993 5172 3050 5220 et
3101 5162 3158 5220 hi
3213 5178 3362 5234 quos
3403 5176 3594 5234 penna

1894 5256 2302 5327 spcculationis
2323 5255 2611 5317 sublevat,
2662 5261 2719 5311 et
2761 5253 2819 5310 in
2871 5252 3213 5309 discretione
3254 5251 3589 5322 spirituum.

1893 5355 1947 5402 et
1973 5344 2451 5415 contemplatione
2480 5343 2882 5414 mysteriorum
2920 5341 3238 5399 caelestium
3266 5340 3594 5411 spirituales

1895 5435 2109 5491 amoris
2152 5433 2464 5505 ﬂagrantia
2493 5433 2607 5489 sint
2637 5448 2802 5504 super
2849 5436 3069 5499 terram,
3124 5430 3182 5486 id
3217 5437 3322 5497 est,
3356 5438 3595 5486 terrenae

1895 5523 2228 5594 cupiditatis
2292 5522 2576 5579 illecebris
2656 5522 3090 5579 abstrahamur.
3169 5518 3344 5576 Maris
3399 5525 3593 5575 autem

1897 5627 2065 5684 aqua)
2095 5626 2261 5669 sacra
2308 5612 2524 5682 pagina
2554 5625 2670 5668 non
2716 5610 3058 5667 inconcinne
3102 5608 3417 5672 confertur,
3455 5607 3596 5677 quia

1897 5704 2018 5772 ipsa
2062 5710 2150 5758 est
2194 5716 2328 5772 quis
2367 5701 2604 5759 Joannis
2645 5700 2705 5757 in
2753 5697 3096 5770 Apocalypsi
3142 5695 3422 5753 amaricat
3461 5709 3595 5751 ven-
