3966 6452
290 441 348 494 5t
1201 437 1260 490 V.
1303 435 1634 493 CUIBERTI
1673 434 1966 492 ABBA'I‘IS
2003 435 2058 490 S.
2101 433 2336 490 ΜΑΙΠΑΞ
2376 432 2464 490 DE
2503 431 2893 490 NOVIGENTO
3766 429 3840 478 52

290 581 431 631 trem
467 571 660 645 (Apoc.
692 589 749 628 x.
807 574 916 641 l0),
964 579 1020 628 et
1069 570 1326 628 accendit
1377 585 1444 628 eo
1495 569 1680 642 magis
1740 568 1987 626 bibentis
2016 571 2056 624 Α
2105 572 2272 638 (Rom.
2302 587 2398 637 ιιι,
2433 571 2507 639 6),
2537 567 2686 625 alius
2715 567 2816 635 sic,
2869 566 3020 624 alius
3049 579 3184 622 vero
3235 565 3339 633 sic,
3395 579 3545 637 quas
3595 562 3842 621 multo-

289 660 461 727 sitim,
495 675 612 731 quo
641 659 892 730 amplius
923 658 1170 726 bibitur;
1201 658 1354 714 unde
1379 666 1434 715 et
1460 657 1787 714 sitientibus
1818 664 1880 712 ut
1913 656 1984 712 ad
2097 658 2198 713 ties
2227 665 2281 713 et
2307 658 2468 713 vario
2507 658 2674 713 modo
2721 656 2860 713 locis
2911 655 3179 726 pluribus
3229 655 3435 710 retexit
3477 652 3839 724 Apostolus.

290 762 475 818 aquas
502 747 739 804 veniant
771 748 844 803 ab
873 747 1022 803 Isaia
1051 746 1339 803 clamatur
1385 748 1539 815 (lsai.
1589 761 1673 812 ιν,
1723 749 1788 814 t).
1822 743 1987 800 Videt
2099 746 2256 802 Unde
2285 754 2339 801 et
2369 747 2504 802 dicit
2552 746 2710 816 quia,
2757 744 2862 802 etsi
2894 743 3154 800 membra
3186 749 3381 798 nostra
3411 741 3732 798 diversum
3773 739 3839 796 in

290 835 460 892 etiam
495 835 646 891 Deus
686 835 843 906 quod
889 835 961 891 sit
1009 835 1246 901 bonum,
1306 835 1447 906 quia
1498 848 1570 890 ex
1616 833 1990 889 delectatione
2096 848 2331 906 corpore
2368 835 2620 892 ofﬁcium
2660 834 2873 889 habent
2928 832 3224 898 (ibim-5.),
3258 838 3446 887 tamen
3469 830 3832 886 ofﬁciorum

292 932 656 994 acceptorum
692 937 1004 980 munerum
1034 923 1305 978 intuitum
1341 929 1597 978 nostrum
1630 929 1896 992 provocat
1917 921 1988 976 ad
2096 923 2400 979 concordia
2448 932 2503 980 et
2556 923 2767 979 Vlt‘;l.lt
2840 919 3118 991 suffragio
3195 919 3474 976 unitatem
3541 924 3834 974 servant.

292 1013 607 1083 appetitum
651 1011 970 1068 meliorum.
2096 1012 2257 1078 Quod
2291 1012 2366 1067 ibi
2393 1012 2530 1068 dicit
2556 1012 2836 1074 membra,
2873 1009 2961 1065 hic
2992 1008 3202 1064 dicitur
3232 1023 3416 1079 genus
3448 1006 3532 1063 vel
3566 1019 3838 1078 genera.

364 1100 533 1159 Vsus.
567 1103 654 1156 23.
685 1131 756 1141 —
812 1103 881 1156 Et
924 1102 1132 1168 factum
1183 1105 1261 1154 est
1312 1114 1528 1169 vespere
1575 1103 1625 1153 et
1671 1114 1828 1154 mane
1875 1098 1989 1154 dies
2098 1100 2424 1157 Ministeriis
2453 1109 2644 1157 autem
2687 1107 2822 1170 apta
2867 1098 3140 1154 animalia
3182 1097 3446 1168 jnmenta
3492 1103 3834 1161 vocantur,

295 1193 536 1259 quintus.
595 1190 668 1245 Et
711 1189 920 1245 divinae
966 1189 1165 1260 gratim
1215 1187 1432 1259 gradus
1485 1187 1750 1258 quintus,
1797 1187 1990 1243 consi-
2099 1204 2230 1260 quae
2257 1204 2372 1244 non
2425 1189 2742 1260 incongrue
2786 1186 3172 1258 quorumdam
3213 1185 3585 1241 smcularium
3625 1184 3836 1240 vitam

298 1276 460 1333 lium.
489 1276 560 1332 Et
603 1274 696 1332 cui
749 1276 974 1345 negotio
1031 1276 1216 1346 magis
1269 1282 1352 1330 est
1401 1274 1746 1330 conveniens
1799 1273 1991 1330 consi—
2099 1277 2349 1346 signant,
2383 1278 2506 1349 qui,
2532 1279 2633 1333 etsi
2669 1277 2724 1333 in
2755 1275 3103 1348 quibusdam
3136 1273 3377 1330 terrenis
3414 1273 3667 1329 acclines
3703 1272 3837 1328 sint

297 1364 656 1434 lium,quam
677 1378 853 1420 sacrae
879 1364 1100 1434 paginze
1125 1363 1993 1435 quaestionibusdisquirendis?
2101 1366 2361 1436 negotiis,
2393 1379 2428 1422 a
2467 1365 2692 1436 propria
2734 1371 2922 1421 tamen
2975 1361 3142 1418 valde
3191 1363 3448 1418 libertate
3477 1361 3834 1424 frenentur,

298 1452 600 1522 Nusquam
628 1451 779 1507 enim
811 1451 1188 1521 periculosius
1242 1458 1496 1516 erratur,
1545 1465 1722 1520 quam
1755 1449 1801 1505 si
1831 1463 1866 1506 a
1899 1465 1992 1506 re-
2101 1461 2386 1524 quantum
2437 1453 2682 1509 aliorum
2725 1450 3127 1508 misericordiis
3175 1449 3450 1505 inservire
3495 1456 3835 1504 conantur.

300 1539 452 1610 gulis
505 1546 560 1595 et
609 1538 873 1594 sensibus
919 1539 1154 1594 Patrum
1207 1547 1466 1594 veterum
1517 1539 1831 1594 recedatur.
1884 1538 1995 1593 Te-
2101 1543 2279 1609 Quem
2325 1555 2557 1597 sensum
2607 1543 2798 1612 juvat,
2843 1539 2998 1610 quod
3039 1538 3176 1595 talia
3205 1552 3237 1594 a
3287 1545 3437 1594 terra
3485 1537 3836 1609 plurimum

299 1635 506 1684 neatur
533 1642 670 1698 ergo
719 1641 922 1683 eorum
973 1641 1401 1697 usquequaque
1443 1626 1744 1698 sententia,
1775 1626 1878 1696 qui
1927 1626 1997 1681 de
2105 1630 2560 1698 suspenduntur.

301 1715 447 1771 sacri
503 1696 717 1786 eloquii
783 1696 1349 1785 obscurisiqualiter
1406 1721 1592 1770 essent
1623 1696 1998 1786 'inquirenda
2179 1696 2357 1773 liabet
2385 1718 2559 1773 etiam
2595 1715 2843 1772 Ecclesia
2871 1718 3112 1784 reptiliu,
3155 1715 3294 1785 quia
3338 1715 3618 1785 quosdam
3652 1714 3720 1770 in
3773 1729 3841 1769 se

302 1803 676 1874 scripserunt,
728 1810 783 1859 et
839 1803 912 1858 ab
962 1803 1046 1859 eis
1097 1816 1133 1859 a
1187 1803 1402 1874 quibus
1465 1803 1768 1874 quaeritur,
1801 1803 1998 1858 eodem
2032 1868 2066 1875 _
2107 1805 2359 1861 continet
2413 1803 2512 1875 qui
2565 1804 2639 1860 ita
2697 1802 3008 1860 mundanis
3063 1804 3220 1859 curis
3285 1817 3352 1858 ac
3415 1802 3841 1874 voluptatibus

305 1868 548 1962 Spiritus
593 1868 818 1947 fervore
876 1868 1222 1962 quaeratur,-
1257 1907 1372 1962 quo
1427 1868 1501 1947 ab
1555 1891 1665 1948 illis
1721 1868 1823 1962 qui
1871 1905 1998 1947 eam
2030 1868 2072 1922 Β
2111 1892 2380 1962 injacent,
2415 1868 2478 1949 ut
2525 1891 2684 1948 nullo
2725 1891 2956 1947 virtutis
2985 1890 3284 1946 intervallo
3331 1904 3366 1945 a
3398 1868 3838 1961 temporalibus

309 1993 567 2050 reperere
603 1979 846 2050 quaesita
891 1981 1274 2051 cognoscitur.
1320 1981 1385 2036 In
1415 1980 1571 2036 omni
1605 1987 1800 2036 nostra
1823 1994 2001 2037 causa
2105 1980 2340 2036 distent.
2392 1981 2658 2036 Attamen
2705 1979 2929 2046 vivunt,
2981 1986 3036 2034 et
3067 1979 3172 2034 hoc
3204 1977 3323 2034 sola
3367 1978 3498 2044 ﬁde,
3532 1993 3652 2049 qua
3684 1978 3840 2048 opi-

307 2067 476 2138 quasi
525 2066 788 2124 laterales
841 2067 1178 2136 habeamus,
1236 2068 1340 2139 qui
1414 2084 1517 2124 nos
1558 2069 1677 2125 suis
1728 2076 2001 2125 tueantur
2111 2069 2328 2125 tnlante
2369 2083 2501 2125 cum
2561 2067 2758 2138 pedem
2791 2073 2891 2123 to
2919 2082 3032 2123 non
3075 2066 3325 2124 habeant
3367 2068 3576 2138 operis,
3609 2067 3841 2124 labun'

311 2155 583 2223 consiliis,
615 2170 687 2212 ne
723 2164 938 2213 certam
969 2157 1298 2228 jaculemur
1354 2157 1694 2213 sententiam
1741 2158 1798 2213 in
1830 2158 2004 2214 rebus
2111 2165 2207 2214 tur
2261 2171 2434 2228 super
2485 2165 2694 2212 terram
2754 2155 3038 2212 industria
3106 2155 3498 2232 intelligentiae
3552 2156 3835 2224 vivacis;

312 2243 525 2311 dubiis,
559 2259 648 2312 ne,
683 2259 817 2300 cum
857 2244 1234 2316 intelligentia
1281 2260 1396 2301 non
1443 2247 1711 2316 suppetit,
1744 2253 2006 2302 auctores
2111 2245 2386 2300 sciuntse
2433 2257 2612 2314 prava
2659 2258 2850 2314 agere,
2903 2243 3247 2299 transitoriis
3297 2242 3540 2311 inhiare,
3590 2258 3694 2314 spe
3749 2250 3838 2299 ta-

315 2346 558 2402 arguere
587 2332 832 2390 velimus
861 2335 1026 2404 quasi
1059 2333 1252 2390 nimias
1302 2334 1668 2391 obscuritatis
1713 2342 1815 2392 aut
1839 2335 2008 2392 rusti-

2114 2348 2245 2389 men
2319 2334 2376 2388 in
2434 2332 2633 2403 seipsis
2692 2331 3093 2388 misericordiae
3171 2331 3589 2402 consequendze
3655 2331 3838 2403 inge-

315 2420 519 2488 citatis,
552 2421 707 2491 quod
736 2421 1006 2477 horrendi
1043 2429 1128 2478 est
1157 2421 1430 2478 criminis.
1465 2423 1528 2478 In
1553 2423 1768 2493 quibus
1797 2423 2009 2480 scilicet
2116 2421 2435 2485 miscentes,
2484 2422 2664 2476 saltus
2693 2435 2866 2491 super
2895 2433 2963 2476 ea
2994 2419 3212 2490 quibus
3259 2419 3540 2476 inhterent
3572 2434 3837 2476 consue-

319 2509 656 2566 tractatibus
702 2509 808 2566 etsi
860 2523 1064 2580 vesper
1099 2509 1413 2580 aliquando
1447 2510 1700 2580 patimur
1745 2511 2007 2567 defectio-

318 2600 427 2668 nis,
487 2607 588 2656 aut
637 2599 921 2670 caliginis,
975 2600 1176 2656 crebra
1235 2599 1506 2656 instantia
1575 2601 1907 2669 meditandi,
1957 2609 2013 2658 et

319 2695 464 2744 aestu
493 2687 706 2744 amoris
741 2687 923 2744 divini
969 2689 1296 2758 comitante,
1342 2702 1510 2745 mane
1551 2688 1864 2758 poterimus
1891 2689 2011 2744 adi-

325 2774 460 2844 pisci
511 2774 886 2845 intelligibilis
923 2775 1087 2832 lucis.
1135 2776 1247 2832 Vix
1290 2775 1444 2832 enim
1493 2777 1552 2832 in
1581 2776 1790 2846 vapido
1836 2776 2015 2833 animi

323 2870 476 2918 statu
496 2877 792 2918 summum
837 2862 1058 2934 aliquid
1107 2864 1240 2934 quis
1287 2864 1536 2935 attingit,
1569 2871 1669 2920 aut
1699 2879 2012 2936 nusquam,

324 2951 477 3021 quod
507 2959 780 3021 expertus
809 2966 939 3007 sum
999 2966 1072 3008 ex
1119 2953 1355 3022 meipso,
1412 2953 1536 3022 qui,
1597 2953 1752 3024 quod
1795 2953 2019 3024 tepidus

325 3053 438 3094 non
481 3053 640 3108 posse
665 3039 738 3095 ab
784 3039 980 3110 aliquo
1027 3040 1263 3108 credidi,
1305 3039 1613 3097 animatior
1661 3041 1824 3098 solito
1855 3041 2018 3098 facile

328 3127 532 3198 irrupi.

398 3216 564 3271 Vens.
597 3215 684 3270 24.
735 3247 802 3256 —
855 3219 1013 3272 Dixit
1063 3233 1274 3287 quoque
1314 3218 1496 3273 Deus:
1553 3217 1826 3274 Producat
1873 3225 2020 3274 terra

325 3306 566 3359 animam
593 3307 858 3360 viventem
885 3307 944 3359 in
976 3321 1164 3374 genere
1187 3320 1303 3372 suo,
1331 3307 1600 3374 jumenta,
1628 3311 1678 3360 et
1706 3308 1950 3376 reptitia,
1971 3313 2022 3363 et

330 3395 526 3448 bestias
573 3397 730 3448 terra
778 3393 1070 3448 secundum
1110 3396 1310 3464 species
1342 3409 1490 3449 suas.
1537 3397 1703 3450 Terra
1737 3395 1935 3451 multis
1964 3395 2020 3452 iu

330 3480 483 3546 locis,
514 3487 570 3536 et
612 3481 932 3550 specialiter
981 3496 1141 3537 mens
1177 3481 1463 3552 cujusque
1513 3482 1716 3550 ﬁdelis,
1765 3490 1820 3539 et
1851 3497 2023 3554 gene-

332 3568 528 3624 raliter
581 3567 769 3624 omnis
818 3568 1074 3624 Ecclesia
1129 3568 1358 3634 dicitur,
1417 3569 1490 3624 oh
1538 3569 1885 3628 fertilitatem
1927 3571 2026 3627 sci-

332 3657 484 3725 licet,
523 3656 1080 3728 cultibilitatemque,
1134 3659 1274 3728 quia
1327 3657 1508 3714 divini
1569 3659 1833 3730 praecepti
1883 3659 2026 3730 ligo-

335 3743 508 3799 nibus
531 3743 758 3810 colitur,
779 3750 834 3799 et
869 3743 1151 3800 bonorum
1182 3752 1418 3800 actuum
1457 3745 1617 3801 ferax
1650 3747 2024 3818 dignoscitur.

335 3830 590 3887 Ecclesia
664 3831 896 3901 quidem
953 3834 1193 3888 animam
1253 3837 1536 3900 viventem,
1599 3835 1712 3890 Deo
1765 3833 2024 3904 jubeute,

339 3917 620 3986 producit,
653 3918 792 3988 quia
823 3918 1088 3975 Salomon
1124 3919 1214 3976 ille
1249 3934 1422 3976 verus
1448 3921 1552 3976 etsi
1583 3922 1886 3992 sexaginta
1915 3922 2030 3978 sint

339 4004 570 4075 reginae,
608 4013 795 4064 tamen
841 4007 1127 4080 octoginta
1174 4009 1343 4066 habet
1371 4010 1744 4078 concubinas,
1793 4017 1848 4067 et
1886 4011 2030 4067 ado-

342 4095 782 4151 lescentularum
841 4110 958 4152 non
1011 4105 1092 4153 est
1149 4112 1431 4154 numerus
1476 4101 1654 4169 (Cant.
1703 4115 1778 4168 vx,
1841 4102 1910 4170 7).
1963 4101 2028 4156 In

341 4183 550 4252 popqu
577 4183 729 4240 enim
760 4184 879 4252 Dei,
920 4185 1022 4240 etsi
1055 4200 1169 4242 non
1219 4200 1418 4242 omnes
1473 4201 1580 4243 sua
1635 4187 1952 4254 dimittunt,
1985 4189 2034 4244 si

340 4269 596 4341 virgines
623 4285 745 4327 esse
793 4286 911 4328 non
966 4280 1224 4343 possunt,
1277 4274 1618 4332 mediocrem
1659 4283 1851 4334 tamen
1882 4279 2034 4333 Deus

341 4359 462 4415 suis
488 4358 687 4416 statuit
717 4359 926 4428 locum,
985 4375 1056 4416 ex
1117 4377 1232 4433 quo
1258 4362 1304 4418 si
1359 4372 1508 4420 recte
1565 4364 1820 4434 vivatur,
1875 4365 2032 4422 salus

2117 2517 2328 2566 verunt
2356 2510 2513 2565 dare.
2560 2510 2822 2565 Tradunt
2873 2515 3139 2564 auctores
3196 2507 3352 2579 quod
3408 2509 3651 2578 reptilia,
3688 2523 3841 2578 qua:

2121 2598 2177 2653 in
2211 2598 2316 2653 hoc
2355 2597 2475 2653 loco
2519 2604 2808 2667 serpentes
2860 2595 3252 2666 intelligimus,
3299 2596 3529 2652 vitalem
3561 2596 3838 2652 animam

2124 2685 2514 2756 principaliter
2542 2685 2601 2740 in
2644 2685 2829 2755 capite
2874 2685 3142 2750 habeant,
3179 2685 3256 2742 ita
3295 2687 3358 2741 ut
3400 2685 3467 2751 si,
3519 2693 3634 2741 toto
3680 2683 3842 2740 reli-

2123 2789 2239 2844 quo
2294 2774 2544 2830 abscisso
2619 2788 2871 2844 corpore,
2953 2773 3306 2844 quibusdam
3384 2773 3586 2830 saltem
3643 2772 3840 2843 palmi

2124 2877 2396 2918 mensura
2426 2862 2599 2933 juxta
2642 2870 2814 2932 eaput
2859 2862 2929 2918 de
2976 2876 3214 2932 corpore
3253 2862 3373 2932 ipso
3417 2861 3710 2928 resederit,
3758 2875 3838 2916 ex

2127 2952 2249 3022 ipsa
2279 2965 2410 3020 quae
2435 2951 2606 3020 capiti
2649 2958 2841 3007 manet
2879 2951 3184 3006 vivacitate
3227 2950 3368 3006 mori
3418 2965 3532 3006 non
3581 2951 3840 3020 possint.

2126 3039 2232 3096 Cui
2269 3038 2434 3093 valde
2473 3038 2830 3094 simillimum
2878 3046 2960 3094 est
3006 3039 3162 3108 quod
3211 3046 3419 3094 nostra:
3479 3038 3608 3094 fidei
3640 3037 3840 3094 docu-

2128 3135 2320 3183 menta
2369 3135 2582 3193 tenent,
2635 3127 2778 3197 quia
2833 3135 3092 3197 peccator
3136 3126 3465 3197 cuicunque
3517 3128 3700 3183 errori
3738 3127 3846 3184 im-

2130 3216 2378 3286 plicitus,
2410 3215 2630 3272 etiamsi
2655 3216 2711 3272 in
2743 3215 2864 3286 ipso
2899 3215 3099 3272 mortis
3129 3223 3416 3272 momento
3447 3215 3845 3288 ingemiscens

2131 3303 2478 3374 paenituerit,
2529 3303 2941 3359 salvandorum
2983 3302 3101 3372 jam
3134 3304 3386 3359 moriens
3409 3304 3554 3374 parti
3584 3305 3844 3374 pertine-

2132 3392 2241 3458 bit;
2269 3391 2349 3447 sic
2391 3392 2546 3448 enim
2603 3391 2920 3448 scribitur:
2970 3391 3239 3448 Peccator
3286 3406 3641 3462 quacunque
3685 3392 3843 3447 hora

2132 3479 2496 3550 ingemuerit,
2539 3479 2739 3536 salvus
2763 3479 2870 3536 erit
2904 3480 3112 3546 (Ezech.
3143 3495 3336 3545 χχχιιι,
3374 3479 3499 3549 t2):
3534 3479 3643 3535 ﬁde
3670 3479 3840 3536 enim

2132 3569 2278 3624 salvi
2306 3569 2472 3633 ﬁunt,
2515 3569 2663 3625 sicut
2691 3568 3001 3638 Apostolus
3029 3568 3146 3624 ait:
3178 3569 3249 3624 Ei
3285 3583 3408 3622 vero
3438 3570 3536 3637 qui
3561 3583 3666 3622 non
3706 3583 3843 3638 ope-

2133 3663 2312 3728 ratur,
2334 3658 2574 3713 credenti
2600 3662 2779 3712 autem
2819 3659 2878 3712 in
2924 3673 3063 3722 eum,
3117 3659 3215 3726 qui
3256 3657 3530 3726 justiﬁcat
3575 3658 3841 3725 impium,

2133 3751 2420 3817 reputatur
2445 3746 2578 3816 ﬁdes
2620 3745 2736 3816 ejus
2789 3745 2864 3799 ad
2913 3747 3194 3814 justitiam
3245 3744 3414 3816 (Rom.
3449 3761 3522 3812 tv,
3573 3744 3684 3814 45).
3722 3744 3846 3816 ipsi

2133 3849 2362 3906 corpus,
2395 3834 2450 3890 id
2496 3841 2580 3890 est
2607 3847 2780 3904 opera
2809 3847 2923 3888 non
2967 3823 3200 3899 habent,
3241 3840 3299 3888 at
3341 3846 3476 3888 vero
3524 3833 3730 3902 capite,
3785 3833 3844 3888 id

2135 3930 2220 3978 est
2249 3921 2358 3977 fide
2391 3921 2666 3988 viventes,
2704 3935 2776 3976 ex
2807 3920 2931 3990 ipsa
2961 3919 3153 3987 unica,
3183 3920 3335 3976 unde
3355 3934 3578 3991 semper
3609 3921 3846 3988 vivant,

2135 4018 2452 4082 operantur
2475 4009 2606 4066 sibi.
2655 4008 2759 4066 Cui
2811 4008 3161 4080 astipulatur
3203 4009 3358 4080 quod
3411 4017 3702 4080 serpentes
3733 4024 3846 4080 pro

2139 4098 2351 4156 tuendo
2395 4098 2511 4154 solo
2565 4097 2747 4168 capite
2786 4105 2967 4154 totum
3021 4113 3230 4169 corpus
3279 4099 3548 4170 periculis
3590 4099 3847 4170 objicere

2139 4187 2339 4244 solent.
2392 4185 2482 4242 Sic
2516 4184 2987 4256 isti-contemptis
3017 4187 3428 4258 temporalibus
3474 4202 3605 4259 quae
3655 4187 3843 4258 possi-

2140 4274 2276 4331 dent
2320 4273 2663 4344 plerumque
2717 4274 2918 4330 timore
2985 4274 3104 4342 Dei,
3178 4275 3492 4348 aliquando
3563 4275 3846 4332 mortium

2140 4376 2380 4419 suarum
2413 4361 2688 4429 articulis,
2721 4377 2822 4418 seu
2854 4362 3204 4434 quibuslibet
3245 4365 3515 4434 periculis
3551 4371 3748 4434 caput,
3786 4363 3844 4420 id

343 4453 539 4518 optata
591 4447 938 4504 obtineatur.
1004 4449 1135 4506 Ideo
1189 4453 1248 4506 in
1293 4451 1446 4507 domo
1507 4455 1688 4509 Patris
1733 4457 2035 4510 mansiones
2063 4478 2104 4532 ι)
2141 4458 2226 4506 est
2254 4449 2566 4519 Christum,
2611 4450 2701 4507 vel
2734 4451 2944 4508 Christi
2987 4451 3158 4508 ﬁdem
3189 4453 3295 4509 sibi
3334 4453 3580 4520 salvaut,
3633 4467 3842 4508 mona-

345 4536 526 4590 multa:
569 4540 697 4590 sunt
747 4537 922 4607 (Joan.
956 4554 1069 4604 xw,
1105 4538 1180 4609 2).
1231 4539 1354 4596 ideo
1394 4543 1552 4597 stella
1582 4558 1617 4596 a
1652 4545 1810 4598 stella
1851 4543 2041 4612 differt
2148 4539 2322 4596 chum
2356 4539 2635 4606 faciendo,
2661 4554 2764 4595 seu
2794 4539 2936 4596 alias
2967 4540 3112 4596 bene
3143 4541 3409 4598 vivendo.

345 4625 404 4677 in
435 4624 686 4678 claritate
733 4625 792 4696 (Ι
838 4626 957 4681 Cor.
991 4642 1080 4695 xv,
1136 4627 1248 4697 41),
1281 4629 1422 4699 quia
1471 4630 1529 4685 in
1580 4630 1686 4686 hac
1717 4629 2051 4700 peregrina:

349 4711 519 4767 tionis
557 4712 706 4769 valle
747 4713 958 4770 diversi
1021 4715 1188 4772 valde
1248 4717 1395 4774 inter
1449 4732 1556 4774 nos
1622 4724 1759 4774 sunt
1813 4717 2042 4773 ordines

347 4799 496 4856 vitae.
521 4799 665 4857 Sunt
694 4801 850 4857 enim
879 4803 1087 4860 animae
1135 4806 1428 4876 quaedam,
1459 4805 1764 4862 scintillam
1807 4805 2040 4876 quidem

349 4886 453 4942 etsi
482 4901 598 4942 non
628 4889 852 4944 ardoris
899 4890 972 4946 ad
1018 4891 1244 4962 agiliter
1284 4893 1663 4964 operandum,
1717 4891 1917 4948 saltem
1967 4891 2041 4950 ad

351 4976 494 5032 bene
543 4975 856 5032 volendum
904 4977 1184 5036 habentes
1224 4980 1613 5050 eleemosynas
1658 4977 1900 5036 libenter
1930 4981 2043 5038 im-

351 5063 630 5134 pendunt,
662 5065 1058 5123 ecclesiasticis
1097 5068 1298 5124 ofﬁciis
1337 5069 1427 5139 pie
1471 5068 1777 5136 intersunt,
1828 5077 1884 5126 et
1929 5070 2044 5126 alia

352 5152 658 5209 mediocria
704 5153 856 5210 bona
908 5155 1110 5212 devote
1183 5156 1472 5222 facientes,
1529 5169 1563 5210 a
1608 5157 1939 5227 capitalium
1985 5173 2043 5215 se

350 5241 637 5298 malorum
664 5242 829 5298 sorde
880 5244 1050 5316 juxta
1082 5258 1241 5315 posse
1291 5245 1604 5300 continent.
1635 5245 1858 5304 Vivunt
1907 5262 2043 5320 ergo

353 5337 641 5400 quantum
665 5330 736 5386 ad
762 5331 860 5388 Dei
907 5345 1161 5389 amorem
1207 5331 1298 5388 vel
1329 5331 1497 5387 ﬁdem
1545 5333 1763 5392 attinet.
1794 5339 2045 5392 Jumenta

351 5424 544 5474 autem
571 5426 708 5476 sunt
745 5419 806 5476 in
853 5427 1139 5492 quantum
1183 5419 1346 5475 bona;
1381 5421 1781 5480 consolationis
1809 5431 1910 5480 aut
1941 5425 2046 5481 hu-

352 5508 646 5564 manitatis
675 5509 908 5565 cuilibet
930 5522 1094 5577 opem
1121 5507 1334 5564 ferunt.

424 5597 532 5654 Sed
578 5597 899 5655 notandum
943 5596 1100 5667 quod
1147 5595 1359 5652 dicitur
1404 5598 1464 5650 in
1510 5611 1698 5664 genere
1737 5614 1855 5664 suo,
1905 5599 2047 5668 quia

356 5686 636 5745 habemus
697 5685 1013 5740 donationes
1079 5681 1369 5738 secundum
1440 5689 1676 5752 gratiam
1737 5686 2044 5754 differentes

2220 4629 2324 4684 Per
2352 4629 2548 4684 bestias
2564 4633 2730 4684 terrai
2759 4629 2998 4700 quidam
3033 4629 3182 4685 intra
3231 4629 3538 4687 Ecclesiam
3579 4629 3843 4701 ﬁguran-

2149 4723 2246 4774 tur
2275 4717 2436 4773 ferali
2466 4718 2661 4774 animo
2689 4725 2744 4775 et
2775 4717 3112 4774 crudelitate
3140 4719 3412 4790 insignes,
3436 4717 3558 4790 qui,
3590 4718 3720 4775 licet
3741 4733 3849 4790 per

2149 4811 2504 4876 potentatum
2547 4805 2880 4863 saecularem
2935 4819 3108 4876 quem
3171 4813 3384 4876 gerunt
3447 4804 3631 4860 multa
3691 4804 3847 4861 mala

2150 4902 2495 4965 perpetrant,
2529 4901 2722 4950 tamen
2770 4894 2841 4949 ad
2887 4908 2986 4950 cor
3033 4893 3335 4950 redeuntes
3383 4892 3594 4962 sacpius
3642 4892 3710 4948 de
3743 4893 3844 4949 Dei

2143 4982 2362 5051 judicio
2392 4983 2558 5038 valde
2587 4982 2990 5048 extimescunt,
3022 4987 3076 5036 et
3122 4981 3372 5050 plurima
3400 4978 3675 5034 beneﬁcia
3705 4995 3846 5050 pro-

2149 5071 2280 5128 inde
2329 5071 2688 5142 impendunt.
2740 5069 2877 5136 Quae
2924 5069 2972 5125 si
3036 5067 3332 5124 humiliter
3380 5073 3581 5138 agunt,
3634 5082 3737 5125 nec
3775 5069 3846 5124 de

2151 5162 2299 5219 bono
2345 5174 2515 5231 opere
2559 5159 2924 5216 securitatem
2974 5157 3244 5228 peccandi
3313 5155 3622 5228 accipiunt,
3673 5159 3776 5214 etsi
3811 5172 3845 5212 a

2150 5248 2432 5306 mundiali
2476 5261 2620 5303 cura
2685 5259 2918 5316 prorsus
2959 5245 3214 5316 expediri
3270 5260 3384 5302 non
3434 5253 3694 5317 possunt.
3741 5254 3846 5304 aut

2150 5342 2437 5396 metuunt.
2468 5335 2654 5392 dicere
2684 5349 2798 5391 non
2845 5334 3028 5391 audeo
3076 5335 3230 5406 quod
3264 5333 3595 5407 hujusmodi
3639 5335 3842 5406 despe-

2153 5423 2316 5478 raudi
2380 5421 2510 5478 sint.
2576 5422 2712 5488 Quis
2777 5421 3306 5480 Nabuchodonosor
3354 5422 3618 5494 nequior,
3669 5423 3762 5480 cui
3810 5437 3841 5478 a

2154 5509 2429 5580 propheta
2497 5509 2744 5568 dicitur:
2811 5511 3033 5566 Redime
3096 5513 3483 5568 misericordiis
3541 5527 3841 5582 pauperum

2147 5603 2371 5667 peccata
2402 5599 2546 5654 tua?
2573 5599 2748 5669 (Dan.
2786 5617 2860 5668 IV,
2891 5600 3002 5671 24.)
3051 5601 3122 5657 Et
3167 5601 3214 5657 si
3255 5600 3568 5658 idololatria
3612 5608 3668 5657 et
3699 5615 3840 5672 gen—

2153 5684 2233 5741 tili
2269 5685 2577 5756 pradicare
2625 5688 3015 5758 paenitentiam
3063 5689 3258 5748 Daniel
3307 5705 3421 5746 non
3469 5688 3742 5761 neglexit,
3787 5694 3837 5744 et
