3966 6426
1261 380 1615 440 ΜοιιΑιιυΜ
1659 383 1730 439 IN
1769 385 2074 441 GENESIN
2120 384 2249 440 LIB.
2292 382 2335 436 Ι.

2004 385 2074 440 1N
2120 384 2249 440 LIB.
2292 382 2335 436 Ι.
3505 377 3570 429 Si

52 500 271 556 .‘itntves
299 503 521 572 populo
559 518 678 560 non
695 505 880 562 solum
910 507 1149 566 inﬁnitis
1176 511 1486 570 sceleribus
1513 514 1739 583 obruto,
1774 519 1819 571 A
1859 516 2114 583 rationis,
2185 521 2412 585 propter
2453 527 2585 583 quae
2640 511 2967 580 innumera,
3025 524 3156 580 qua:
3215 506 3400 580 magis
3442 521 3566 563 sen-

51 590 137 647 sed
163 598 217 647 et
248 592 375 648 veri
406 594 508 650 Dei
550 608 787 665 prorsus
819 596 1024 668 ignaro
1057 599 1204 657 idem
1262 601 1411 658 alius
1470 604 1747 675 propheta

51 680 347 753 praedicat;
401 683 506 740 ubi
565 684 703 741 satis
755 684 1086 744 mirandum
1134 698 1236 758 est,
1300 692 1456 762 quod
1521 693 1607 749 his
1646 695 1748 764 qui

52 772 171 827 ﬁdei
200 772 508 829 scientiam
545 788 663 830 non
696 775 981 833 habebant
1015 779 1348 847 paenitentia
1404 784 1746 839 nuntiatur:

48 866 98 915 et
121 859 187 922 si,
221 860 491 932 inquam,
528 862 639 928 his,
672 872 891 934 quanto
930 867 1115 939 magis
1168 869 1421 939 proderit
1467 870 1748 928 Christia-

52 948 178 1004 nis?
234 950 307 1006 Et
367 952 506 1021 quis
546 952 805 1022 desperet
860 955 929 1010 de
979 955 1262 1025 ﬁdelibus,
1332 958 1376 1015 si
1434 975 1564 1031 spes
1593 968 1752 1018 tanta

53 1038 214 1095 datur
234 1047 291 1096 et
322 1040 520 1112 impiis
546 1041 574 1096 ?
607 1042 718 1098 Hos
759 1042 817 1098 in
850 1042 1103 1102 Ecclesia
1150 1047 1302 1103 Deus
1341 1064 1633 1121 quemque
1663 1065 1750 1108 se-

56 1129 303 1227 cundum
365 1131 618 1227 propriae
677 1133 810 1191 vitae
865 1135 1110 1206 gradum
1146 1137 1414 1204 instituit,
1472 1147 1535 1195 ut
1586 1140 1753 1196 nobis

59 1218 299 1318 insinuet
340 1220 506 1318 quia,
540 1221 587 1277 si
623 1222 695 1278 ad
735 1238 1032 1281 summum
1062 1225 1191 1297 ejus
1229 1227 1661 1299 discipulatutn,
1696 1230 1752 1285 id

56 1316 130 1364 cst
157 1309 562 1378 imitationem,
594 1311 836 1369 facultas
893 1314 998 1371 niti
1055 1330 1169 1372 non
1217 1325 1321 1385 est,
1354 1318 1606 1375 sciamus
1633 1319 1753 1375 sal-

60 1404 160 1452 tem
190 1397 335 1468 quia
391 1399 591 1457 minus
644 1402 969 1471 potentibus
1022 1404 1245 1462 medius
1289 1405 1447 1463 locus
1503 1407 1592 1465 sit.
1625 1408 1753 1479 Ipse

57 1486 197 1543 enim
226 1488 332 1559 qui
380 1488 555 1556 dixit,
584 1504 716 1546 cum
747 1491 1139 1564 virginitatem
1191 1496 1300 1551 sub
1346 1498 1750 1554 cunuchorum

61 1577 277 1635 nomine
326 1578 637 1636 laudaret:
679 1582 784 1648 Qui
835 1587 1011 1653 potest
1068 1602 1258 1655 capere
1314 1590 1500 1657 capiat
1531 1588 1747 1659 (Matth.

59 1682 172 1736 xux,
231 1668 349 1740 12),
421 1670 570 1726 idem
614 1671 792 1728 dixit:
837 1674 900 1729 Si
949 1676 1031 1728 vis
1086 1678 1360 1745 perfectus
1408 1692 1540 1745 esse,
1592 1678 1751 1742 vade,

58 1758 213 1813 tende
272 1775 397 1828 quae
456 1759 617 1816 habes
674 1761 834 1833 (Ibid.
869 1765 984 1835 21),
1042 1771 1097 1821 et
1137 1772 1381 1837 caetera;
1421 1781 1535 1823 non
1567 1766 1747 1822 dixit:

61 1846 168 1904 Nisi
203 1848 557 1918 vendideris,
600 1865 717 1908 non
765 1826 1009 1909 intrabis
1064 1852 1123 1909 in
1176 1826 1423 1925 regnum
1451 1855 1746 1912 caelorum.
1787 1826 1825 1880 Β

61 1936 205 2003 Quod
236 1951 498 2009 namque
528 1938 673 1996 dixit
702 1954 715 1994 :
765 1941 876 2007 Qui
899 1957 1006 1998 non
1035 1947 1314 2000 renuntiat
1359 1946 1606 2000 omnibus
1636 1960 1754 2014 quae

63 2027 308 2097 possidet,
372 2044 481 2084 non
518 2032 697 2099 potest
748 2046 895 2087 meus
933 2047 1043 2087 esse
1080 2033 1379 2104 discipulus
1410 2036 1564 2106 (Luc.
1639 2047 1751 2102 xw,

67 2120 182 2187 33);
213 2118 364 2174 idem
396 2127 483 2176 est
509 2133 577 2175 ac
596 2120 642 2177 si
674 2120 932 2178 deceret:
983 2122 1110 2179 Non
1153 2132 1334 2194 potest
1382 2138 1473 2181 me
1513 2123 1756 2194 perfecte

70 2208 289 2277 imitari,
323 2223 357 2264 a
407 2223 525 2280 quo
555 2210 870 2267 constiterit
902 2218 1159 2269 terrenas
1194 2213 1427 2269 divitias
1480 2212 1756 2269 affectari.

68 2297 161 2365 Qui
198 2298 353 2355 enim
402 2314 463 2354 se
501 2299 849 2371 discipulum
881 2301 1206 2373 cujuspiam
1239 2303 1491 2374 proﬁteri
1544 2301 1759 2358 consti-

72 2390 183 2455 tuit,
216 2403 282 2445 eo
335 2389 473 2445 facit
527 2388 761 2459 intuitu,
814 2391 967 2462 quod
1008 2391 1066 2447 in
1111 2407 1176 2447 eo
1231 2392 1384 2449 unde
1418 2392 1758 2464 magistrum

73 2480 267 2551 habere
296 2480 447 2547 vult,
480 2479 640 2551 cupit
677 2480 857 2537 eidem
913 2481 1299 2553 conformari;
1357 2490 1413 2538 et
1454 2496 1589 2538 cum
1638 2495 1761 2537 ma-

74 2568 232 2639 gister
260 2569 482 2640 aliquis
534 2569 627 2637 sit,
685 2578 739 2627 et
785 2570 997 2627 multos
1054 2571 1518 2643 circumquaque
1572 2570 1763 2627 eundo

73 2660 270 2727 doceat,
320 2674 442 2715 non
497 2667 686 2716 tamen
740 2660 932 2716 vocari
990 2669 1415 2719 consueverunt
1478 2660 1761 2732 discipuli,

74 2747 169 2804 nisi
218 2749 321 2819 qui
352 2747 485 2819 ejus
514 2748 677 2805 lateri
715 2748 1034 2821 specialiter
1061 2750 1460 2817 obambulant,
1510 2749 1764 2806 discendi

75 2836 420 2893 solummodo
448 2850 642 2893 causa.

139 2926 315 2983 Habet
349 2941 491 2999 ergo
511 2941 667 2999 aqua
697 2942 829 2999 quae
858 2927 1125 3000 producit
1153 2943 1225 2985 ex
1254 2928 1547 2999 sapientiae
1580 2929 1767 2985 scian-

80 3014 272 3086 tiaeque
299 3015 578 3073 salutaris
620 3016 975 3088 plenitudine
1007 3018 1282 3087 volatilia,
1347 3019 1452 3075 hoc
1497 3025 1581 3074 est
1618 3018 1771 3073 viros

1860 605 1976 674 tiri,
2031 619 2209 676 quam
2260 603 2332 659 ab
2384 601 2582 672 aliquo
2623 598 2733 656 dici
2794 606 3053 670 possunt,
3116 598 3403 655 exclamat
3451 599 3571 652 tota

1859 694 2176 766 spiritualis
2253 690 2517 749 Ecclesiae
2582 688 2927 746 multitudo:
2993 689 3168 742 Miser
3240 702 3334 754 ego
3396 687 3568 752 homo,

1861 784 1984 856 quis
2032 801 2114 840 me
2142 782 2396 839 liberabit
2449 780 2516 834 de
2550 794 2770 849 corpore
2798 780 2989 832 mortis
3021 775 3235 846 hujus?
3268 778 3434 846 (Rom.
3472 790 3569 841 vn,

1860 875 1969 946 24.)
1996 876 2276 931 Insuntet
2304 870 2553 941 reptiliu,
2588 868 2797 924 inﬁmae
2829 874 2882 923 et
2906 881 3139 937 prorsus
3169 864 3431 921 carnales
3471 871 3560 920 τι

1862 979 1994 1043 quae
2046 978 2150 1019 nos
2180 961 2459 1019 inclinare
2490 958 2671 1015 solent
2699 956 3062 1027 cupiditates,
3119 955 3337 1026 quibus
3371 960 3572 1009 ventre

1862 1042 2138 1124 repimus,
2203 1051 2253 1107 id
2302 1057 2386 1107 est
2421 1048 2632 1105 affectu
2676 1047 3027 1103 inhaeremus
3069 1044 3313 1101 terrenis
3363 1042 3571 1113 volup—

1863 1143 2098 1207 tatibus,
2133 1148 2189 1198 et
2234 1138 2628 1196 titillationum
2669 1134 2995 1206 frequentia
3020 1132 3230 1190 lubrici
3263 1146 3329 1188 ac
3373 1130 3573 1187 molles

1864 1232 2047 1288 instar
2126 1229 2349 1287 colubri
2398 1233 2695 1285 attenuate
2750 1224 2926 1281 animi
2988 1223 3181 1295 rigore
3260 1220 3570 1278 efﬁcimur.

1861 1323 2012 1378 Dum
2042 1320 2196 1377 enim
2230 1320 2515 1375 virtutum
2563 1314 2791 1386 fastigia
2830 1313 3085 1386 attigisse
3116 1325 3219 1367 nos
3256 1309 3572 1375 credimus,

1863 1425 1935 1468 ne
1990 1426 2097 1467 nos
2128 1409 2328 1482 gratiae
2363 1406 2596 1463 ubertas
2640 1403 2839 1470 elevet,
2908 1400 3152 1473 propitio
3192 1399 3290 1457 Dei
3355 1397 3573 1470 judicio

1863 1499 2133 1557 stimulus
2186 1497 2378 1554 carnis
2423 1495 2496 1551 ab
2549 1492 2753 1564 angelo
2810 1492 3036 1548 Satanae
3089 1488 3255 1545 nobis
3309 1488 3412 1559 qui
3469 1501 3575 1542 nos

1860 1587 2174 1660 colaphizet
2231 1583 2563 1642 immittitur
2610 1582 2685 1652 (ιι
2714 1582 2837 1639 Cor.
2872 1595 2976 1647 xu,
3019 1578 3095 1649 7),
3128 1584 3183 1634 et
3214 1577 3297 1633 sic
3332 1576 3474 1632 dum
3504 1576 3574 1631 de

1864 1675 2250 1749 supercoelesti
2305 1672 2649 1745 cogitatione
2706 1670 2779 1726 ad
2839 1669 3153 1740 plusquam
3204 1673 3451 1731 terrena,
3510 1670 3574 1720 ut

1864 1768 1943 1825 sic
1969 1767 2177 1834 dicam,
2212 1763 2543 1822 meditanda
2587 1759 2935 1827 delabimur,
2984 1757 3127 1830 quid
3157 1757 3227 1813 de
3257 1755 3422 1812 nobis
3451 1753 3573 1811 sine

1862 1872 2030 1929 opere
2089 1855 2185 1913 Dei
2232 1854 2413 1912 simus
2459 1853 2518 1909 in
2548 1850 2714 1909 nobis
2746 1848 2886 1921 ipsis
2907 1846 3285 1904 advertimus.

1932 1948 2047 2006 Nec
2097 1947 2307 2003 desunt
2364 1942 2578 2009 bestiae,
2612 1939 2875 1997 bestiales
2919 1936 3178 1994 videlicet
3226 1948 3429 1993 mores.
3491 1932 3581 1988 in-

1862 2036 2136 2103 solentiae,
2195 2034 2295 2091 irae
2343 2040 2400 2089 et
2448 2044 2737 2095 rancores,
2798 2043 2930 2099 quae
2977 2026 3082 2083 etsi
3140 2032 3369 2081 sanctos
3421 2022 3575 2079 viros

1866 2141 2050 2197 usque
2096 2124 2168 2180 ad
2228 2129 2519 2194 perpetem
2562 2118 2848 2189 impellere
2896 2130 3015 2171 non
3070 2119 3310 2185 possunt
3356 2112 3570 2168 discor-

1864 2217 2040 2283 diam,
2089 2226 2334 2286 magnas
2380 2215 2572 2267 tamen
2603 2208 2677 2264 ad
2713 2215 2939 2276 tempus
2978 2205 3035 2260 in
3066 2218 3268 2260 eorum
3300 2201 3575 2258 cordibus

1864 2312 2142 2379 generant
2188 2302 2410 2367 turbas,
2450 2308 2524 2366 et,
2577 2298 2717 2353 dum
2761 2302 2957 2352 vetant
2989 2292 3275 2350 interioris
3306 2289 3572 2347 ferociam

1871 2393 2190 2451 murmuris
2219 2390 2444 2462 prodire
2476 2387 2535 2444 in
2571 2386 2833 2452 verbum,
2866 2380 3301 2439 ardentissimos
3331 2379 3484 2434 intra
3514 2391 3574 2432 se

1869 2492 2041 2540 aestus
2057 2480 2469 2554 cogitationum
2499 2475 2608 2533 sibi
2638 2474 2885 2530 invicem
2909 2469 3325 2543 objicientium,
3358 2474 3413 2524 et
3441 2480 3575 2523 cum

1873 2572 2076 2645 grandi
2108 2552 2351 2640 strepitu
2375 2563 2634 2623 convicia
2663 2561 3034 2620 referentiqu
3065 2557 3388 2629 patiuntur.
3426 2552 3579 2613 Vitia

1874 2670 2068 2719 autem
2099 2660 2313 2731 pariter
2346 2657 2444 2713 vix
2470 2662 2572 2712 aut
2612 2665 2916 2723 nunquam
2949 2648 3283 2722 quempiam
3330 2651 3577 2713 tentant,

1877 2751 1973 2806 sed
2001 2748 2252 2807 vicissim
2302 2760 2405 2803 nos
2452 2744 2708 2815 pulsant:
2772 2740 2954 2811 sopito
2997 2738 3212 2794 scilicet
3263 2733 3579 2804 voluptatis

1879 2839 2166 2897 incentivo
2234 2834 2444 2893 defurit
2510 2833 2628 2899 ira;
2711 2831 2798 2887 ira
2821 2830 2894 2886 ad
2975 2836 3200 2898 tempus
3255 2824 3581 2896 quiescente

1877 2930 2111 2988 effervet
2141 2926 2382 2983 luxuria
2410 2939 2425 2993 ;
2459 2922 2548 2980 his
2577 2934 2783 2977 rursus
2807 2917 2975 2991 quasi
3006 2914 3270 2973 edomitis
3318 2909 3579 2981 subrepit

1879 3019 2069 3076 inanis
2090 3015 2290 3089 gloria,
2320 3014 2441 3071 sive
2468 3009 2757 3082 superbia.

78 3105 378 3162 eminentes
436 3106 846 3176 speculationis
908 3108 1022 3175 ala,
1082 3109 1255 3165 habet
1320 3115 1491 3175 terra,
1559 3107 1616 3163 id
1687 3113 1772 3162 est
1803 3130 1843 3185 ο
1953 3110 2085 3166 Haec
2113 3114 2305 3164 autem
2348 3103 2475 3169 tria,
2524 3115 2655 3172 quae
2694 3097 3082 3169 praemisimus
3113 3093 3224 3150 sub
3251 3090 3439 3162 specie
3477 3090 3579 3160 ju-

79 3191 272 3250 Cbristi
302 3193 639 3250 humanitas
682 3194 1032 3267 simplicium
1086 3197 1307 3253 animos
1327 3195 1495 3268 quasi
1516 3197 1768 3266 jumenta

79 3284 307 3352 reptilia,
336 3288 390 3338 et
419 3283 640 3351 bestias,
694 3284 818 3356 qui,
861 3284 909 3341 si
960 3283 1019 3340 in
1053 3284 1271 3341 lumine
1320 3284 1478 3342 verbi
1533 3284 1768 3341 oculum

83 3370 241 3442 ﬁgere
263 3379 588 3442 nequeunt,
635 3370 927 3429 Christum
979 3379 1169 3429 tamen
1228 3387 1329 3445 pro
1377 3372 1769 3443 peccatoribus

83 3458 433 3516 incarnatum
464 3460 832 3531 redimendis,
882 3461 1010 3518 ﬁdei
1057 3477 1126 3518 ac
1163 3463 1282 3534 spei
1320 3462 1586 3520 contuitu
1634 3476 1768 3518 con—

83 3559 284 3610 stanter
320 3554 645 3611 attendunt.
681 3556 824 3612 Cum
859 3555 1014 3613 enim
1059 3556 1171 3612 dici
1217 3556 1461 3613 verbum
1506 3563 1771 3612 eructaro

84 3642 368 3711 pertineat,
403 3657 524 3700 nox
549 3644 700 3700 nocti
754 3644 1050 3702 scientiam
1088 3652 1503 3717 consequenter
1559 3643 1774 3700 indicat

87 3730 253 3800 (Psai.
276 3747 441 3801 xvut,
477 3733 553 3803 2),
600 3733 774 3790 habet
826 3734 1079 3791 Ecclesia
1118 3734 1222 3791 hos
1253 3735 1310 3790 in
1343 3750 1403 3790 se
1446 3733 1772 3789 viventium

89 3828 275 3890 status,
317 3823 421 3894 qui
472 3838 679 3894 pecora
705 3824 839 3895 jure
883 3824 955 3880 ad
1003 3838 1207 3881 eorum
1260 3823 1770 3894 comparationem,

91 3909 183 3979 qui
211 3911 566 3969 rationaliter
595 3927 653 3969 se
683 3919 886 3985 agunt,
919 3912 1030 3970 dici
1074 3921 1444 3981 meruerunt;
1483 3912 1571 3967 vel
1601 3912 1771 3968 etiam

94 4007 340 4069 respectu
368 4000 593 4071 pietatis
621 4000 699 4057 ita
728 4000 1024 4071 dicuntur,
1080 4002 1221 4073 quia
1251 4002 1551 4059 hominum
1608 4000 1664 4056 id
1693 4008 1776 4056 est

96 4095 228 4144 recte
254 4089 659 4162 sapienterque
689 4090 1008 4148 viventium
1032 4092 1234 4148 usibus
1262 4090 1431 4163 quasi
1470 4090 1777 4149 domestica

96 4177 352 4235 animalia
400 4179 782 4237 famulantur.
842 4181 934 4237 Nil
989 4182 1143 4238 enim
1193 4188 1279 4238 est
1333 4180 1491 4252 quod
1541 4195 1659 4236 non
1720 4179 1779 4235 in

97 4264 493 4335 animantibus,
550 4275 605 4324 et
650 4268 824 4325 rebus
868 4269 1041 4325 etiam
1087 4269 1420 4327 inanimatis
1476 4268 1534 4324 in
1585 4267 1780 4337 aliquo

99 4353 410 4413 hominibus
456 4356 596 4413 utile
654 4358 748 4414 sit.
804 4358 921 4415 Sub
970 4373 1089 4430 qua
1143 4360 1326 4430 specie
1372 4360 1514 4416 dum
1562 4365 1784 4415 montes

1880 3206 2226 3263 mentorum,
2286 3192 2601 3263 reptilium,
2658 3202 2727 3243 ac
2776 3185 3111 3251 bestiarum,
3172 3181 3326 3238 etin
3361 3179 3579 3251 psalmo

1877 3286 2015 3343 satis
2045 3297 2299 3355 congrue
2327 3280 2438 3337 sub
2460 3278 2649 3349 ﬁgura
2670 3276 2783 3332 alia
2810 3275 3195 3331 denotantur:
3231 3270 3578 3335 Hotocausta,

1880 3376 2089 3449 inquit,
2132 3374 2430 3429 medullata
2478 3368 2773 3426 offerimus
2836 3364 2936 3421 tibi
2993 3378 3114 3418 cum
3166 3364 3379 3416 incenso
3437 3360 3579 3413 arie-

1880 3448 2013 3535 tum,
2062 3465 2288 3534 offeram
2319 3462 2422 3516 tibi
2478 3460 2630 3514 boves
2659 3471 2779 3511 cum
2832 3455 3000 3508 hircis
3052 3452 3223 3522 (Psat.
3281 3448 3578 3515 1.xv,15):

1882 3555 2225 3614 Holocausta
2249 3549 2564 3614 otierimus,
2596 3559 2729 3602 cum
2761 3541 3051 3615 quidquid
3076 3554 3150 3596 ex
3169 3538 3337 3596 nobis
3358 3550 3581 3603 sumus,

1881 3647 1941 3703 in
1982 3644 2080 3701 Dei
2112 3654 2308 3699 amore
2345 3636 2742 3695 consumimus
2775 3650 2791 3701 ;
2826 3631 3143 3689 medullata
3193 3628 3393 3686 eadem
3425 3633 3582 3691 sunt,

1882 3749 2013 3791 cum
2067 3731 2190 3788 sine
2236 3726 2536 3786 charitatis
2586 3722 2845 3780 interiori
2900 3720 3253 3793 pinguedine
3304 3716 3586 3773 virtutum

1885 3832 2214 3882 nostrarum
2268 3831 2398 3874 ossa
2449 3828 2565 3871 non
2610 3820 2783 3869 sunt:
2839 3810 3140 3866 aridusest
3176 3807 3331 3865 enim
3390 3818 3589 3862 ramus

1886 3916 2049 3972 bonae
2096 3907 2355 3975 actionis,
2409 3919 2526 3962 non
2565 3902 2736 3959 habet
2775 3913 3015 3957 succum
3067 3898 3281 3955 divinae
3330 3909 3398 3952 ac
3452 3908 3587 3950 mu-

1885 4010 2001 4060 tuae
2084 3996 2423 4065 charitatis;
2479 4006 2614 4049 cum
2669 3990 2917 4053 incenso,
2981 3989 3039 4044 id
3094 3994 3179 4044 est
3237 3984 3586 4047 incensionc,

1887 4088 2326 4158 consumptione
2403 4081 2664 4142 videlicet
2736 4078 2911 4135 totius
2967 4074 3398 4141 cervicositatis,
3460 4087 3591 4143 quae

1888 4192 2067 4250 supra
2123 4190 2224 4247 per
2306 4173 2532 4239 bestias,
2606 4169 2697 4226 his
2764 4181 2866 4239 per
2938 4166 3175 4223 arietem
3230 4164 3591 4235 designatam

1889 4271 2131 4336 scimus;
2155 4265 2488 4322 holocausta
2513 4259 2720 4318 offerre
2746 4258 3039 4323 debemus,
3077 4253 3237 4326 quia,
3268 4251 3597 4311 sidiabolus

1892 4374 1995 4419 rex
2023 4363 2109 4415 est
2135 4364 2531 4426 superomnes
2572 4349 2715 4406 ﬁlios
2743 4345 3028 4418 superbiae
3067 4344 3199 4415 (Job.
3232 4357 3350 4412 xm,
3399 4342 3515 4410 25),
3542 4347 3597 4396 et

99 4443 232 4500 Deus
267 4444 335 4502 de
370 4446 493 4502 suis
520 4447 915 4518 superioribus
938 4448 1160 4520 irrigat,
1200 4462 1302 4519 per
1328 4449 1555 4505 eosdem
1584 4453 1780 4518 potum
1818 4443 1857 4497 υ
1897 4449 2053 4506 ﬁlius
2080 4443 2225 4502 tanti
2258 4439 2513 4508 monstri,
2545 4451 2863 4508 servusque
2915 4434 3128 4491 diaboli
3182 4433 3297 4489 Deo
3354 4443 3600 4488 munera

103 4532 276 4591 bestiis
302 4542 356 4592 et
400 4536 636 4608 onagris
681 4537 1064 4607 administrat,
1105 4547 1159 4597 et
1188 4553 1262 4596 ex
1315 4538 1529 4596 eisdem
1582 4537 1779 4593 fenum

104 4635 290 4680 rursus
369 4625 727 4697 herbamque
798 4626 1100 4684 hominum
1149 4627 1413 4685 servituti
1484 4608 1784 4682 convectat

107 4712 252 4779 (Psal.
306 4729 498 4782 CXLVI,
551 4718 627 4783 8).
662 4716 770 4784 Qui
824 4718 979 4775 enim
1021 4725 1242 4776 montes
1294 4717 1353 4773 in
1400 4716 1616 4788 quibus
1654 4713 1786 4771 fena

109 4810 359 4860 creantur
385 4805 457 4861 ob
493 4805 706 4863 fastum
735 4807 925 4864 vocati
951 4814 1110 4872 sunt,
1142 4806 1314 4864 iidem
1347 4805 1555 4864 ibidem
1596 4802 1787 4861 bestiae

112 4890 174 4946 ob
195 4891 532 4953 ferocitatem
585 4896 721 4952 dicti
741 4903 897 4954 sunt.

177 4981 342 5041 Habet
370 4999 605 5056 quoque
628 4984 809 5042 ﬁdelis
836 4984 1032 5042 anima
1059 4985 1229 5042 etiam
1262 5000 1395 5057 quae
1427 4983 1499 5041 ad
1535 4996 1790 5041 summos

116 5069 232 5129 vita
258 5074 548 5133 emerserit
595 5075 832 5147 gradus,
865 5075 983 5133 imo
1033 5076 1250 5147 patitur
1280 5076 1339 5132 in
1397 5089 1458 5133 se
1487 5075 1591 5131 hos
1629 5086 1795 5129 acer-

121 5158 326 5221 bissime
356 5172 566 5221 motus.
601 5164 808 5221 Insunt
837 5178 1091 5236 namque
1116 5179 1231 5222 non
1262 5165 1429 5223 modo
1473 5164 1660 5231 nobis,
1693 5160 1796 5232 qui

122 5250 210 5308 vix
229 5253 383 5311 initia
411 5254 802 5312 conversionis
863 5255 1166 5325 habemus,
1214 5256 1311 5311 sed
1352 5254 1565 5311 sanctis
1593 5267 1662 5309 ac
1705 5251 1798 5307 in—

128 5340 590 5415 telligentissimis,
667 5343 845 5401 Paulo
919 5343 1132 5402 scilicet
1206 5343 1495 5415 apostolo,
1590 5341 1800 5412 suique

126 5429 382 5492 similibus
427 5435 700 5505 jumenta,
751 5433 809 5489 id
860 5440 945 5491 est
1000 5431 1297 5489 oneriferae
1360 5432 1537 5503 hujus
1592 5438 1801 5486 nostrae

129 5522 462 5581 mortalitatis
510 5522 907 5588 hebetudines,
958 5520 1177 5593 quibus
1220 5519 1508 5576 interioris
1553 5517 1804 5574 hominis

129 5607 461 5681 obtenditur,
494 5619 552 5669 et
589 5612 784 5669 crebro
817 5619 1095 5684 gravatur
1144 5609 1433 5676 alacritas,
1474 5607 1616 5663 dum
1653 5605 1806 5662 videt

132 5698 279 5757 aliam
341 5702 521 5774 legem
597 5700 654 5757 in
700 5701 973 5758 membris
1028 5699 1151 5756 suis
1217 5702 1637 5769 repugnantem
1697 5694 1807 5763 let!i

1887 4537 2085 4603 defert,
2141 4532 2282 4605 quid
2338 4529 2441 4601 ipsi
2470 4530 2585 4585 Deo
2636 4525 2817 4583 videri
2878 4523 3081 4595 poterit
3128 4520 3433 4593 ingratius,
3470 4526 3598 4576 tur-

1892 4627 2041 4700 pius,
2106 4619 2445 4693 indignius?
2505 4616 2595 4674 Sic
2649 4623 2843 4672 tamen
2914 4613 3060 4681 dico,
3112 4612 3291 4668 donec
3352 4610 3410 4665 in
3478 4608 3601 4679 ipsa

1893 4699 2093 4773 mortis
2125 4709 2514 4782 profunditate
2538 4707 2729 4778 jacere
2759 4703 3054 4761 deliberat.
3088 4699 3398 4757 Oﬁ'erimus
3426 4699 3600 4763 boves,

1895 4819 2029 4862 cum
2076 4815 2246 4860 omne
2284 4797 2532 4870 pondus,
2583 4801 2640 4851 et
2692 4794 3077 4851 circumstans
3121 4802 3226 4844 nos
3279 4792 3599 4857 peccatum,

1897 4893 2055 4967 quod
2109 4904 2216 4948 nos
2260 4893 2564 4960 aggravat,
2597 4891 2652 4941 et
2701 4880 2977 4939 animales
3035 4876 3381 4946 hebetesque
3413 4873 3604 4930 nosin

1899 4961 1991 5041 his
2019 4995 2151 5054 quae
2180 4978 2278 5036 Dei
2308 4983 2464 5044 sunt,
2498 4973 2703 5041 reddit,
2735 4970 2976 5036 fervore,
3029 4965 3297 5024 acumine
3344 4961 3604 5027 rationis,

1900 5081 1955 5131 et
1992 5053 2277 5143 spirituali
2307 5063 2614 5121 vivacitate
2654 5067 2968 5125 mutamus,
3000 5063 3056 5113 et
3096 5053 3384 5111 mutando
3414 5065 3609 5123 quan-

1903 5139 2042 5220 tum'
2059 5155 2275 5228 patitur
2302 5161 2513 5210 natura
2532 5150 2950 5208 consumimus.
2989 5145 3057 5202 Hi
3086 5158 3187 5215 per
3226 5143 3477 5212 jumenta
3506 5139 3611 5196 de-

1904 5249 2213 5321 signantur
2242 5243 2531 5313 superius.
2566 5240 2766 5296 Hircos
2794 5237 2854 5293 in
2886 5235 2984 5292 Dei
3042 5232 3361 5304 placatione
3415 5229 3610 5285 incen-

1906 5315 2118 5403 dimus,
2149 5346 2283 5389 cum
2332 5332 2391 5387 in
2431 5344 2605 5387 carne
2644 5334 2840 5384 nostra
2866 5333 2923 5381 et
2964 5322 3184 5379 intimis
3237 5320 3446 5376 animae
3476 5315 3611 5372 affe-

1908 5425 2098 5483 ctibus
2129 5421 2459 5493 petulantiae
2486 5420 2649 5476 ﬁuxa
2680 5413 3083 5486 dispergimus,
3113 5424 3265 5481 quae,
3302 5407 3393 5463 vel
3424 5404 3617 5478 potius

1911 5515 2013 5588 qui
2053 5512 2218 5579 hirci,
2259 5511 2473 5568 scilicet
2517 5516 2656 5566 sunt
2687 5508 2932 5577 ﬁgurate
2960 5504 3185 5572 reptitia
3239 5512 3371 5569 quae
3413 5502 3619 5568 protu-

1911 5585 2106 5671 limus,
2136 5616 2269 5673 quae
2304 5608 2418 5656 tota
2473 5596 2793 5655 secundum
2825 5594 3113 5665 cujusque
3160 5585 3427 5646 animalis
3455 5593 3622 5643 natu.

1915 5706 2038 5750 ram
2090 5690 2240 5747 dicta
2288 5696 2444 5756 sunt,
2478 5686 2617 5759 quia
2649 5683 2797 5741 aries
2830 5680 3150 5752 superbum
3181 5692 3246 5733 ac
3289 5675 3620 5733 bellicosum
