3966 6492
307 374 373 427 55
1206 365 1269 418 V.
1310 363 1646 421 GUIBERTI
1688 361 1978 418 ABBATIS

2202 357 2353 414 ,ΒῙᾹΞ
2392 355 2482 412 DE
2521 353 2911 413 NOVIGENTO
3775 354 3849 405 56

305 508 390 558 est
440 498 689 566 animal;
739 497 843 554 bos
897 509 1032 554 vero
1067 493 1449 566 ponderosum
1494 501 1549 550 et
1595 493 1800 561 hebes;
1844 490 1999 547 unde
2027 489 2074 543 Α
2112 488 2380 544 machina
2426 489 2574 544 miro
2622 501 2690 543 ac
2745 484 3307 558 incomprehensibili
3367 483 3856 541 administratur

305 588 520 645 dicitur
559 587 629 642 de
679 583 853 640 stulto
896 583 1048 655 apud
1088 581 1489 638 Salomonem:
1541 583 1852 652 Sequuntur
1879 597 1996 636 eam

307 678 470 747 quasi
501 675 592 730 bos
644 673 836 728 ductus
868 672 944 726 od
991 675 1269 726 victimam
1301 673 1477 741 (Prov.
1511 683 1608 737 vtt,
1648 673 1736 736 ‘22)
1761 685 1774 724 :
1800 670 1998 725 hircus

308 773 501 821 autem
529 763 820 834 petulcum
850 769 905 818 et
944 761 1224 817 lascivum
1255 777 1270 826 ;
1320 758 1472 815 unde
1510 759 1748 816 Ovidius
1776 759 1844 814 de
1881 756 1997 813 Ga-

319 853 464 909 latea
489 867 501 906 :
541 852 738 906 Tenero
751 851 1004 905 lascivior
1023 849 1173 903 lide
1204 849 1350 918 (Met.
1375 864 1498 914 xui,
1528 850 1680 918 790).

383 939 513 994 Hac
571 938 765 1008 itaque
842 936 1048 1006 hisque
1098 936 1307 991 similia
1358 951 1490 992 cum
1545 937 1618 992 ab
1689 937 1769 993 eis
1822 950 2001 1006 supra

308 1025 596 1094 expositos
641 1024 922 1080 virtutum
973 1022 1093 1077 dies
1131 1022 1360 1090 habent,
1411 1037 1634 1094 magnae
1681 1025 2005 1080 autoritatis

311 1113 462 1169 calce
517 1119 879 1182 premuntur,
913 1111 1051 1166 dum
1084 1111 1203 1166 sive
1251 1111 1308 1166 in
1363 1111 1658 1168 dexteram
1716 1113 2004 1168 declinare

315 1199 592 1261 nesciunt,
622 1207 722 1254 aut
763 1201 1074 1263 sinistram,
1111 1199 1164 1254 id
1190 1207 1288 1264 est,
1331 1199 1471 1254 dum
1502 1214 1690 1270 neque
1722 1200 2002 1258 virtutum

312 1288 690 1358 proventibus
718 1287 932 1354 extolli,
965 1286 1114 1357 quod
1147 1294 1229 1342 est
1276 1286 1532 1354 dextera,
1581 1303 1686 1344 nec
1733 1289 2006 1348 vitiorum

313 1376 662 1447 impulsibus
690 1375 919 1432 destitui
973 1383 1210 1443 norunt,
1249 1375 1405 1445 quod
1449 1384 1532 1431 est
1560 1377 1809 1434 sinistra.
1857 1380 2008 1436 Deus

312 1465 413 1534 qui
446 1465 655 1521 nostris
683 1462 1089 1536 aggratulatur
1119 1463 1484 1533 profectibus,
1517 1475 1829 1535 augmenta
1855 1483 2008 1524 sem-

314 1567 413 1622 per
439 1560 753 1624 exaggerat
799 1553 1141 1622 gratiarum,
1204 1559 1259 1606 et
1303 1551 1443 1606 illud
1491 1553 1718 1608 tandem
1751 1553 1808 1609 in
1846 1557 2012 1612 nobis

317 1641 551 1710 perﬁcit,
583 1641 654 1696 ad
683 1640 836 1710 quod
884 1638 1072 1694 omnis
1131 1645 1322 1692 noster
1363 1651 1512 1707 agon
1557 1647 1611 1695 et
1665 1641 2010 1700 desiderium

317 1729 514 1784 tendit.
547 1726 839 1798 Quidquid
871 1725 1021 1781 enim
1060 1724 1190 1780 boni
1220 1725 1555 1795 arripimus,
1589 1743 1703 1784 non
1736 1730 1809 1785 ob
1857 1731 2014 1788 aliud

317 1817 485 1887 plane
522 1817 768 1888 agimus,
827 1815 940 1870 imo
991 1827 1160 1883 agere
1207 1814 1496 1882 debemus,
1531 1816 1638 1872 nisi
1687 1825 1752 1874 ut
1799 1819 2009 1877 divinae

319 1904 586 1975 imaginis
645 1917 822 1974 quam
877 1902 1176 1958 amisimus
1220 1903 1597 1959 conformitati
1655 1919 2007 1976 reparemur.

323 1993 472 2048 Deus
501 1993 679 2063 igitur
715 2005 862 2062 quos
893 1998 957 2047 ut
987 1991 1129 2046 bene
1158 2004 1327 2059 agere
1358 1991 1566 2047 vellent
1607 1996 1810 2064 gratias
1862 1997 2012 2054 dono

317 2081 610 2150 praevenit,
660 2088 716 2136 et
771 2079 1014 2151 gratiam
1060 2079 1182 2134 suis
1217 2079 1326 2148 piis
1354 2080 1559 2136 studiis
1597 2082 2014 2154 subsequentes

301 2166 386 2232 ad
420 2165 767 2235 perﬁcienda
797 2178 928 2234 quae
957 2164 1278 2231 voluerant,
1305 2163 1478 2234 juvit,
1534 2166 1605 2220 ad
1639 2181 1866 2224 summa
1892 2171 2014 2241 jam

317 2268 436 2310 suae
487 2252 878 2309 similitudinis
925 2252 1214 2308 consortia
1266 2252 1474 2320 evehit,
1535 2253 1748 2322 dicens,
1817 2264 1882 2312 ut
1938 2257 2016 2315 ita

318 2340 505 2398 dicam
529 2357 543 2396 :

389 2427 560 2484 Vens.
594 2429 684 2484 26.
740 2457 808 2468 —
864 2429 1145 2482 Faciamus
1203 2427 1468 2482 hominem
1525 2413 1938 2500 ad‘imaginem
1968 2439 2016 2489 et

319 2515 732 2570 similitudinem
759 2521 1021 2570 nostram.
1058 2515 1254 2586 Imago
1289 2523 1343 2572 et
1372 2515 1708 2587 similitudo,
1755 2535 1890 2576 cum
1944 2522 2018 2579 ab

321 2603 615 2673 aliquibus
662 2604 809 2659 idem
850 2618 973 2660 esse
1022 2603 1311 2672 credatur,
1358 2605 1673 2674 plurimum
1705 2608 2020 2679 aliquando

320 2690 470 2746 inter
499 2706 557 2747 se
585 2691 814 2748 distant.
871 2693 1068 2762 Imago
1095 2692 1322 2762 proprie
1351 2692 1562 2750 dicitur
1618 2696 1773 2765 quod
1834 2698 2021 2769 pingi-

319 2785 419 2834 tur
459 2779 545 2834 vel
591 2778 876 2848 sculpitur
917 2793 1093 2836 causa
1141 2779 1391 2851 alicujus
1420 2783 1752 2839 memoriam
1807 2799 2022 2856 reprae-

322 2867 603 2931 sentandi,
636 2868 741 2923 etsi
792 2883 904 2923 non
953 2868 1136 2924 simile
1194 2869 1274 2924 illi
1330 2883 1434 2939 pro
1485 2885 1601 2940 quo
1651 2871 1890 2942 ﬁngitur
1930 2876 2020 2932 sit.

323 2955 647 3012 Similitudo
697 2963 890 3012 autem
920 2955 1313 3013 indifferenter
1342 2957 1400 3012 in
1445 2960 1670 3014 cunctis
1725 2976 1858 3032 quae
1911 2965 2022 3021 sibi

2105 577 2325 644 ordine,
2359 577 2459 633 ubi
2486 575 2628 632 nihil
2670 575 3200 632 extraordinarium
3233 574 3313 642 ﬁt,
3346 572 3428 630 nil
3457 573 3583 630 sine
3611 585 3848 638 causa,

2108 666 2186 723 nil
2219 666 2631 722 inconveniens
2674 673 2824 722 recte
2873 664 3248 721 sentientibus
3293 663 3582 719 videatur.
3662 660 3854 728 Quod

2110 757 2303 812 itidem
2340 764 2395 812 et
2427 756 2642 812 homini
2677 762 2898 810 constat
2929 754 3151 820 datum,
3193 753 3332 808 dum
3363 765 3535 808 suum
3573 749 3857 806 exterio-

2112 861 2227 902 rem
2255 845 2650 916 perinterinris
2676 847 2704 897 Ιι
2733 843 2921 898 uninis
2946 841 3489 898 intellectualitatem
3512 841 3858 910 disponere

2111 931 2303 1002 possit,
2339 937 2403 986 ut
2450 929 2529 984 nil
2563 928 2619 984 in
2676 929 2765 984 sui
2811 926 2996 996 operis
3023 926 3376 982 exhibitione
3407 924 3681 995 ineptum
3736 927 3859 976 aut

2112 1029 2280 1090 turpe
2312 1017 2498 1073 valeat
2538 1015 2804 1072 inveniri.
2841 1015 2996 1072 Vivit
3050 1015 3222 1081 Deus,
3266 1020 3322 1069 et
3362 1013 3532 1083 sapit,
3580 1010 3855 1067 vitalem

2115 1119 2216 1176 per
2243 1119 2301 1159 se
2323 1110 2379 1159 et
2405 1102 2692 1158 viviticam
2723 1099 2782 1155 in
2813 1097 3028 1155 carnali
3074 1112 3262 1154 massa
3292 1097 3498 1154 indidit
3535 1097 3853 1160 animam,

2117 1208 2247 1264 quae
2274 1191 2498 1262 pondus
2527 1203 2698 1246 suum
2731 1187 2866 1244 foris
2895 1186 3080 1244 reddit
3131 1193 3420 1256 vegetum,
3470 1194 3653 1242 semet
3694 1199 3856 1240 vero

2114 1297 2186 1338 ex
2223 1279 2520 1352 participio
2557 1277 2798 1333 cmlestis
2847 1275 3083 1331 luminis
3141 1273 3292 1330 intro
3336 1276 3639 1345 providam
3693 1289 3857 1345 pos-

2116 1372 2278 1427 sidet.
2314 1371 2510 1439 Imago
2549 1382 2686 1437 ergo
2727 1366 2826 1421 Dei
2875 1379 3099 1431 sumus,
3156 1364 3332 1433 ipsius
3388 1362 3584 1434 gloriae
3616 1370 3684 1418 et
3737 1363 3856 1418 ho-

2118 1459 2276 1514 noris
2327 1456 2458 1512 facti
2514 1469 2737 1520 sumus,
2778 1468 2893 1510 non
2941 1452 3118 1509 nostri
3169 1452 3354 1508 meriti
3406 1459 3508 1507 aut
3552 1449 3860 1507 utilitatis

2120 1561 2316 1611 causa,
2357 1551 2551 1614 utpote
2601 1543 2703 1613 qui
2747 1556 2862 1596 non
2887 1542 3052 1597 nobis
3081 1540 3308 1610 egebat,
3365 1539 3460 1595 sed
3521 1553 3623 1595 nos
3675 1539 3854 1603 fecit,

2121 1644 2186 1692 ut
2217 1635 2337 1704 ipso
2379 1635 2538 1689 beate
2597 1631 2940 1687 frueremur.
2997 1629 3184 1685 Causa
3245 1637 3528 1694 nostrum,
3576 1629 3750 1684 sicut
3795 1634 3860 1682 et

2122 1723 2379 1781 omnium
2410 1727 2732 1777 creatorum
2764 1719 2891 1786 fuit,
2942 1725 3006 1774 ut
3051 1717 3265 1773 scilicet
3290 1717 3739 1787 gloriﬁcaretur
3771 1729 3856 1771 ex

2122 1811 2304 1878 nobis,
2357 1824 2472 1865 non
2519 1822 2636 1879 quo
2685 1815 2882 1863 nostra
2912 1806 3326 1877 gloriﬁcatione
3372 1805 3700 1876 proﬁceret,
3743 1805 3856 1860 sed

2117 1915 2235 1971 quo
2257 1913 2389 1954 eum
2419 1905 2473 1953 et
2502 1911 2574 1952 ex
2601 1895 2692 1952 sui
2723 1895 3199 1961 consideratione,
3234 1900 3290 1950 et
3317 1908 3389 1949 ex
3418 1893 3622 1949 mundi
3651 1893 3856 1949 totius

2113 1987 2364 2045 mirabili
2398 1993 2625 2057 propter
2672 1998 2775 2040 nos
2808 1983 3165 2039 institutione
3192 1982 3568 2054 gloriﬁcando
3603 1981 3860 2054 glorio-

2113 2080 2231 2134 sior
2261 2077 2430 2132 homo
2463 2075 2639 2130 ﬁeret.
2673 2074 2786 2130 Nos
2809 2073 3004 2142 itaque
3026 2071 3246 2142 illiquo
3279 2086 3382 2128 nos
3433 2077 3489 2127 et
3536 2071 3854 2127 mundum

2116 2165 2264 2237 regit
2313 2163 2501 2220 ordini
2547 2161 3032 2227 confirmando,...
3077 2160 3290 2216 scilicet
3339 2159 3517 2216 nostri
3564 2159 3856 2228 ipsorum

2115 2255 2444 2320 existentes,
2476 2251 2632 2307 vitiis
2665 2249 3062 2321 principando,
3115 2255 3171 2304 et
3216 2263 3350 2305 cum
3381 2249 3593 2305 virtute
3629 2249 3856 2305 omnia

2120 2348 2316 2398 nostra
2345 2339 2591 2411 gerendo
2623 2337 3146 2407 supernmimagini
3192 2351 3610 2408 comparemur.
3657 2337 3851 2394 Simi-

2125 2430 2425 2487 litudinem
2465 2441 2642 2498 supra
2672 2427 2928 2482 diximus
2979 2426 3036 2481 in
3084 2425 3342 2481 moribus
3370 2425 3576 2482 debere
3607 2427 3849 2495 putari,

2127 2519 2227 2590 qui
2275 2517 2422 2573 sicut
2457 2517 2607 2572 Deus
2636 2523 2720 2570 est
2750 2528 2928 2581 amor,
2961 2512 3208 2584 iustitia,
3262 2514 3462 2584 pietas,
3510 2514 3850 2579 munditia,

2125 2614 2179 2663 et
2208 2604 2492 2676 quidquid
2539 2602 2672 2660 boni
2717 2603 2828 2659 dici
2861 2610 2961 2658 aut
3001 2603 3237 2675 cogitari
3274 2610 3477 2672 potest,
3512 2603 3590 2658 ita
3639 2603 3857 2659 omnis

2131 2693 2330 2766 gratiae
2358 2700 2413 2749 et
2461 2691 2779 2748 sanctitatis
2828 2705 3094 2761 capacem
3154 2692 3404 2748 hominis
3455 2691 3722 2747 animam
3760 2691 3854 2747 fe-

2129 2783 2204 2839 cit
2257 2780 2418 2838 Unde
2469 2787 2524 2836 et
2558 2793 2783 2835 summo
2829 2787 3042 2846 nostro,
3079 2781 3235 2850 quod
3289 2795 3393 2836 nos
3435 2780 3705 2836 videlicet
3741 2780 3858 2835 ha-

2133 2872 2266 2928 bere
2295 2869 2617 2935 conveniat,
2668 2867 2815 2924 bono
2859 2868 2932 2924 ab
2973 2868 3192 2924 Joanne
3239 2868 3483 2924 dicitur:
3535 2867 3696 2924 Sicut
3731 2871 3852 2935 ille,

2134 2958 2343 3029 inquit,
2377 2963 2474 3024 est,
2507 2961 2558 3010 et
2580 2971 2675 3010 nos
2712 2971 2895 3010 sumus
2924 2958 2982 3010 in
3012 2956 3107 3010 hoc
3138 2955 3337 3010 mundo
3387 2956 3546 3026 (Joan
3578 2971 3656 3024 tv,
3732 2958 3850 3026 l7).

323 3044 533 3101 similia
562 3045 770 3114 quovis
808 3045 974 3101 modo
1007 3045 1141 3110 sint,
1191 3044 1422 3114 dicitur,
1466 3047 1567 3102 etsi
1600 3049 1779 3105 altera
1807 3051 2020 3110 altero-
2055 3081 2095 3136 ο
2135 3048 2287 3103 Deus
2334 3045 2678 3101 naturaliter
2717 3044 2846 3114 plus
2873 3044 2954 3100 sic
2984 3043 3209 3100 deitatis
3252 3043 3608 3115 plenitudine
3646 3045 3856 3100 nobis-

323 3147 454 3189 rum
479 3146 654 3189 causa
686 3133 833 3189 facta
863 3149 977 3188 non
1009 3133 1144 3189 sint.
1194 3134 1419 3190 Possem
1467 3135 1578 3191 dici
1628 3136 1818 3208 imago
1844 3143 2022 3210 patris

324 3221 452 3288 mei,
501 3222 604 3278 etsi
659 3221 768 3278 sibi
817 3222 1000 3292 specie
1058 3236 1173 3278 non
1222 3224 1608 3286 convenirem,
1664 3227 1804 3296 quia
1859 3238 2025 3298 pater

325 3325 486 3366 meus
524 3325 700 3367 causa
737 3318 802 3367 ut
825 3325 1007 3367 essem
1052 3309 1189 3367 mihi
1243 3311 1371 3368 fuit.
1405 3313 1566 3368 Unde
1615 3321 1671 3370 et
1723 3315 1830 3372 hoc
1858 3320 2024 3378 modo

324 3397 516 3468 imago
547 3399 762 3468 pariter
791 3406 845 3454 et
895 3399 1208 3454 similitudo
1243 3399 1311 3456 de
1361 3413 1422 3455 re
1467 3415 1588 3456 una
1635 3403 1745 3459 dici
1775 3415 2020 3475 queunt,

323 3486 372 3542 si
430 3494 660 3556 propter
705 3486 962 3542 eamdem
1011 3494 1067 3542 et
1120 3487 1267 3542 facta
1325 3487 1439 3543 sint
1506 3487 1833 3561 similiaque
1887 3496 2019 3551 sint-

327 3573 606 3644 Virgilius
626 3581 813 3630 tamen
855 3573 1132 3630 inducens
1182 3575 1639 3632 Andromacham
1683 3579 1752 3634 de
1778 3580 2024 3639 Ascanio

328 3661 655 3732 loquentem
685 3661 764 3716 ait
803 3661 1032 3723 (Eneid.
1064 3677 1142 3728 Ill,
1180 3663 1334 3733 189):

531 3751 577 3804 Ο
603 3752 742 3804 mihi
767 3751 882 3804 sola
913 3752 1021 3804 mei
1048 3767 1212 3820 super
1230 3751 1590 3820 Astyanactis
1611 3756 1835 3824 imago!

327 3838 505 3906 Quem
562 3853 764 3896 revera
821 3853 922 3908 pro
974 3840 1352 3898 Similitudine
1397 3841 1705 3914 imaginem
1749 3846 1917 3912 dixit,
1969 3854 2025 3902 et

327 3926 637 3998 imaginem
692 3928 884 3984 adhuc
933 3927 1058 3984 ideo
1105 3929 1314 3995 forsan,
1392 3930 1533 4000 quia
1582 3931 1842 4001 formam,
1896 3935 2024 3990 licet

329 4015 482 4072 illius
516 4015 668 4072 ﬁlius
696 4031 811 4071 non
857 4023 1018 4080 esset,
1052 4031 1124 4072 ex
1154 4017 1280 4088 ejus
1309 4019 1813 4090 consanguinitate
1840 4023 2026 4078 trahe-

330 4105 445 4161 bat.
497 4105 813 4176 Imaginem
868 4105 963 4160 Dei
1015 4105 1198 4161 Adam
1248 4106 1425 4162 habui
1459 4107 1519 4162 in
1573 4109 1786 4174 anima,
1836 4124 1910 4167 ex
1955 4126 2024 4168 ea

329 4197 490 4260 parte
531 4205 650 4260 qua
689 4199 904 4247 aeterna
949 4201 1053 4258 est,
1108 4193 1248 4263 quia
1279 4193 1372 4249 ille
1403 4196 1744 4253 naturaliter
1771 4207 2024 4257 teternus

327 4284 430 4345 est,
486 4277 594 4332 ista
635 4279 913 4334 collative.
966 4280 1282 4352 Imaginem
1344 4295 1597 4352 namque
1638 4285 2022 4344 determinant

2131 3150 2265 3192 cum
2316 3148 2569 3201 versans,
2629 3132 3031 3189 misericordize
3080 3133 3300 3188 viscera
3355 3131 3496 3194 nulli
3530 3141 3738 3202 negat,
3788 3140 3857 3190 ut

2132 3225 2304 3280 solem
2335 3237 2509 3279 suum
2540 3235 2715 3292 super
2737 3221 2912 3277 bonos
2939 3226 2996 3278 et
3032 3220 3214 3276 malos
3252 3220 3473 3292 aperiat
3516 3220 3750 3291 (Matth.
3789 3238 3847 3287 v,

2128 3315 2244 3381 45),
2301 3318 2356 3368 et
2411 3326 2526 3368 non
2583 3311 2795 3376 minus,
2847 3309 2960 3365 imo
3001 3310 3180 3364 multo
3237 3309 3422 3365 satius
3480 3308 3675 3380 impiis
3735 3324 3852 3366 sua

2133 3414 2394 3467 munera,
2426 3399 2554 3454 licet
2573 3411 2867 3468 corporea,
2898 3397 3116 3454 tribuat
3155 3411 3332 3468 quam
3367 3397 3454 3453 his
3491 3413 3639 3468 quos
3679 3399 3852 3470 juste

2132 3492 2326 3546 vivere
2369 3494 2607 3544 constat.
2664 3486 2821 3543 Sicut
2865 3486 3043 3557 igitur
3090 3487 3241 3542 Deus
3269 3494 3372 3554 est,
3404 3494 3458 3542 et
3491 3501 3595 3543 nos
3622 3502 3850 3544 sumus

2134 3580 2191 3634 in
2219 3579 2325 3634 hoc
2354 3575 2590 3642 mundo,
2623 3575 2762 3646 quia
2791 3573 2939 3630 sicut
2971 3573 3186 3630 nemini
3233 3575 3338 3630 sibi
3383 3575 3555 3631 etiam
3591 3590 3852 3647 prorsus

2133 3666 2354 3722 infenso
2401 3663 2657 3720 beneﬁcii
2712 3661 2802 3719 sui
2849 3662 3141 3718 subtrahit
3188 3662 3531 3734 largitatem,
3584 3666 3671 3720 sic
3735 3680 3847 3722 nos

2131 3767 2270 3825 erga
2297 3767 2392 3808 eos
2428 3752 2529 3822 qui
2559 3767 2662 3808 nos
2690 3751 2939 3808 oderunt
2995 3751 3206 3808 habere
3247 3766 3475 3808 necesse
3512 3759 3596 3808 est
3627 3753 3846 3810 chari-

2133 3848 2328 3897 tatem.
2385 3839 2541 3896 Sicut
2594 3839 2778 3896 multa
2821 3847 3095 3910 praeterea
3143 3841 3282 3896 satis
3335 3841 3538 3908 ardua,
3594 3857 3739 3913 quae
3774 3844 3846 3899 de

2133 3930 2241 3985 hac
2293 3928 2390 3984 Dei
2441 3928 2692 4000 imagine
2721 3927 2920 3984 disseri
2950 3935 3194 3998 possent,
3227 3928 3323 3984 sed
3353 3929 3424 3984 ad
3457 3930 3571 3986 alia
3619 3944 3846 4002 prope-

2131 4025 2326 4074 rantes
2353 4016 2614 4074 sufﬁcere
2646 4016 3029 4073 mediocribus
3072 4016 3178 4071 ista
3209 4024 3502 4086 putamus.

2202 4109 2270 4160 Et
2296 4107 2508 4176 praesit,
2544 4105 2754 4175 inquit,
2797 4104 3037 4174 piscibus
3055 4106 3247 4172 maris,
3279 4107 3660 4162 etvolatilibus
3693 4108 3838 4174 cadi,

2131 4199 2182 4248 et
2239 4192 2442 4259 bestiis,
2505 4196 2872 4262 universasque
2895 4199 3071 4258 terra,
3129 4198 3180 4246 et
3237 4197 3385 4248 omni
3439 4196 3626 4264 reptili
3686 4195 3842 4266 quod

2129 4287 2371 4336 movetur
2417 4284 2476 4336 in
2532 4286 2696 4336 terra.
2739 4281 2884 4336 Cum
2932 4281 3075 4336 bene
3123 4281 3192 4337 de
3235 4296 3294 4336 se
3354 4291 3634 4339 merentes
3683 4284 3844 4340 Deus

329 4363 390 4419 in
435 4365 752 4420 aeternitate
789 4365 1224 4424 similitudinem
1265 4370 1320 4424 in
1375 4371 1652 4426 moribus.
1703 4373 2018 4444 Imaginem
2053 4376 2095 4430 D
2134 4369 2206 4425 ad
2235 4371 2323 4426 sui
2357 4370 2461 4442 qui
2491 4369 2635 4426 nihil
2666 4369 2823 4424 aliud
2868 4383 3045 4440 quam
3077 4370 3264 4425 virtus
3301 4377 3405 4437 est,
3456 4371 3842 4428 conformita-

330 4459 524 4508 autem
581 4452 679 4507 Dei
731 4467 835 4508 nos
881 4453 939 4508 in
977 4468 1042 4509 eo
1091 4457 1386 4526 perspiene
1430 4457 1639 4516 habere
1666 4460 1854 4517 dicere
1883 4476 2020 4532 pos-

331 4554 553 4607 sumus,
587 4540 740 4610 quod
765 4541 912 4597 sicut
934 4542 1086 4598 Deus
1113 4557 1337 4600 omnem
1363 4545 1603 4616 impleas
1625 4549 1908 4605 mundum
1939 4549 2021 4606 sic

330 4628 602 4684 omnibus
635 4628 976 4700 generaliter
1019 4630 1196 4694 adest.
1228 4640 1292 4688 ut
1317 4633 1690 4704 singulariter
1718 4643 1907 4694 tamen
1938 4639 2019 4694 rei

331 4717 559 4787 cuiqute
609 4725 759 4774 totus
817 4719 1044 4788 proprie
1107 4719 1292 4776 inesse
1335 4724 1638 4792 sentiatur,
1699 4725 1776 4780 ita
1827 4727 2023 4782 anima

333 4813 527 4862 nostra
556 4807 917 4878 incorporata
946 4815 1044 4863 ac
1077 4809 1264 4879 ipsum
1299 4824 1505 4880 corpus
1540 4813 1772 4882 quidem
1807 4814 2026 4885 implet,

332 4895 545 4949 moveri
589 4903 643 4950 et
690 4897 884 4950 vivere
928 4896 1080 4964 facit,
1131 4898 1551 4955 ordinatissime
1579 4901 1746 4971 regit,
1775 4910 1830 4958 et
1875 4903 2023 4960 sicut

331 4981 400 5037 de
431 4983 544 5037 Deo
563 4982 818 5052 dignosci
867 4998 982 5038 non
1012 4992 1193 5054 potest
1243 4987 1396 5042 unde
1445 4987 1586 5043 caelo
1629 5003 1806 5059 quam
1859 4998 2023 5048 terra:

334 5069 670 5140 praesentior
713 5071 1044 5138 aestimetur,
1105 5073 1186 5128 sic
1237 5073 1354 5143 ipsa
1385 5074 1718 5133 nullatenus
1747 5079 1933 5150 magis
1965 5081 2022 5135 in

331 5157 520 5228 capite
573 5157 816 5214 sentitur
837 5173 1014 5228 quam
1045 5158 1102 5214 in
1135 5160 1370 5216 minimo
1402 5161 1556 5231 pedis
1605 5163 1796 5234 digito.
1831 5165 2026 5220 Lassus

333 5245 622 5316 quispiam
653 5247 711 5301 in
751 5247 1019 5302 utrolibet
1049 5262 1163 5304 non
1218 5249 1568 5306 dissimiliter
1604 5253 1874 5323 angitur;
1911 5260 2026 5308 tota

331 5334 486 5390 enim
521 5332 579 5389 in
609 5334 1194 5407 singulisquibusque
1218 5337 1489 5395 membris
1505 5339 1698 5395 anima
1719 5341 2022 5409 reperitur,

334 5433 512 5491 quam
551 5421 804 5492 graviter
857 5422 1024 5479 laesus
1079 5423 1134 5480 in
1166 5439 1361 5495 ungue
1389 5425 1584 5481 doleas
1634 5427 1818 5496 nosti;
1854 5427 2024 5483 habet

332 5523 540 5580 corpus
567 5510 784 5581 ubique
820 5511 1108 5581 spiritum,
1155 5513 1241 5569 uti
1288 5514 1542 5569 mundus
1587 5515 1756 5571 habet
1808 5515 2026 5586 ubique

335 5599 538 5654 Deum.
598 5598 750 5655 Deus
795 5607 988 5656 autem
1023 5601 1170 5656 ratio
1209 5599 1555 5656 universalis
1593 5609 1698 5668 est,
1743 5616 1862 5672 qua
1911 5609 2027 5658 tota

2131 4465 2240 4514 tem
2269 4458 2476 4524 elevat,
2507 4458 2579 4514 ad
2601 4458 2710 4513 hoc
2727 4457 2930 4528 utique
2954 4457 3032 4522 ﬁt,
3058 4464 3122 4513 ut
3150 4457 3528 4514 illustratione
3553 4473 3840 4528 superna,

2129 4560 2247 4618 qua
2274 4547 2522 4618 quisque
2543 4547 2762 4616 accepit
2786 4545 3162 4602 subtilitatem
3192 4545 3431 4617 ingenii,
3457 4546 3515 4602 in
3567 4549 3837 4619 Scriptu-

2130 4635 2208 4691 ris
2259 4633 2542 4690 moderari
2575 4633 2774 4701 discat,
2834 4633 2988 4704 quod
3037 4633 3219 4703 pisces
3251 4635 3426 4690 maris
3469 4634 3837 4706 signiﬁcant;

2128 4731 2184 4779 et
2209 4723 2524 4778 volatilibus
2569 4723 2686 4776 coeli
2707 4736 2948 4792 praeesse
2979 4722 3221 4788 noverit,
3250 4722 3305 4778 id
3351 4730 3436 4779 est
3475 4725 3837 4795 contempla-

2129 4811 2300 4868 tionis
2327 4825 2572 4866 acumen
2619 4809 2945 4866 cautissime
2990 4809 3203 4866 librare
3253 4810 3311 4866 in
3364 4811 3566 4866 divina
3617 4813 3833 4877 sciens,

2133 4899 2274 4954 nihil
2305 4897 2740 4969 imaginarium,
2771 4897 2852 4954 nil
2883 4898 3147 4954 sensuale
3197 4898 3267 4954 de
3321 4899 3435 4954 Deo
3487 4901 3752 4969 senserit,
3784 4907 3840 4957 et

2129 5001 2262 5042 cum
2295 4994 2415 5055 post
2447 4985 2908 5056 magnitudinem
2955 4987 3394 5055 revelationum,
3447 4988 3834 5045 tentationum

2131 5073 2428 5140 acerbitas,
2509 5074 2666 5144 quod
2740 5088 2884 5144 pene
2934 5087 3159 5144 semper
3197 5075 3494 5130 consuevit
3551 5077 3830 5142 accidere,

2133 5163 2438 5218 subsecuta
2468 5161 2659 5227 fuerit,
2709 5162 2904 5220 bestiae
2957 5161 3198 5230 irarum,
3233 5162 3662 5234 superbiarum,
3716 5173 3832 5222 ter-

2133 5265 2522 5320 renorumque
2565 5259 2850 5318 motuum,
2903 5251 2957 5307 id
2995 5259 3080 5307 est
3123 5251 3528 5321 cupiditatum,
3573 5253 3833 5322 reptilia-

2133 5353 2248 5410 que
2279 5338 2608 5406 libidinum,
2659 5339 2958 5396 rationalis
3005 5353 3224 5396 memor
3262 5339 3483 5410 imperii
3529 5341 3828 5398 servitium

2134 5441 2269 5484 mox
2293 5427 2549 5496 imponat
2576 5427 2818 5498 corpori,
2841 5435 2896 5484 et
2925 5442 3046 5484 suae
3087 5427 3388 5484 vindicans
3434 5429 3716 5487 libertatis
3739 5429 3830 5484 di-

2135 5515 2410 5586 gnitatem
2440 5529 2614 5585 super
2653 5517 2774 5572 hac
2801 5523 3064 5573 exerceat
3109 5516 3420 5586 potestatis.
3478 5516 3633 5574 Mare
3688 5515 3832 5574 Serio

2134 5610 2362 5673 ptnram
2395 5603 2664 5674 intellige,
2711 5619 2842 5674 quae
2894 5604 3188 5674 sapientiae
3241 5603 3358 5661 sale
3394 5604 3545 5661 salsa
3575 5605 3647 5661 ad
3674 5605 3820 5662 sitim
