3966 6438
173 384 227 435 57
1381 385 1747 445 MORALIUM
1788 386 1852 441 ΙΝ
1891 385 2202 443 GENESIN
2246 386 2374 442 LIB.
2420 388 2468 442 ἰ.

3621 392 3689 445 58

171 515 520 587 spiritualem
592 530 700 572 nos
747 523 1038 587 provocat,
1088 522 1145 573 et
1196 516 1597 574 commotionis
1642 532 1868 589 magnae
1898 526 1943 579 Α
1982 517 2182 575 crebro
2234 519 2472 591 ponitur
2522 518 2581 576 in
2632 519 2810 576 veteri
2868 520 3083 592 pagina
3151 533 3250 590 pro
3305 521 3383 589 in,
3443 527 3509 577 ut
3561 504 3683 577 esti

172 605 469 676 strepitum
518 606 579 661 in
632 605 903 662 cordibus
945 605 1343 676 paenitentiam
1390 608 1657 675 concitat,
1709 622 1869 663 men-

176 702 366 766 tesque
395 695 698 771 amaricat,
746 695 851 752 ubi
898 695 1047 750 inter
1088 694 1380 751 minarum
1429 696 1606 752 moles
1634 696 1872 753 timidus

171 792 430 855 peccator
482 798 552 840 ac
604 785 653 841 si
704 784 853 840 inter
897 784 1064 840 fletus
1108 791 1406 841 exaestuat.
1456 784 1631 842 Piscis
1676 794 1868 842 autem

171 871 345 943 hujus
376 874 558 928 maris
601 872 901 944 ingenium
954 872 1241 939 naturale,
1300 873 1457 944 quod
1505 874 1633 944 ejus
1674 874 1872 931 abdita

174 961 494 1032 investigat.

239 1050 407 1104 Vens.
461 1052 553 1105 27.
625 1080 693 1090 —
744 1051 971 1105 Creavit
1033 1064 1171 1122 ergo
1247 1053 1381 1106 Deus
1447 1053 1751 1107 hominem:
1798 1052 1874 1107 ad

173 1141 460 1206 imaginem
510 1142 608 1195 Dei
670 1142 876 1194 creavit
934 1139 1109 1206 illum,
1163 1140 1462 1195 masculum
1516 1146 1569 1195 et
1612 1143 1874 1207 feminam

174 1231 375 1283 creavit
420 1244 527 1284 eos.
579 1229 749 1285 Recte
796 1228 980 1299 primo
1028 1228 1242 1285 dicitur
1288 1228 1456 1285 homo
1501 1229 1875 1301 singulariter

176 1326 419 1385 creatus,
456 1317 818 1389 postmodum
854 1317 1147 1374 masculus
1182 1326 1237 1375 et
1262 1317 1475 1375 femina
1505 1320 1700 1387 creati,
1734 1319 1874 1391 quia

176 1416 300 1462 ante
331 1407 863 1478 praevaricationem
917 1407 1065 1463 idem
1114 1408 1170 1463 in
1220 1422 1298 1476 se,
1352 1416 1405 1465 et
1450 1424 1746 1480 nusquam
1785 1410 1871 1466 di-

178 1511 375 1553 versus
405 1497 576 1552 homo
601 1503 744 1563 erat,
790 1496 893 1552 uni
948 1511 1052 1553 suo
1106 1497 1393 1554 Conditori
1434 1499 1696 1567 vacabat,
1731 1498 1812 1555 nil
1841 1512 1875 1555 a

178 1600 246 1651 se,
278 1586 362 1642 nil
389 1600 425 1642 a
458 1586 571 1641 Deo
594 1593 939 1642 extraneum
973 1587 1261 1658 cogitabat
1288 1595 1626 1659 ;postquam
1656 1596 1870 1655 autem,

177 1682 491 1746 contempto
517 1674 772 1731 auctoris
785 1675 949 1747 jugo,
985 1676 1072 1731 sui
1100 1675 1251 1746 juris
1282 1691 1403 1733 esse
1435 1677 1637 1745 voluit,
1671 1685 1726 1734 et
1774 1678 1874 1734 Dei

177 1764 407 1832 visione,
443 1778 564 1834 qua
593 1764 794 1820 crebro
844 1764 1233 1833 reﬁciebatur,
1284 1766 1488 1835 caruit,
1536 1774 1591 1823 et
1624 1767 1873 1838 seipsum

1979 609 2043 665 Si
2070 624 2270 664 memor
2295 611 2386 677 fui
2438 611 2520 664 tui
2563 624 2727 680 super
2754 615 2991 665 stratum
3019 625 3193 664 meum
3247 610 3409 672 (Psal.
3445 626 3575 675 uti,
3610 615 3680 673 7).

1980 696 2088 754 hoc
2114 706 2195 755 est
2228 698 2285 754 in
2315 705 2497 756 stratu
2545 712 2688 754 meo.
2742 699 3047 755 Moventur
3076 698 3397 755 animantia
3427 699 3483 754 in
3511 706 3681 766 terra,

1981 788 2217 858 quando
2238 788 2310 844 ad
2341 786 2567 844 illicitos
2594 795 2784 844 motus
2818 787 2990 844 fatuae
3028 787 3402 859 cogitationes
3440 787 3685 845 illiciunt

1981 891 2220 947 corpora
2249 885 2464 934 nostra.
2503 879 2681 949 Super
2704 884 2925 944 terram,
2956 878 3008 933 id
3040 884 3146 945 est,
3168 890 3398 933 carnem
3430 884 3682 932 nostram

1982 967 2298 1035 praecedere
2357 981 2495 1023 sane
2551 974 2810 1039 possunt,
2870 974 2923 1024 et
2972 967 3032 1023 in
3102 966 3193 1023 his
3234 981 3366 1038 quae
3410 965 3519 1022 sibi
3549 975 3683 1023 sunt

1982 1055 2275 1126 contigua,
2308 1056 2476 1128 quasi
2526 1057 2763 1128 quidam
2814 1057 3064 1113 latrones
3095 1056 3317 1128 praedas
3358 1069 3548 1127 agere,
3586 1055 3684 1111 sed

1984 1159 2175 1215 regem
2234 1145 2627 1216 imperiosum,
2705 1148 2986 1203 rationem
3056 1145 3337 1213 videlicet,
3404 1144 3552 1200 absit
3620 1151 3684 1200 ut

1984 1232 2274 1290 ullatenus
2295 1243 2511 1305 queant
2540 1235 2827 1306 subigere.

2055 1322 2226 1378 Vens.
2281 1325 2369 1378 29.
2420 1327 2547 1379 Ecce
2598 1324 2728 1379 dedi
2806 1324 2958 1380 vobis
3033 1340 3239 1379 omnem
3293 1323 3516 1378 herbam
3553 1322 3684 1391 απε-

1982 1413 2187 1463 rentem
2231 1423 2405 1463 semen
2450 1425 2613 1479 super
2661 1416 2883 1478 terram,
2934 1415 2984 1465 et
3038 1413 3295 1465 universa
3358 1410 3512 1478 ligna
3568 1424 3687 1478 quae

1986 1496 2184 1551 habent
2239 1500 2299 1552 in
2345 1501 2646 1568 semetipsis
2702 1505 2984 1554 sementem
3044 1502 3255 1569 generis
3313 1501 3421 1568 sui,
3468 1503 3529 1552 ut
3575 1499 3687 1553 sint

1984 1587 2134 1639 vobis
2165 1587 2223 1640 in
2252 1601 2451 1651 escam,
2495 1594 2544 1641 et
2573 1590 2777 1641 cunctis
2820 1588 3192 1642 animantibus
3226 1592 3401 1655 terrae,
3437 1589 3686 1657 omnique

1984 1676 2193 1729 volucri
2221 1676 2369 1743 caeli,
2415 1680 2465 1728 et
2512 1678 2780 1729 universis
2828 1691 2946 1745 quae
2994 1680 3274 1729 moventur
3311 1677 3371 1729 in
3416 1680 3585 1739 terra,
3624 1674 3685 1729 in

1987 1763 2183 1832 quibus
2222 1769 2300 1819 est
2352 1766 2539 1818 anima
2581 1767 2788 1831 vivens,
2840 1768 2900 1819 ut
2939 1765 3173 1819 habeant
3226 1764 3300 1818 ad
3351 1762 3682 1818 vescendum.

178 1866 285 1909 non
316 1833 545 1921 habuit,
581 1852 721 1923 quia
750 1868 1058 1925 nunquam
1092 1862 1285 1925 postea
1304 1833 1606 1925 plene'suis
1628 1833 1879 1913 motibus
1908 1833 1946 1887 Β
1987 1852 2176 1909 Primo
2207 1854 2277 1909 ad
2309 1852 2556 1931 litteram
2584 1853 3065 1925 interjaciendum
3099 1853 3254 1925 quod
3286 1853 3521 1909 omnino
3552 1859 3686 1908 ante

179 1940 478 2007 dominari,
532 1940 636 1996 etsi
684 1940 883 2004 voluit,
956 1941 1175 2012 potuit;
1227 1942 1367 2013 quia
1421 1942 1523 1999 etsi
1582 1942 1871 2013 spiritum,

181 2029 322 2100 quod
351 2037 440 2086 est
474 2029 791 2100 masculus,
818 2030 889 2085 ad
924 2029 1146 2086 fortiter
1172 2031 1537 2088 sentiendum
1569 2039 1671 2088 aut
1698 2046 1873 2103 agen-

182 2119 309 2175 dum
359 2119 594 2189 penitus
648 2133 761 2174 non
816 2118 1104 2190 perdidit;
1152 2120 1276 2175 Eva
1326 2128 1536 2187 tamen,
1588 2120 1796 2179 rcbelle
1821 2128 1875 2178 et

183 2205 517 2262 indomitum
574 2206 809 2275 animal,
843 2221 1150 2278 nunquam
1190 2208 1474 2265 voluntati
1506 2209 1743 2280 spiritus
1770 2224 1875 2265 vo-

184 2293 420 2349 luntarie
465 2295 798 2365 acquiescit,
848 2295 947 2351 sed
990 2311 1215 2367 semper
1246 2297 1479 2353 virtutis
1509 2298 1699 2353 studio
1727 2298 1876 2355 dura

184 2383 399 2439 resistit.
436 2383 560 2439 Eva
589 2392 781 2440 autem
812 2392 895 2441 est
934 2397 1067 2440 caro
1110 2393 1322 2453 nostra,
1374 2401 1506 2457 quae
1530 2394 1875 2457 suggerente

184 2470 394 2526 diabolo
428 2470 794 2528 lenocinatur
822 2473 1051 2542 rationi,
1087 2481 1141 2530 et
1172 2474 1498 2531 inflectitad
1531 2490 1874 2532 consensum

185 2560 461 2627 appetitus
511 2559 817 2616 inhonesti.
869 2561 1050 2616 Adam
1094 2564 1256 2627 enim,
1305 2572 1369 2619 ut
1419 2563 1499 2618 ait
1546 2564 1872 2633 Apostolus,

183 2647 416 2702 seductus
445 2663 553 2702 non
605 2653 703 2713 est,
763 2650 858 2704 sed
910 2651 1059 2715 Eva,
1116 2651 1261 2706 unde
1307 2657 1357 2707 et
1418 2655 1597 2707 virum
1654 2653 1876 2707 seduxit

184 2735 228 2803 (ι
252 2737 382 2790 Tim.
431 2752 495 2803 ιι,
531 2738 638 2807 14).
682 2737 869 2794 Primo
902 2739 961 2794 in
1011 2739 1241 2795 homine
1272 2741 1538 2811 quaedam
1572 2740 1679 2798 fuit
1709 2742 1874 2797 iden-

185 2822 320 2886 titas,
368 2824 471 2879 sed
503 2838 576 2879 ex
609 2826 818 2894 peccati
854 2840 1021 2897 pcena
1052 2828 1256 2884 accidit
1286 2828 1518 2884 demum
1549 2829 1871 2897 diversitas,

186 2918 238 2965 ut
266 2911 319 2966 in
352 2912 471 2967 duo
500 2911 855 2969 divideretur
886 2913 1241 2971 humanitas.

246 3000 405 3055 Vens.
462 3003 553 3055 28.
604 3033 672 3041 —
726 3003 805 3057 Et
864 3003 1144 3058 benedixit
1212 3006 1329 3059 eis:
1380 3007 1627 3069 Crescite,
1674 3006 1773 3068 ait,
1825 3013 1875 3061 et

186 3092 636 3160 multiplicamini,
708 3098 758 3146 et
820 3094 1018 3163 replete
1091 3099 1311 3149 terram.
1362 3096 1524 3153 Tunc
1565 3100 1876 3154 crescimus

186 3185 232 3233 et
256 3179 731 3250 multiplicamur,
766 3196 896 3237 cum
934 3182 1220 3253 replemus
1250 3190 1482 3250 terram,
1529 3185 1581 3241 id
1613 3193 1716 3254 est,
1740 3201 1874 3242 cum

190 3267 304 3322 boni
333 3270 527 3339 operis
577 3269 930 3327 exhibitione
977 3272 1317 3328 exteriorem
1372 3282 1635 3329 nostrum
1685 3274 1875 3330 homi-

189 3370 301 3412 nem
340 3372 638 3429 nusquam
682 3373 888 3416 vacare
920 3360 1321 3430 permittimus.
1355 3363 1472 3418 Aut
1498 3370 1647 3418 certe
1676 3364 1877 3419 cresci-

190 3458 319 3512 mus,
353 3461 487 3503 cum
522 3460 595 3502 ex
621 3446 972 3504 incremento
1001 3457 1212 3505 sanctae
1242 3449 1483 3505 actionis
1512 3464 1611 3519 spe
1643 3449 1874 3506 meliore

190 3534 248 3589 ad
275 3548 525 3605 superna
572 3536 943 3608 porrigimur.
996 3537 1451 3608 Multiplicamur
1493 3546 1708 3606 autem,
1738 3554 1872 3596 cum

189 3623 455 3681 virtutum
517 3626 929 3681 numerositate
1001 3624 1295 3682 fulcimur.
1358 3627 1428 3683 Et
1491 3627 1570 3683 ita
1621 3628 1875 3698 repletur

190 3720 345 3781 terra,
386 3728 523 3770 cum
568 3728 846 3770 sensuum
891 3722 1220 3772 nostrorum
1273 3716 1622 3772 universitas
1666 3732 1871 3773 secun-

187 3799 308 3856 dum
338 3802 492 3872 quod
527 3802 742 3872 cuique
766 3803 1031 3872 competit
1062 3803 1132 3858 ad
1168 3806 1262 3874 pia
1301 3813 1621 3875 occupatur
1644 3807 1873 3863 exerci-

187 3890 270 3941 tia.
296 3894 390 3944 13
440 3892 514 3945 Et
569 3890 825 3958 subjicite
860 3906 996 3944 eam.
1052 3890 1405 3963 Subjicimus
1456 3902 1691 3962 terram,
1737 3911 1870 3952 cum

188 3986 371 4033 nostrae
411 3978 615 4034 (Ιίιὶοηί
665 3979 1059 4048 obtemperare
1107 3982 1507 4053 compellimus
1558 3985 1761 4051 Evam,
1808 3993 1872 4041 ut

188 4077 283 4120 non
313 4067 499 4123 ordini
546 4076 892 4138 praepostero
924 4069 1153 4137 ancilla,
1198 4071 1252 4125 id
1288 4080 1391 4138 est,
1424 4086 1560 4128 caro
1592 4074 1869 4130 rationem

189 4155 445 4221 pracedat
496 4157 814 4211 dominam.
863 4159 934 4212 Et
989 4157 1349 4214 dominamini
1410 4162 1650 4231 piscibus
1699 4164 1870 4215 maris

187 4245 227 4293 et
282 4244 587 4299 volatilibus
649 4246 786 4309 crrli,
853 4252 903 4298 et
983 4248 1253 4303 universis
1320 4250 1696 4304 animantibus
1750 4265 1871 4321 qua

187 4338 439 4388 moventur
483 4349 651 4403 super
712 4338 931 4388 terram.
1009 4334 1197 4391 Pisces
1254 4337 1364 4394 dici
1419 4339 1552 4394 item
1629 4346 1870 4410 possunt

1986 1940 2270 1998 diluvium
2299 1942 2379 1999 illi
2412 1944 2594 2014 primo
2616 1942 2857 2014 tempori
2878 1958 3013 2000 esus
3033 1943 3299 2000 carnium
3335 1942 3392 1998 in
3426 1957 3539 1998 usu
3569 1956 3683 1998 non

1988 2030 2109 2087 fuit.
2142 2030 2532 2103 Significative
2561 2039 2751 2089 autem
2804 2032 2952 2100 licet,
2985 2033 3305 2089 secundum
3343 2031 3499 2102 quod
3529 2030 3685 2087 dixi-

1987 2119 2189 2177 musin
2225 2128 2478 2177 tractatu
2521 2120 2630 2176 diei
2682 2121 2851 2185 tertii,
2903 2122 3119 2192 possint
3173 2122 3296 2177 haec
3325 2120 3585 2191 intelligi,
3630 2125 3686 2174 et

1979 2208 2153 2279 juxta
2179 2222 2248 2265 ea
2278 2224 2409 2280 quae
2441 2210 2499 2266 in
2546 2210 2674 2266 aliis
2715 2210 2974 2280 exposita
3022 2217 3158 2265 sunt
3190 2209 3413 2275 diebus,
3449 2222 3581 2279 quae
3613 2207 3682 2262 ad

1986 2298 2331 2355 vescendum
2394 2299 2470 2355 illi
2527 2299 2629 2370 qui
2683 2298 2804 2370 jam
2861 2312 3016 2354 nova
3086 2305 3353 2354 creatura
3403 2304 3487 2353 est
3552 2296 3687 2351 data

1985 2386 2280 2455 dicuntur,
2343 2386 2396 2442 id
2442 2395 2527 2442 est
2586 2387 2658 2442 ad
2710 2387 3055 2443 imitandum
3125 2384 3531 2442 intellectualia
3589 2382 3685 2438 illa

1985 2490 2117 2546 quae
2167 2476 2245 2531 ibi
2292 2476 2721 2541 describuntur,
2773 2491 3027 2547 quorum
3086 2475 3367 2545 exemplis
3406 2482 3684 2543 tanquam

1986 2565 2200 2635 pabulo
2234 2566 2438 2622 debeat
2498 2565 2829 2630 sustentari,
2880 2572 3070 2621 tamen
3115 2571 3171 2620 et
3213 2563 3379 2619 aliter
3422 2561 3683 2629 forsitan,

1986 2655 2031 2709 si
2078 2654 2459 2721 elaboremus,
2527 2670 2814 2725 exponere
2880 2654 3212 2726 poterimus.
3283 2653 3492 2719 Herba,
3546 2651 3687 2722 quia

1987 2742 2177 2798 brevis
2204 2750 2258 2799 et
2306 2742 2375 2798 ad
2427 2757 2661 2798 manum
2709 2742 2983 2813 contigua
3029 2750 3131 2809 est,
3177 2742 3451 2812 quaelibet
3492 2754 3685 2809 corpo-

1986 2829 2130 2886 ralia
2161 2832 2311 2886 bona
2362 2845 2667 2901 possumus
2714 2832 2989 2901 accipere,
3042 2839 3103 2886 ut
3149 2838 3231 2886 est
3257 2830 3544 2901 jejunare,
3591 2827 3686 2883 ho-

1984 2919 2152 2990 spitio
2181 2919 2471 2983 inducere.
2522 2920 2923 2976 eleemosinam
2968 2920 3125 2986 dare,
3181 2918 3399 2974 nescios
3432 2916 3681 2980 erudire,

1983 3015 2036 3064 et
2068 3015 2273 3063 caetera
2302 3023 2434 3079 quae
2467 3009 2800 3064 humanitas
2831 3009 2995 3064 habet
3025 3005 3329 3078 egentibus
3372 3004 3683 3071 exhibere;

1906 3138 1946 3193 Ε
1985 3111 2115 3167 quae
2146 3096 2379 3167 quidem
2413 3098 2551 3153 satis
2584 3097 2734 3152 bona
2778 3105 2936 3166 sunt,
2985 3097 3082 3152 sed
3117 3104 3305 3152 tamen
3346 3094 3469 3148 sine
3497 3090 3686 3149 admi-

1984 3184 2177 3241 niculo
2207 3185 2542 3255 aliquarum
2569 3184 2961 3253 spiritualium
3006 3184 3289 3240 virtutum
3334 3182 3516 3237 nulla.
3552 3181 3681 3235 Pos-

1983 3280 2121 3329 sunt
2146 3273 2300 3329 enim
2348 3280 2403 3327 et
2452 3272 2602 3327 bono
2642 3279 2698 3327 et
2743 3271 2893 3327 malo
2942 3271 3135 3327 animo
3176 3269 3319 3337 fieri,
3364 3276 3419 3325 et
3460 3268 3604 3333 ideo,
3638 3267 3683 3322 si

1983 3360 2144 3426 bene,
2202 3360 2258 3416 id
2306 3366 2387 3418 est
2436 3376 2550 3416 non
2599 3375 2791 3416 amore
2853 3359 3059 3428 laudis,
3112 3366 3213 3415 aut
3262 3373 3362 3429 per
3406 3357 3685 3413 invidiam

1984 3456 2047 3506 ut
2076 3450 2288 3506 scilicet
2319 3449 2556 3506 alterius
2581 3449 2956 3506 obnubiletur
2973 3450 3212 3517 bonum,
3244 3448 3350 3503 ista
3379 3461 3446 3503 ac
3475 3446 3686 3503 similia

1983 3539 2144 3605 fiant,
2191 3538 2358 3595 valde
2400 3539 2563 3595 utilia
2611 3546 2766 3595 sunt.
2836 3538 2943 3593 Sed
2992 3545 3182 3593 tamen
3240 3551 3433 3592 semen
3480 3534 3684 3590 all‘crre

1980 3628 2209 3695 debent,
2244 3643 2375 3700 qum
2408 3629 2625 3684 victum
2657 3627 2790 3684 boni
2811 3627 3058 3698 exempli
3091 3626 3376 3697 spirituali
3406 3632 3684 3681 creaturae

1980 3718 2255 3787 praebent.
2308 3716 2511 3773 Semen
2573 3717 2755 3774 herba
2815 3717 2988 3773 etiam
3055 3716 3333 3772 moriente
3383 3714 3521 3769 solet
3565 3727 3684 3768 esse

1980 3806 2299 3874 residuum,
2347 3805 2501 3862 unde
2551 3814 2855 3876 reparetur
2893 3819 3096 3876 genus.
3149 3803 3297 3871 Quid
3341 3803 3540 3869 herba,
3573 3800 3683 3857 nisi

1980 3894 2194 3951 bonum
2244 3909 2437 3965 opus;
2481 3893 2623 3964 quid
2670 3894 2861 3949 herbae
2911 3907 3127 3959 semen,
3182 3892 3293 3948 nisi
3339 3891 3475 3947 boni
3499 3889 3685 3961 operis

1979 3984 2302 4054 praemium,
2364 3983 2535 4053 cujus
2579 3982 2793 4038 intuitu
2842 3990 2897 4038 et
2944 3982 3041 4037 alii
3080 3981 3149 4036 ad
3188 3981 3331 4037 bene
3369 3979 3684 4051 gerendum

1981 4072 2269 4143 praecipue
2301 4080 2711 4143 provocantur.
2746 4071 2929 4126 Potest
2960 4070 3175 4125 bonum
3195 4083 3341 4140 opus
3371 4066 3691 4137 aliquando.

1978 4162 2179 4228 videri,
2212 4162 2311 4218 sed
2344 4162 2400 4217 in
2434 4162 2532 4218 Dei
2559 4160 2743 4217 oculis
2792 4159 3027 4232 praemio
3079 4166 3253 4222 caret,
3296 4157 3435 4229 quia
3463 4154 3687 4227 agentis

1979 4250 2218 4306 intentio
2256 4251 2361 4307 etsi
2401 4265 2517 4307 non
2574 4264 2674 4321 pro
2724 4249 2915 4317 laude,
2963 4263 3065 4305 seu
3116 4262 3216 4319 per
3265 4246 3566 4311 invidiam,
3622 4251 3686 4300 ut

1978 4339 2255 4407 diximus,
2288 4347 2391 4408 est,
2445 4348 2634 4395 tamen
2686 4339 2833 4395 bona
2886 4353 3019 4408 quae
3080 4337 3199 4408 agit
3247 4351 3358 4392 non
3406 4333 3687 4390 desiderio

190 4421 386 4476 astutiae
429 4423 758 4489 saeculares,
800 4421 1018 4492 quibus
1061 4426 1365 4483 hominum
1399 4427 1627 4499 ingenia
1658 4429 1868 4484 callent
1897 4440 1938 4494 ι)
1976 4428 2173 4484 aeterni
2209 4429 2469 4485 muneris
2499 4434 2745 4495 exercet,
2779 4427 2875 4483 sed
2910 4435 2970 4483 ut
3017 4441 3051 4482 a
3095 4427 3209 4482 Deo
3236 4425 3341 4481 sibi
3394 4422 3688 4493 praesentis

190 4506 247 4560 ad
270 4511 628 4581 vestigandas
657 4510 888 4568 semitas
909 4510 1124 4581 imaris,
1159 4514 1209 4569 id
1240 4523 1325 4571 est
1370 4516 1598 4587 negotia
1644 4517 1859 4573 saeculi.

193 4592 434 4654 Volucres
461 4600 637 4656 etiam
669 4599 849 4670 accipi
899 4611 1121 4672 queunt
1167 4603 1329 4659 elatae
1361 4604 1741 4674 superborum
1768 4620 1864 4661 co-

194 4683 482 4754 gitationes,
526 4689 747 4759 quibus
792 4700 949 4749 tanto
997 4693 1247 4764 quisque
1300 4693 1609 4749 sublimius
1656 4693 1863 4762 evolat,

195 4782 382 4838 quanto
412 4775 581 4832 vanis
624 4777 858 4837 inflatus
894 4781 1195 4837 eventibus
1222 4781 1290 4836 de
1321 4795 1378 4837 se
1410 4782 1745 4853 gloriosiora
1771 4797 1863 4839 co-

202 4860 336 4928 gitat.
366 4864 702 4923 Animantia
738 4883 876 4926 vero
919 4871 1058 4942 quid
1110 4878 1246 4926 sunt
1292 4870 1401 4927 nisi
1459 4871 1865 4939 animositates,

198 4962 410 5014 Quarum
470 4955 654 5011 millia
713 4956 939 5015 infinita
1011 4959 1281 5015 cordibus
1354 4959 1536 5015 solent
1596 4959 1868 5015 humanis

198 5034 433 5108 obrepere
461 5041 490 5097 ?
520 5043 631 5099 Cui
666 5055 939 5103 consonat
980 5048 1131 5119 quod
1167 5049 1417 5115 animus,
1461 5049 1614 5105 unde
1646 5048 1865 5105 animo-

200 5123 309 5182 sitas
350 5139 448 5199 est,
512 5133 769 5189 Graecam
822 5135 1039 5193 habens
1099 5137 1524 5207 etymologiam,
1561 5151 1595 5192 a
1639 5137 1869 5194 nomine

200 5215 322 5280 quod
365 5227 442 5273 est
484 5224 680 5274 ventus
740 5222 1056 5281 derivatur.
1122 5225 1195 5281 Et
1251 5226 1391 5296 quid
1457 5225 1865 5291 animositates,

203 5313 320 5368 Quas
353 5313 425 5364 tot
478 5316 719 5378 tamque
782 5312 974 5369 varias
1042 5313 1383 5385 ineptasqne
1451 5314 1723 5385 patimur,
1758 5314 1869 5371 nisi

203 5395 526 5453 ventositates
565 5400 1089 5469 congruentissime
1141 5403 1251 5459 dici
1301 5403 1528 5469 debent,
1575 5416 1708 5473 quae
1738 5403 1867 5473 qui-

205 5473 305 5535 dem
331 5481 517 5542 inania
548 5501 659 5543 nos
684 5495 946 5556 appetere
986 5489 1245 5548 faciendo
1276 5506 1461 5562 usque
1490 5492 1561 5547 ad
1584 5491 1867 5562 crepitum

207 5577 287 5623 nos
326 5571 536 5639 inflant,
583 5583 643 5631 et
690 5575 833 5632 nihil
872 5578 979 5635 nisi
1020 5587 1319 5650 peccatum
1367 5580 1709 5650 explicant?
1738 5580 1870 5637 Haec

208 5666 441 5717 moventur
467 5680 635 5734 super
680 5668 902 5734 terram,
936 5666 1041 5724 hoc
1088 5668 1145 5724 in
1172 5676 1257 5725 est
1290 5676 1478 5738 terra;
1523 5683 1687 5739 super
1713 5669 1866 5725 enim

1974 4517 2169 4574 saeculi
2220 4517 2572 4589 prosperitas
2644 4514 2884 4573 uberius
2948 4515 3298 4591 cumuletur.
3352 4513 3515 4570 Unde
3556 4510 3690 4566 dici-

1976 4613 2109 4662 tur:
2159 4608 2348 4663 Oratio
2380 4610 2497 4677 ejus
2527 4610 2627 4677 ﬁat
2676 4609 2734 4660 in
2775 4610 3054 4675 peccatum
3095 4606 3260 4672 (Psal.
3315 4619 3466 4669 cvm,
3521 4603 3595 4665 6),
3632 4599 3687 4654 id

1974 4701 2058 4749 est
2086 4708 2188 4765 pro
2216 4694 2353 4750 solis
2391 4693 2805 4764 temporalibus
2844 4700 2985 4748 oret.
3034 4692 3105 4747 Et
3155 4691 3231 4747 ibi
3265 4706 3277 4745 :
3338 4684 3691 4758 σοηνίιεὸιτυν

1976 4782 2097 4849 tibi,
2161 4799 2281 4838 cum
2314 4784 2633 4848 benefeceris
2674 4784 2725 4835 ei
2767 4782 2940 4852 (Psal.
2966 4795 3151 4838 ηνιιι.
3208 4782 3312 4843 19).
3361 4779 3432 4833 Et
3475 4776 3689 4833 Judzeis

1974 4872 2311 4929 carnalibus
2356 4871 2499 4927 nihil
2533 4870 2591 4926 in
2641 4870 2763 4941 lege
2795 4869 2904 4925 nisi
2955 4867 3267 4937 temporale
3313 4866 3687 4938 promittitur.

1976 4959 2110 5015 Haec
2139 4959 2321 5015 herba
2349 4965 2413 5014 ut
2438 4971 2629 5013 semen
2677 4955 2905 5023 habeat,
2944 4961 3202 5010 mutetur
3244 4953 3503 5022 intentio,
3537 4967 3691 5025 qua-

1976 5056 2144 5105 tenus
2180 5063 2253 5104 ex
2283 5062 2351 5104 eo
2375 5046 2470 5103 alii
2516 5046 2907 5110 suscitentur;
2936 5044 3119 5100 solent
3162 5043 3314 5099 enim
3348 5042 3693 5100 intentiones

1976 5137 2309 5208 aliquorum
2336 5136 2557 5209 judicio
2590 5136 2689 5192 Dei
2730 5135 2888 5206 justo
2934 5141 3037 5188 aut
3061 5134 3275 5204 apertis
3305 5131 3556 5203 flagitiis,
3590 5139 3692 5187 aut

1976 5226 2262 5296 apostasia
2310 5224 2568 5297 qualibet
2615 5232 2906 5296 patescere
2951 5222 3125 5278 etiam
3193 5220 3251 5277 in
3297 5219 3585 5292 praesenti,
3632 5227 3689 5276 et

1978 5315 2103 5372 ideo
2149 5314 2375 5371 fructus
2423 5314 2555 5370 inde
2601 5313 2801 5370 nullus
2856 5320 2959 5368 est.
3011 5311 3156 5367 Nam
3186 5310 3284 5367 vix
3338 5310 3691 5366 adhibentur

1976 5400 2263 5472 exemplo,
2298 5415 2547 5473 quorum
2585 5401 2716 5457 finis
2743 5400 3026 5470 roprobus
3056 5407 3173 5477 est._

2050 5490 2158 5547 Per
2187 5492 2340 5558 ligna
2371 5490 2649 5561 pomifera
2698 5488 3046 5562 spirituales,
3083 5502 3213 5559 quae
3239 5502 3353 5544 non
3400 5484 3510 5544 nisi
3540 5486 3690 5543 bono

1980 5579 2172 5636 animo
2194 5580 2359 5645 fiunt,
2401 5579 2709 5651 signantur
2756 5579 3171 5647 virtutes;nec
3220 5576 3386 5635 malis
3422 5589 3690 5634 commu-

1979 5683 2079 5725 nes
2123 5682 2246 5725 esse
2294 5676 2539 5739 queunt,
2590 5674 2656 5725 ut
2705 5675 2842 5725 sunt
2869 5666 3141 5735 charitas,
3211 5666 3530 5732 humilitas,
3583 5678 3689 5733 pa-
