3966 6422
347 432 412 483 59
1255 421 1311 475 V.
1351 418 1683 476 GUIBERTI
1712 416 2002 474 ABBATIS
2039 415 2102 472 S.
2150 412 2386 470 ΜΑΒΙΑΞ
2425 414 2514 469 DE
2557 410 2942 468 NOVIGENTO
3773 404 3836 454 60

346 563 563 632 tientia,
597 571 651 621 et
679 562 827 631 aliae,
859 577 992 634 quae
1019 567 1074 617 et
1107 573 1383 631 magnum
1415 558 1472 614 in
1511 572 1570 613 se
1600 556 1780 614 robur
1827 554 2038 610 habent
2061 553 2109 607 Α
2147 551 2311 608 nobis
2358 549 2710 621 supervenit,
2760 548 2902 620 quid
2941 547 3178 618 spiritus
3222 545 3516 634 malignus
3561 538 3836 634 suggerit,

346 651 699 719 constantiae,
765 657 822 708 et
892 649 1134 721 gloriam
1190 645 1558 713 excellentiae,
1616 652 1671 702 et
1741 643 2040 700 utilitatem

349 742 576 798 fructus
636 740 706 796 de
759 738 1091 795 imitatione.
1161 736 1231 793 Et
1292 751 1540 806 quaeque
1594 742 1784 791 tamen
1830 732 2041 788 harum

345 833 626 886 sementem
658 828 807 885 infra
835 843 895 884 se
931 827 1156 894 habeat,
1190 833 1255 882 ut
1289 840 1405 880 non
1437 838 1538 894 pro
1561 821 1816 878 externis
1846 820 2038 887 rebus,

347 917 445 973 sed
474 931 574 988 pro
601 916 785 973 salute
809 915 901 971 sui
923 922 1160 980 aeterna,
1193 912 1414 968 bonum
1445 911 1634 981 ipsum
1664 909 1818 980 quod
1849 909 2043 978 agitur

349 1005 465 1061 ﬁat.
517 1003 866 1062 Volucribus
916 1017 1071 1073 ergo,
1124 1000 1180 1056 id
1226 1007 1309 1056 est
1369 997 1682 1054 eminentia
1726 995 2044 1052 sanctitatis

351 1091 618 1162 praeditis,
651 1097 705 1147 et
751 1089 1122 1145 animantibus
1159 1088 1508 1158 quibusque,
1559 1085 1770 1141 scilicet
1808 1099 1881 1141 ex
1935 1084 2044 1139 ﬁde

347 1179 696 1244 viventibus,
731 1179 830 1249 qui
851 1185 1040 1233 motus
1059 1176 1273 1232 habent
1305 1174 1467 1230 bona:
1498 1173 1758 1240 actionis,
1785 1173 1843 1229 in
1869 1180 2038 1240 terra,

350 1267 404 1324 id
433 1274 537 1333 est,
561 1267 618 1323 in
647 1267 1002 1323 exhibitione
1029 1278 1299 1335 corporea
1327 1263 1543 1319 dantur
1571 1263 1643 1318 ad
1670 1261 2040 1324 vescendum,

348 1355 418 1411 ad
449 1369 634 1412 mores
665 1354 945 1420 videlicet,
995 1352 1374 1423 animumque
1411 1365 1586 1407 suum
1631 1351 1738 1421 piis
1763 1349 2044 1420 exemplis

353 1443 550 1499 talium
582 1442 992 1498 roborandum.

421 1531 605 1588 Potest
649 1538 705 1586 et
771 1544 872 1601 per
918 1529 1159 1591 herbam.
1203 1542 1336 1598 quae
1387 1541 1475 1582 res
1525 1525 1666 1582 levis
1705 1533 1807 1594 est,
1857 1525 2046 1581 activa

351 1618 466 1674 vita
495 1618 734 1689 signari,
770 1631 902 1688 quae
934 1615 1092 1673 omni
1135 1615 1234 1671 Dei
1285 1614 1493 1686 populo
1551 1622 1737 1684 patet;
1766 1629 1867 1684 per
1897 1615 2046 1681 ligna

349 1719 484 1762 vero
512 1719 741 1762 summa
784 1705 918 1761 vitae
965 1703 1442 1774 contemplativa,
1477 1702 1534 1758 in
1561 1717 1680 1774 qua
1704 1702 1870 1773 pauci
1905 1702 2046 1758 litte-

351 1801 628 1858 ratorum,
681 1793 1082 1850 illiteratorum
1131 1806 1267 1848 vero
1313 1791 1503 1848 nescio
1547 1805 1623 1847 an
1669 1791 1802 1862 quis
1841 1789 2048 1847 mentis

352 1880 552 1952 pedem
582 1880 816 1952 attigero
866 1879 1056 1950 possit.
1110 1880 1228 1936 lioc
1271 1879 1328 1936 in
1362 1881 1799 1937 Deuteronomio
1839 1879 2043 1936 intelli-

353 1969 511 2040 gitur
541 1982 643 2040 per
681 1968 736 2024 id
767 1968 922 2040 quod
964 1967 1318 2038 prohibetur,
1349 1982 1420 2024 ne
1449 1967 1600 2038 quis,
1633 1967 1720 2023 vel
1753 1967 1811 2023 in
1843 1967 2047 2023 arbore

352 2057 470 2113 sive
527 2064 678 2113 terra
739 2057 921 2127 posita
971 2070 1080 2112 ova
1125 2071 1228 2112 seu
1285 2056 1471 2126 pullos
1516 2055 1763 2127 capiens,
1816 2056 1874 2111 in
1913 2055 2048 2111 nido

353 2150 594 2200 matrem
627 2142 716 2199 his
747 2143 1114 2200 incubantem
1145 2143 1356 2212 pariter
1385 2142 1570 2213 rapiat
1602 2142 1776 2212 (Deut.
1807 2157 1940 2207 xxii,
1969 2141 2044 2211 6),

355 2238 420 2288 ut
449 2231 618 2302 longo
665 2238 999 2288 mereantur
1035 2231 1230 2288 vivere
1279 2239 1547 2300 tempore.
1601 2231 1667 2286 Et
1712 2238 1797 2285 est
1826 2237 2049 2286 senten-

356 2319 471 2376 tia:
503 2320 710 2378 Nostra
737 2334 897 2376 meus
940 2334 1073 2376 cum
1104 2327 1206 2376 aut
1251 2333 1362 2375 ova
1405 2319 1566 2375 bonae
1610 2318 1968 2390 cogitationis
1995 2325 2051 2374 et

357 2408 629 2479 propositi
662 2408 831 2476 fovet,
885 2414 987 2464 aut
1030 2409 1194 2464 bona:
1243 2408 1338 2464 sed
1388 2415 1595 2464 tenerae
1629 2407 1820 2464 adhuc
1848 2421 2048 2477 opera-

358 2497 528 2553 tionis
559 2495 744 2567 pullos
787 2512 968 2566 usque
999 2497 1071 2552 ad
1115 2511 1440 2568 congruum
1485 2496 1843 2567 perfectionis
1873 2496 2052 2552 robur

358 2583 574 2654 nutrit;
621 2584 668 2640 si
713 2584 844 2656 quis
896 2589 996 2639 ιι
1037 2585 1385 2654 experiendo
1436 2583 1749 2654 pervideat,
1803 2591 1857 2640 et
1897 2584 2050 2654 piam

357 2673 734 2740 voluntatem,
765 2679 820 2728 et
859 2687 1006 2743 opus
1035 2672 1367 2743 religiosum
1419 2680 1608 2729 tenere
1642 2671 1918 2728 imitando
1950 2686 2050 2742 po-

358 2767 480 2822 te:t,
538 2761 634 2816 sed
695 2767 957 2828 matrem,
1007 2759 1063 2816 id
1113 2767 1198 2816 est
1242 2759 1646 2816 conscientiam
1701 2759 1990 2830 operantis
2020 2773 2054 2814 a

359 2851 505 2906 bono
550 2857 730 2918 empto
775 2849 1084 2918 dimovere,
1137 2855 1239 2905 aut
1284 2849 1573 2905 dehortari
1621 2863 1738 2904 non
1789 2847 1974 2913 debet,
2008 2847 2052 2904 si

358 2945 639 2994 aeternum
687 2937 923 2994 feliciter
967 2937 1161 2994 vivere
1209 2936 1379 2994 volet.
1439 2936 1544 2992 Per
1599 2943 1810 2993 terram
1861 2944 2052 2992 autem

359 3026 621 3094 actualis,
684 3040 783 3096 per
848 3026 1110 3082 arborem
1169 3039 1306 3082 vero
1358 3026 1476 3081 vita
1536 3024 2051 3096 contemplationis,

359 3113 513 3185 quod
537 3112 659 3169 istic
680 3127 781 3184 per
800 3112 1036 3169 herbam
1059 3123 1115 3169 et
1143 3113 1404 3169 arborem
1429 3113 1687 3170 diximus
1719 3114 1980 3185 ﬁgurari.

431 3202 596 3259 Vens.
632 3204 718 3257 3t.
775 3231 844 3241 —
889 3204 960 3257 Et
1002 3202 1144 3257 vidit
1191 3203 1330 3256 Deus
1358 3207 1552 3256 cuncta
1585 3217 1704 3272 quae
1746 3204 1969 3268 fecerat,
2002 3206 2054 3256 et

358 3296 514 3346 erant
529 3289 688 3344 valde
726 3290 882 3344 bona.
912 3289 1098 3357 Videt,
1144 3296 1208 3346 ut
1235 3289 1492 3346 diximus
1520 3303 1718 3360 supra,
1763 3297 1818 3345 et
1845 3290 2054 3358 saepius

358 3385 464 3446 est,
514 3377 708 3434 videre
753 3391 858 3432 nos
913 3376 1062 3433 facit.
1101 3375 1307 3434 Videre
1353 3383 1547 3434 autem
1597 3384 1858 3434 nostrum
1905 3375 2055 3432 sicut

360 3464 541 3536 ipsius
568 3464 670 3522 Dei
691 3463 1008 3534 approbare
1031 3471 1134 3530 est,
1167 3463 1306 3534 quia
1339 3463 1476 3520 dum
1512 3478 1798 3520 summam
1822 3464 2056 3520 virtutis

361 3552 719 3624 attingimus,
751 3553 828 3608 ita
861 3553 920 3608 in
955 3559 1225 3607 naturam
1257 3552 1502 3608 vertitur
1530 3551 1662 3608 boni
1685 3566 1865 3619 amor,
1903 3560 1984 3619 ut,
2007 3551 2054 3608 si

361 3643 531 3698 etiam
583 3641 820 3712 impune
871 3654 1108 3712 peccare
1155 3639 1368 3706 liceret,
1412 3654 1717 3712 nunquam
1755 3641 1985 3697 animus
2023 3655 2056 3696 a

363 3729 498 3788 recti
527 3736 722 3786 tenore
742 3729 989 3800 gradum
1019 3728 1356 3786 deflecteret.
1407 3728 1682 3785 Videmus
1721 3743 1859 3800 ergo
1906 3729 2057 3786 bona

363 3833 496 3890 quia
525 3819 676 3874 Deus
697 3817 904 3874 indidit
936 3817 1119 3880 nobis,
1170 3817 1221 3873 id
1253 3825 1338 3874 est
1386 3816 1781 3888 intelligimus.
1814 3817 1974 3876 Unde
2001 3825 2056 3874 et

365 3914 561 3964 sextus
589 3905 708 3962 dies
735 3905 1004 3973 occurrit,
1034 3912 1090 3962 et
1120 3905 1331 3978 pariter
1357 3922 1388 3962 e
1418 3905 1650 3974 regione
1677 3912 1838 3962 sexta
1869 3908 2056 3978 gratia

365 3995 609 4066 Spiritus
636 3994 956 4052 intellectus
997 3994 1208 4052 illuxit.
1260 3995 1404 4052 Cum
1443 3995 1594 4052 Deus
1621 4009 1742 4052 suae
1766 3994 2052 4052 hominem

367 4083 605 4157 imagini
641 4084 1090 4156 conﬁguratum,
1137 4091 1204 4140 ut
1247 4083 1395 4138 inter
1458 4083 1638 4154 pisces
1675 4090 1730 4140 et
1777 4083 2052 4150 volatilia,

364 4186 716 4242 rursumque
743 4171 970 4242 reptilia
995 4171 1349 4228 discreturus
1372 4170 1826 4239 (intellectualem
1857 4187 2056 4244 quam-

365 4261 496 4316 dam
527 4259 858 4317 cathedram
907 4260 1159 4328 haberet,
1188 4259 1325 4331 jura
1345 4259 1549 4331 judicii
1599 4261 1886 4331 possidere
1923 4262 2050 4333 jus-

367 4348 549 4416 sisset,
604 4355 893 4420 quatenus
948 4347 1164 4418 quibus
1227 4347 1548 4404 transitorie
1607 4349 1710 4415 uti,
1769 4349 2058 4420 quibusve

2151 640 2292 712 quid
2321 639 2511 696 carnis
2542 637 2858 710 petulantia
2885 651 2959 694 ex
3003 651 3062 692 se
3109 633 3451 692 naturaliter
3479 630 3645 703 parit.
3678 627 3837 699 Operi

2152 729 2345 800 itaque
2370 729 2478 785 diei
2509 729 2687 799 hujus
2713 727 2792 782 nil
2824 726 3058 782 omnino
3078 723 3268 795 aptius
3289 720 3576 792 competit,
3607 716 3840 792 quando

2151 816 2320 872 homo
2369 814 2679 886 praeﬁcitur
2725 811 3093 882 disponendis
3145 808 3445 873 creaturis,
3479 820 3656 878 quam
3689 802 3838 876 quod

2150 904 2346 960 lumen
2380 911 2593 973 pariter
2622 901 2778 958 adest
2797 899 3181 957 clarissimum
3209 894 3584 954 discretionis.

2219 995 2350 1052 CAP.
2386 993 2456 1058 ll,
2491 1007 2642 1046 vatis.
2699 995 2748 1046 i.
2786 991 2966 1058 Igitur
3009 990 3239 1058 perfecti
3265 991 3394 1042 sunt
3433 985 3550 1040 casti
3578 989 3628 1038 et
3675 988 3838 1048 terra,

2149 1087 2200 1137 et
2245 1082 2416 1137 omnis
2461 1085 2685 1136 amatus
2733 1095 2933 1134 eorum.
2979 1076 3115 1133 C(eli
3158 1075 3556 1147 perﬁciuntur,
3611 1071 3840 1144 quando

2152 1176 2367 1225 mentes
2398 1168 2652 1224 ﬁdelium
2698 1167 2826 1223 totis
2855 1165 3093 1222 rationis
3127 1163 3354 1220 viribus
3381 1161 3592 1218 divinae
3620 1159 3839 1230 sapien-

2152 1258 2242 1314 tiae
2277 1257 2660 1328 applicantur.
2700 1255 2874 1310 Terra
2925 1252 3237 1324 perﬁcitur.
3291 1265 3446 1317 cum,
3490 1249 3620 1305 totis
3647 1246 3842 1318 sopitis

2151 1345 2434 1418 perversis
2459 1345 2724 1411 motibus,
2761 1341 2997 1399 rationis
3029 1339 3310 1397 voluntati
3352 1352 3486 1394 caro
3517 1336 3837 1407 subjicitur.

2151 1434 2257 1490 Sed
2287 1435 2421 1506 quis
2454 1433 2512 1489 in
2541 1446 2712 1501 carne
2752 1429 2976 1486 mortali
3016 1428 3232 1500 positus
3279 1427 3400 1484 haec
3429 1426 3500 1482 ad
3533 1424 3840 1496 perfectum

2151 1523 2416 1593 expleat?
2446 1522 2622 1579 Nemo
2667 1519 2842 1576 Paulo
2886 1517 3104 1582 melior,
3139 1517 3241 1588 qui
3271 1515 3426 1571 videt
3468 1513 3641 1570 aliam
3667 1511 3841 1584 legem

2153 1610 2212 1666 in
2244 1609 2514 1666 membris
2549 1609 2670 1665 suis
2711 1613 3129 1678 repugnantem
3166 1604 3272 1674 legi
3305 1605 3508 1659 mentis
3539 1604 3713 1672 (Rom.
3749 1617 3841 1665 vn,

2153 1701 2266 1768 23),
2313 1699 2417 1770 qui
2461 1697 2726 1768 sequitur
2769 1696 2815 1752 si
2879 1694 3342 1766 comprehendat,
3400 1692 3502 1764 qui
3546 1706 3582 1747 a
3624 1705 3682 1746 se
3733 1703 3843 1744 non

2153 1788 2471 1844 arbitratur
2522 1784 3020 1856 comprehendisse
3069 1783 3233 1853 (Phil.
3291 1799 3371 1851 ut,
3423 1782 3526 1847 t2).
3582 1780 3652 1836 Et
3715 1777 3844 1849 quis

2153 1877 2292 1934 adeo
2337 1889 2528 1932 socors
2580 1873 2741 1930 Pauli
2808 1872 3138 1944 perfectioni
3187 1872 3418 1941 deroget
3455 1871 3484 1924 ?
3521 1870 3645 1940 Ipse
3693 1867 3844 1924 enim

2153 1964 2294 2022 nihil
2319 1963 2429 2020 sibi
2480 1963 2741 2020 conscius
2787 1969 2890 2029 est,
2941 1961 3038 2017 sed
3089 1975 3200 2016 non
3245 1959 3302 2014 in
3353 1960 3458 2015 hoc
3498 1957 3843 2029 justiticatus

2151 2061 2235 2110 est
2261 2055 2310 2121 (Ι
2352 2055 2470 2110 Cor.
2532 2069 2605 2119 iv,
2655 2052 2730 2122 4).
2770 2051 3049 2108 Perfectos
3090 2056 3285 2106 autem
3329 2048 3574 2104 dicimus
3621 2052 3844 2102 sanctus

2153 2142 2329 2210 viros,
2371 2141 2430 2196 in
2475 2147 2762 2212 quantum
2804 2139 3022 2210 patitur
3070 2135 3378 2208 corporalis
3433 2133 3751 2200 inﬁrmitas,
3786 2133 3840 2188 in

2154 2244 2272 2302 qua
2302 2229 2565 2300 quandiu
2590 2236 2746 2296 sunt,
2777 2228 2896 2285 ﬁeri
2936 2242 3050 2284 non
3083 2234 3262 2298 potest
3293 2231 3356 2282 ut
3386 2224 3460 2281 ad
3483 2237 3610 2281 eam
3645 2223 3841 2290 animi,

2155 2316 2461 2388 carnisque
2487 2316 2700 2387 possint
2723 2316 3003 2386 attingere
3034 2327 3250 2384 pacem,
3299 2326 3474 2384 quam
3505 2318 3607 2368 aut
3635 2309 3845 2366 habent

2155 2405 2367 2477 angeli,
2401 2413 2500 2462 aut
2531 2404 2782 2461 habituri
2817 2411 2954 2461 sunt
2985 2411 3107 2474 post
3135 2403 3610 2460 resurrectionem
3649 2400 3842 2456 sancti.

2154 2494 2406 2550 Ornatus
2450 2501 2644 2549 autem
2688 2506 2889 2548 eorum
2953 2499 3037 2548 est
3098 2489 3385 2561 quidquid
3447 2489 3518 2544 ad
3575 2487 3843 2544 virtutem

2157 2582 2336 2640 animi
2398 2588 2500 2638 aut
2567 2569 3252 2650 lionestatem'corporis,
3315 2585 3417 2634 aut
3482 2591 3581 2648 per
3641 2577 3845 2634 horum

2159 2683 2330 2740 opera
2383 2669 2612 2725 dierum
2675 2667 2960 2735 innuitur,
3021 2674 3123 2724 aut
3193 2666 3333 2723 alias
3393 2665 3631 2734 legendo
3687 2680 3843 2734 repe-

2160 2757 2328 2814 ritur.

2231 2845 2399 2902 Vsus.
2423 2847 2474 2900 2.
2527 2874 2594 2883 —
2640 2844 3047 2914 Complevitque
3110 2843 3258 2899 Deus
3298 2843 3386 2899 die
3446 2844 3672 2913 septimo
3717 2858 3848 2912 Opus

2159 2948 2316 2988 suum
2347 2932 2492 3002 quod
2535 2934 2758 2998 fecerat,
2809 2937 2858 2987 et
2901 2933 3164 3002 requievit
3215 2931 3301 2986 die
3347 2934 3570 3002 septimo
3608 2930 3676 2985 ab
3706 2931 3850 2985 omni

2158 3038 2316 3093 opere
2361 3020 2506 3092 quod
2550 3026 2826 3090 pati-arat.
2875 3020 3115 3088 Quando
3161 3035 3266 3076 nos
3312 3019 3610 3091 quidpiam
3656 3033 3849 3090 opera-

2160 3123 2312 3176 mur,
2343 3110 2464 3181 ipsa
2503 3109 2593 3165 die
2624 3123 2742 3180 qua
2783 3108 3132 3180 perﬁcimus,
3183 3109 3302 3179 ipsa
3334 3109 3524 3180 potius
3550 3122 3728 3179 quam
3759 3122 3848 3163 se-

2161 3197 2360 3269 quenti
2381 3213 2482 3254 nos
2513 3197 2823 3268 complesse
2852 3212 2998 3268 opus
3015 3197 3278 3254 dicimus.
3303 3198 3373 3254 Et
3395 3196 3536 3268 quid
3566 3196 3847 3268 signiﬁcat

2161 3287 2316 3357 quod
2339 3287 2490 3344 Deus
2514 3301 2627 3343 non
2657 3294 2838 3354 sexta,
2871 3287 2968 3342 sed
2989 3286 3228 3358 septima
3253 3286 3342 3342 die
3378 3299 3552 3356 opera
3579 3285 3846 3357 explicat,

2162 3374 2268 3430 nisi
2301 3375 2455 3446 quod
2485 3375 2616 3431 vitae
2665 3374 2961 3446 przesentis
3006 3383 3204 3432 sancta
3233 3390 3365 3446 qua":
3407 3389 3506 3446 per
3551 3389 3654 3432 nos
3681 3373 3851 3431 efﬁcit

2161 3463 2454 3530 exercitia,
2503 3478 2620 3520 non
2670 3465 2728 3519 in
2767 3464 2874 3520 hoc
2912 3471 3183 3534 tempore,
3245 3479 3375 3534 quae
3421 3471 3583 3520 sexta
3640 3463 3852 3519 dicitur

2161 3559 2318 3618 aetas,
2347 3552 2444 3608 sed
2472 3552 2530 3608 in
2556 3551 2818 3622 septima,
2844 3563 2858 3622 '_
2866 3552 2925 3608 in
2956 3567 3074 3624 qua
3113 3552 3496 3608 sabbatismus
3524 3550 3850 3608 animarum

2163 3639 2374 3711 populo
2414 3639 2511 3696 Dei
2557 3647 2751 3707 restat,
2801 3653 2932 3696 cum
2997 3639 3299 3710 praemium
3355 3640 3680 3707 reddiderit,
3715 3648 3850 3696 tunc

2163 3728 2479 3785 terminat?
2527 3728 2672 3785 Nam
2719 3729 2984 3799 quandiu
3027 3727 3086 3785 in
3125 3729 3232 3785 hoc
3261 3729 3526 3801 degimus
3567 3729 3852 3796 smculo,a

2161 3816 2305 3873 bene
2353 3816 2576 3886 agendo
2621 3817 2878 3887 requiem
2929 3831 3044 3872 non
3101 3831 3408 3888 possumus
3467 3817 3700 3884 habere,
3753 3833 3851 3873 nec

2161 3901 2454 3959 debemus.
2506 3903 2572 3958 In
2619 3903 2861 3972 septima
2905 3911 3098 3960 autem
3143 3903 3346 3960 mundi
3383 3911 3548 3960 aetate
3594 3917 3629 3959 a
3660 3903 3852 3961 labore

2161 3991 2452 4059 laxamur,
2485 3990 2625 4062 quia
2645 3991 2816 4062 juxta
2845 3991 2986 4048 illud
3011 3993 3153 4050 Job:
3185 3994 3249 4048 In
3277 3995 3506 4064 septima
3535 4009 3642 4048 non
3673 3999 3851 4062 tanget

2158 4095 2256 4136 nos
2293 4081 2498 4135 malum
2539 4079 2680 4148 (Job.
2731 4094 2787 4143 v.
2835 4081 2919 4152 19)
2953 4097 2968 4149 ;
3021 4080 3120 4138 ubi
3165 4081 3396 4148 mensis,
3435 4080 3490 4137 id
3539 4089 3624 4138 est
3666 4083 3853 4154 perte-

2161 4169 2273 4226 ctio
2304 4167 2694 4238 beatitudinis,
2719 4168 2827 4226 erit
2866 4169 3096 4240 perfecti
3145 4168 3357 4226 laboris
3387 4185 3600 4240 mense,
3627 4179 3684 4228 et
3711 4171 3849 4228 Sab-

2163 4258 2362 4340 batum
2393 4264 2620 4314 aeternae
2652 4258 2872 4329 requiei
2900 4259 3082 4326 nobis,
3107 4259 3209 4330 qui
3236 4259 3629 4330 requievimus
3658 4273 3693 4316 a
3723 4273 3854 4331 per-

2162 4360 2329 4403 verso
2347 4361 2535 4417 opere.
2566 4346 2630 4402 In
2673 4346 2782 4403 hac
2807 4361 2944 4419 ergo
2972 4348 3089 4404 vita
3137 4359 3359 4418 tempus
3382 4356 3465 4404 est
3490 4347 3852 4420 agonizandi,

366 4435 709 4494 aeternalitcr
739 4436 853 4493 frui
881 4436 1130 4504 deberet,
1163 4437 1366 4506 sciret;
1396 4443 1451 4494 et
1482 4452 1613 4508 qua:
1647 4437 1704 4494 in
1749 4453 1807 4495 se
1836 4453 2053 4510 rapere,
2091 4445 2132 4500 ι)
2171 4434 2287 4490 illic
2313 4435 2477 4491 nobis
2521 4442 2694 4492 restat
2730 4436 3016 4492 aeternitas
3059 4437 3390 4492 coronandi.
3433 4436 3662 4493 Vanum
3704 4435 3854 4494 enim

367 4524 582 4596 quibus
625 4539 684 4582 se
731 4524 1057 4594 informare,
1113 4539 1245 4596 qua:
1301 4524 1408 4582 sibi
1454 4525 1721 4596 subigere
1770 4525 2059 4596 quibusve

366 4612 651 4670 dominari
717 4621 1019 4684 oporteret,
1087 4621 1440 4684 agnosceret.
1507 4613 1654 4681 Quid
1713 4614 2060 4672 eminentius

368 4708 489 4774 post
545 4701 878 4773 dignitatem
929 4702 1287 4774 spiritualem
1337 4703 1474 4759 dare
1511 4702 1563 4758 ei
1594 4701 1797 4774 potuit,
1845 4701 1956 4758 nisi
1995 4711 2064 4760 ut

367 4789 701 4861 angelorum
740 4789 1163 4862 quodammodo
1189 4804 1468 4862 suppares
1515 4791 1767 4847 faceret?
1801 4791 1856 4848 Si
1905 4790 2056 4848 enim

367 4877 612 4934 dicimus
637 4879 792 4948 quod
817 4879 873 4934 in
901 4879 1008 4936 hoc
1038 4879 1232 4936 bestiis
1263 4879 1699 4950 praeeminemus
1723 4880 1880 4952 quod
1903 4879 2060 4950 loqui

371 4979 694 5037 possumus,
723 4967 1033 5036 respondeo
1083 4968 1316 5038 quidem
1362 4983 1430 5024 ex
1465 4975 1625 5038 parte
1675 4982 1879 5024 verum
1920 4967 2058 5036 fore,

369 5053 465 5110 sed
496 5053 540 5108 si
571 5053 942 5120 advertimus,
976 5053 1229 5124 profecto
1259 5053 1587 5112 invenimus
1611 5056 1752 5127 quia
1772 5055 1873 5112 vix
1903 5055 2065 5113 nobis

369 5139 589 5211 aliquid
621 5140 866 5196 invicem
897 5141 1166 5198 disertius
1185 5141 1469 5214 loquendo
1500 5143 1858 5212 intimamus,
1885 5158 2063 5216 quam

370 5229 480 5286 illa:
502 5229 818 5286 secundum
850 5243 1022 5286 suum
1050 5230 1298 5304 [modum
1339 5239 1504 5303 gestu
1547 5246 1614 5288 ac
1644 5232 1903 5290 vocibus.
1937 5231 2061 5288 Non

369 5333 505 5390 ergo
553 5317 674 5374 haec
723 5316 1045 5375 differentia
1085 5335 1294 5390 magne
1337 5320 1630 5377 laudanda
1679 5328 1786 5389 est,
1830 5321 1929 5376 sed
1967 5319 2063 5376 illa

369 5420 752 5478 summopere,
787 5421 905 5478 qua
951 5423 1050 5478 per
1095 5408 1532 5480 intelligentiam
1567 5409 1664 5465 Dei
1693 5417 1751 5465 et
1779 5409 2062 5464 bonorum

371 5495 591 5567 angelis
634 5496 1067 5554 concordamus.
1108 5498 1242 5554 Haec
1267 5505 1352 5554 est
1380 5511 1512 5568 quae
1542 5496 1615 5552 ab
1658 5497 1926 5568 Apostolo
1955 5510 2064 5567 ap-

374 5583 618 5654 pellatur
679 5583 942 5642 discretio
1001 5585 1335 5657 spirituum,
1384 5598 1504 5655 qua
1547 5583 1807 5643 videlicet
1851 5584 2060 5642 intelle-

367 5671 540 5728 ctuali
590 5672 778 5742 palato
835 5673 1094 5746 sapimus
1161 5675 1212 5742 (Ι
1251 5675 1374 5730 Cor.
1419 5688 1514 5738 xu,
1566 5673 1652 5740 {0)
1694 5664 1833 5745 quid
1885 5686 1918 5728 a
1949 5673 2062 5730 Deo

2170 4523 2331 4579 nobis
2353 4523 2516 4580 debet
2549 4523 2730 4580 videri
2761 4531 2892 4580 ante
2922 4523 3064 4581 illud
3091 4538 3258 4581 mane
3293 4523 3581 4591 ultimum,
3613 4539 3732 4596 quo
3762 4523 3855 4581 Dei

2169 4612 2614 4669 misericordiam
2661 4627 2794 4669 cum
2839 4613 3139 4670 Psalmista
3186 4627 3391 4670 sumus
3430 4613 3712 4684 audituri,
3745 4627 3856 4685 quo

2169 4701 2320 4756 Deus
2347 4699 2695 4756 illuminabit
2724 4699 3058 4757 abscondita
3093 4699 3353 4758 cordium
3393 4702 3556 4772 (Psal.
3585 4717 3747 4770 cxnu,
3783 4705 3854 4769 3),

2169 4789 2229 4845 in
2259 4789 2623 4846 securitatem
2656 4789 2914 4860 aliquam
2944 4791 3013 4848 de
3049 4791 3200 4848 bona
3247 4799 3445 4848 nostra
3473 4790 3696 4848 actione
3723 4806 3856 4849 sur-

2169 4892 2322 4950 gere,
2370 4877 2428 4934 id
2475 4884 2578 4946 est,
2623 4878 2806 4950 erigi;
2855 4879 2952 4936 sed
3001 4888 3304 4951 postquam
3353 4880 3410 4935 in
3450 4879 3559 4936 hac
3599 4878 3856 4936 convalle

2168 4966 2578 5036 lacrymarum,
2611 4981 2743 5037 quae
2783 4967 2940 5024 locus
2981 4975 3065 5024 est
3103 4981 3246 5024 auro
3271 4961 3520 5035 Arabiae,
3554 4967 3608 5024 id
3639 4975 3726 5024 est
3752 4967 3855 5023 hu-

2169 5053 2406 5110 milibus
2433 5054 2644 5122 electis,
2696 5054 2753 5110 in
2786 5069 2904 5126 quo
2950 5054 3290 5121 conﬁentur,
3339 5062 3394 5112 et
3426 5053 3598 5124 juxta
3651 5053 3854 5110 Danie-

2169 5141 2281 5198 lem
2315 5141 2654 5199 dealbentur
2683 5143 2852 5210 (Dan.
2903 5159 2978 5208 ιι,
3013 5145 3121 5212 35),
3168 5143 3502 5210 sederimus,
3529 5142 3587 5198 in
3623 5142 3860 5200 humili—

2171 5239 2284 5290 tate
2319 5231 2531 5288 scilicet
2563 5245 2667 5288 nos
2706 5231 3175 5302 depresserimus,
3211 5239 3351 5288 tunc
3398 5231 3778 5304 surgendum,
3806 5229 3858 5286 id

2169 5329 2252 5378 est
2281 5320 2353 5376 ad
2380 5319 2619 5391 gloriam
2653 5320 3026 5390 aspirandum
3071 5320 3234 5376 nobis
3259 5328 3361 5387 est,
3392 5321 3494 5392 qui
3526 5321 3582 5377 in
3609 5321 3700 5377 his
3729 5333 3862 5392 qua-

2172 5409 2441 5480 draginta
2486 5409 2655 5466 annis
2704 5409 2994 5465 desertum
3059 5409 3310 5465 [dumeta
3364 5409 3758 5476 inhabitando,
3795 5408 3858 5464 de

2173 5513 2289 5570 quo
2321 5497 2529 5554 clamat
2578 5497 2796 5553 David:
2849 5499 3008 5562 Deus,
3057 5499 3195 5552 Deus
3229 5511 3397 5564 meus,
3445 5497 3520 5552 ad
3561 5503 3611 5553 te
3646 5497 3714 5554 de
3751 5497 3858 5552 luce

2173 5585 2341 5653 vigilo
2371 5585 2532 5654 (Psal.
2568 5601 2696 5652 Lxu,
2730 5585 2818 5654 2);
2869 5583 2988 5640 solo
3019 5582 3328 5654 spiritualis
3375 5598 3602 5640 manum
3633 5582 3854 5656 pabulo,

2174 5672 2482 5742 Scripturis
2511 5672 2722 5729 scilicet
2751 5670 2929 5728 sacris
2957 5671 3329 5739 delectamur,
3357 5679 3411 5728 et
3435 5686 3642 5742 panem
3675 5679 3854 5729 tamen
