  <div class='ocr_page' id='page_1' title='image "/cluster/home/n/w/nwhite01/storage/ocr_20150623/156-157/uc1.31175010662024/038.png"; bbox 0 0 3966 6426; ppageno 0'>
   <div class='ocr_carea' id='block_1_1' title="bbox 55 430 2395 490">
    <p class='ocr_par' dir='ltr' id='par_1_1' title="bbox 55 430 2395 490">
     <span class='ocr_line' id='line_1_1' title="bbox 55 430 2395 490; baseline 0.001 -5"><span class='ocrx_word' id='word_1_1' title='bbox 55 435 108 486; x_wconf 89' lang='lat'><strong>6|</strong></span> <span class='ocrx_word' id='word_1_2' title='bbox 1270 430 1634 489; x_wconf 71' lang='lat' dir='ltr'><strong>MORALIUM</strong></span> <span class='ocrx_word' id='word_1_3' title='bbox 1677 430 1750 487; x_wconf 85' lang='lat' dir='ltr'><strong>IN</strong></span> <span class='ocrx_word' id='word_1_4' title='bbox 1791 431 2093 490; x_wconf 79' lang='lat' dir='ltr'><strong>GENESIN</strong></span> <span class='ocrx_word' id='word_1_5' title='bbox 2136 432 2275 489; x_wconf 83' lang='lat' dir='ltr'><strong>LIB.</strong></span> <span class='ocrx_word' id='word_1_6' title='bbox 2323 432 2395 488; x_wconf 91' lang='lat' dir='ltr'><strong>II.</strong></span> 
     </span>
    </p>
   </div>
   <div class='ocr_carea' id='block_1_2' title="bbox 3531 438 3603 490">
    <p class='ocr_par' dir='ltr' id='par_1_2' title="bbox 3531 438 3603 490">
     <span class='ocr_line' id='line_1_2' title="bbox 3531 438 3603 490; baseline 0.014 -1"><span class='ocrx_word' id='word_1_7' title='bbox 3531 438 3603 490; x_wconf 49' lang='lat'><strong>6&#39;2»</strong></span> 
     </span>
    </p>
   </div>
   <div class='ocr_carea' id='block_1_3' title="bbox 54 566 3590 644">
    <p class='ocr_par' dir='ltr' id='par_1_3' title="bbox 54 566 3590 644">
     <span class='ocr_line' id='line_1_3' title="bbox 54 566 3590 644; baseline 0.002 -22"><span class='ocrx_word' id='word_1_8' title='bbox 54 566 261 623; x_wconf 92' lang='lat' dir='ltr'><strong>doloris</strong></span> <span class='ocrx_word' id='word_1_9' title='bbox 313 567 759 624; x_wconf 82' lang='lat' dir='ltr'><strong>manducamus</strong></span> <span class='ocrx_word' id='word_1_10' title='bbox 823 566 993 632; x_wconf 75' lang='lat' dir='ltr'><strong>(Psal.</strong></span> <span class='ocrx_word' id='word_1_11' title='bbox 1045 583 1227 635; x_wconf 72' lang='lat' dir='ltr'><strong>cxxvr,</strong></span> <span class='ocrx_word' id='word_1_12' title='bbox 1280 567 1356 638; x_wconf 80' lang='lat'><strong>2),</strong></span> <span class='ocrx_word' id='word_1_13' title='bbox 1423 567 1564 640; x_wconf 84' lang='lat' dir='ltr'><strong>quia</strong></span> <span class='ocrx_word' id='word_1_14' title='bbox 1621 575 1774 625; x_wconf 89' lang='lat' dir='ltr'><strong>totus</strong></span> <span class='ocrx_word' id='word_1_15' title='bbox 1803 571 1849 625; x_wconf 80' lang='grc' dir='ltr'>Α</span> <span class='ocrx_word' id='word_1_16' title='bbox 1888 568 2266 641; x_wconf 88' lang='lat' dir='ltr'><strong>prolongatus</strong></span> <span class='ocrx_word' id='word_1_17' title='bbox 2294 576 2376 627; x_wconf 90' lang='lat' dir='ltr'><strong>est</strong></span> <span class='ocrx_word' id='word_1_18' title='bbox 2418 571 2589 639; x_wconf 85' lang='lat' dir='ltr'><strong>(Psal.</strong></span> <span class='ocrx_word' id='word_1_19' title='bbox 2622 587 2766 638; x_wconf 80' lang='lat' dir='ltr'><strong>cxix,</strong></span> <span class='ocrx_word' id='word_1_20' title='bbox 2818 573 2933 642; x_wconf 82' lang='lat'><strong>20),</strong></span> <span class='ocrx_word' id='word_1_21' title='bbox 2969 570 3277 642; x_wconf 83' lang='lat' dir='ltr'><strong>phrenesin</strong></span> <span class='ocrx_word' id='word_1_22' title='bbox 3311 570 3590 644; x_wconf 83' lang='lat' dir='ltr'><strong>gaudium</strong></span> 
     </span>
    </p>
   </div>
   <div class='ocr_carea' id='block_1_4' title="bbox 55 654 1776 728">
    <p class='ocr_par' dir='ltr' id='par_1_4' title="bbox 55 654 1776 728">
     <span class='ocr_line' id='line_1_4' title="bbox 55 654 1776 728; baseline 0.002 -17"><span class='ocrx_word' id='word_1_23' title='bbox 55 664 242 711; x_wconf 90' lang='lat' dir='ltr'><strong>noster</strong></span> <span class='ocrx_word' id='word_1_24' title='bbox 270 654 466 711; x_wconf 89' lang='lat' dir='ltr'><strong>lectus</strong></span> <span class='ocrx_word' id='word_1_25' title='bbox 505 654 567 711; x_wconf 91' lang='lat' dir='ltr'><strong>in</strong></span> <span class='ocrx_word' id='word_1_26' title='bbox 596 662 792 711; x_wconf 89' lang='lat' dir='ltr'><strong>nostra</strong></span> <span class='ocrx_word' id='word_1_27' title='bbox 822 654 1156 711; x_wconf 85' lang='lat' dir='ltr'><strong>infirmitate</strong></span> <span class='ocrx_word' id='word_1_28' title='bbox 1186 662 1491 727; x_wconf 76' lang='lat' dir='ltr'><strong>versatur;</strong></span> <span class='ocrx_word' id='word_1_29' title='bbox 1524 664 1579 714; x_wconf 91' lang='lat' dir='ltr'><strong>et</strong></span> <span class='ocrx_word' id='word_1_30' title='bbox 1607 659 1776 728; x_wconf 87' lang='lat' dir='ltr'><strong>panis</strong></span> 
     </span>
    </p>
   </div>
   <div class='ocr_carea' id='block_1_5' title="bbox 54 743 1776 818">
    <p class='ocr_par' dir='ltr' id='par_1_5' title="bbox 54 743 1776 818">
     <span class='ocr_line' id='line_1_5' title="bbox 54 743 1776 818; baseline 0.002 -18"><span class='ocrx_word' id='word_1_31' title='bbox 54 744 145 800; x_wconf 89' lang='lat' dir='ltr'><strong>illo</strong></span> <span class='ocrx_word' id='word_1_32' title='bbox 178 758 281 815; x_wconf 92' lang='lat' dir='ltr'><strong>pro</strong></span> <span class='ocrx_word' id='word_1_33' title='bbox 313 758 444 814; x_wconf 89' lang='lat' dir='ltr'><strong>quo</strong></span> <span class='ocrx_word' id='word_1_34' title='bbox 461 743 712 814; x_wconf 86' lang='lat' dir='ltr'><strong>reprobi,</strong></span> <span class='ocrx_word' id='word_1_35' title='bbox 738 743 913 815; x_wconf 81' lang='lat' dir='ltr'><strong>juxta</strong></span> <span class='ocrx_word' id='word_1_36' title='bbox 939 744 1264 813; x_wconf 85' lang='lat' dir='ltr'><strong>Jeremiam,</strong></span> <span class='ocrx_word' id='word_1_37' title='bbox 1287 747 1531 801; x_wconf 75' lang='lat' dir='ltr'><strong>Pretiosa</strong></span> <span class='ocrx_word' id='word_1_38' title='bbox 1552 764 1776 818; x_wconf 72' lang='lat' dir='ltr'><strong>quaeque</strong></span> 
     </span>
    </p>
   </div>
   <div class='ocr_carea' id='block_1_6' title="bbox 53 832 1776 904">
    <p class='ocr_par' dir='ltr' id='par_1_6' title="bbox 53 832 1776 904">
     <span class='ocr_line' id='line_1_6' title="bbox 53 832 1776 904; baseline 0.004 -17"><span class='ocrx_word' id='word_1_39' title='bbox 53 833 318 890; x_wconf 83' lang='lat' dir='ltr'><strong>dederunt</strong></span> <span class='ocrx_word' id='word_1_40' title='bbox 365 833 602 903; x_wconf 81' lang='lat' dir='ltr'><strong>(Threu.</strong></span> <span class='ocrx_word' id='word_1_41' title='bbox 651 850 682 896; x_wconf 88' lang='grc' dir='ltr'><strong>ι,</strong></span> <span class='ocrx_word' id='word_1_42' title='bbox 722 832 832 903; x_wconf 84' lang='lat' dir='ltr'><strong>ll),</strong></span> <span class='ocrx_word' id='word_1_43' title='bbox 894 848 993 904; x_wconf 85' lang='lat' dir='ltr'><strong>pro</strong></span> <span class='ocrx_word' id='word_1_44' title='bbox 1041 834 1340 904; x_wconf 84' lang='lat' dir='ltr'><strong>temporali</strong></span> <span class='ocrx_word' id='word_1_45' title='bbox 1390 835 1650 893; x_wconf 80' lang='lat' dir='ltr'><strong>videlicet</strong></span> <span class='ocrx_word' id='word_1_46' title='bbox 1681 853 1776 895; x_wconf 84' lang='lat' dir='ltr'><strong>v0-</strong></span> 
     </span>
    </p>
   </div>
   <div class='ocr_carea' id='block_1_7' title="bbox 53 921 1775 993">
    <p class='ocr_par' dir='ltr' id='par_1_7' title="bbox 53 921 1775 993">
     <span class='ocr_line' id='line_1_7' title="bbox 53 921 1775 993; baseline 0.002 -14"><span class='ocrx_word' id='word_1_47' title='bbox 53 923 268 993; x_wconf 90' lang='lat' dir='ltr'><strong>luptate</strong></span> <span class='ocrx_word' id='word_1_48' title='bbox 311 922 676 979; x_wconf 87' lang='lat' dir='ltr'><strong>insumenda</strong></span> <span class='ocrx_word' id='word_1_49' title='bbox 719 936 885 979; x_wconf 90' lang='lat' dir='ltr'><strong>suam</strong></span> <span class='ocrx_word' id='word_1_50' title='bbox 938 921 1196 993; x_wconf 90' lang='lat' dir='ltr'><strong>ipsorum</strong></span> <span class='ocrx_word' id='word_1_51' title='bbox 1226 922 1470 980; x_wconf 82' lang='lat' dir='ltr'><strong>salutem</strong></span> <span class='ocrx_word' id='word_1_52' title='bbox 1523 924 1613 982; x_wconf 92' lang='lat' dir='ltr'><strong>vel</strong></span> <span class='ocrx_word' id='word_1_53' title='bbox 1642 926 1775 983; x_wconf 90' lang='lat' dir='ltr'><strong>ani-</strong></span> 
     </span>
    </p>
   </div>
   <div class='ocr_carea' id='block_1_8' title="bbox 54 1011 1775 1079">
    <p class='ocr_par' dir='ltr' id='par_1_8' title="bbox 54 1011 1775 1079">
     <span class='ocr_line' id='line_1_8' title="bbox 54 1011 1775 1079; baseline 0.002 -12"><span class='ocrx_word' id='word_1_54' title='bbox 54 1026 171 1067; x_wconf 88' lang='lat' dir='ltr'><strong>mas</strong></span> <span class='ocrx_word' id='word_1_55' title='bbox 196 1011 631 1079; x_wconf 82' lang='lat' dir='ltr'><strong>vendiderunt,</strong></span> <span class='ocrx_word' id='word_1_56' title='bbox 684 1011 740 1067; x_wconf 92' lang='lat' dir='ltr'><strong>in</strong></span> <span class='ocrx_word' id='word_1_57' title='bbox 785 1011 905 1068; x_wconf 85' lang='lat' dir='ltr'><strong>vita</strong></span> <span class='ocrx_word' id='word_1_58' title='bbox 955 1018 1151 1068; x_wconf 88' lang='lat' dir='ltr'><strong>nostra</strong></span> <span class='ocrx_word' id='word_1_59' title='bbox 1182 1012 1244 1068; x_wconf 88' lang='lat' dir='ltr'><strong>fit</strong></span> <span class='ocrx_word' id='word_1_60' title='bbox 1277 1014 1440 1070; x_wconf 90' lang='lat' dir='ltr'><strong>nobis</strong></span> <span class='ocrx_word' id='word_1_61' title='bbox 1470 1014 1775 1071; x_wconf 90' lang='lat' dir='ltr'><strong>abomina-</strong></span> 
     </span>
    </p>
   </div>
   <div class='ocr_carea' id='block_1_9' title="bbox 54 1099 1776 1171">
    <p class='ocr_par' dir='ltr' id='par_1_9' title="bbox 54 1099 1776 1171">
     <span class='ocr_line' id='line_1_9' title="bbox 54 1099 1776 1171; baseline 0.002 -14"><span class='ocrx_word' id='word_1_62' title='bbox 54 1100 197 1167; x_wconf 89' lang='lat' dir='ltr'><strong>bilis,</strong></span> <span class='ocrx_word' id='word_1_63' title='bbox 234 1100 352 1157; x_wconf 86' lang='lat' dir='ltr'><strong>heu</strong></span> <span class='ocrx_word' id='word_1_64' title='bbox 410 1100 592 1157; x_wconf 91' lang='lat' dir='ltr'><strong>nobis</strong></span> <span class='ocrx_word' id='word_1_65' title='bbox 626 1101 1066 1168; x_wconf 90' lang='lat' dir='ltr'><strong>conclamantes,</strong></span> <span class='ocrx_word' id='word_1_66' title='bbox 1101 1099 1239 1171; x_wconf 85' lang='lat' dir='ltr'><strong>quia</strong></span> <span class='ocrx_word' id='word_1_67' title='bbox 1271 1100 1553 1159; x_wconf 88' lang='lat' dir='ltr'><strong>incolatus</strong></span> <span class='ocrx_word' id='word_1_68' title='bbox 1585 1109 1776 1159; x_wconf 86' lang='lat' dir='ltr'><strong>noster</strong></span> 
     </span>
    </p>
   </div>
   <div class='ocr_carea' id='block_1_10' title="bbox 1881 656 3594 731">
    <p class='ocr_par' dir='ltr' id='par_1_10' title="bbox 1881 656 3594 731">
     <span class='ocr_line' id='line_1_10' title="bbox 1881 656 3594 731; baseline 0.002 -18"><span class='ocrx_word' id='word_1_69' title='bbox 1881 656 2156 714; x_wconf 65' lang='lat' dir='ltr'><strong>saeculare</strong></span> <span class='ocrx_word' id='word_1_70' title='bbox 2214 666 2500 728; x_wconf 83' lang='lat' dir='ltr'><strong>putantes,</strong></span> <span class='ocrx_word' id='word_1_71' title='bbox 2579 666 2634 716; x_wconf 92' lang='lat' dir='ltr'><strong>et</strong></span> <span class='ocrx_word' id='word_1_72' title='bbox 2699 674 2924 717; x_wconf 70' lang='lat' dir='ltr'><strong>coronae</strong></span> <span class='ocrx_word' id='word_1_73' title='bbox 2991 674 3227 717; x_wconf 87' lang='lat' dir='ltr'><strong>causam</strong></span> <span class='ocrx_word' id='word_1_74' title='bbox 3293 674 3594 731; x_wconf 86' lang='lat' dir='ltr'><strong>pressuras</strong></span> 
     </span>
    </p>
   </div>
   <div class='ocr_carea' id='block_1_11' title="bbox 1881 746 3588 820">
    <p class='ocr_par' dir='ltr' id='par_1_11' title="bbox 1881 746 3588 820">
     <span class='ocr_line' id='line_1_11' title="bbox 1881 746 3588 820; baseline 0.002 -18"><span class='ocrx_word' id='word_1_75' title='bbox 1881 754 2056 818; x_wconf 89' lang='lat' dir='ltr'><strong>atque</strong></span> <span class='ocrx_word' id='word_1_76' title='bbox 2091 746 2333 805; x_wconf 87' lang='lat' dir='ltr'><strong>dolores.</strong></span> <span class='ocrx_word' id='word_1_77' title='bbox 2369 748 2454 804; x_wconf 84' lang='lat' dir='ltr'><strong>Ad</strong></span> <span class='ocrx_word' id='word_1_78' title='bbox 2513 748 2665 805; x_wconf 89' lang='lat' dir='ltr'><strong>hanc</strong></span> <span class='ocrx_word' id='word_1_79' title='bbox 2714 748 2892 820; x_wconf 86' lang='lat' dir='ltr'><strong>igitur</strong></span> <span class='ocrx_word' id='word_1_80' title='bbox 2919 755 3019 804; x_wconf 66' lang='lat'><strong>25</strong></span> <span class='ocrx_word' id='word_1_81' title='bbox 3064 749 3365 820; x_wconf 87' lang='lat' dir='ltr'><strong>septimam</strong></span> <span class='ocrx_word' id='word_1_82' title='bbox 3415 750 3588 817; x_wconf 91' lang='lat' dir='ltr'><strong>diem,</strong></span> 
     </span>
    </p>
   </div>
   <div class='ocr_carea' id='block_1_12' title="bbox 1884 834 3592 908">
    <p class='ocr_par' dir='ltr' id='par_1_12' title="bbox 1884 834 3592 908">
     <span class='ocr_line' id='line_1_12' title="bbox 1884 834 3592 908; baseline 0.001 -17"><span class='ocrx_word' id='word_1_83' title='bbox 1884 834 1937 890; x_wconf 90' lang='lat' dir='ltr'><strong>id</strong></span> <span class='ocrx_word' id='word_1_84' title='bbox 1964 842 2068 899; x_wconf 88' lang='lat' dir='ltr'><strong>est,</strong></span> <span class='ocrx_word' id='word_1_85' title='bbox 2099 835 2569 906; x_wconf 81' lang='lat' dir='ltr'><strong>perfectissimam</strong></span> <span class='ocrx_word' id='word_1_86' title='bbox 2611 837 2799 897; x_wconf 84' lang='lat' dir='ltr'><strong>lucem</strong></span> <span class='ocrx_word' id='word_1_87' title='bbox 2832 852 2964 893; x_wconf 91' lang='lat' dir='ltr'><strong>cum</strong></span> <span class='ocrx_word' id='word_1_88' title='bbox 3004 837 3459 908; x_wconf 87' lang='lat' dir='ltr'><strong>pervenerimus,</strong></span> <span class='ocrx_word' id='word_1_89' title='bbox 3498 836 3592 893; x_wconf 84' lang='lat' dir='ltr'><strong>in--</strong></span> 
     </span>
    </p>
   </div>
   <div class='ocr_carea' id='block_1_13' title="bbox 1881 924 3590 997">
    <p class='ocr_par' dir='ltr' id='par_1_13' title="bbox 1881 924 3590 997">
     <span class='ocr_line' id='line_1_13' title="bbox 1881 924 3590 997; baseline 0.001 -17"><span class='ocrx_word' id='word_1_90' title='bbox 1881 938 2157 995; x_wconf 90' lang='lat' dir='ltr'><strong>supremo</strong></span> <span class='ocrx_word' id='word_1_91' title='bbox 2189 924 2398 996; x_wconf 87' lang='lat' dir='ltr'><strong>gradu,</strong></span> <span class='ocrx_word' id='word_1_92' title='bbox 2443 927 2546 997; x_wconf 86' lang='lat' dir='ltr'><strong>qui</strong></span> <span class='ocrx_word' id='word_1_93' title='bbox 2576 934 2661 983; x_wconf 90' lang='lat' dir='ltr'><strong>est</strong></span> <span class='ocrx_word' id='word_1_94' title='bbox 2705 925 3022 997; x_wconf 63' lang='lat' dir='ltr'><strong>sapientiae,</strong></span> <span class='ocrx_word' id='word_1_95' title='bbox 3072 925 3267 997; x_wconf 87' lang='lat' dir='ltr'><strong>pedem</strong></span> <span class='ocrx_word' id='word_1_96' title='bbox 3297 924 3479 981; x_wconf 89' lang='lat' dir='ltr'><strong>animi</strong></span> <span class='ocrx_word' id='word_1_97' title='bbox 3509 925 3590 982; x_wconf 92' lang='lat' dir='ltr'><strong>lo-</strong></span> 
     </span>
    </p>
   </div>
   <div class='ocr_carea' id='block_1_14' title="bbox 1882 1013 3590 1087">
    <p class='ocr_par' dir='ltr' id='par_1_14' title="bbox 1882 1013 3590 1087">
     <span class='ocr_line' id='line_1_14' title="bbox 1882 1013 3590 1087; baseline 0.001 -17"><span class='ocrx_word' id='word_1_98' title='bbox 1882 1013 2163 1083; x_wconf 90' lang='lat' dir='ltr'><strong>cabimus,</strong></span> <span class='ocrx_word' id='word_1_99' title='bbox 2194 1013 2335 1086; x_wconf 88' lang='lat' dir='ltr'><strong>quia</strong></span> <span class='ocrx_word' id='word_1_100' title='bbox 2370 1014 2626 1072; x_wconf 90' lang='lat' dir='ltr'><strong>irradiati</strong></span> <span class='ocrx_word' id='word_1_101' title='bbox 2663 1016 2787 1071; x_wconf 87' lang='lat' dir='ltr'><strong>sine</strong></span> <span class='ocrx_word' id='word_1_102' title='bbox 2822 1016 2951 1083; x_wconf 91' lang='lat' dir='ltr'><strong>fine,</strong></span> <span class='ocrx_word' id='word_1_103' title='bbox 2985 1023 3039 1072; x_wconf 91' lang='lat' dir='ltr'><strong>et</strong></span> <span class='ocrx_word' id='word_1_104' title='bbox 3072 1013 3247 1071; x_wconf 93' lang='lat' dir='ltr'><strong>ullius</strong></span> <span class='ocrx_word' id='word_1_105' title='bbox 3281 1014 3590 1087; x_wconf 90' lang='lat' dir='ltr'><strong>interpola-</strong></span> 
     </span>
    </p>
   </div>
   <div class='ocr_carea' id='block_1_15' title="bbox 1886 1103 3424 1177">
    <p class='ocr_par' dir='ltr' id='par_1_15' title="bbox 1886 1103 3424 1177">
     <span class='ocr_line' id='line_1_15' title="bbox 1886 1103 3424 1177; baseline -0.001 -17"><span class='ocrx_word' id='word_1_106' title='bbox 1886 1103 2035 1160; x_wconf 90' lang='lat' dir='ltr'><strong>tione</strong></span> <span class='ocrx_word' id='word_1_107' title='bbox 2063 1103 2381 1174; x_wconf 88' lang='lat' dir='ltr'><strong>spiritualis</strong></span> <span class='ocrx_word' id='word_1_108' title='bbox 2411 1104 2632 1177; x_wconf 87' lang='lat' dir='ltr'><strong>vesperi</strong></span> <span class='ocrx_word' id='word_1_109' title='bbox 2667 1106 2848 1162; x_wconf 90' lang='lat' dir='ltr'><strong>Deum</strong></span> <span class='ocrx_word' id='word_1_110' title='bbox 2877 1104 3189 1176; x_wconf 87' lang='lat' dir='ltr'><strong>sapiemus.</strong></span> <span class='ocrx_word' id='word_1_111' title='bbox 3222 1103 3424 1160; x_wconf 83' lang='lat' dir='ltr'><strong>Amen.</strong></span> 
     </span>
    </p>
   </div>
   <div class='ocr_carea' id='block_1_16' title="bbox 1204 1483 2465 1559">
    <p class='ocr_par' dir='ltr' id='par_1_16' title="bbox 1204 1483 2465 1559">
     <span class='ocr_line' id='line_1_16' title="bbox 1204 1483 2465 1559; baseline 0.002 -2"><span class='ocrx_word' id='word_1_112' title='bbox 1204 1483 1561 1558; x_wconf 90' lang='lat' dir='ltr'><strong>INCIPIT</strong></span> <span class='ocrx_word' id='word_1_113' title='bbox 1618 1484 1903 1559; x_wconf 84' lang='lat' dir='ltr'>LIBER</span> <span class='ocrx_word' id='word_1_114' title='bbox 1963 1485 2465 1559; x_wconf 83' lang='lat' dir='ltr'><strong>SECUNDUS</strong></span> 
     </span>
    </p>
   </div>
   <div class='ocr_carea' id='block_1_17' title="bbox 873 1683 2797 1791">
    <p class='ocr_par' dir='ltr' id='par_1_17' title="bbox 873 1683 2797 1791">
     <span class='ocr_line' id='line_1_17' title="bbox 873 1683 2797 1791; baseline -0.001 -3"><span class='ocrx_word' id='word_1_115' title='bbox 873 1683 1733 1791; x_wconf 86' lang='lat' dir='ltr'><strong>MOBALIUM</strong></span> <span class='ocrx_word' id='word_1_116' title='bbox 1832 1685 1992 1789; x_wconf 90' lang='lat' dir='ltr'><strong>IN</strong></span> <span class='ocrx_word' id='word_1_117' title='bbox 2094 1683 2797 1791; x_wconf 87' lang='lat' dir='ltr'><strong>GENESIN.</strong></span> 
     </span>
    </p>
   </div>
   <div class='ocr_carea' id='block_1_18' title="bbox 121 2079 3596 2156">
    <p class='ocr_par' dir='ltr' id='par_1_18' title="bbox 121 2079 3596 2156">
     <span class='ocr_line' id='line_1_18' title="bbox 121 2079 3596 2156; baseline -0 -14"><span class='ocrx_word' id='word_1_118' title='bbox 121 2084 426 2156; x_wconf 90' lang='lat' dir='ltr'><strong>Superiori</strong></span> <span class='ocrx_word' id='word_1_119' title='bbox 461 2090 794 2141; x_wconf 89' lang='lat' dir='ltr'><strong>commento</strong></span> <span class='ocrx_word' id='word_1_120' title='bbox 849 2089 1154 2155; x_wconf 87' lang='lat' dir='ltr'><strong>postquam</strong></span> <span class='ocrx_word' id='word_1_121' title='bbox 1194 2083 1347 2138; x_wconf 86' lang='lat' dir='ltr'><strong>Deus</strong></span> <span class='ocrx_word' id='word_1_122' title='bbox 1394 2081 1602 2138; x_wconf 68' lang='lat' dir='ltr'><strong>cadum</strong></span> <span class='ocrx_word' id='word_1_123' title='bbox 1653 2087 1771 2137; x_wconf 82' lang='lat' dir='ltr'><strong>ter-</strong></span> <span class='ocrx_word' id='word_1_124' title='bbox 1808 2080 1848 2135; x_wconf 86' lang='grc' dir='ltr'><strong>Β</strong></span> <span class='ocrx_word' id='word_1_125' title='bbox 1886 2079 2166 2137; x_wconf 86' lang='lat' dir='ltr'><strong>solvatur.</strong></span> <span class='ocrx_word' id='word_1_126' title='bbox 2209 2080 2377 2138; x_wconf 91' lang='lat' dir='ltr'><strong>lnitia</strong></span> <span class='ocrx_word' id='word_1_127' title='bbox 2403 2080 2558 2137; x_wconf 90' lang='lat' dir='ltr'><strong>enim</strong></span> <span class='ocrx_word' id='word_1_128' title='bbox 2606 2088 2803 2139; x_wconf 91' lang='lat' dir='ltr'><strong>nostra</strong></span> <span class='ocrx_word' id='word_1_129' title='bbox 2846 2081 3014 2139; x_wconf 90' lang='lat' dir='ltr'><strong>mista</strong></span> <span class='ocrx_word' id='word_1_130' title='bbox 3042 2090 3180 2141; x_wconf 91' lang='lat' dir='ltr'><strong>sunt</strong></span> <span class='ocrx_word' id='word_1_131' title='bbox 3213 2083 3399 2141; x_wconf 89' lang='lat' dir='ltr'><strong>malis.</strong></span> <span class='ocrx_word' id='word_1_132' title='bbox 3434 2083 3596 2142; x_wconf 89' lang='lat' dir='ltr'><strong>Unde</strong></span> 
     </span>
    </p>
   </div>
   <div class='ocr_carea' id='block_1_19' title="bbox 60 2167 1772 2243">
    <p class='ocr_par' dir='ltr' id='par_1_19' title="bbox 60 2167 1772 2243">
     <span class='ocr_line' id='line_1_19' title="bbox 60 2167 1772 2243; baseline -0.002 -15"><span class='ocrx_word' id='word_1_133' title='bbox 60 2186 297 2243; x_wconf 90' lang='lat' dir='ltr'><strong>ramque</strong></span> <span class='ocrx_word' id='word_1_134' title='bbox 341 2172 731 2238; x_wconf 87' lang='lat' dir='ltr'><strong>discreverat,</strong></span> <span class='ocrx_word' id='word_1_135' title='bbox 775 2170 915 2240; x_wconf 89' lang='lat' dir='ltr'><strong>quid</strong></span> <span class='ocrx_word' id='word_1_136' title='bbox 945 2169 1151 2225; x_wconf 91' lang='lat' dir='ltr'><strong>diebus</strong></span> <span class='ocrx_word' id='word_1_137' title='bbox 1197 2168 1533 2240; x_wconf 86' lang='lat' dir='ltr'><strong>quibusque</strong></span> <span class='ocrx_word' id='word_1_138' title='bbox 1560 2167 1772 2236; x_wconf 84' lang='lat' dir='ltr'><strong>fecerit,</strong></span> 
     </span>
    </p>
   </div>
   <div class='ocr_carea' id='block_1_20' title="bbox 59 2257 1780 2332">
    <p class='ocr_par' dir='ltr' id='par_1_20' title="bbox 59 2257 1780 2332">
     <span class='ocr_line' id='line_1_20' title="bbox 59 2257 1780 2332; baseline -0.001 -16"><span class='ocrx_word' id='word_1_139' title='bbox 59 2261 190 2319; x_wconf 56' lang='lat' dir='ltr'><strong>creto</strong></span> <span class='ocrx_word' id='word_1_140' title='bbox 238 2268 536 2332; x_wconf 87' lang='lat' dir='ltr'><strong>terraque</strong></span> <span class='ocrx_word' id='word_1_141' title='bbox 608 2258 914 2330; x_wconf 85' lang='lat' dir='ltr'><strong>procedere</strong></span> <span class='ocrx_word' id='word_1_142' title='bbox 974 2265 1280 2316; x_wconf 90' lang='lat' dir='ltr'><strong>tractatum</strong></span> <span class='ocrx_word' id='word_1_143' title='bbox 1335 2264 1436 2314; x_wconf 91' lang='lat' dir='ltr'><strong>est.</strong></span> <span class='ocrx_word' id='word_1_144' title='bbox 1505 2257 1780 2328; x_wconf 89' lang='lat' dir='ltr'><strong>Sequitur</strong></span> 
     </span>
    </p>
   </div>
   <div class='ocr_carea' id='block_1_21' title="bbox 59 2347 1035 2420">
    <p class='ocr_par' dir='ltr' id='par_1_21' title="bbox 59 2347 1035 2420">
     <span class='ocr_line' id='line_1_21' title="bbox 59 2347 1035 2420; baseline -0.004 -13"><span class='ocrx_word' id='word_1_145' title='bbox 59 2365 190 2420; x_wconf 85' lang='lat' dir='ltr'><strong>ergo</strong></span> <span class='ocrx_word' id='word_1_146' title='bbox 218 2349 479 2420; x_wconf 80' lang='lat' dir='ltr'><strong>mystica</strong></span> <span class='ocrx_word' id='word_1_147' title='bbox 516 2348 773 2405; x_wconf 88' lang='lat' dir='ltr'><strong>narratio</strong></span> <span class='ocrx_word' id='word_1_148' title='bbox 804 2347 1035 2404; x_wconf 89' lang='lat' dir='ltr'><strong>dicens:</strong></span> 
     </span>
    </p>
   </div>
   <div class='ocr_carea' id='block_1_22' title="bbox 127 2436 1779 2507">
    <p class='ocr_par' dir='ltr' id='par_1_22' title="bbox 127 2436 1779 2507">
     <span class='ocr_line' id='line_1_22' title="bbox 127 2436 1779 2507; baseline -0.001 -13"><span class='ocrx_word' id='word_1_149' title='bbox 127 2439 294 2495; x_wconf 74' lang='lat' dir='ltr'><strong>Vens.</strong></span> <span class='ocrx_word' id='word_1_150' title='bbox 326 2438 385 2493; x_wconf 68' lang='grc'><strong>4.</strong></span> <span class='ocrx_word' id='word_1_151' title='bbox 426 2440 566 2493; x_wconf 76' lang='lat' dir='ltr'><strong>Istae</strong></span> <span class='ocrx_word' id='word_1_152' title='bbox 624 2440 990 2505; x_wconf 81' lang='lat' dir='ltr'><strong>generationes</strong></span> <span class='ocrx_word' id='word_1_153' title='bbox 1052 2439 1171 2492; x_wconf 71' lang='grc' dir='ltr'><strong>ωειί</strong></span> <span class='ocrx_word' id='word_1_154' title='bbox 1217 2440 1268 2492; x_wconf 78' lang='lat' dir='ltr'><strong>et</strong></span> <span class='ocrx_word' id='word_1_155' title='bbox 1320 2442 1501 2500; x_wconf 68' lang='lat' dir='ltr'><strong>terrae.</strong></span> <span class='ocrx_word' id='word_1_156' title='bbox 1561 2436 1779 2507; x_wconf 81' lang='lat' dir='ltr'><strong>quando</strong></span> 
     </span>
    </p>
   </div>
   <div class='ocr_carea' id='block_1_23' title="bbox 62 2527 1778 2596">
    <p class='ocr_par' dir='ltr' id='par_1_23' title="bbox 62 2527 1778 2596">
     <span class='ocr_line' id='line_1_23' title="bbox 62 2527 1778 2596; baseline -0.002 -14"><span class='ocrx_word' id='word_1_157' title='bbox 62 2534 245 2583; x_wconf 68' lang='lat' dir='ltr'><strong>creatae</strong></span> <span class='ocrx_word' id='word_1_158' title='bbox 275 2532 415 2583; x_wconf 87' lang='lat' dir='ltr'><strong>sunt</strong></span> <span class='ocrx_word' id='word_1_159' title='bbox 456 2530 520 2582; x_wconf 86' lang='lat' dir='ltr'><strong>in</strong></span> <span class='ocrx_word' id='word_1_160' title='bbox 552 2527 641 2582; x_wconf 81' lang='lat' dir='ltr'><strong>die</strong></span> <span class='ocrx_word' id='word_1_161' title='bbox 693 2542 796 2596; x_wconf 88' lang='lat' dir='ltr'><strong>quo</strong></span> <span class='ocrx_word' id='word_1_162' title='bbox 840 2528 973 2594; x_wconf 87' lang='lat' dir='ltr'><strong>fecit</strong></span> <span class='ocrx_word' id='word_1_163' title='bbox 1028 2529 1170 2582; x_wconf 88' lang='lat' dir='ltr'><strong>Deus</strong></span> <span class='ocrx_word' id='word_1_164' title='bbox 1219 2528 1402 2581; x_wconf 61' lang='lat' dir='ltr'><strong>ca’lum</strong></span> <span class='ocrx_word' id='word_1_165' title='bbox 1449 2529 1499 2580; x_wconf 86' lang='lat' dir='ltr'><strong>et</strong></span> <span class='ocrx_word' id='word_1_166' title='bbox 1557 2531 1778 2580; x_wconf 79' lang='lat' dir='ltr'><strong>terram.</strong></span> 
     </span>
    </p>
   </div>
   <div class='ocr_carea' id='block_1_24' title="bbox 62 2614 1776 2688">
    <p class='ocr_par' dir='ltr' id='par_1_24' title="bbox 62 2614 1776 2688">
     <span class='ocr_line' id='line_1_24' title="bbox 62 2614 1776 2688; baseline -0.001 -17"><span class='ocrx_word' id='word_1_167' title='bbox 62 2616 121 2673; x_wconf 90' lang='lat' dir='ltr'><strong>in</strong></span> <span class='ocrx_word' id='word_1_168' title='bbox 145 2617 254 2681; x_wconf 90' lang='lat' dir='ltr'><strong>die,</strong></span> <span class='ocrx_word' id='word_1_169' title='bbox 308 2616 539 2688; x_wconf 87' lang='lat' dir='ltr'><strong>inquit,</strong></span> <span class='ocrx_word' id='word_1_170' title='bbox 610 2614 667 2670; x_wconf 93' lang='lat' dir='ltr'><strong>id</strong></span> <span class='ocrx_word' id='word_1_171' title='bbox 717 2622 801 2672; x_wconf 91' lang='lat' dir='ltr'><strong>est</strong></span> <span class='ocrx_word' id='word_1_172' title='bbox 852 2615 911 2671; x_wconf 93' lang='lat' dir='ltr'><strong>in</strong></span> <span class='ocrx_word' id='word_1_173' title='bbox 967 2614 1063 2672; x_wconf 89' lang='lat' dir='ltr'><strong>illa</strong></span> <span class='ocrx_word' id='word_1_174' title='bbox 1113 2616 1319 2672; x_wconf 90' lang='lat' dir='ltr'><strong>mentis</strong></span> <span class='ocrx_word' id='word_1_175' title='bbox 1378 2615 1776 2682; x_wconf 88' lang='lat' dir='ltr'><strong>illustratione,</strong></span> 
     </span>
    </p>
   </div>
   <div class='ocr_carea' id='block_1_25' title="bbox 66 2703 1778 2778">
    <p class='ocr_par' dir='ltr' id='par_1_25' title="bbox 66 2703 1778 2778">
     <span class='ocr_line' id='line_1_25' title="bbox 66 2703 1778 2778; baseline -0.002 -16"><span class='ocrx_word' id='word_1_176' title='bbox 66 2722 156 2776; x_wconf 85' lang='lat' dir='ltr'><strong>per</strong></span> <span class='ocrx_word' id='word_1_177' title='bbox 184 2721 373 2778; x_wconf 87' lang='lat' dir='ltr'><strong>quam</strong></span> <span class='ocrx_word' id='word_1_178' title='bbox 398 2705 474 2761; x_wconf 89' lang='lat' dir='ltr'><strong>de</strong></span> <span class='ocrx_word' id='word_1_179' title='bbox 504 2704 855 2761; x_wconf 86' lang='lat' dir='ltr'><strong>obscuritate</strong></span> <span class='ocrx_word' id='word_1_180' title='bbox 876 2704 1229 2761; x_wconf 79' lang='lat' dir='ltr'><strong>confusionis</strong></span> <span class='ocrx_word' id='word_1_181' title='bbox 1248 2704 1521 2761; x_wconf 89' lang='lat' dir='ltr'><strong>vitiorum</strong></span> <span class='ocrx_word' id='word_1_182' title='bbox 1548 2703 1778 2771; x_wconf 86' lang='lat' dir='ltr'><strong>coelum,</strong></span> 
     </span>
    </p>
   </div>
   <div class='ocr_carea' id='block_1_26' title="bbox 64 2792 1783 2866">
    <p class='ocr_par' dir='ltr' id='par_1_26' title="bbox 64 2792 1783 2866">
     <span class='ocr_line' id='line_1_26' title="bbox 64 2792 1783 2866; baseline -0.001 -15"><span class='ocrx_word' id='word_1_183' title='bbox 64 2796 210 2866; x_wconf 88' lang='lat' dir='ltr'><strong>quod</strong></span> <span class='ocrx_word' id='word_1_184' title='bbox 255 2803 345 2851; x_wconf 89' lang='lat' dir='ltr'><strong>est</strong></span> <span class='ocrx_word' id='word_1_185' title='bbox 397 2793 577 2862; x_wconf 85' lang='lat' dir='ltr'><strong>ratio,</strong></span> <span class='ocrx_word' id='word_1_186' title='bbox 625 2807 659 2848; x_wconf 90' lang='lat' dir='ltr'><strong>a</strong></span> <span class='ocrx_word' id='word_1_187' title='bbox 715 2800 887 2862; x_wconf 89' lang='lat' dir='ltr'><strong>terra,</strong></span> <span class='ocrx_word' id='word_1_188' title='bbox 936 2793 1157 2850; x_wconf 89' lang='lat' dir='ltr'><strong>carnali</strong></span> <span class='ocrx_word' id='word_1_189' title='bbox 1200 2793 1416 2850; x_wconf 86' lang='lat' dir='ltr'><strong>scilicet</strong></span> <span class='ocrx_word' id='word_1_190' title='bbox 1468 2792 1783 2849; x_wconf 85' lang='lat' dir='ltr'><strong>suscitatur</strong></span> 
     </span>
    </p>
   </div>
   <div class='ocr_carea' id='block_1_27' title="bbox 63 2883 1783 2954">
    <p class='ocr_par' dir='ltr' id='par_1_27' title="bbox 63 2883 1783 2954">
     <span class='ocr_line' id='line_1_27' title="bbox 63 2883 1783 2954; baseline 0 -15"><span class='ocrx_word' id='word_1_191' title='bbox 63 2884 287 2952; x_wconf 84' lang='lat' dir='ltr'><strong>affectu,</strong></span> <span class='ocrx_word' id='word_1_192' title='bbox 348 2884 464 2940; x_wconf 90' lang='lat' dir='ltr'><strong>ista</strong></span> <span class='ocrx_word' id='word_1_193' title='bbox 535 2897 667 2954; x_wconf 84' lang='lat' dir='ltr'><strong>quae</strong></span> <span class='ocrx_word' id='word_1_194' title='bbox 740 2891 954 2953; x_wconf 89' lang='lat' dir='ltr'><strong>septem</strong></span> <span class='ocrx_word' id='word_1_195' title='bbox 1021 2883 1245 2951; x_wconf 89' lang='lat' dir='ltr'><strong>diebus,</strong></span> <span class='ocrx_word' id='word_1_196' title='bbox 1312 2890 1528 2953; x_wconf 89' lang='lat' dir='ltr'><strong>septem</strong></span> <span class='ocrx_word' id='word_1_197' title='bbox 1580 2883 1783 2954; x_wconf 86' lang='lat' dir='ltr'><strong>utique</strong></span> 
     </span>
    </p>
   </div>
   <div class='ocr_carea' id='block_1_28' title="bbox 63 2971 1781 3043">
    <p class='ocr_par' dir='ltr' id='par_1_28' title="bbox 63 2971 1781 3043">
     <span class='ocr_line' id='line_1_28' title="bbox 63 2971 1781 3043; baseline -0.001 -13"><span class='ocrx_word' id='word_1_198' title='bbox 63 2974 237 3031; x_wconf 88' lang='lat' dir='ltr'><strong>sancti</strong></span> <span class='ocrx_word' id='word_1_199' title='bbox 327 2973 594 3043; x_wconf 88' lang='lat' dir='ltr'><strong>Spiritus</strong></span> <span class='ocrx_word' id='word_1_200' title='bbox 678 2971 1127 3028; x_wconf 90' lang='lat' dir='ltr'><strong>charismatibus</strong></span> <span class='ocrx_word' id='word_1_201' title='bbox 1210 2972 1305 3043; x_wconf 86' lang='lat' dir='ltr'><strong>agi</strong></span> <span class='ocrx_word' id='word_1_202' title='bbox 1376 2978 1634 3043; x_wconf 90' lang='lat' dir='ltr'><strong>possunt,</strong></span> <span class='ocrx_word' id='word_1_203' title='bbox 1723 2973 1781 3028; x_wconf 91' lang='lat' dir='ltr'><strong>in</strong></span> 
     </span>
    </p>
   </div>
   <div class='ocr_carea' id='block_1_29' title="bbox 66 3058 1783 3131">
    <p class='ocr_par' dir='ltr' id='par_1_29' title="bbox 66 3058 1783 3131">
     <span class='ocr_line' id='line_1_29' title="bbox 66 3058 1783 3131; baseline -0.001 -13"><span class='ocrx_word' id='word_1_204' title='bbox 66 3062 320 3120; x_wconf 90' lang='lat' dir='ltr'><strong>interiori</strong></span> <span class='ocrx_word' id='word_1_205' title='bbox 376 3058 619 3118; x_wconf 85' lang='lat' dir='ltr'><strong>homine</strong></span> <span class='ocrx_word' id='word_1_206' title='bbox 649 3060 907 3131; x_wconf 89' lang='lat' dir='ltr'><strong>generari</strong></span> <span class='ocrx_word' id='word_1_207' title='bbox 946 3060 1252 3130; x_wconf 89' lang='lat' dir='ltr'><strong>incipiunt.</strong></span> <span class='ocrx_word' id='word_1_208' title='bbox 1301 3061 1540 3127; x_wconf 88' lang='lat' dir='ltr'><strong>Quando</strong></span> <span class='ocrx_word' id='word_1_209' title='bbox 1579 3069 1783 3117; x_wconf 66' lang='lat' dir='ltr'><strong>creata:</strong></span> 
     </span>
    </p>
   </div>
   <div class='ocr_carea' id='block_1_30' title="bbox 63 3144 1785 3221">
    <p class='ocr_par' dir='ltr' id='par_1_30' title="bbox 63 3144 1785 3221">
     <span class='ocr_line' id='line_1_30' title="bbox 63 3144 1785 3221; baseline 0 -14"><span class='ocrx_word' id='word_1_210' title='bbox 63 3161 210 3216; x_wconf 91' lang='lat' dir='ltr'><strong>sunt,</strong></span> <span class='ocrx_word' id='word_1_211' title='bbox 269 3152 326 3207; x_wconf 93' lang='lat' dir='ltr'><strong>id</strong></span> <span class='ocrx_word' id='word_1_212' title='bbox 379 3158 472 3206; x_wconf 87' lang='lat' dir='ltr'><strong>est</strong></span> <span class='ocrx_word' id='word_1_213' title='bbox 526 3150 760 3220; x_wconf 84' lang='lat' dir='ltr'><strong>quando</strong></span> <span class='ocrx_word' id='word_1_214' title='bbox 811 3144 1017 3206; x_wconf 87' lang='lat' dir='ltr'><strong>horum</strong></span> <span class='ocrx_word' id='word_1_215' title='bbox 1074 3149 1356 3207; x_wconf 90' lang='lat' dir='ltr'><strong>bonorum</strong></span> <span class='ocrx_word' id='word_1_216' title='bbox 1407 3150 1627 3206; x_wconf 89' lang='lat' dir='ltr'><strong>semina</strong></span> <span class='ocrx_word' id='word_1_217' title='bbox 1684 3165 1785 3221; x_wconf 88' lang='lat' dir='ltr'><strong>per</strong></span> 
     </span>
    </p>
   </div>
   <div class='ocr_carea' id='block_1_31' title="bbox 64 3238 1784 3313">
    <p class='ocr_par' dir='ltr' id='par_1_31' title="bbox 64 3238 1784 3313">
     <span class='ocr_line' id='line_1_31' title="bbox 64 3238 1784 3313; baseline -0.001 -15"><span class='ocrx_word' id='word_1_218' title='bbox 64 3249 406 3313; x_wconf 84' lang='lat' dir='ltr'><strong>conceptum</strong></span> <span class='ocrx_word' id='word_1_219' title='bbox 441 3240 612 3296; x_wconf 78' lang='lat' dir='ltr'><strong>home</strong></span> <span class='ocrx_word' id='word_1_220' title='bbox 644 3238 957 3296; x_wconf 86' lang='lat' dir='ltr'><strong>voluntatis</strong></span> <span class='ocrx_word' id='word_1_221' title='bbox 984 3239 1165 3296; x_wconf 88' lang='lat' dir='ltr'><strong>menti</strong></span> <span class='ocrx_word' id='word_1_222' title='bbox 1204 3239 1547 3297; x_wconf 73' lang='lat' dir='ltr'><strong>renovandze</strong></span> <span class='ocrx_word' id='word_1_223' title='bbox 1576 3240 1784 3311; x_wconf 86' lang='lat' dir='ltr'><strong>injecta</strong></span> 
     </span>
    </p>
   </div>
   <div class='ocr_carea' id='block_1_32' title="bbox 67 3338 214 3387">
    <p class='ocr_par' dir='ltr' id='par_1_32' title="bbox 67 3338 214 3387">
     <span class='ocr_line' id='line_1_32' title="bbox 67 3338 214 3387; baseline -0.007 -2"><span class='ocrx_word' id='word_1_224' title='bbox 67 3338 214 3387; x_wconf 74' lang='grc' dir='ltr'><strong>ειωῑ.</strong></span> 
     </span>
    </p>
   </div>
   <div class='ocr_carea' id='block_1_33' title="bbox 148 3418 1786 3488">
    <p class='ocr_par' dir='ltr' id='par_1_33' title="bbox 148 3418 1786 3488">
     <span class='ocr_line' id='line_1_33' title="bbox 148 3418 1786 3488; baseline -0.003 -11"><span class='ocrx_word' id='word_1_225' title='bbox 148 3421 321 3477; x_wconf 75' lang='lat' dir='ltr'><strong>Vens.</strong></span> <span class='ocrx_word' id='word_1_226' title='bbox 359 3423 415 3475; x_wconf 78' lang='lat'><strong>5.</strong></span> <span class='ocrx_word' id='word_1_227' title='bbox 468 3446 540 3458; x_wconf 90' lang='lat'>—</span> <span class='ocrx_word' id='word_1_228' title='bbox 576 3419 647 3473; x_wconf 86' lang='lat' dir='ltr'><strong>Et</strong></span> <span class='ocrx_word' id='word_1_229' title='bbox 683 3433 840 3474; x_wconf 86' lang='lat' dir='ltr'><strong>omne</strong></span> <span class='ocrx_word' id='word_1_230' title='bbox 871 3418 1172 3487; x_wconf 79' lang='lat' dir='ltr'><strong>virgultum</strong></span> <span class='ocrx_word' id='word_1_231' title='bbox 1204 3421 1327 3485; x_wconf 87' lang='lat' dir='ltr'><strong>agri</strong></span> <span class='ocrx_word' id='word_1_232' title='bbox 1357 3422 1650 3488; x_wconf 81' lang='lat' dir='ltr'><strong>antequam</strong></span> <span class='ocrx_word' id='word_1_233' title='bbox 1680 3420 1786 3472; x_wconf 83' lang='lat' dir='ltr'><strong>ori-</strong></span> 
     </span>
    </p>
   </div>
   <div class='ocr_carea' id='block_1_34' title="bbox 67 3507 1787 3578">
    <p class='ocr_par' dir='ltr' id='par_1_34' title="bbox 67 3507 1787 3578">
     <span class='ocr_line' id='line_1_34' title="bbox 67 3507 1787 3578; baseline 0.001 -16"><span class='ocrx_word' id='word_1_234' title='bbox 67 3515 210 3563; x_wconf 81' lang='lat' dir='ltr'><strong>retur</strong></span> <span class='ocrx_word' id='word_1_235' title='bbox 238 3513 299 3564; x_wconf 88' lang='lat' dir='ltr'><strong>in</strong></span> <span class='ocrx_word' id='word_1_236' title='bbox 352 3515 537 3572; x_wconf 79' lang='lat' dir='ltr'><strong>terra,</strong></span> <span class='ocrx_word' id='word_1_237' title='bbox 579 3512 631 3561; x_wconf 87' lang='lat' dir='ltr'><strong>et</strong></span> <span class='ocrx_word' id='word_1_238' title='bbox 675 3523 879 3562; x_wconf 84' lang='lat' dir='ltr'><strong>omnem</strong></span> <span class='ocrx_word' id='word_1_239' title='bbox 938 3507 1160 3562; x_wconf 78' lang='lat' dir='ltr'><strong>herbam</strong></span> <span class='ocrx_word' id='word_1_240' title='bbox 1206 3510 1445 3577; x_wconf 77' lang='lat' dir='ltr'><strong>regionis</strong></span> <span class='ocrx_word' id='word_1_241' title='bbox 1486 3513 1787 3578; x_wconf 75' lang='lat' dir='ltr'><strong>antequam</strong></span> 
     </span>
    </p>
   </div>
   <div class='ocr_carea' id='block_1_35' title="bbox 66 3594 1782 3669">
    <p class='ocr_par' dir='ltr' id='par_1_35' title="bbox 66 3594 1782 3669">
     <span class='ocr_line' id='line_1_35' title="bbox 66 3594 1782 3669; baseline -0.001 -16"><span class='ocrx_word' id='word_1_242' title='bbox 66 3602 423 3666; x_wconf 73' lang='lat' dir='ltr'><strong>germinaret.</strong></span> <span class='ocrx_word' id='word_1_243' title='bbox 462 3596 625 3653; x_wconf 89' lang='lat' dir='ltr'><strong>Facit</strong></span> <span class='ocrx_word' id='word_1_244' title='bbox 653 3597 806 3653; x_wconf 87' lang='lat' dir='ltr'><strong>Deus</strong></span> <span class='ocrx_word' id='word_1_245' title='bbox 825 3595 1169 3669; x_wconf 85' lang='lat' dir='ltr'><strong>virgultum,</strong></span> <span class='ocrx_word' id='word_1_246' title='bbox 1200 3597 1254 3653; x_wconf 92' lang='lat' dir='ltr'><strong>id</strong></span> <span class='ocrx_word' id='word_1_247' title='bbox 1288 3604 1374 3653; x_wconf 83' lang='lat' dir='ltr'><strong>est</strong></span> <span class='ocrx_word' id='word_1_248' title='bbox 1397 3594 1568 3652; x_wconf 86' lang='lat' dir='ltr'><strong>fortia</strong></span> <span class='ocrx_word' id='word_1_249' title='bbox 1599 3596 1782 3652; x_wconf 84' lang='lat' dir='ltr'><strong>virtu-</strong></span> 
     </span>
    </p>
   </div>
   <div class='ocr_carea' id='block_1_36' title="bbox 67 3685 1785 3759">
    <p class='ocr_par' dir='ltr' id='par_1_36' title="bbox 67 3685 1785 3759">
     <span class='ocr_line' id='line_1_36' title="bbox 67 3685 1785 3759; baseline -0.001 -15"><span class='ocrx_word' id='word_1_250' title='bbox 67 3697 185 3745; x_wconf 90' lang='lat' dir='ltr'><strong>tum</strong></span> <span class='ocrx_word' id='word_1_251' title='bbox 223 3701 431 3759; x_wconf 88' lang='lat' dir='ltr'><strong>opera,</strong></span> <span class='ocrx_word' id='word_1_252' title='bbox 487 3694 802 3757; x_wconf 88' lang='lat' dir='ltr'><strong>antequam</strong></span> <span class='ocrx_word' id='word_1_253' title='bbox 867 3685 1136 3743; x_wconf 86' lang='lat' dir='ltr'><strong>oriantur</strong></span> <span class='ocrx_word' id='word_1_254' title='bbox 1199 3685 1476 3754; x_wconf 88' lang='lat' dir='ltr'><strong>interra,</strong></span> <span class='ocrx_word' id='word_1_255' title='bbox 1552 3686 1608 3742; x_wconf 91' lang='lat' dir='ltr'><strong>id</strong></span> <span class='ocrx_word' id='word_1_256' title='bbox 1679 3692 1785 3754; x_wconf 88' lang='lat' dir='ltr'><strong>est,</strong></span> 
     </span>
    </p>
   </div>
   <div class='ocr_carea' id='block_1_37' title="bbox 68 3773 1788 3850">
    <p class='ocr_par' dir='ltr' id='par_1_37' title="bbox 68 3773 1788 3850">
     <span class='ocr_line' id='line_1_37' title="bbox 68 3773 1788 3850; baseline -0.001 -19"><span class='ocrx_word' id='word_1_257' title='bbox 68 3786 383 3850; x_wconf 87' lang='lat' dir='ltr'><strong>antequam</strong></span> <span class='ocrx_word' id='word_1_258' title='bbox 418 3774 819 3831; x_wconf 73' lang='lat' dir='ltr'><strong>exhibeantur</strong></span> <span class='ocrx_word' id='word_1_259' title='bbox 851 3787 953 3845; x_wconf 88' lang='lat' dir='ltr'><strong>per</strong></span> <span class='ocrx_word' id='word_1_260' title='bbox 1001 3773 1305 3831; x_wconf 90' lang='lat' dir='ltr'><strong>manifesta</strong></span> <span class='ocrx_word' id='word_1_261' title='bbox 1333 3774 1588 3845; x_wconf 90' lang='lat' dir='ltr'><strong>corporis</strong></span> <span class='ocrx_word' id='word_1_262' title='bbox 1616 3789 1788 3831; x_wconf 78' lang='lat' dir='ltr'><strong>exer-</strong></span> 
     </span>
    </p>
   </div>
   <div class='ocr_carea' id='block_1_38' title="bbox 70 3863 1790 3937">
    <p class='ocr_par' dir='ltr' id='par_1_38' title="bbox 70 3863 1790 3937">
     <span class='ocr_line' id='line_1_38' title="bbox 70 3863 1790 3937; baseline -0.001 -16"><span class='ocrx_word' id='word_1_263' title='bbox 70 3867 216 3932; x_wconf 89' lang='lat' dir='ltr'><strong>citia,</strong></span> <span class='ocrx_word' id='word_1_264' title='bbox 257 3865 513 3937; x_wconf 84' lang='lat' dir='ltr'><strong>quando</strong></span> <span class='ocrx_word' id='word_1_265' title='bbox 557 3863 629 3920; x_wconf 93' lang='lat' dir='ltr'><strong>ad</strong></span> <span class='ocrx_word' id='word_1_266' title='bbox 673 3864 815 3921; x_wconf 90' lang='lat' dir='ltr'><strong>bene</strong></span> <span class='ocrx_word' id='word_1_267' title='bbox 867 3863 1157 3934; x_wconf 88' lang='lat' dir='ltr'><strong>agendum</strong></span> <span class='ocrx_word' id='word_1_268' title='bbox 1200 3863 1258 3919; x_wconf 93' lang='lat' dir='ltr'><strong>in</strong></span> <span class='ocrx_word' id='word_1_269' title='bbox 1287 3871 1440 3920; x_wconf 89' lang='lat' dir='ltr'><strong>terra</strong></span> <span class='ocrx_word' id='word_1_270' title='bbox 1472 3864 1790 3934; x_wconf 89' lang='lat' dir='ltr'><strong>inspiratur</strong></span> 
     </span>
    </p>
   </div>
   <div class='ocr_carea' id='block_1_39' title="bbox 73 3952 1791 4025">
    <p class='ocr_par' dir='ltr' id='par_1_39' title="bbox 73 3952 1791 4025">
     <span class='ocr_line' id='line_1_39' title="bbox 73 3952 1791 4025; baseline 0 -15"><span class='ocrx_word' id='word_1_271' title='bbox 73 3955 246 4013; x_wconf 89' lang='lat' dir='ltr'><strong>fidelis</strong></span> <span class='ocrx_word' id='word_1_272' title='bbox 277 3956 510 4022; x_wconf 89' lang='lat' dir='ltr'><strong>anima,</strong></span> <span class='ocrx_word' id='word_1_273' title='bbox 555 3953 651 4009; x_wconf 87' lang='lat' dir='ltr'><strong>sed</strong></span> <span class='ocrx_word' id='word_1_274' title='bbox 683 3960 895 4021; x_wconf 90' lang='lat' dir='ltr'><strong>tamen,</strong></span> <span class='ocrx_word' id='word_1_275' title='bbox 930 3952 1311 4025; x_wconf 75' lang='lat' dir='ltr'><strong>praepediente</strong></span> <span class='ocrx_word' id='word_1_276' title='bbox 1341 3953 1533 4010; x_wconf 90' lang='lat' dir='ltr'><strong>adhuc</strong></span> <span class='ocrx_word' id='word_1_277' title='bbox 1582 3953 1791 4010; x_wconf 88' lang='lat' dir='ltr'><strong>veteris</strong></span> 
     </span>
    </p>
   </div>
   <div class='ocr_carea' id='block_1_40' title="bbox 74 4040 1788 4113">
    <p class='ocr_par' dir='ltr' id='par_1_40' title="bbox 74 4040 1788 4113">
     <span class='ocr_line' id='line_1_40' title="bbox 74 4040 1788 4113; baseline -0.002 -12"><span class='ocrx_word' id='word_1_278' title='bbox 74 4045 314 4102; x_wconf 88' lang='lat' dir='ltr'><strong>hominis</strong></span> <span class='ocrx_word' id='word_1_279' title='bbox 362 4043 589 4100; x_wconf 72' lang='lat' dir='ltr'><strong>affectu</strong></span> <span class='ocrx_word' id='word_1_280' title='bbox 632 4042 721 4099; x_wconf 91' lang='lat' dir='ltr'><strong>vel</strong></span> <span class='ocrx_word' id='word_1_281' title='bbox 770 4057 903 4110; x_wconf 88' lang='lat' dir='ltr'><strong>usu,</strong></span> <span class='ocrx_word' id='word_1_282' title='bbox 955 4057 1068 4099; x_wconf 90' lang='lat' dir='ltr'><strong>non</strong></span> <span class='ocrx_word' id='word_1_283' title='bbox 1128 4042 1401 4113; x_wconf 67' lang='lat' dir='ltr'><strong>praevalet</strong></span> <span class='ocrx_word' id='word_1_284' title='bbox 1450 4044 1683 4099; x_wconf 88' lang='lat' dir='ltr'><strong>animus</strong></span> <span class='ocrx_word' id='word_1_285' title='bbox 1718 4040 1788 4099; x_wconf 81' lang='lat' dir='ltr'><strong>a‘d</strong></span> 
     </span>
    </p>
   </div>
   <div class='ocr_carea' id='block_1_41' title="bbox 73 4131 1793 4206">
    <p class='ocr_par' dir='ltr' id='par_1_41' title="bbox 73 4131 1793 4206">
     <span class='ocr_line' id='line_1_41' title="bbox 73 4131 1793 4206; baseline 0.001 -20"><span class='ocrx_word' id='word_1_286' title='bbox 73 4150 259 4206; x_wconf 86' lang='lat' dir='ltr'><strong>opera.</strong></span> <span class='ocrx_word' id='word_1_287' title='bbox 312 4133 502 4191; x_wconf 85' lang='lat' dir='ltr'><strong>Fiunt</strong></span> <span class='ocrx_word' id='word_1_288' title='bbox 554 4146 690 4203; x_wconf 87' lang='lat' dir='ltr'><strong>ergo</strong></span> <span class='ocrx_word' id='word_1_289' title='bbox 755 4132 919 4203; x_wconf 91' lang='lat' dir='ltr'><strong>prius</strong></span> <span class='ocrx_word' id='word_1_290' title='bbox 968 4132 1024 4188; x_wconf 92' lang='lat' dir='ltr'><strong>in</strong></span> <span class='ocrx_word' id='word_1_291' title='bbox 1090 4132 1392 4202; x_wconf 90' lang='lat' dir='ltr'><strong>proposito.</strong></span> <span class='ocrx_word' id='word_1_292' title='bbox 1464 4131 1603 4187; x_wconf 88' lang='lat' dir='ltr'><strong>Inde</strong></span> <span class='ocrx_word' id='word_1_293' title='bbox 1657 4131 1793 4188; x_wconf 92' lang='lat' dir='ltr'><strong>dicit</strong></span> 
     </span>
    </p>
   </div>
   <div class='ocr_carea' id='block_1_42' title="bbox 77 4220 1792 4293">
    <p class='ocr_par' dir='ltr' id='par_1_42' title="bbox 77 4220 1792 4293">
     <span class='ocr_line' id='line_1_42' title="bbox 77 4220 1792 4293; baseline -0.001 -16"><span class='ocrx_word' id='word_1_294' title='bbox 77 4224 419 4293; x_wconf 83' lang='lat' dir='ltr'><strong>Apostolus:</strong></span> <span class='ocrx_word' id='word_1_295' title='bbox 498 4222 641 4276; x_wconf 85' lang='lat' dir='ltr'><strong>Velle</strong></span> <span class='ocrx_word' id='word_1_296' title='bbox 683 4220 822 4275; x_wconf 83' lang='lat' dir='ltr'><strong>mihi</strong></span> <span class='ocrx_word' id='word_1_297' title='bbox 859 4221 1095 4291; x_wconf 83' lang='lat' dir='ltr'><strong>adjacet,</strong></span> <span class='ocrx_word' id='word_1_298' title='bbox 1140 4223 1395 4291; x_wconf 76' lang='lat' dir='ltr'><strong>perﬁcere</strong></span> <span class='ocrx_word' id='word_1_299' title='bbox 1436 4237 1540 4275; x_wconf 85' lang='lat' dir='ltr'><strong>non</strong></span> <span class='ocrx_word' id='word_1_300' title='bbox 1579 4224 1792 4277; x_wconf 83' lang='lat' dir='ltr'><strong>invenio</strong></span> 
     </span>
    </p>
   </div>
   <div class='ocr_carea' id='block_1_43' title="bbox 78 4306 1790 4379">
    <p class='ocr_par' dir='ltr' id='par_1_43' title="bbox 78 4306 1790 4379">
     <span class='ocr_line' id='line_1_43' title="bbox 78 4306 1790 4379; baseline -0.002 -12"><span class='ocrx_word' id='word_1_301' title='bbox 78 4312 239 4379; x_wconf 85' lang='lat' dir='ltr'><strong>(Rom.</strong></span> <span class='ocrx_word' id='word_1_302' title='bbox 278 4327 379 4379; x_wconf 80' lang='lat' dir='ltr'><strong>vn,</strong></span> <span class='ocrx_word' id='word_1_303' title='bbox 448 4310 560 4377; x_wconf 83' lang='lat' dir='ltr'><strong>t8).</strong></span> <span class='ocrx_word' id='word_1_304' title='bbox 624 4307 779 4364; x_wconf 84' lang='lat' dir='ltr'><strong>Facit</strong></span> <span class='ocrx_word' id='word_1_305' title='bbox 836 4315 893 4364; x_wconf 88' lang='lat' dir='ltr'><strong>et</strong></span> <span class='ocrx_word' id='word_1_306' title='bbox 947 4322 1175 4364; x_wconf 89' lang='lat' dir='ltr'><strong>omnem</strong></span> <span class='ocrx_word' id='word_1_307' title='bbox 1223 4306 1475 4379; x_wconf 85' lang='lat' dir='ltr'><strong>regionis</strong></span> <span class='ocrx_word' id='word_1_308' title='bbox 1532 4307 1790 4375; x_wconf 90' lang='lat' dir='ltr'><strong>herbam,</strong></span> 
     </span>
    </p>
   </div>
   <div class='ocr_carea' id='block_1_44' title="bbox 79 4395 1794 4471">
    <p class='ocr_par' dir='ltr' id='par_1_44' title="bbox 79 4395 1794 4471">
     <span class='ocr_line' id='line_1_44' title="bbox 79 4395 1794 4471; baseline -0.001 -16"><span class='ocrx_word' id='word_1_309' title='bbox 79 4408 389 4471; x_wconf 86' lang='lat' dir='ltr'><strong>antequam</strong></span> <span class='ocrx_word' id='word_1_310' title='bbox 442 4395 749 4469; x_wconf 88' lang='lat' dir='ltr'><strong>germinet,</strong></span> <span class='ocrx_word' id='word_1_311' title='bbox 812 4395 1047 4467; x_wconf 91' lang='lat' dir='ltr'><strong>quando</strong></span> <span class='ocrx_word' id='word_1_312' title='bbox 1100 4396 1326 4452; x_wconf 89' lang='lat' dir='ltr'><strong>minora</strong></span> <span class='ocrx_word' id='word_1_313' title='bbox 1367 4404 1425 4453; x_wconf 90' lang='lat' dir='ltr'><strong>et</strong></span> <span class='ocrx_word' id='word_1_314' title='bbox 1475 4395 1794 4454; x_wconf 84' lang='lat' dir='ltr'><strong>infirmiora</strong></span> 
     </span>
    </p>
   </div>
   <div class='ocr_carea' id='block_1_45' title="bbox 83 4484 1794 4556">
    <p class='ocr_par' dir='ltr' id='par_1_45' title="bbox 83 4484 1794 4556">
     <span class='ocr_line' id='line_1_45' title="bbox 83 4484 1794 4556; baseline -0.002 -14"><span class='ocrx_word' id='word_1_315' title='bbox 83 4488 217 4544; x_wconf 86' lang='lat' dir='ltr'><strong>bona</strong></span> <span class='ocrx_word' id='word_1_316' title='bbox 242 4488 360 4544; x_wconf 94' lang='lat' dir='ltr'><strong>Deo</strong></span> <span class='ocrx_word' id='word_1_317' title='bbox 387 4485 694 4542; x_wconf 89' lang='lat' dir='ltr'><strong>animante</strong></span> <span class='ocrx_word' id='word_1_318' title='bbox 722 4484 1098 4556; x_wconf 90' lang='lat' dir='ltr'><strong>concipimus,</strong></span> <span class='ocrx_word' id='word_1_319' title='bbox 1135 4499 1266 4556; x_wconf 61' lang='lat' dir='ltr'><strong>quas</strong></span> <span class='ocrx_word' id='word_1_320' title='bbox 1297 4492 1484 4541; x_wconf 89' lang='lat' dir='ltr'><strong>tamen</strong></span> <span class='ocrx_word' id='word_1_321' title='bbox 1535 4491 1599 4541; x_wconf 92' lang='lat' dir='ltr'><strong>ut</strong></span> <span class='ocrx_word' id='word_1_322' title='bbox 1625 4484 1794 4556; x_wconf 88' lang='lat' dir='ltr'><strong>cupi-</strong></span> 
     </span>
    </p>
   </div>
   <div class='ocr_carea' id='block_1_46' title="bbox 82 4573 1797 4648">
    <p class='ocr_par' dir='ltr' id='par_1_46' title="bbox 82 4573 1797 4648">
     <span class='ocr_line' id='line_1_46' title="bbox 82 4573 1797 4648; baseline -0.002 -15"><span class='ocrx_word' id='word_1_323' title='bbox 82 4592 201 4633; x_wconf 89' lang='lat' dir='ltr'><strong>mus</strong></span> <span class='ocrx_word' id='word_1_324' title='bbox 232 4585 476 4648; x_wconf 88' lang='lat' dir='ltr'><strong>patrare</strong></span> <span class='ocrx_word' id='word_1_325' title='bbox 529 4573 857 4644; x_wconf 89' lang='lat' dir='ltr'><strong>nequimus.</strong></span> <span class='ocrx_word' id='word_1_326' title='bbox 902 4574 1086 4630; x_wconf 88' lang='lat' dir='ltr'><strong>Potest</strong></span> <span class='ocrx_word' id='word_1_327' title='bbox 1113 4581 1169 4630; x_wconf 91' lang='lat' dir='ltr'><strong>et</strong></span> <span class='ocrx_word' id='word_1_328' title='bbox 1216 4586 1317 4644; x_wconf 90' lang='lat' dir='ltr'><strong>per</strong></span> <span class='ocrx_word' id='word_1_329' title='bbox 1359 4573 1598 4630; x_wconf 89' lang='lat' dir='ltr'><strong>herbam</strong></span> <span class='ocrx_word' id='word_1_330' title='bbox 1640 4574 1797 4630; x_wconf 77' lang='lat' dir='ltr'><strong>viror</strong></span> 
     </span>
    </p>
   </div>
   <div class='ocr_carea' id='block_1_47' title="bbox 1890 2170 3598 2243">
    <p class='ocr_par' dir='ltr' id='par_1_47' title="bbox 1890 2170 3598 2243">
     <span class='ocr_line' id='line_1_47' title="bbox 1890 2170 3598 2243; baseline 0.001 -17"><span class='ocrx_word' id='word_1_331' title='bbox 1890 2176 2038 2226; x_wconf 86' lang='lat' dir='ltr'><strong>recte</strong></span> <span class='ocrx_word' id='word_1_332' title='bbox 2095 2170 2403 2227; x_wconf 86' lang='lat' dir='ltr'><strong>subditur:</strong></span> <span class='ocrx_word' id='word_1_333' title='bbox 2468 2173 2537 2226; x_wconf 84' lang='lat' dir='ltr'><strong>Et</strong></span> <span class='ocrx_word' id='word_1_334' title='bbox 2581 2170 2736 2226; x_wconf 78' lang='lat' dir='ltr'><strong>homo</strong></span> <span class='ocrx_word' id='word_1_335' title='bbox 2791 2186 2898 2226; x_wconf 87' lang='lat' dir='ltr'><strong>non</strong></span> <span class='ocrx_word' id='word_1_336' title='bbox 2961 2176 3079 2227; x_wconf 68' lang='lat' dir='ltr'><strong>erat</strong></span> <span class='ocrx_word' id='word_1_337' title='bbox 3133 2174 3233 2242; x_wconf 87' lang='lat' dir='ltr'><strong>qui</strong></span> <span class='ocrx_word' id='word_1_338' title='bbox 3279 2178 3598 2243; x_wconf 84' lang='lat' dir='ltr'><strong>operaretur</strong></span> 
     </span>
    </p>
   </div>
   <div class='ocr_carea' id='block_1_48' title="bbox 1887 2258 3592 2332">
    <p class='ocr_par' dir='ltr' id='par_1_48' title="bbox 1887 2258 3592 2332">
     <span class='ocr_line' id='line_1_48' title="bbox 1887 2258 3592 2332; baseline 0.002 -18"><span class='ocrx_word' id='word_1_339' title='bbox 1887 2275 2024 2314; x_wconf 87' lang='lat' dir='ltr'><strong>eam.</strong></span> <span class='ocrx_word' id='word_1_340' title='bbox 2058 2258 2204 2326; x_wconf 90' lang='lat' dir='ltr'><strong>Quia</strong></span> <span class='ocrx_word' id='word_1_341' title='bbox 2235 2258 2390 2316; x_wconf 90' lang='lat' dir='ltr'><strong>enim</strong></span> <span class='ocrx_word' id='word_1_342' title='bbox 2421 2258 2610 2316; x_wconf 89' lang='lat' dir='ltr'><strong>differt</strong></span> <span class='ocrx_word' id='word_1_343' title='bbox 2632 2260 2785 2316; x_wconf 91' lang='lat' dir='ltr'><strong>Deus</strong></span> <span class='ocrx_word' id='word_1_344' title='bbox 2814 2259 3122 2317; x_wconf 91' lang='lat' dir='ltr'><strong>infusionis</strong></span> <span class='ocrx_word' id='word_1_345' title='bbox 3153 2260 3592 2332; x_wconf 88' lang='lat' dir='ltr'><strong>plenitudinem,</strong></span> 
     </span>
    </p>
   </div>
   <div class='ocr_carea' id='block_1_49' title="bbox 1888 2347 3596 2421">
    <p class='ocr_par' dir='ltr' id='par_1_49' title="bbox 1888 2347 3596 2421">
     <span class='ocr_line' id='line_1_49' title="bbox 1888 2347 3596 2421; baseline 0.001 -17"><span class='ocrx_word' id='word_1_346' title='bbox 1888 2347 2169 2419; x_wconf 80' lang='lat' dir='ltr'><strong>fragilitas</strong></span> <span class='ocrx_word' id='word_1_347' title='bbox 2200 2362 2443 2418; x_wconf 92' lang='lat' dir='ltr'><strong>operum</strong></span> <span class='ocrx_word' id='word_1_348' title='bbox 2494 2348 2759 2421; x_wconf 85' lang='lat' dir='ltr'><strong>designat</strong></span> <span class='ocrx_word' id='word_1_349' title='bbox 2807 2364 2922 2405; x_wconf 91' lang='lat' dir='ltr'><strong>non</strong></span> <span class='ocrx_word' id='word_1_350' title='bbox 2977 2364 3100 2406; x_wconf 91' lang='lat' dir='ltr'><strong>esse</strong></span> <span class='ocrx_word' id='word_1_351' title='bbox 3146 2348 3457 2419; x_wconf 90' lang='lat' dir='ltr'><strong>hominem,</strong></span> <span class='ocrx_word' id='word_1_352' title='bbox 3492 2349 3596 2421; x_wconf 91' lang='lat' dir='ltr'><strong>qui</strong></span> 
     </span>
    </p>
   </div>
   <div class='ocr_carea' id='block_1_50' title="bbox 1889 2437 3597 2511">
    <p class='ocr_par' dir='ltr' id='par_1_50' title="bbox 1889 2437 3597 2511">
     <span class='ocr_line' id='line_1_50' title="bbox 1889 2437 3597 2511; baseline 0.002 -18"><span class='ocrx_word' id='word_1_353' title='bbox 1889 2452 2099 2509; x_wconf 86' lang='lat' dir='ltr'><strong>corpus</strong></span> <span class='ocrx_word' id='word_1_354' title='bbox 2126 2452 2240 2494; x_wconf 90' lang='lat' dir='ltr'><strong>non</strong></span> <span class='ocrx_word' id='word_1_355' title='bbox 2273 2437 2551 2509; x_wconf 86' lang='lat' dir='ltr'><strong>subjugat</strong></span> <span class='ocrx_word' id='word_1_356' title='bbox 2589 2446 2645 2495; x_wconf 92' lang='lat' dir='ltr'><strong>et</strong></span> <span class='ocrx_word' id='word_1_357' title='bbox 2673 2438 2884 2496; x_wconf 85' lang='lat' dir='ltr'><strong>excolit</strong></span> <span class='ocrx_word' id='word_1_358' title='bbox 2928 2454 3030 2511; x_wconf 87' lang='lat' dir='ltr'><strong>per</strong></span> <span class='ocrx_word' id='word_1_359' title='bbox 3059 2439 3300 2497; x_wconf 88' lang='lat' dir='ltr'><strong>rationis</strong></span> <span class='ocrx_word' id='word_1_360' title='bbox 3338 2439 3597 2496; x_wconf 91' lang='lat' dir='ltr'><strong>auctori-</strong></span> 
     </span>
    </p>
   </div>
   <div class='ocr_carea' id='block_1_51' title="bbox 1890 2525 3595 2599">
    <p class='ocr_par' dir='ltr' id='par_1_51' title="bbox 1890 2525 3595 2599">
     <span class='ocr_line' id='line_1_51' title="bbox 1890 2525 3595 2599; baseline 0.001 -18"><span class='ocrx_word' id='word_1_361' title='bbox 1890 2533 2084 2582; x_wconf 88' lang='lat' dir='ltr'><strong>tatem.</strong></span> <span class='ocrx_word' id='word_1_362' title='bbox 2136 2525 2258 2581; x_wconf 90' lang='lat' dir='ltr'><strong>Non</strong></span> <span class='ocrx_word' id='word_1_363' title='bbox 2309 2534 2393 2582; x_wconf 84' lang='lat' dir='ltr'><strong>est</strong></span> <span class='ocrx_word' id='word_1_364' title='bbox 2436 2526 2589 2583; x_wconf 91' lang='lat' dir='ltr'><strong>enim</strong></span> <span class='ocrx_word' id='word_1_365' title='bbox 2633 2526 2851 2599; x_wconf 86' lang='lat' dir='ltr'><strong>dignus</strong></span> <span class='ocrx_word' id='word_1_366' title='bbox 2898 2528 3149 2585; x_wconf 85' lang='lat' dir='ltr'><strong>hominis</strong></span> <span class='ocrx_word' id='word_1_367' title='bbox 3197 2528 3448 2597; x_wconf 88' lang='lat' dir='ltr'><strong>nomine,</strong></span> <span class='ocrx_word' id='word_1_368' title='bbox 3493 2526 3595 2599; x_wconf 90' lang='lat' dir='ltr'><strong>qui</strong></span> 
     </span>
    </p>
   </div>
   <div class='ocr_carea' id='block_1_52' title="bbox 1890 2614 2989 2688">
    <p class='ocr_par' dir='ltr' id='par_1_52' title="bbox 1890 2614 2989 2688">
     <span class='ocr_line' id='line_1_52' title="bbox 1890 2614 2989 2688; baseline 0 -18"><span class='ocrx_word' id='word_1_369' title='bbox 1890 2614 2086 2671; x_wconf 82' lang='lat' dir='ltr'><strong>vivere</strong></span> <span class='ocrx_word' id='word_1_370' title='bbox 2117 2629 2233 2670; x_wconf 90' lang='lat' dir='ltr'><strong>non</strong></span> <span class='ocrx_word' id='word_1_371' title='bbox 2267 2614 2465 2671; x_wconf 89' lang='lat' dir='ltr'><strong>didicit</strong></span> <span class='ocrx_word' id='word_1_372' title='bbox 2496 2615 2718 2688; x_wconf 85' lang='lat' dir='ltr'><strong>integra</strong></span> <span class='ocrx_word' id='word_1_373' title='bbox 2750 2616 2989 2673; x_wconf 89' lang='lat' dir='ltr'><strong>ratione.</strong></span> 
     </span>
    </p>
   </div>
   <div class='ocr_carea' id='block_1_53' title="bbox 1963 2702 3596 2774">
    <p class='ocr_par' dir='ltr' id='par_1_53' title="bbox 1963 2702 3596 2774">
     <span class='ocr_line' id='line_1_53' title="bbox 1963 2702 3596 2774; baseline 0.002 -15"><span class='ocrx_word' id='word_1_374' title='bbox 1963 2702 2130 2759; x_wconf 76' lang='lat' dir='ltr'><strong>Vens.</strong></span> <span class='ocrx_word' id='word_1_375' title='bbox 2159 2707 2209 2758; x_wconf 87' lang='lat'><strong>6.</strong></span> <span class='ocrx_word' id='word_1_376' title='bbox 2260 2734 2325 2743; x_wconf 94' lang='lat'><strong>—</strong></span> <span class='ocrx_word' id='word_1_377' title='bbox 2360 2703 2468 2760; x_wconf 82' lang='lat' dir='ltr'><strong>Sed</strong></span> <span class='ocrx_word' id='word_1_378' title='bbox 2493 2707 2618 2772; x_wconf 85' lang='lat' dir='ltr'><strong>fons</strong></span> <span class='ocrx_word' id='word_1_379' title='bbox 2653 2705 3036 2774; x_wconf 78' lang='lat' dir='ltr'><strong>egrediebatur</strong></span> <span class='ocrx_word' id='word_1_380' title='bbox 3058 2707 3124 2762; x_wconf 89' lang='lat' dir='ltr'><strong>de</strong></span> <span class='ocrx_word' id='word_1_381' title='bbox 3156 2711 3320 2771; x_wconf 85' lang='lat' dir='ltr'><strong>terra,</strong></span> <span class='ocrx_word' id='word_1_382' title='bbox 3352 2708 3596 2774; x_wconf 82' lang='lat' dir='ltr'><strong>irrigans</strong></span> 
     </span>
    </p>
   </div>
   <div class='ocr_carea' id='block_1_54' title="bbox 1890 2793 3598 2866">
    <p class='ocr_par' dir='ltr' id='par_1_54' title="bbox 1890 2793 3598 2866">
     <span class='ocr_line' id='line_1_54' title="bbox 1890 2793 3598 2866; baseline 0.003 -20"><span class='ocrx_word' id='word_1_383' title='bbox 1890 2793 2202 2847; x_wconf 78' lang='lat' dir='ltr'><strong>universam</strong></span> <span class='ocrx_word' id='word_1_384' title='bbox 2248 2796 2585 2863; x_wconf 78' lang='lat' dir='ltr'><strong>superficiem</strong></span> <span class='ocrx_word' id='word_1_385' title='bbox 2617 2798 2790 2848; x_wconf 58' lang='lat' dir='ltr'><strong>terra.</strong></span> <span class='ocrx_word' id='word_1_386' title='bbox 2840 2794 2986 2851; x_wconf 83' lang='lat' dir='ltr'><strong>Mira</strong></span> <span class='ocrx_word' id='word_1_387' title='bbox 3017 2795 3334 2852; x_wconf 87' lang='lat' dir='ltr'><strong>subtilitate</strong></span> <span class='ocrx_word' id='word_1_388' title='bbox 3385 2795 3598 2866; x_wconf 88' lang='lat' dir='ltr'><strong>cuique</strong></span> 
     </span>
    </p>
   </div>
   <div class='ocr_carea' id='block_1_55' title="bbox 1895 2880 3597 2955">
    <p class='ocr_par' dir='ltr' id='par_1_55' title="bbox 1895 2880 3597 2955">
     <span class='ocr_line' id='line_1_55' title="bbox 1895 2880 3597 2955; baseline 0.004 -21"><span class='ocrx_word' id='word_1_389' title='bbox 1895 2880 2255 2950; x_wconf 84' lang='lat' dir='ltr'><strong>pensandum</strong></span> <span class='ocrx_word' id='word_1_390' title='bbox 2286 2888 2369 2937; x_wconf 90' lang='lat' dir='ltr'><strong>est</strong></span> <span class='ocrx_word' id='word_1_391' title='bbox 2399 2896 2474 2936; x_wconf 89' lang='lat' dir='ltr'><strong>an</strong></span> <span class='ocrx_word' id='word_1_392' title='bbox 2507 2896 2636 2938; x_wconf 86' lang='lat' dir='ltr'><strong>vere</strong></span> <span class='ocrx_word' id='word_1_393' title='bbox 2667 2882 2819 2939; x_wconf 90' lang='lat' dir='ltr'><strong>bona</strong></span> <span class='ocrx_word' id='word_1_394' title='bbox 2860 2892 2996 2940; x_wconf 89' lang='lat' dir='ltr'><strong>sunt</strong></span> <span class='ocrx_word' id='word_1_395' title='bbox 3029 2898 3160 2955; x_wconf 69' lang='lat' dir='ltr'><strong>quae</strong></span> <span class='ocrx_word' id='word_1_396' title='bbox 3191 2883 3342 2940; x_wconf 90' lang='lat' dir='ltr'><strong>bona</strong></span> <span class='ocrx_word' id='word_1_397' title='bbox 3386 2883 3597 2940; x_wconf 89' lang='lat' dir='ltr'><strong>habere</strong></span> 
     </span>
    </p>
   </div>
   <div class='ocr_carea' id='block_1_56' title="bbox 1892 2968 3594 3045">
    <p class='ocr_par' dir='ltr' id='par_1_56' title="bbox 1892 2968 3594 3045">
     <span class='ocr_line' id='line_1_56' title="bbox 1892 2968 3594 3045; baseline 0.002 -21"><span class='ocrx_word' id='word_1_398' title='bbox 1892 2983 1951 3024; x_wconf 89' lang='lat' dir='ltr'><strong>se</strong></span> <span class='ocrx_word' id='word_1_399' title='bbox 1980 2968 2247 3025; x_wconf 67' lang='lat' dir='ltr'><strong>aestimat.</strong></span> <span class='ocrx_word' id='word_1_400' title='bbox 2292 2969 2440 3027; x_wconf 88' lang='lat' dir='ltr'><strong>Nam</strong></span> <span class='ocrx_word' id='word_1_401' title='bbox 2487 2970 2531 3026; x_wconf 93' lang='lat' dir='ltr'><strong>si</strong></span> <span class='ocrx_word' id='word_1_402' title='bbox 2581 2985 2681 3042; x_wconf 91' lang='lat' dir='ltr'><strong>pro</strong></span> <span class='ocrx_word' id='word_1_403' title='bbox 2734 2973 2928 3028; x_wconf 74' lang='lat' dir='ltr'><strong>saeculi</strong></span> <span class='ocrx_word' id='word_1_404' title='bbox 2970 2973 3261 3030; x_wconf 89' lang='lat' dir='ltr'><strong>honestate</strong></span> <span class='ocrx_word' id='word_1_405' title='bbox 3302 2972 3444 3045; x_wconf 89' lang='lat' dir='ltr'><strong>quid</strong></span> <span class='ocrx_word' id='word_1_406' title='bbox 3476 2972 3594 3039; x_wconf 87' lang='lat' dir='ltr'><strong>fiat,</strong></span> 
     </span>
    </p>
   </div>
   <div class='ocr_carea' id='block_1_57' title="bbox 1895 3056 3598 3132">
    <p class='ocr_par' dir='ltr' id='par_1_57' title="bbox 1895 3056 3598 3132">
     <span class='ocr_line' id='line_1_57' title="bbox 1895 3056 3598 3132; baseline 0.004 -21"><span class='ocrx_word' id='word_1_407' title='bbox 1895 3056 2050 3128; x_wconf 91' lang='lat' dir='ltr'><strong>quod</strong></span> <span class='ocrx_word' id='word_1_408' title='bbox 2082 3056 2180 3113; x_wconf 90' lang='lat' dir='ltr'><strong>Dei</strong></span> <span class='ocrx_word' id='word_1_409' title='bbox 2221 3065 2485 3128; x_wconf 88' lang='lat' dir='ltr'><strong>respectu</strong></span> <span class='ocrx_word' id='word_1_410' title='bbox 2511 3074 2626 3115; x_wconf 90' lang='lat' dir='ltr'><strong>non</strong></span> <span class='ocrx_word' id='word_1_411' title='bbox 2670 3060 2731 3116; x_wconf 88' lang='lat' dir='ltr'><strong>fit</strong></span> <span class='ocrx_word' id='word_1_412' title='bbox 2764 3061 2977 3117; x_wconf 86' lang='lat' dir='ltr'><strong>bonum</strong></span> <span class='ocrx_word' id='word_1_413' title='bbox 3010 3061 3144 3132; x_wconf 90' lang='lat' dir='ltr'><strong>quis</strong></span> <span class='ocrx_word' id='word_1_414' title='bbox 3173 3061 3373 3117; x_wconf 84' lang='lat' dir='ltr'><strong>dicat?</strong></span> <span class='ocrx_word' id='word_1_415' title='bbox 3400 3060 3598 3117; x_wconf 84' lang='lat' dir='ltr'><strong>Merito</strong></span> 
     </span>
    </p>
   </div>
   <div class='ocr_carea' id='block_1_58' title="bbox 1894 3146 3599 3221">
    <p class='ocr_par' dir='ltr' id='par_1_58' title="bbox 1894 3146 3599 3221">
     <span class='ocr_line' id='line_1_58' title="bbox 1894 3146 3599 3221; baseline 0.002 -20"><span class='ocrx_word' id='word_1_416' title='bbox 1894 3146 2047 3202; x_wconf 91' lang='lat' dir='ltr'><strong>Deus</strong></span> <span class='ocrx_word' id='word_1_417' title='bbox 2088 3161 2204 3202; x_wconf 88' lang='lat' dir='ltr'><strong>non</strong></span> <span class='ocrx_word' id='word_1_418' title='bbox 2251 3146 2498 3218; x_wconf 88' lang='lat' dir='ltr'><strong>pluerat,</strong></span> <span class='ocrx_word' id='word_1_419' title='bbox 2550 3155 2604 3204; x_wconf 93' lang='lat' dir='ltr'><strong>et</strong></span> <span class='ocrx_word' id='word_1_420' title='bbox 2652 3147 2822 3204; x_wconf 91' lang='lat' dir='ltr'><strong>homo</strong></span> <span class='ocrx_word' id='word_1_421' title='bbox 2864 3149 2966 3219; x_wconf 90' lang='lat' dir='ltr'><strong>qui</strong></span> <span class='ocrx_word' id='word_1_422' title='bbox 3005 3157 3216 3205; x_wconf 91' lang='lat' dir='ltr'><strong>terram</strong></span> <span class='ocrx_word' id='word_1_423' title='bbox 3261 3156 3599 3221; x_wconf 87' lang='lat' dir='ltr'><strong>operaretur</strong></span> 
     </span>
    </p>
   </div>
   <div class='ocr_carea' id='block_1_59' title="bbox 1895 3233 3595 3304">
    <p class='ocr_par' dir='ltr' id='par_1_59' title="bbox 1895 3233 3595 3304">
     <span class='ocr_line' id='line_1_59' title="bbox 1895 3233 3595 3304; baseline 0.002 -16"><span class='ocrx_word' id='word_1_424' title='bbox 1895 3248 2008 3289; x_wconf 90' lang='lat' dir='ltr'><strong>non</strong></span> <span class='ocrx_word' id='word_1_425' title='bbox 2041 3242 2183 3301; x_wconf 89' lang='lat' dir='ltr'><strong>erat,</strong></span> <span class='ocrx_word' id='word_1_426' title='bbox 2218 3234 2359 3304; x_wconf 86' lang='lat' dir='ltr'><strong>quia</strong></span> <span class='ocrx_word' id='word_1_427' title='bbox 2404 3233 2530 3290; x_wconf 90' lang='lat' dir='ltr'><strong>fons</strong></span> <span class='ocrx_word' id='word_1_428' title='bbox 2575 3234 2846 3291; x_wconf 69' lang='lat' dir='ltr'><strong>humanae</strong></span> <span class='ocrx_word' id='word_1_429' title='bbox 2891 3235 3216 3292; x_wconf 86' lang='lat' dir='ltr'><strong>calliditatis</strong></span> <span class='ocrx_word' id='word_1_430' title='bbox 3256 3249 3328 3292; x_wconf 81' lang='lat' dir='ltr'><strong>ex</strong></span> <span class='ocrx_word' id='word_1_431' title='bbox 3363 3236 3479 3292; x_wconf 91' lang='lat' dir='ltr'><strong>ima</strong></span> <span class='ocrx_word' id='word_1_432' title='bbox 3510 3236 3595 3292; x_wconf 89' lang='lat' dir='ltr'><strong>in-</strong></span> 
     </span>
    </p>
   </div>
   <div class='ocr_carea' id='block_1_60' title="bbox 1895 3322 3598 3393">
    <p class='ocr_par' dir='ltr' id='par_1_60' title="bbox 1895 3322 3598 3393">
     <span class='ocr_line' id='line_1_60' title="bbox 1895 3322 3598 3393; baseline 0.001 -15"><span class='ocrx_word' id='word_1_433' title='bbox 1895 3322 2144 3378; x_wconf 87' lang='lat' dir='ltr'><strong>tentione</strong></span> <span class='ocrx_word' id='word_1_434' title='bbox 2190 3330 2434 3389; x_wconf 88' lang='lat' dir='ltr'><strong>scatens,</strong></span> <span class='ocrx_word' id='word_1_435' title='bbox 2485 3323 2786 3379; x_wconf 81' lang='lat' dir='ltr'><strong>exterioris</strong></span> <span class='ocrx_word' id='word_1_436' title='bbox 2829 3324 3078 3380; x_wconf 90' lang='lat' dir='ltr'><strong>hominis</strong></span> <span class='ocrx_word' id='word_1_437' title='bbox 3122 3324 3407 3393; x_wconf 90' lang='lat' dir='ltr'><strong>habitum,</strong></span> <span class='ocrx_word' id='word_1_438' title='bbox 3460 3324 3598 3381; x_wconf 85' lang='lat' dir='ltr'><strong>uni-</strong></span> 
     </span>
    </p>
   </div>
   <div class='ocr_carea' id='block_1_61' title="bbox 1898 3410 3600 3485">
    <p class='ocr_par' dir='ltr' id='par_1_61' title="bbox 1898 3410 3600 3485">
     <span class='ocr_line' id='line_1_61' title="bbox 1898 3410 3600 3485; baseline 0.005 -23"><span class='ocrx_word' id='word_1_439' title='bbox 1898 3422 2118 3465; x_wconf 77' lang='lat' dir='ltr'><strong>versam</strong></span> <span class='ocrx_word' id='word_1_440' title='bbox 2166 3410 2382 3466; x_wconf 83' lang='lat' dir='ltr'><strong>scilicet</strong></span> <span class='ocrx_word' id='word_1_441' title='bbox 2430 3412 2793 3482; x_wconf 83' lang='lat' dir='ltr'><strong>superficiem</strong></span> <span class='ocrx_word' id='word_1_442' title='bbox 2839 3421 3004 3469; x_wconf 68' lang='lat' dir='ltr'><strong>terrae</strong></span> <span class='ocrx_word' id='word_1_443' title='bbox 3049 3413 3295 3485; x_wconf 84' lang='lat' dir='ltr'><strong>rigabat.</strong></span> <span class='ocrx_word' id='word_1_444' title='bbox 3345 3414 3477 3470; x_wconf 71' lang='lat' dir='ltr'><strong>Haec</strong></span> <span class='ocrx_word' id='word_1_445' title='bbox 3515 3420 3600 3471; x_wconf 89' lang='lat' dir='ltr'><strong>est</strong></span> 
     </span>
    </p>
   </div>
   <div class='ocr_carea' id='block_1_62' title="bbox 1893 3496 3601 3574">
    <p class='ocr_par' dir='ltr' id='par_1_62' title="bbox 1893 3496 3601 3574">
     <span class='ocr_line' id='line_1_62' title="bbox 1893 3496 3601 3574; baseline 0.004 -22"><span class='ocrx_word' id='word_1_446' title='bbox 1893 3496 2187 3553; x_wconf 68' lang='lat' dir='ltr'><strong>saecularis</strong></span> <span class='ocrx_word' id='word_1_447' title='bbox 2218 3498 2645 3573; x_wconf 89' lang='lat' dir='ltr'><strong>honestas,qua</strong></span> <span class='ocrx_word' id='word_1_448' title='bbox 2665 3501 2805 3557; x_wconf 89' lang='lat' dir='ltr'><strong>dum</strong></span> <span class='ocrx_word' id='word_1_449' title='bbox 2829 3502 3050 3573; x_wconf 88' lang='lat' dir='ltr'><strong>quique</strong></span> <span class='ocrx_word' id='word_1_450' title='bbox 3082 3503 3252 3574; x_wconf 91' lang='lat' dir='ltr'><strong>quasi</strong></span> <span class='ocrx_word' id='word_1_451' title='bbox 3282 3502 3601 3573; x_wconf 89' lang='lat' dir='ltr'><strong>prudenter</strong></span> 
     </span>
    </p>
   </div>
   <div class='ocr_carea' id='block_1_63' title="bbox 1894 3589 3599 3664">
    <p class='ocr_par' dir='ltr' id='par_1_63' title="bbox 1894 3589 3599 3664">
     <span class='ocr_line' id='line_1_63' title="bbox 1894 3589 3599 3664; baseline 0.005 -24"><span class='ocrx_word' id='word_1_452' title='bbox 1894 3599 1952 3641; x_wconf 92' lang='lat' dir='ltr'><strong>se</strong></span> <span class='ocrx_word' id='word_1_453' title='bbox 2004 3594 2317 3658; x_wconf 88' lang='lat' dir='ltr'><strong>contegunt</strong></span> <span class='ocrx_word' id='word_1_454' title='bbox 2372 3589 2481 3645; x_wconf 90' lang='lat' dir='ltr'><strong>sub</strong></span> <span class='ocrx_word' id='word_1_455' title='bbox 2544 3590 2730 3647; x_wconf 90' lang='lat' dir='ltr'><strong>colore</strong></span> <span class='ocrx_word' id='word_1_456' title='bbox 2792 3605 3022 3663; x_wconf 70' lang='lat' dir='ltr'><strong>magnae</strong></span> <span class='ocrx_word' id='word_1_457' title='bbox 3078 3591 3393 3664; x_wconf 88' lang='lat' dir='ltr'><strong>religionis,</strong></span> <span class='ocrx_word' id='word_1_458' title='bbox 3455 3592 3599 3649; x_wconf 91' lang='lat' dir='ltr'><strong>nihil</strong></span> 
     </span>
    </p>
   </div>
   <div class='ocr_carea' id='block_1_64' title="bbox 1894 3676 3601 3752">
    <p class='ocr_par' dir='ltr' id='par_1_64' title="bbox 1894 3676 3601 3752">
     <span class='ocr_line' id='line_1_64' title="bbox 1894 3676 3601 3752; baseline 0.003 -22"><span class='ocrx_word' id='word_1_459' title='bbox 1894 3683 2095 3747; x_wconf 86' lang='lat' dir='ltr'><strong>agunt.</strong></span> <span class='ocrx_word' id='word_1_460' title='bbox 2132 3676 2292 3733; x_wconf 89' lang='lat' dir='ltr'><strong>Unde</strong></span> <span class='ocrx_word' id='word_1_461' title='bbox 2324 3676 2572 3735; x_wconf 86' lang='lat' dir='ltr'><strong>dicitur:</strong></span> <span class='ocrx_word' id='word_1_462' title='bbox 2606 3682 2737 3735; x_wconf 83' lang='lat' dir='ltr'><strong>Filii</strong></span> <span class='ocrx_word' id='word_1_463' title='bbox 2773 3682 2933 3750; x_wconf 77' lang='lat' dir='ltr'><strong>Agar</strong></span> <span class='ocrx_word' id='word_1_464' title='bbox 2963 3684 3061 3752; x_wconf 86' lang='lat' dir='ltr'><strong>qui</strong></span> <span class='ocrx_word' id='word_1_465' title='bbox 3091 3684 3389 3752; x_wconf 70' lang='lat' dir='ltr'><strong>exquirunt</strong></span> <span class='ocrx_word' id='word_1_466' title='bbox 3423 3680 3601 3737; x_wconf 84' lang='lat' dir='ltr'><strong>scien—</strong></span> 
     </span>
    </p>
   </div>
   <div class='ocr_carea' id='block_1_65' title="bbox 1900 3765 3599 3841">
    <p class='ocr_par' dir='ltr' id='par_1_65' title="bbox 1900 3765 3599 3841">
     <span class='ocr_line' id='line_1_65' title="bbox 1900 3765 3599 3841; baseline 0.005 -22"><span class='ocrx_word' id='word_1_467' title='bbox 1900 3766 2035 3819; x_wconf 85' lang='lat' dir='ltr'><strong>tiam</strong></span> <span class='ocrx_word' id='word_1_468' title='bbox 2064 3780 2184 3835; x_wconf 72' lang='lat' dir='ltr'><strong>quae</strong></span> <span class='ocrx_word' id='word_1_469' title='bbox 2213 3765 2278 3821; x_wconf 89' lang='lat' dir='ltr'><strong>de</strong></span> <span class='ocrx_word' id='word_1_470' title='bbox 2326 3771 2472 3822; x_wconf 85' lang='lat' dir='ltr'><strong>terra</strong></span> <span class='ocrx_word' id='word_1_471' title='bbox 2519 3773 2597 3823; x_wconf 86' lang='lat' dir='ltr'><strong>est</strong></span> <span class='ocrx_word' id='word_1_472' title='bbox 2648 3771 2898 3837; x_wconf 81' lang='lat' dir='ltr'><strong>(Baruch.</strong></span> <span class='ocrx_word' id='word_1_473' title='bbox 2935 3787 3013 3836; x_wconf 84' lang='lat' dir='ltr'><strong>lli,</strong></span> <span class='ocrx_word' id='word_1_474' title='bbox 3058 3772 3168 3841; x_wconf 78' lang='lat'><strong>23).</strong></span> <span class='ocrx_word' id='word_1_475' title='bbox 3214 3771 3357 3827; x_wconf 85' lang='lat' dir='ltr'><strong>Huic</strong></span> <span class='ocrx_word' id='word_1_476' title='bbox 3407 3770 3599 3827; x_wconf 87' lang='lat' dir='ltr'><strong>sensui</strong></span> 
     </span>
    </p>
   </div>
   <div class='ocr_carea' id='block_1_66' title="bbox 1895 3855 3602 3931">
    <p class='ocr_par' dir='ltr' id='par_1_66' title="bbox 1895 3855 3602 3931">
     <span class='ocr_line' id='line_1_66' title="bbox 1895 3855 3602 3931; baseline 0.002 -21"><span class='ocrx_word' id='word_1_477' title='bbox 1895 3855 2107 3925; x_wconf 89' lang='lat' dir='ltr'><strong>optime</strong></span> <span class='ocrx_word' id='word_1_478' title='bbox 2155 3855 2472 3927; x_wconf 88' lang='lat' dir='ltr'><strong>capitulum</strong></span> <span class='ocrx_word' id='word_1_479' title='bbox 2523 3858 2924 3931; x_wconf 85' lang='lat' dir='ltr'><strong>evangelicum</strong></span> <span class='ocrx_word' id='word_1_480' title='bbox 2971 3862 3151 3930; x_wconf 61' lang='lat' dir='ltr'><strong>(Joan.</strong></span> <span class='ocrx_word' id='word_1_481' title='bbox 3189 3878 3247 3926; x_wconf 84' lang='grc' dir='ltr'><strong>ιι,</strong></span> <span class='ocrx_word' id='word_1_482' title='bbox 3296 3860 3350 3929; x_wconf 79' lang='lat'><strong>6)</strong></span> <span class='ocrx_word' id='word_1_483' title='bbox 3401 3859 3469 3916; x_wconf 90' lang='lat' dir='ltr'><strong>de</strong></span> <span class='ocrx_word' id='word_1_484' title='bbox 3501 3873 3602 3917; x_wconf 80' lang='lat' dir='ltr'><strong>sex</strong></span> 
     </span>
    </p>
   </div>
   <div class='ocr_carea' id='block_1_67' title="bbox 1898 3943 3603 4021">
    <p class='ocr_par' dir='ltr' id='par_1_67' title="bbox 1898 3943 3603 4021">
     <span class='ocr_line' id='line_1_67' title="bbox 1898 3943 3603 4021; baseline 0.003 -22"><span class='ocrx_word' id='word_1_485' title='bbox 1898 3943 2118 4013; x_wconf 76' lang='lat' dir='ltr'><strong>hydriis</strong></span> <span class='ocrx_word' id='word_1_486' title='bbox 2160 3944 2454 4003; x_wconf 89' lang='lat' dir='ltr'><strong>moraliter</strong></span> <span class='ocrx_word' id='word_1_487' title='bbox 2491 3955 2811 4017; x_wconf 87' lang='lat' dir='ltr'><strong>coaptatur.</strong></span> <span class='ocrx_word' id='word_1_488' title='bbox 2863 3949 3011 4016; x_wconf 88' lang='lat' dir='ltr'><strong>Quia</strong></span> <span class='ocrx_word' id='word_1_489' title='bbox 3059 3963 3314 4021; x_wconf 89' lang='lat' dir='ltr'><strong>namque</strong></span> <span class='ocrx_word' id='word_1_490' title='bbox 3351 3949 3421 4005; x_wconf 89' lang='lat' dir='ltr'><strong>de</strong></span> <span class='ocrx_word' id='word_1_491' title='bbox 3448 3957 3603 4005; x_wconf 87' lang='lat' dir='ltr'><strong>terra</strong></span> 
     </span>
    </p>
   </div>
   <div class='ocr_carea' id='block_1_68' title="bbox 1898 4032 3600 4109">
    <p class='ocr_par' dir='ltr' id='par_1_68' title="bbox 1898 4032 3600 4109">
     <span class='ocr_line' id='line_1_68' title="bbox 1898 4032 3600 4109; baseline 0.003 -20"><span class='ocrx_word' id='word_1_492' title='bbox 1898 4032 2023 4090; x_wconf 90' lang='lat' dir='ltr'><strong>fons</strong></span> <span class='ocrx_word' id='word_1_493' title='bbox 2052 4043 2196 4103; x_wconf 90' lang='lat' dir='ltr'><strong>erat,</strong></span> <span class='ocrx_word' id='word_1_494' title='bbox 2243 4050 2359 4092; x_wconf 90' lang='lat' dir='ltr'><strong>non</strong></span> <span class='ocrx_word' id='word_1_495' title='bbox 2408 4036 2671 4105; x_wconf 89' lang='lat' dir='ltr'><strong>interius,</strong></span> <span class='ocrx_word' id='word_1_496' title='bbox 2717 4039 2813 4093; x_wconf 90' lang='lat' dir='ltr'><strong>sed</strong></span> <span class='ocrx_word' id='word_1_497' title='bbox 2860 4037 3222 4108; x_wconf 88' lang='lat' dir='ltr'><strong>superficiem</strong></span> <span class='ocrx_word' id='word_1_498' title='bbox 3257 4045 3423 4094; x_wconf 63' lang='lat' dir='ltr'><strong>terra:</strong></span> <span class='ocrx_word' id='word_1_499' title='bbox 3448 4037 3600 4109; x_wconf 86' lang='lat' dir='ltr'><strong>riga-</strong></span> 
     </span>
    </p>
   </div>
   <div class='ocr_carea' id='block_1_69' title="bbox 1900 4122 3605 4198">
    <p class='ocr_par' dir='ltr' id='par_1_69' title="bbox 1900 4122 3605 4198">
     <span class='ocr_line' id='line_1_69' title="bbox 1900 4122 3605 4198; baseline 0.001 -19"><span class='ocrx_word' id='word_1_500' title='bbox 1900 4122 2015 4179; x_wconf 90' lang='lat' dir='ltr'><strong>bat.</strong></span> <span class='ocrx_word' id='word_1_501' title='bbox 2048 4124 2193 4179; x_wconf 92' lang='lat' dir='ltr'><strong>Sunt</strong></span> <span class='ocrx_word' id='word_1_502' title='bbox 2222 4137 2360 4179; x_wconf 87' lang='lat' dir='ltr'><strong>sane</strong></span> <span class='ocrx_word' id='word_1_503' title='bbox 2377 4124 2527 4181; x_wconf 88' lang='lat' dir='ltr'><strong>bona</strong></span> <span class='ocrx_word' id='word_1_504' title='bbox 2561 4124 2813 4196; x_wconf 89' lang='lat' dir='ltr'><strong>plurima</strong></span> <span class='ocrx_word' id='word_1_505' title='bbox 2842 4141 2973 4198; x_wconf 71' lang='lat' dir='ltr'><strong>quae</strong></span> <span class='ocrx_word' id='word_1_506' title='bbox 3005 4125 3437 4195; x_wconf 87' lang='lat' dir='ltr'><strong>discernuntur,</strong></span> <span class='ocrx_word' id='word_1_507' title='bbox 3463 4125 3605 4197; x_wconf 88' lang='lat' dir='ltr'><strong>quia</strong></span> 
     </span>
    </p>
   </div>
   <div class='ocr_carea' id='block_1_70' title="bbox 1901 4211 3600 4288">
    <p class='ocr_par' dir='ltr' id='par_1_70' title="bbox 1901 4211 3600 4288">
     <span class='ocr_line' id='line_1_70' title="bbox 1901 4211 3600 4288; baseline 0.001 -19"><span class='ocrx_word' id='word_1_508' title='bbox 1901 4211 1996 4269; x_wconf 90' lang='lat' dir='ltr'><strong>Dei</strong></span> <span class='ocrx_word' id='word_1_509' title='bbox 2048 4219 2187 4268; x_wconf 89' lang='lat' dir='ltr'><strong>sunt</strong></span> <span class='ocrx_word' id='word_1_510' title='bbox 2245 4212 2558 4272; x_wconf 90' lang='lat' dir='ltr'><strong>intentione</strong></span> <span class='ocrx_word' id='word_1_511' title='bbox 2607 4215 2745 4282; x_wconf 90' lang='lat' dir='ltr'><strong>sola,</strong></span> <span class='ocrx_word' id='word_1_512' title='bbox 2796 4223 2861 4272; x_wconf 92' lang='lat' dir='ltr'><strong>ut</strong></span> <span class='ocrx_word' id='word_1_513' title='bbox 2906 4222 3042 4272; x_wconf 90' lang='lat' dir='ltr'><strong>sunt</strong></span> <span class='ocrx_word' id='word_1_514' title='bbox 3091 4216 3289 4287; x_wconf 87' lang='lat' dir='ltr'><strong>pietas,</strong></span> <span class='ocrx_word' id='word_1_515' title='bbox 3342 4214 3600 4288; x_wconf 86' lang='lat' dir='ltr'><strong>largitas,</strong></span> 
     </span>
    </p>
   </div>
   <div class='ocr_carea' id='block_1_71' title="bbox 1897 4302 2663 4361">
    <p class='ocr_par' dir='ltr' id='par_1_71' title="bbox 1897 4302 2663 4361">
     <span class='ocr_line' id='line_1_71' title="bbox 1897 4302 2663 4361; baseline -0.003 -2"><span class='ocrx_word' id='word_1_516' title='bbox 1897 4302 2129 4359; x_wconf 89' lang='lat' dir='ltr'><strong>castitas</strong></span> <span class='ocrx_word' id='word_1_517' title='bbox 2156 4309 2212 4358; x_wconf 90' lang='lat' dir='ltr'><strong>et</strong></span> <span class='ocrx_word' id='word_1_518' title='bbox 2236 4311 2442 4359; x_wconf 65' lang='lat' dir='ltr'><strong>caetera</strong></span> <span class='ocrx_word' id='word_1_519' title='bbox 2460 4303 2663 4361; x_wconf 91' lang='lat' dir='ltr'><strong>multa.</strong></span> 
     </span>
    </p>
   </div>
   <div class='ocr_carea' id='block_1_72' title="bbox 1976 4390 3598 4461">
    <p class='ocr_par' dir='ltr' id='par_1_72' title="bbox 1976 4390 3598 4461">
     <span class='ocr_line' id='line_1_72' title="bbox 1976 4390 3598 4461; baseline 0.001 -15"><span class='ocrx_word' id='word_1_520' title='bbox 1976 4390 2138 4446; x_wconf 71' lang='lat' dir='ltr'><strong>Vens.</strong></span> <span class='ocrx_word' id='word_1_521' title='bbox 2184 4395 2235 4446; x_wconf 83' lang='lat'><strong>7.</strong></span> <span class='ocrx_word' id='word_1_522' title='bbox 2269 4420 2340 4433; x_wconf 94' lang='lat'><em>—</em></span> <span class='ocrx_word' id='word_1_523' title='bbox 2383 4394 2660 4448; x_wconf 76' lang='lat' dir='ltr'><strong>Formarit</strong></span> <span class='ocrx_word' id='word_1_524' title='bbox 2710 4395 2885 4461; x_wconf 82' lang='lat' dir='ltr'><strong>igitur</strong></span> <span class='ocrx_word' id='word_1_525' title='bbox 2930 4395 3191 4449; x_wconf 85' lang='lat' dir='ltr'><strong>Dominus</strong></span> <span class='ocrx_word' id='word_1_526' title='bbox 3239 4396 3379 4451; x_wconf 84' lang='lat' dir='ltr'><strong>Deus</strong></span> <span class='ocrx_word' id='word_1_527' title='bbox 3428 4393 3598 4448; x_wconf 84' lang='lat' dir='ltr'><strong>homi-</strong></span> 
     </span>
    </p>
   </div>
   <div class='ocr_carea' id='block_1_73' title="bbox 1899 4480 3606 4552">
    <p class='ocr_par' dir='ltr' id='par_1_73' title="bbox 1899 4480 3606 4552">
     <span class='ocr_line' id='line_1_73' title="bbox 1899 4480 3606 4552; baseline 0.001 -17"><span class='ocrx_word' id='word_1_528' title='bbox 1899 4497 2018 4535; x_wconf 85' lang='lat' dir='ltr'><strong>nem</strong></span> <span class='ocrx_word' id='word_1_529' title='bbox 2049 4480 2115 4533; x_wconf 85' lang='lat' dir='ltr'><strong>de</strong></span> <span class='ocrx_word' id='word_1_530' title='bbox 2142 4482 2270 4536; x_wconf 87' lang='lat' dir='ltr'><strong>limo</strong></span> <span class='ocrx_word' id='word_1_531' title='bbox 2301 4485 2475 4548; x_wconf 72' lang='lat' dir='ltr'><strong>terrae,</strong></span> <span class='ocrx_word' id='word_1_532' title='bbox 2509 4485 2560 4535; x_wconf 87' lang='lat' dir='ltr'><strong>et</strong></span> <span class='ocrx_word' id='word_1_533' title='bbox 2580 4484 2873 4551; x_wconf 83' lang='lat' dir='ltr'><strong>inspiravit</strong></span> <span class='ocrx_word' id='word_1_534' title='bbox 2918 4484 2978 4537; x_wconf 85' lang='lat' dir='ltr'><strong>in</strong></span> <span class='ocrx_word' id='word_1_535' title='bbox 3023 4484 3225 4549; x_wconf 80' lang='lat' dir='ltr'><strong>faciem</strong></span> <span class='ocrx_word' id='word_1_536' title='bbox 3255 4483 3373 4551; x_wconf 85' lang='lat' dir='ltr'><strong>ejus</strong></span> <span class='ocrx_word' id='word_1_537' title='bbox 3410 4486 3606 4552; x_wconf 87' lang='lat' dir='ltr'><strong>spira-</strong></span> 
     </span>
    </p>
   </div>
   <div class='ocr_carea' id='block_1_74' title="bbox 1901 4568 3606 4642">
    <p class='ocr_par' dir='ltr' id='par_1_74' title="bbox 1901 4568 3606 4642">
     <span class='ocr_line' id='line_1_74' title="bbox 1901 4568 3606 4642; baseline 0.002 -18"><span class='ocrx_word' id='word_1_538' title='bbox 1901 4571 2079 4625; x_wconf 87' lang='lat' dir='ltr'><strong>culum</strong></span> <span class='ocrx_word' id='word_1_539' title='bbox 2112 4572 2255 4626; x_wconf 77' lang='lat' dir='ltr'><strong>vitae.</strong></span> <span class='ocrx_word' id='word_1_540' title='bbox 2308 4572 2451 4627; x_wconf 85' lang='lat' dir='ltr'><strong>Cum</strong></span> <span class='ocrx_word' id='word_1_541' title='bbox 2492 4585 2629 4642; x_wconf 88' lang='lat' dir='ltr'><strong>ergo</strong></span> <span class='ocrx_word' id='word_1_542' title='bbox 2684 4571 2940 4626; x_wconf 89' lang='lat' dir='ltr'><strong>humana</strong></span> <span class='ocrx_word' id='word_1_543' title='bbox 2991 4569 3231 4626; x_wconf 89' lang='lat' dir='ltr'><strong>scientia</strong></span> <span class='ocrx_word' id='word_1_544' title='bbox 3261 4568 3519 4626; x_wconf 81' lang='lat' dir='ltr'><strong>exterius</strong></span> <span class='ocrx_word' id='word_1_545' title='bbox 3548 4586 3606 4627; x_wconf 85' lang='lat' dir='ltr'><strong>se</strong></span> 
     </span>
    </p>
   </div>
   <div class='ocr_carea' id='block_1_75' title="bbox 82 4652 3598 4736">
    <p class='ocr_par' dir='ltr' id='par_1_75' title="bbox 82 4652 3598 4736">
     <span class='ocr_line' id='line_1_75' title="bbox 82 4652 3598 4736; baseline -0.001 -15"><span class='ocrx_word' id='word_1_546' title='bbox 82 4666 337 4723; x_wconf 87' lang='lat' dir='ltr'><strong>desiderii</strong></span> <span class='ocrx_word' id='word_1_547' title='bbox 370 4664 621 4736; x_wconf 89' lang='lat' dir='ltr'><strong>superni</strong></span> <span class='ocrx_word' id='word_1_548' title='bbox 652 4663 854 4735; x_wconf 90' lang='lat' dir='ltr'><strong>accipi,</strong></span> <span class='ocrx_word' id='word_1_549' title='bbox 891 4663 950 4719; x_wconf 91' lang='lat' dir='ltr'><strong>in</strong></span> <span class='ocrx_word' id='word_1_550' title='bbox 985 4678 1103 4734; x_wconf 91' lang='lat' dir='ltr'><strong>quo</strong></span> <span class='ocrx_word' id='word_1_551' title='bbox 1136 4678 1236 4734; x_wconf 89' lang='lat' dir='ltr'><strong>per</strong></span> <span class='ocrx_word' id='word_1_552' title='bbox 1266 4664 1389 4733; x_wconf 90' lang='lat' dir='ltr'><strong>pios</strong></span> <span class='ocrx_word' id='word_1_553' title='bbox 1435 4670 1599 4720; x_wconf 89' lang='lat' dir='ltr'><strong>actus</strong></span> <span class='ocrx_word' id='word_1_554' title='bbox 1635 4662 1791 4718; x_wconf 90' lang='lat' dir='ltr'><strong>vivi-</strong></span> <span class='ocrx_word' id='word_1_555' title='bbox 1822 4652 1865 4706; x_wconf 80' lang='grc' dir='ltr'><strong>Ι)</strong></span> <span class='ocrx_word' id='word_1_556' title='bbox 1905 4659 2069 4716; x_wconf 92' lang='lat' dir='ltr'><strong>bonis</strong></span> <span class='ocrx_word' id='word_1_557' title='bbox 2099 4658 2494 4730; x_wconf 89' lang='lat' dir='ltr'><strong>componendo</strong></span> <span class='ocrx_word' id='word_1_558' title='bbox 2543 4659 2803 4716; x_wconf 90' lang='lat' dir='ltr'><strong>moribus</strong></span> <span class='ocrx_word' id='word_1_559' title='bbox 2859 4659 2983 4716; x_wconf 89' lang='lat' dir='ltr'><strong>sine</strong></span> <span class='ocrx_word' id='word_1_560' title='bbox 3029 4659 3127 4716; x_wconf 88' lang='lat' dir='ltr'><strong>Dei</strong></span> <span class='ocrx_word' id='word_1_561' title='bbox 3158 4658 3423 4715; x_wconf 89' lang='lat' dir='ltr'><strong>contuitu</strong></span> <span class='ocrx_word' id='word_1_562' title='bbox 3454 4658 3598 4716; x_wconf 90' lang='lat' dir='ltr'><strong>nihil</strong></span> 
     </span>
    </p>
   </div>
   <div class='ocr_carea' id='block_1_76' title="bbox 85 4752 1795 4825">
    <p class='ocr_par' dir='ltr' id='par_1_76' title="bbox 85 4752 1795 4825">
     <span class='ocr_line' id='line_1_76' title="bbox 85 4752 1795 4825; baseline 0 -15"><span class='ocrx_word' id='word_1_563' title='bbox 85 4763 173 4811; x_wconf 88' lang='lat' dir='ltr'><strong>tur</strong></span> <span class='ocrx_word' id='word_1_564' title='bbox 200 4756 291 4812; x_wconf 88' lang='lat' dir='ltr'><strong>hic</strong></span> <span class='ocrx_word' id='word_1_565' title='bbox 323 4769 449 4825; x_wconf 88' lang='lat' dir='ltr'><strong>spe,</strong></span> <span class='ocrx_word' id='word_1_566' title='bbox 484 4752 671 4809; x_wconf 89' lang='lat' dir='ltr'><strong>donec</strong></span> <span class='ocrx_word' id='word_1_567' title='bbox 696 4752 753 4808; x_wconf 90' lang='lat' dir='ltr'><strong>in</strong></span> <span class='ocrx_word' id='word_1_568' title='bbox 783 4752 1014 4824; x_wconf 89' lang='lat' dir='ltr'><strong>regione</strong></span> <span class='ocrx_word' id='word_1_569' title='bbox 1045 4753 1309 4810; x_wconf 89' lang='lat' dir='ltr'><strong>vivorum</strong></span> <span class='ocrx_word' id='word_1_570' title='bbox 1356 4753 1619 4825; x_wconf 88' lang='lat' dir='ltr'><strong>germina</strong></span> <span class='ocrx_word' id='word_1_571' title='bbox 1668 4766 1795 4823; x_wconf 91' lang='lat' dir='ltr'><strong>pro-</strong></span> 
     </span>
    </p>
   </div>
   <div class='ocr_carea' id='block_1_77' title="bbox 86 4841 1792 4915">
    <p class='ocr_par' dir='ltr' id='par_1_77' title="bbox 86 4841 1792 4915">
     <span class='ocr_line' id='line_1_77' title="bbox 86 4841 1792 4915; baseline 0.001 -18"><span class='ocrx_word' id='word_1_572' title='bbox 86 4842 216 4900; x_wconf 85' lang='lat' dir='ltr'><strong>ferat</strong></span> <span class='ocrx_word' id='word_1_573' title='bbox 263 4845 522 4915; x_wconf 80' lang='lat' dir='ltr'><strong>integrae</strong></span> <span class='ocrx_word' id='word_1_574' title='bbox 574 4842 807 4899; x_wconf 90' lang='lat' dir='ltr'><strong>visionis</strong></span> <span class='ocrx_word' id='word_1_575' title='bbox 858 4843 915 4898; x_wconf 91' lang='lat' dir='ltr'><strong>in</strong></span> <span class='ocrx_word' id='word_1_576' title='bbox 963 4857 1047 4900; x_wconf 85' lang='lat' dir='ltr'><strong>re.</strong></span> <span class='ocrx_word' id='word_1_577' title='bbox 1100 4842 1206 4899; x_wconf 86' lang='lat' dir='ltr'><strong>Per</strong></span> <span class='ocrx_word' id='word_1_578' title='bbox 1253 4842 1575 4914; x_wconf 87' lang='lat' dir='ltr'><strong>virgultum</strong></span> <span class='ocrx_word' id='word_1_579' title='bbox 1619 4841 1792 4899; x_wconf 88' lang='lat' dir='ltr'><strong>etiam</strong></span> 
     </span>
    </p>
   </div>
   <div class='ocr_carea' id='block_1_78' title="bbox 86 4930 1795 5003">
    <p class='ocr_par' dir='ltr' id='par_1_78' title="bbox 86 4930 1795 5003">
     <span class='ocr_line' id='line_1_78' title="bbox 86 4930 1795 5003; baseline 0.001 -17"><span class='ocrx_word' id='word_1_580' title='bbox 86 4932 534 5003; x_wconf 81' lang='lat' dir='ltr'><strong>contemplativa</strong></span> <span class='ocrx_word' id='word_1_581' title='bbox 578 4930 667 4986; x_wconf 88' lang='lat' dir='ltr'><strong>vel</strong></span> <span class='ocrx_word' id='word_1_582' title='bbox 721 4931 1051 5001; x_wconf 89' lang='lat' dir='ltr'><strong>spiritualia</strong></span> <span class='ocrx_word' id='word_1_583' title='bbox 1086 4931 1283 4987; x_wconf 89' lang='lat' dir='ltr'><strong>studia</strong></span> <span class='ocrx_word' id='word_1_584' title='bbox 1330 4931 1542 4987; x_wconf 89' lang='lat' dir='ltr'><strong>sentire</strong></span> <span class='ocrx_word' id='word_1_585' title='bbox 1590 4945 1795 5001; x_wconf 89' lang='lat' dir='ltr'><strong>possu-</strong></span> 
     </span>
    </p>
   </div>
   <div class='ocr_carea' id='block_1_79' title="bbox 87 5019 1797 5091">
    <p class='ocr_par' dir='ltr' id='par_1_79' title="bbox 87 5019 1797 5091">
     <span class='ocr_line' id='line_1_79' title="bbox 87 5019 1797 5091; baseline 0.001 -16"><span class='ocrx_word' id='word_1_586' title='bbox 87 5034 225 5089; x_wconf 87' lang='lat' dir='ltr'><strong>mus,</strong></span> <span class='ocrx_word' id='word_1_587' title='bbox 265 5022 341 5077; x_wconf 91' lang='lat' dir='ltr'><strong>ob</strong></span> <span class='ocrx_word' id='word_1_588' title='bbox 373 5020 568 5077; x_wconf 87' lang='lat' dir='ltr'><strong>robur</strong></span> <span class='ocrx_word' id='word_1_589' title='bbox 599 5019 811 5077; x_wconf 90' lang='lat' dir='ltr'><strong>scilicet</strong></span> <span class='ocrx_word' id='word_1_590' title='bbox 840 5020 933 5077; x_wconf 91' lang='lat' dir='ltr'><strong>sui</strong></span> <span class='ocrx_word' id='word_1_591' title='bbox 957 5034 1025 5077; x_wconf 88' lang='lat' dir='ltr'><strong>ac</strong></span> <span class='ocrx_word' id='word_1_592' title='bbox 1053 5020 1438 5088; x_wconf 85' lang='lat' dir='ltr'><strong>altitudinem,</strong></span> <span class='ocrx_word' id='word_1_593' title='bbox 1473 5035 1605 5091; x_wconf 72' lang='lat' dir='ltr'><strong>quae</strong></span> <span class='ocrx_word' id='word_1_594' title='bbox 1639 5034 1797 5077; x_wconf 91' lang='lat' dir='ltr'><strong>nunc</strong></span> 
     </span>
    </p>
   </div>
   <div class='ocr_carea' id='block_1_80' title="bbox 88 5106 1796 5181">
    <p class='ocr_par' dir='ltr' id='par_1_80' title="bbox 88 5106 1796 5181">
     <span class='ocr_line' id='line_1_80' title="bbox 88 5106 1796 5181; baseline 0.002 -20"><span class='ocrx_word' id='word_1_595' title='bbox 88 5123 116 5161; x_wconf 85' lang='lat' dir='ltr'><strong>a</strong></span> <span class='ocrx_word' id='word_1_596' title='bbox 160 5110 319 5166; x_wconf 78' lang='lat' dir='ltr'><strong>nobis</strong></span> <span class='ocrx_word' id='word_1_597' title='bbox 366 5106 587 5181; x_wconf 89' lang='lat' dir='ltr'><strong>grandi</strong></span> <span class='ocrx_word' id='word_1_598' title='bbox 641 5108 833 5165; x_wconf 88' lang='lat' dir='ltr'><strong>labore</strong></span> <span class='ocrx_word' id='word_1_599' title='bbox 878 5109 1171 5175; x_wconf 90' lang='lat' dir='ltr'><strong>coluntur,</strong></span> <span class='ocrx_word' id='word_1_600' title='bbox 1226 5116 1540 5179; x_wconf 88' lang='lat' dir='ltr'><strong>antequam</strong></span> <span class='ocrx_word' id='word_1_601' title='bbox 1592 5110 1647 5166; x_wconf 91' lang='lat' dir='ltr'><strong>in</strong></span> <span class='ocrx_word' id='word_1_602' title='bbox 1698 5108 1796 5165; x_wconf 91' lang='lat' dir='ltr'><strong>illa</strong></span> 
     </span>
    </p>
   </div>
   <div class='ocr_carea' id='block_1_81' title="bbox 90 5195 1799 5265">
    <p class='ocr_par' dir='ltr' id='par_1_81' title="bbox 90 5195 1799 5265">
     <span class='ocr_line' id='line_1_81' title="bbox 90 5195 1799 5265; baseline 0.003 -16"><span class='ocrx_word' id='word_1_603' title='bbox 90 5211 251 5265; x_wconf 84' lang='lat' dir='ltr'><strong>quam</strong></span> <span class='ocrx_word' id='word_1_604' title='bbox 296 5198 472 5253; x_wconf 87' lang='lat' dir='ltr'><strong>mites</strong></span> <span class='ocrx_word' id='word_1_605' title='bbox 526 5195 901 5265; x_wconf 89' lang='lat' dir='ltr'><strong>possidebunt</strong></span> <span class='ocrx_word' id='word_1_606' title='bbox 948 5203 1124 5265; x_wconf 90' lang='lat' dir='ltr'><strong>terra,</strong></span> <span class='ocrx_word' id='word_1_607' title='bbox 1176 5204 1394 5254; x_wconf 72' lang='lat' dir='ltr'><strong>aeterna</strong></span> <span class='ocrx_word' id='word_1_608' title='bbox 1440 5196 1702 5254; x_wconf 90' lang='lat' dir='ltr'><strong>videlicet</strong></span> <span class='ocrx_word' id='word_1_609' title='bbox 1744 5204 1799 5254; x_wconf 92' lang='lat' dir='ltr'><strong>et</strong></span> 
     </span>
    </p>
   </div>
   <div class='ocr_carea' id='block_1_82' title="bbox 93 5283 1800 5356">
    <p class='ocr_par' dir='ltr' id='par_1_82' title="bbox 93 5283 1800 5356">
     <span class='ocr_line' id='line_1_82' title="bbox 93 5283 1800 5356; baseline 0.001 -17"><span class='ocrx_word' id='word_1_610' title='bbox 93 5283 510 5356; x_wconf 88' lang='lat' dir='ltr'><strong>iucorruptibili</strong></span> <span class='ocrx_word' id='word_1_611' title='bbox 560 5283 866 5341; x_wconf 88' lang='lat' dir='ltr'><strong>stabilitate</strong></span> <span class='ocrx_word' id='word_1_612' title='bbox 912 5291 1114 5354; x_wconf 90' lang='lat' dir='ltr'><strong>sponte</strong></span> <span class='ocrx_word' id='word_1_613' title='bbox 1175 5299 1483 5356; x_wconf 88' lang='lat' dir='ltr'><strong>nunquam</strong></span> <span class='ocrx_word' id='word_1_614' title='bbox 1543 5284 1800 5341; x_wconf 91' lang='lat' dir='ltr'><strong>desitura</strong></span> 
     </span>
    </p>
   </div>
   <div class='ocr_carea' id='block_1_83' title="bbox 94 5373 1800 5444">
    <p class='ocr_par' dir='ltr' id='par_1_83' title="bbox 94 5373 1800 5444">
     <span class='ocr_line' id='line_1_83' title="bbox 94 5373 1800 5444; baseline 0 -16"><span class='ocrx_word' id='word_1_615' title='bbox 94 5374 363 5430; x_wconf 87' lang='lat' dir='ltr'><strong>oriantur.</strong></span> <span class='ocrx_word' id='word_1_616' title='bbox 402 5375 533 5430; x_wconf 85' lang='lat' dir='ltr'><strong>Non</strong></span> <span class='ocrx_word' id='word_1_617' title='bbox 571 5374 710 5427; x_wconf 87' lang='lat' dir='ltr'><strong>enim</strong></span> <span class='ocrx_word' id='word_1_618' title='bbox 751 5373 970 5443; x_wconf 84' lang='lat' dir='ltr'><strong>pluerat</strong></span> <span class='ocrx_word' id='word_1_619' title='bbox 1004 5374 1260 5429; x_wconf 85' lang='lat' dir='ltr'><strong>Dominus</strong></span> <span class='ocrx_word' id='word_1_620' title='bbox 1308 5374 1453 5428; x_wconf 87' lang='lat' dir='ltr'><strong>Deus</strong></span> <span class='ocrx_word' id='word_1_621' title='bbox 1492 5387 1656 5444; x_wconf 86' lang='lat' dir='ltr'><strong>super</strong></span> <span class='ocrx_word' id='word_1_622' title='bbox 1685 5378 1800 5428; x_wconf 84' lang='lat' dir='ltr'><strong>ter-</strong></span> 
     </span>
    </p>
   </div>
   <div class='ocr_carea' id='block_1_84' title="bbox 95 5460 1796 5533">
    <p class='ocr_par' dir='ltr' id='par_1_84' title="bbox 95 5460 1796 5533">
     <span class='ocr_line' id='line_1_84' title="bbox 95 5460 1796 5533; baseline 0.001 -17"><span class='ocrx_word' id='word_1_623' title='bbox 95 5478 221 5518; x_wconf 86' lang='lat' dir='ltr'><strong>ram.</strong></span> <span class='ocrx_word' id='word_1_624' title='bbox 256 5464 403 5520; x_wconf 88' lang='lat' dir='ltr'><strong>Cum</strong></span> <span class='ocrx_word' id='word_1_625' title='bbox 461 5460 724 5533; x_wconf 89' lang='lat' dir='ltr'><strong>primum</strong></span> <span class='ocrx_word' id='word_1_626' title='bbox 774 5462 940 5519; x_wconf 88' lang='lat' dir='ltr'><strong>nobis</strong></span> <span class='ocrx_word' id='word_1_627' title='bbox 987 5463 1081 5532; x_wconf 88' lang='lat' dir='ltr'><strong>pia</strong></span> <span class='ocrx_word' id='word_1_628' title='bbox 1128 5462 1402 5519; x_wconf 84' lang='lat' dir='ltr'><strong>voluntas</strong></span> <span class='ocrx_word' id='word_1_629' title='bbox 1447 5462 1796 5532; x_wconf 89' lang='lat' dir='ltr'><strong>immittitur,</strong></span> 
     </span>
    </p>
   </div>
   <div class='ocr_carea' id='block_1_85' title="bbox 99 5551 1801 5623">
    <p class='ocr_par' dir='ltr' id='par_1_85' title="bbox 99 5551 1801 5623">
     <span class='ocr_line' id='line_1_85' title="bbox 99 5551 1801 5623; baseline 0.002 -17"><span class='ocrx_word' id='word_1_630' title='bbox 99 5567 197 5608; x_wconf 91' lang='lat' dir='ltr'><strong>non</strong></span> <span class='ocrx_word' id='word_1_631' title='bbox 248 5561 411 5609; x_wconf 91' lang='lat' dir='ltr'><strong>tanta</strong></span> <span class='ocrx_word' id='word_1_632' title='bbox 478 5557 693 5607; x_wconf 76' lang='lat' dir='ltr'><strong>nostrze</strong></span> <span class='ocrx_word' id='word_1_633' title='bbox 761 5551 998 5608; x_wconf 88' lang='lat' dir='ltr'><strong>rationis</strong></span> <span class='ocrx_word' id='word_1_634' title='bbox 1063 5552 1284 5623; x_wconf 66' lang='lat' dir='ltr'><strong>gratiae,</strong></span> <span class='ocrx_word' id='word_1_635' title='bbox 1334 5552 1389 5607; x_wconf 93' lang='lat' dir='ltr'><strong>id</strong></span> <span class='ocrx_word' id='word_1_636' title='bbox 1455 5559 1539 5609; x_wconf 88' lang='lat' dir='ltr'><strong>est</strong></span> <span class='ocrx_word' id='word_1_637' title='bbox 1590 5551 1801 5623; x_wconf 70' lang='lat' dir='ltr'><strong>pluviae</strong></span> 
     </span>
    </p>
   </div>
   <div class='ocr_carea' id='block_1_86' title="bbox 99 5639 1803 5712">
    <p class='ocr_par' dir='ltr' id='par_1_86' title="bbox 99 5639 1803 5712">
     <span class='ocr_line' id='line_1_86' title="bbox 99 5639 1803 5712; baseline -0.001 -16"><span class='ocrx_word' id='word_1_638' title='bbox 99 5641 405 5712; x_wconf 89' lang='lat' dir='ltr'><strong>spiritualis</strong></span> <span class='ocrx_word' id='word_1_639' title='bbox 463 5639 707 5697; x_wconf 87' lang='lat' dir='ltr'><strong>ubertas</strong></span> <span class='ocrx_word' id='word_1_640' title='bbox 778 5640 1124 5706; x_wconf 88' lang='lat' dir='ltr'><strong>infunditur,</strong></span> <span class='ocrx_word' id='word_1_641' title='bbox 1181 5648 1246 5698; x_wconf 89' lang='lat' dir='ltr'><strong>ut</strong></span> <span class='ocrx_word' id='word_1_642' title='bbox 1298 5641 1508 5698; x_wconf 88' lang='lat' dir='ltr'><strong>terreni</strong></span> <span class='ocrx_word' id='word_1_643' title='bbox 1564 5640 1803 5696; x_wconf 79' lang='lat' dir='ltr'><strong>affectus</strong></span> 
     </span>
    </p>
   </div>
   <div class='ocr_carea' id='block_1_87' title="bbox 99 5727 1803 5801">
    <p class='ocr_par' dir='ltr' id='par_1_87' title="bbox 99 5727 1803 5801">
     <span class='ocr_line' id='line_1_87' title="bbox 99 5727 1803 5801; baseline 0 -16"><span class='ocrx_word' id='word_1_644' title='bbox 99 5730 298 5787; x_wconf 88' lang='lat' dir='ltr'><strong>duritia</strong></span> <span class='ocrx_word' id='word_1_645' title='bbox 356 5731 415 5787; x_wconf 90' lang='lat' dir='ltr'><strong>in</strong></span> <span class='ocrx_word' id='word_1_646' title='bbox 476 5727 650 5785; x_wconf 92' lang='lat' dir='ltr'><strong>nobis</strong></span> <span class='ocrx_word' id='word_1_647' title='bbox 697 5729 765 5785; x_wconf 90' lang='lat' dir='ltr'><strong>ad</strong></span> <span class='ocrx_word' id='word_1_648' title='bbox 814 5728 946 5786; x_wconf 91' lang='lat' dir='ltr'><strong>boni</strong></span> <span class='ocrx_word' id='word_1_649' title='bbox 1012 5729 1326 5787; x_wconf 86' lang='lat' dir='ltr'><strong>efficaciam</strong></span> <span class='ocrx_word' id='word_1_650' title='bbox 1376 5742 1803 5801; x_wconf 89' lang='lat' dir='ltr'><strong>usquequaque</strong></span> 
     </span>
    </p>
   </div>
   <div class='ocr_carea' id='block_1_88' title="bbox 1900 4744 3608 4819">
    <p class='ocr_par' dir='ltr' id='par_1_88' title="bbox 1900 4744 3608 4819">
     <span class='ocr_line' id='line_1_88' title="bbox 1900 4744 3608 4819; baseline 0.001 -17"><span class='ocrx_word' id='word_1_651' title='bbox 1900 4744 2133 4815; x_wconf 86' lang='lat' dir='ltr'><strong>efficiat,</strong></span> <span class='ocrx_word' id='word_1_652' title='bbox 2168 4745 2299 4816; x_wconf 91' lang='lat' dir='ltr'><strong>pius</strong></span> <span class='ocrx_word' id='word_1_653' title='bbox 2330 4746 2549 4803; x_wconf 81' lang='lat' dir='ltr'><strong>Auctor</strong></span> <span class='ocrx_word' id='word_1_654' title='bbox 2594 4747 2847 4819; x_wconf 91' lang='lat' dir='ltr'><strong>gratuito</strong></span> <span class='ocrx_word' id='word_1_655' title='bbox 2895 4748 3252 4804; x_wconf 89' lang='lat' dir='ltr'><strong>formaturus</strong></span> <span class='ocrx_word' id='word_1_656' title='bbox 3295 4753 3477 4803; x_wconf 92' lang='lat' dir='ltr'><strong>totum</strong></span> <span class='ocrx_word' id='word_1_657' title='bbox 3507 4747 3608 4803; x_wconf 83' lang='lat' dir='ltr'><strong>ho-</strong></span> 
     </span>
    </p>
   </div>
   <div class='ocr_carea' id='block_1_89' title="bbox 1904 4834 3609 4908">
    <p class='ocr_par' dir='ltr' id='par_1_89' title="bbox 1904 4834 3609 4908">
     <span class='ocr_line' id='line_1_89' title="bbox 1904 4834 3609 4908; baseline 0.001 -17"><span class='ocrx_word' id='word_1_658' title='bbox 1904 4834 2138 4903; x_wconf 90' lang='lat' dir='ltr'><strong>minem,</strong></span> <span class='ocrx_word' id='word_1_659' title='bbox 2171 4843 2382 4892; x_wconf 90' lang='lat' dir='ltr'><strong>terram</strong></span> <span class='ocrx_word' id='word_1_660' title='bbox 2424 4837 2601 4892; x_wconf 91' lang='lat' dir='ltr'><strong>nostri</strong></span> <span class='ocrx_word' id='word_1_661' title='bbox 2628 4842 2729 4891; x_wconf 61' lang='lat' dir='ltr'><strong>eo</strong></span> <span class='ocrx_word' id='word_1_662' title='bbox 2778 4836 3024 4907; x_wconf 88' lang='lat' dir='ltr'><strong>pectoris</strong></span> <span class='ocrx_word' id='word_1_663' title='bbox 3051 4836 3211 4893; x_wconf 90' lang='lat' dir='ltr'><strong>unda</strong></span> <span class='ocrx_word' id='word_1_664' title='bbox 3261 4835 3463 4908; x_wconf 65' lang='lat' dir='ltr'><strong>gratiae</strong></span> <span class='ocrx_word' id='word_1_665' title='bbox 3502 4851 3609 4893; x_wconf 89' lang='lat' dir='ltr'><strong>ne-</strong></span> 
     </span>
    </p>
   </div>
   <div class='ocr_carea' id='block_1_90' title="bbox 1902 4923 3608 4994">
    <p class='ocr_par' dir='ltr' id='par_1_90' title="bbox 1902 4923 3608 4994">
     <span class='ocr_line' id='line_1_90' title="bbox 1902 4923 3608 4994; baseline 0.001 -13"><span class='ocrx_word' id='word_1_666' title='bbox 1902 4938 2055 4981; x_wconf 88' lang='lat' dir='ltr'><strong>cesse</strong></span> <span class='ocrx_word' id='word_1_667' title='bbox 2084 4931 2168 4981; x_wconf 91' lang='lat' dir='ltr'><strong>est</strong></span> <span class='ocrx_word' id='word_1_668' title='bbox 2198 4932 2263 4981; x_wconf 90' lang='lat' dir='ltr'><strong>ut</strong></span> <span class='ocrx_word' id='word_1_669' title='bbox 2285 4924 2474 4980; x_wconf 85' lang='lat' dir='ltr'><strong>infusa</strong></span> <span class='ocrx_word' id='word_1_670' title='bbox 2500 4924 2789 4994; x_wconf 89' lang='lat' dir='ltr'><strong>emolliat;</strong></span> <span class='ocrx_word' id='word_1_671' title='bbox 2825 4923 2921 4982; x_wconf 88' lang='lat' dir='ltr'><strong>tali</strong></span> <span class='ocrx_word' id='word_1_672' title='bbox 2951 4925 3105 4981; x_wconf 90' lang='lat' dir='ltr'><strong>enim</strong></span> <span class='ocrx_word' id='word_1_673' title='bbox 3135 4924 3274 4981; x_wconf 89' lang='lat' dir='ltr'><strong>limo</strong></span> <span class='ocrx_word' id='word_1_674' title='bbox 3305 4938 3410 4981; x_wconf 90' lang='lat' dir='ltr'><strong>nec</strong></span> <span class='ocrx_word' id='word_1_675' title='bbox 3439 4924 3608 4982; x_wconf 90' lang='lat' dir='ltr'><strong>aliter</strong></span> 
     </span>
    </p>
   </div>
   <div class='ocr_carea' id='block_1_91' title="bbox 1907 5012 3608 5085">
    <p class='ocr_par' dir='ltr' id='par_1_91' title="bbox 1907 5012 3608 5085">
     <span class='ocr_line' id='line_1_91' title="bbox 1907 5012 3608 5085; baseline 0 -17"><span class='ocrx_word' id='word_1_676' title='bbox 1907 5012 2094 5080; x_wconf 90' lang='lat' dir='ltr'><strong>homo,</strong></span> <span class='ocrx_word' id='word_1_677' title='bbox 2158 5012 2261 5085; x_wconf 91' lang='lat' dir='ltr'><strong>qui</strong></span> <span class='ocrx_word' id='word_1_678' title='bbox 2310 5012 2409 5069; x_wconf 85' lang='lat' dir='ltr'><strong>Dei</strong></span> <span class='ocrx_word' id='word_1_679' title='bbox 2463 5012 2570 5068; x_wconf 92' lang='lat' dir='ltr'><strong>fert</strong></span> <span class='ocrx_word' id='word_1_680' title='bbox 2629 5012 2962 5085; x_wconf 86' lang='lat' dir='ltr'><strong>imaginem,</strong></span> <span class='ocrx_word' id='word_1_681' title='bbox 3026 5028 3160 5069; x_wconf 90' lang='lat' dir='ltr'><strong>vere</strong></span> <span class='ocrx_word' id='word_1_682' title='bbox 3203 5020 3460 5070; x_wconf 88' lang='lat' dir='ltr'><strong>constat:</strong></span> <span class='ocrx_word' id='word_1_683' title='bbox 3511 5012 3608 5070; x_wconf 91' lang='lat' dir='ltr'><strong>sed</strong></span> 
     </span>
    </p>
   </div>
   <div class='ocr_carea' id='block_1_92' title="bbox 1908 5101 3611 5175">
    <p class='ocr_par' dir='ltr' id='par_1_92' title="bbox 1908 5101 3611 5175">
     <span class='ocr_line' id='line_1_92' title="bbox 1908 5101 3611 5175; baseline 0 -17"><span class='ocrx_word' id='word_1_684' title='bbox 1908 5102 2045 5158; x_wconf 90' lang='lat' dir='ltr'><strong>huic</strong></span> <span class='ocrx_word' id='word_1_685' title='bbox 2090 5101 2187 5158; x_wconf 91' lang='lat' dir='ltr'><strong>illa</strong></span> <span class='ocrx_word' id='word_1_686' title='bbox 2237 5101 2422 5159; x_wconf 89' lang='lat' dir='ltr'><strong>inesse</strong></span> <span class='ocrx_word' id='word_1_687' title='bbox 2478 5102 2649 5158; x_wconf 88' lang='lat' dir='ltr'><strong>facies</strong></span> <span class='ocrx_word' id='word_1_688' title='bbox 2696 5101 2883 5168; x_wconf 87' lang='lat' dir='ltr'><strong>debet,</strong></span> <span class='ocrx_word' id='word_1_689' title='bbox 2935 5117 3112 5175; x_wconf 91' lang='lat' dir='ltr'><strong>quam</strong></span> <span class='ocrx_word' id='word_1_690' title='bbox 3158 5102 3265 5159; x_wconf 92' lang='lat' dir='ltr'><strong>sibi</strong></span> <span class='ocrx_word' id='word_1_691' title='bbox 3331 5102 3611 5159; x_wconf 88' lang='lat' dir='ltr'><strong>Dominus</strong></span> 
     </span>
    </p>
   </div>
   <div class='ocr_carea' id='block_1_93' title="bbox 1907 5190 3611 5263">
    <p class='ocr_par' dir='ltr' id='par_1_93' title="bbox 1907 5190 3611 5263">
     <span class='ocr_line' id='line_1_93' title="bbox 1907 5190 3611 5263; baseline -0.001 -16"><span class='ocrx_word' id='word_1_692' title='bbox 1907 5191 2230 5249; x_wconf 92' lang='lat' dir='ltr'><strong>contuendo</strong></span> <span class='ocrx_word' id='word_1_693' title='bbox 2279 5191 2474 5247; x_wconf 88' lang='lat' dir='ltr'><strong>lavare</strong></span> <span class='ocrx_word' id='word_1_694' title='bbox 2528 5190 2809 5262; x_wconf 73' lang='lat' dir='ltr'><strong>praecipit,</strong></span> <span class='ocrx_word' id='word_1_695' title='bbox 2855 5199 2911 5249; x_wconf 89' lang='lat' dir='ltr'><strong>et</strong></span> <span class='ocrx_word' id='word_1_696' title='bbox 2974 5206 3153 5263; x_wconf 89' lang='lat' dir='ltr'><strong>quam</strong></span> <span class='ocrx_word' id='word_1_697' title='bbox 3202 5191 3309 5248; x_wconf 91' lang='lat' dir='ltr'><strong>sibi</strong></span> <span class='ocrx_word' id='word_1_698' title='bbox 3354 5190 3611 5262; x_wconf 91' lang='lat' dir='ltr'><strong>Sponsus</strong></span> 
     </span>
    </p>
   </div>
   <div class='ocr_carea' id='block_1_94' title="bbox 1906 5279 3611 5351">
    <p class='ocr_par' dir='ltr' id='par_1_94' title="bbox 1906 5279 3611 5351">
     <span class='ocr_line' id='line_1_94' title="bbox 1906 5279 3611 5351; baseline -0.002 -14"><span class='ocrx_word' id='word_1_699' title='bbox 1906 5279 2127 5338; x_wconf 88' lang='lat' dir='ltr'><strong>ostendi</strong></span> <span class='ocrx_word' id='word_1_700' title='bbox 2177 5279 2446 5351; x_wconf 87' lang='lat' dir='ltr'><strong>postulat.</strong></span> <span class='ocrx_word' id='word_1_701' title='bbox 2501 5281 2750 5347; x_wconf 79' lang='lat' dir='ltr'><strong>Ostende,</strong></span> <span class='ocrx_word' id='word_1_702' title='bbox 2796 5281 2973 5348; x_wconf 88' lang='lat' dir='ltr'><strong>aiens,</strong></span> <span class='ocrx_word' id='word_1_703' title='bbox 3018 5283 3216 5348; x_wconf 81' lang='lat' dir='ltr'><strong>faciem</strong></span> <span class='ocrx_word' id='word_1_704' title='bbox 3257 5284 3425 5347; x_wconf 89' lang='lat' dir='ltr'><strong>tuam,</strong></span> <span class='ocrx_word' id='word_1_705' title='bbox 3478 5281 3611 5348; x_wconf 85' lang='lat' dir='ltr'><strong>quia</strong></span> 
     </span>
    </p>
   </div>
   <div class='ocr_carea' id='block_1_95' title="bbox 1906 5368 3607 5442">
    <p class='ocr_par' dir='ltr' id='par_1_95' title="bbox 1906 5368 3607 5442">
     <span class='ocr_line' id='line_1_95' title="bbox 1906 5368 3607 5442; baseline -0.001 -17"><span class='ocrx_word' id='word_1_706' title='bbox 1906 5372 2077 5439; x_wconf 85' lang='lat' dir='ltr'><strong>facies</strong></span> <span class='ocrx_word' id='word_1_707' title='bbox 2129 5377 2226 5425; x_wconf 88' lang='lat' dir='ltr'><strong>tua</strong></span> <span class='ocrx_word' id='word_1_708' title='bbox 2290 5369 2485 5425; x_wconf 85' lang='lat' dir='ltr'><strong>decora</strong></span> <span class='ocrx_word' id='word_1_709' title='bbox 2531 5370 2710 5442; x_wconf 87' lang='lat' dir='ltr'><strong>(Cant.</strong></span> <span class='ocrx_word' id='word_1_710' title='bbox 2777 5387 2829 5432; x_wconf 82' lang='grc' dir='ltr'><strong>ιι,</strong></span> <span class='ocrx_word' id='word_1_711' title='bbox 2897 5370 3009 5441; x_wconf 74' lang='grc'><strong>24).</strong></span> <span class='ocrx_word' id='word_1_712' title='bbox 3082 5369 3186 5426; x_wconf 90' lang='lat' dir='ltr'><strong>Cui</strong></span> <span class='ocrx_word' id='word_1_713' title='bbox 3252 5368 3607 5441; x_wconf 90' lang='lat' dir='ltr'><strong>spiraculum</strong></span> 
     </span>
    </p>
   </div>
   <div class='ocr_carea' id='block_1_96' title="bbox 1908 5459 3607 5531">
    <p class='ocr_par' dir='ltr' id='par_1_96' title="bbox 1908 5459 3607 5531">
     <span class='ocr_line' id='line_1_96' title="bbox 1908 5459 3607 5531; baseline 0 -16"><span class='ocrx_word' id='word_1_714' title='bbox 1908 5460 2040 5515; x_wconf 61' lang='lat' dir='ltr'><strong>vita;</strong></span> <span class='ocrx_word' id='word_1_715' title='bbox 2088 5459 2417 5528; x_wconf 90' lang='lat' dir='ltr'><strong>adhibetur,</strong></span> <span class='ocrx_word' id='word_1_716' title='bbox 2478 5467 2543 5517; x_wconf 91' lang='lat' dir='ltr'><strong>ut</strong></span> <span class='ocrx_word' id='word_1_717' title='bbox 2585 5460 2793 5531; x_wconf 92' lang='lat' dir='ltr'><strong>spiritu</strong></span> <span class='ocrx_word' id='word_1_718' title='bbox 2840 5475 2945 5517; x_wconf 93' lang='lat' dir='ltr'><strong>suo</strong></span> <span class='ocrx_word' id='word_1_719' title='bbox 3001 5459 3247 5528; x_wconf 87' lang='lat' dir='ltr'><strong>deficiat,</strong></span> <span class='ocrx_word' id='word_1_720' title='bbox 3297 5473 3416 5531; x_wconf 90' lang='lat' dir='ltr'><strong>qua</strong></span> <span class='ocrx_word' id='word_1_721' title='bbox 3465 5472 3607 5529; x_wconf 90' lang='lat' dir='ltr'><strong>pau-</strong></span> 
     </span>
    </p>
   </div>
   <div class='ocr_carea' id='block_1_97' title="bbox 1909 5547 3609 5621">
    <p class='ocr_par' dir='ltr' id='par_1_97' title="bbox 1909 5547 3609 5621">
     <span class='ocr_line' id='line_1_97' title="bbox 1909 5547 3609 5621; baseline -0.001 -17"><span class='ocrx_word' id='word_1_722' title='bbox 1909 5556 2125 5620; x_wconf 79' lang='lat' dir='ltr'><strong>pertate</strong></span> <span class='ocrx_word' id='word_1_723' title='bbox 2174 5548 2377 5606; x_wconf 90' lang='lat' dir='ltr'><strong>beatus</strong></span> <span class='ocrx_word' id='word_1_724' title='bbox 2425 5549 2543 5617; x_wconf 86' lang='lat' dir='ltr'><strong>fiat,</strong></span> <span class='ocrx_word' id='word_1_725' title='bbox 2589 5556 2644 5605; x_wconf 90' lang='lat' dir='ltr'><strong>et</strong></span> <span class='ocrx_word' id='word_1_726' title='bbox 2685 5564 2752 5606; x_wconf 92' lang='lat' dir='ltr'><strong>eo</strong></span> <span class='ocrx_word' id='word_1_727' title='bbox 2791 5550 3104 5621; x_wconf 89' lang='lat' dir='ltr'><strong>repleatur,</strong></span> <span class='ocrx_word' id='word_1_728' title='bbox 3149 5547 3253 5620; x_wconf 90' lang='lat' dir='ltr'><strong>qui</strong></span> <span class='ocrx_word' id='word_1_729' title='bbox 3298 5562 3356 5605; x_wconf 84' lang='lat' dir='ltr'><strong>se</strong></span> <span class='ocrx_word' id='word_1_730' title='bbox 3403 5547 3460 5603; x_wconf 93' lang='lat' dir='ltr'><strong>in</strong></span> <span class='ocrx_word' id='word_1_731' title='bbox 3498 5555 3609 5604; x_wconf 87' lang='lat' dir='ltr'><strong>ter-</strong></span> 
     </span>
    </p>
   </div>
   <div class='ocr_carea' id='block_1_98' title="bbox 1910 5637 3612 5708">
    <p class='ocr_par' dir='ltr' id='par_1_98' title="bbox 1910 5637 3612 5708">
     <span class='ocr_line' id='line_1_98' title="bbox 1910 5637 3612 5708; baseline -0.003 -13"><span class='ocrx_word' id='word_1_732' title='bbox 1910 5651 2033 5695; x_wconf 89' lang='lat' dir='ltr'><strong>ram</strong></span> <span class='ocrx_word' id='word_1_733' title='bbox 2093 5645 2305 5694; x_wconf 90' lang='lat' dir='ltr'><strong>rectam</strong></span> <span class='ocrx_word' id='word_1_734' title='bbox 2388 5637 2652 5708; x_wconf 87' lang='lat' dir='ltr'><strong>deducat,</strong></span> <span class='ocrx_word' id='word_1_735' title='bbox 2734 5653 2798 5695; x_wconf 92' lang='lat' dir='ltr'><strong>os</strong></span> <span class='ocrx_word' id='word_1_736' title='bbox 2873 5637 3261 5695; x_wconf 72' lang='lat' dir='ltr'><strong>emundandze</strong></span> <span class='ocrx_word' id='word_1_737' title='bbox 3346 5651 3447 5706; x_wconf 89' lang='lat' dir='ltr'><strong>per</strong></span> <span class='ocrx_word' id='word_1_738' title='bbox 3481 5649 3612 5692; x_wconf 86' lang='lat' dir='ltr'><strong>con-</strong></span> 
     </span>
    </p>
   </div>
   <div class='ocr_carea' id='block_1_99' title="bbox 1911 5721 3611 5799">
    <p class='ocr_par' dir='ltr' id='par_1_99' title="bbox 1911 5721 3611 5799">
     <span class='ocr_line' id='line_1_99' title="bbox 1911 5721 3611 5799; baseline -0.003 -16"><span class='ocrx_word' id='word_1_739' title='bbox 1911 5726 2212 5785; x_wconf 88' lang='lat' dir='ltr'><strong>fessionem</strong></span> <span class='ocrx_word' id='word_1_740' title='bbox 2271 5727 2635 5785; x_wconf 80' lang='lat' dir='ltr'><strong>conscientiae</strong></span> <span class='ocrx_word' id='word_1_741' title='bbox 2691 5727 2932 5799; x_wconf 89' lang='lat' dir='ltr'><strong>aperiat,</strong></span> <span class='ocrx_word' id='word_1_742' title='bbox 2989 5734 3055 5784; x_wconf 90' lang='lat' dir='ltr'><strong>ut</strong></span> <span class='ocrx_word' id='word_1_743' title='bbox 3109 5725 3375 5797; x_wconf 88' lang='lat' dir='ltr'><strong>spiritum</strong></span> <span class='ocrx_word' id='word_1_744' title='bbox 3433 5721 3611 5779; x_wconf 84' lang='lat' dir='ltr'><strong>disci-</strong></span> 
     </span>
    </p>
   </div>
  </div>
