  <div class='ocr_page' id='page_1' title='image "/cluster/home/n/w/nwhite01/storage/ocr_20150623/156-157/uc1.31175010662024/039.png"; bbox 0 0 3966 6464; ppageno 0'>
   <div class='ocr_carea' id='block_1_1' title="bbox 340 407 2024 465">
    <p class='ocr_par' dir='ltr' id='par_1_1' title="bbox 340 407 2011 465">
     <span class='ocr_line' id='line_1_1' title="bbox 340 407 2011 465; baseline 0 -1"><span class='ocrx_word' id='word_1_1' title='bbox 340 410 410 464; x_wconf 77' lang='lat'><strong>63</strong></span> <span class='ocrx_word' id='word_1_2' title='bbox 1236 407 1304 464; x_wconf 69' lang='grc' dir='ltr'><strong>ν.</strong></span> <span class='ocrx_word' id='word_1_3' title='bbox 1345 407 1680 465; x_wconf 82' lang='lat' dir='ltr'><strong>GUIBERTI</strong></span> <span class='ocrx_word' id='word_1_4' title='bbox 1716 407 2011 464; x_wconf 78' lang='lat' dir='ltr'><strong>ABBATIS</strong></span> 
     </span>
    </p>
   </div>
   <div class='ocr_carea' id='block_1_2' title="bbox 2215 407 3860 465">
    <p class='ocr_par' dir='ltr' id='par_1_2' title="bbox 2215 407 3860 465">
     <span class='ocr_line' id='line_1_2' title="bbox 2215 407 3860 465; baseline 0 -3"><span class='ocrx_word' id='word_1_5' title='bbox 2215 408 2388 464; x_wconf 69' lang='lat' dir='ltr'><strong>\RIA&#39;I</strong></span> <span class='ocrx_word' id='word_1_6' title='bbox 2429 409 2518 464; x_wconf 84' lang='lat' dir='ltr'><strong>DE</strong></span> <span class='ocrx_word' id='word_1_7' title='bbox 2560 407 2960 465; x_wconf 78' lang='lat' dir='ltr'><strong>NOVIGENTO</strong></span> <span class='ocrx_word' id='word_1_8' title='bbox 3795 412 3860 463; x_wconf 67' lang='grc' dir='ltr'><em>Μ</em></span> 
     </span>
    </p>
   </div>
   <div class='ocr_carea' id='block_1_3' title="bbox 347 538 3861 613">
    <p class='ocr_par' dir='ltr' id='par_1_3' title="bbox 347 538 3861 613">
     <span class='ocr_line' id='line_1_3' title="bbox 347 538 3861 613; baseline -0 -15"><span class='ocrx_word' id='word_1_9' title='bbox 347 541 537 613; x_wconf 71' lang='lat' dir='ltr'><strong>plinte,</strong></span> <span class='ocrx_word' id='word_1_10' title='bbox 591 541 691 612; x_wconf 86' lang='lat' dir='ltr'><strong>qui</strong></span> <span class='ocrx_word' id='word_1_11' title='bbox 737 544 936 598; x_wconf 82' lang='lat' dir='ltr'><strong>fictum</strong></span> <span class='ocrx_word' id='word_1_12' title='bbox 981 540 1211 612; x_wconf 92' lang='lat' dir='ltr'><strong>refugit,</strong></span> <span class='ocrx_word' id='word_1_13' title='bbox 1261 540 1531 612; x_wconf 76' lang='lat' dir='ltr'><strong>excipiat,</strong></span> <span class='ocrx_word' id='word_1_14' title='bbox 1580 555 1644 596; x_wconf 89' lang='lat' dir='ltr'><strong>os</strong></span> <span class='ocrx_word' id='word_1_15' title='bbox 1671 539 1920 611; x_wconf 90' lang='lat' dir='ltr'><strong>denique</strong></span> <span class='ocrx_word' id='word_1_16' title='bbox 1963 539 2032 595; x_wconf 92' lang='lat' dir='ltr'><strong>ad</strong></span> <span class='ocrx_word' id='word_1_17' title='bbox 2065 545 2108 597; x_wconf 77' lang='grc' dir='ltr'>Α</span> <span class='ocrx_word' id='word_1_18' title='bbox 2147 540 2417 610; x_wconf 76' lang='lat' dir='ltr'><strong>creatrix,</strong></span> <span class='ocrx_word' id='word_1_19' title='bbox 2460 555 2591 610; x_wconf 75' lang='lat' dir='ltr'><strong>quae</strong></span> <span class='ocrx_word' id='word_1_20' title='bbox 2629 547 2711 596; x_wconf 86' lang='lat' dir='ltr'><strong>est</strong></span> <span class='ocrx_word' id='word_1_21' title='bbox 2744 538 2840 596; x_wconf 88' lang='lat' dir='ltr'><strong>Dei</strong></span> <span class='ocrx_word' id='word_1_22' title='bbox 2887 539 3084 596; x_wconf 87' lang='lat' dir='ltr'><strong>Filius.</strong></span> <span class='ocrx_word' id='word_1_23' title='bbox 3119 542 3252 597; x_wconf 71' lang='lat' dir='ltr'><strong>Haec</strong></span> <span class='ocrx_word' id='word_1_24' title='bbox 3294 542 3411 598; x_wconf 91' lang='lat' dir='ltr'><strong>duo</strong></span> <span class='ocrx_word' id='word_1_25' title='bbox 3445 543 3711 600; x_wconf 75' lang='lat' dir='ltr'><strong>breviter</strong></span> <span class='ocrx_word' id='word_1_26' title='bbox 3743 556 3861 612; x_wconf 89' lang='lat' dir='ltr'><strong>per-</strong></span> 
     </span>
    </p>
   </div>
   <div class='ocr_carea' id='block_1_4' title="bbox 346 628 2968 700">
    <p class='ocr_par' dir='ltr' id='par_1_4' title="bbox 346 628 2968 700">
     <span class='ocr_line' id='line_1_4' title="bbox 346 628 2968 700; baseline -0.001 -14"><span class='ocrx_word' id='word_1_27' title='bbox 346 631 494 687; x_wconf 90' lang='lat' dir='ltr'><strong>boua</strong></span> <span class='ocrx_word' id='word_1_28' title='bbox 548 631 868 687; x_wconf 85' lang='lat' dir='ltr'><strong>docendum</strong></span> <span class='ocrx_word' id='word_1_29' title='bbox 945 630 1188 687; x_wconf 92' lang='lat' dir='ltr'><strong>dilatare</strong></span> <span class='ocrx_word' id='word_1_30' title='bbox 1251 630 1498 696; x_wconf 81' lang='lat' dir='ltr'><strong>studeat,</strong></span> <span class='ocrx_word' id='word_1_31' title='bbox 1558 636 1622 685; x_wconf 92' lang='lat' dir='ltr'><strong>ut</strong></span> <span class='ocrx_word' id='word_1_32' title='bbox 1679 629 1734 685; x_wconf 89' lang='lat' dir='ltr'><strong>id</strong></span> <span class='ocrx_word' id='word_1_33' title='bbox 1793 628 2036 685; x_wconf 74' lang='lat' dir='ltr'><strong>caelestis</strong></span> <span class='ocrx_word' id='word_1_34' title='bbox 2141 629 2372 700; x_wconf 84' lang='lat' dir='ltr'><strong>stringit</strong></span> <span class='ocrx_word' id='word_1_35' title='bbox 2437 630 2762 700; x_wconf 83' lang='lat' dir='ltr'><strong>Apostolus.</strong></span> <span class='ocrx_word' id='word_1_36' title='bbox 2849 631 2968 686; x_wconf 81' lang='lat' dir='ltr'><strong>Non</strong></span> 
     </span>
    </p>
   </div>
   <div class='ocr_carea' id='block_1_5' title="bbox 345 717 2036 790">
    <p class='ocr_par' dir='ltr' id='par_1_5' title="bbox 345 717 2036 790">
     <span class='ocr_line' id='line_1_5' title="bbox 345 717 2036 790; baseline -0.002 -15"><span class='ocrx_word' id='word_1_37' title='bbox 345 719 636 776; x_wconf 82' lang='lat' dir='ltr'><strong>anhelitus</strong></span> <span class='ocrx_word' id='word_1_38' title='bbox 710 719 914 790; x_wconf 88' lang='lat' dir='ltr'><strong>placite</strong></span> <span class='ocrx_word' id='word_1_39' title='bbox 989 721 1227 790; x_wconf 90' lang='lat' dir='ltr'><strong>illapsus</strong></span> <span class='ocrx_word' id='word_1_40' title='bbox 1295 719 1620 789; x_wconf 87' lang='lat' dir='ltr'><strong>adimpleat.</strong></span> <span class='ocrx_word' id='word_1_41' title='bbox 1697 717 2036 787; x_wconf 85' lang='lat' dir='ltr'><strong>Inspirando</strong></span> 
     </span>
    </p>
   </div>
   <div class='ocr_carea' id='block_1_6' title="bbox 348 805 2036 878">
    <p class='ocr_par' dir='ltr' id='par_1_6' title="bbox 348 805 2036 878">
     <span class='ocr_line' id='line_1_6' title="bbox 348 805 2036 878; baseline -0.002 -14"><span class='ocrx_word' id='word_1_42' title='bbox 348 821 600 878; x_wconf 79' lang='lat' dir='ltr'><strong>namque</strong></span> <span class='ocrx_word' id='word_1_43' title='bbox 645 808 929 863; x_wconf 82' lang='lat' dir='ltr'><strong>trahimus</strong></span> <span class='ocrx_word' id='word_1_44' title='bbox 957 816 1012 863; x_wconf 91' lang='lat' dir='ltr'><strong>et</strong></span> <span class='ocrx_word' id='word_1_45' title='bbox 1051 807 1364 862; x_wconf 90' lang='lat' dir='ltr'><strong>emittimus</strong></span> <span class='ocrx_word' id='word_1_46' title='bbox 1409 807 1695 876; x_wconf 81' lang='lat' dir='ltr'><strong>spiritum.</strong></span> <span class='ocrx_word' id='word_1_47' title='bbox 1738 805 1896 862; x_wconf 89' lang='lat' dir='ltr'><strong>Unde</strong></span> <span class='ocrx_word' id='word_1_48' title='bbox 1943 805 2036 860; x_wconf 92' lang='lat' dir='ltr'><strong>di-</strong></span> 
     </span>
    </p>
   </div>
   <div class='ocr_carea' id='block_1_7' title="bbox 349 893 2034 966">
    <p class='ocr_par' dir='ltr' id='par_1_7' title="bbox 349 893 2034 966">
     <span class='ocr_line' id='line_1_7' title="bbox 349 893 2034 966; baseline -0.003 -15"><span class='ocrx_word' id='word_1_49' title='bbox 349 896 536 952; x_wconf 89' lang='lat' dir='ltr'><strong>citur:</strong></span> <span class='ocrx_word' id='word_1_50' title='bbox 573 897 644 952; x_wconf 93' lang='lat' dir='ltr'><strong>0s</strong></span> <span class='ocrx_word' id='word_1_51' title='bbox 692 911 865 950; x_wconf 77' lang='lat' dir='ltr'><strong>meum</strong></span> <span class='ocrx_word' id='word_1_52' title='bbox 921 898 1135 966; x_wconf 83' lang='lat' dir='ltr'><strong>aperui,</strong></span> <span class='ocrx_word' id='word_1_53' title='bbox 1188 901 1238 950; x_wconf 91' lang='lat' dir='ltr'><strong>et</strong></span> <span class='ocrx_word' id='word_1_54' title='bbox 1295 897 1510 949; x_wconf 67' lang='lat' dir='ltr'><strong>attraxi</strong></span> <span class='ocrx_word' id='word_1_55' title='bbox 1555 895 1817 964; x_wconf 79' lang='lat' dir='ltr'><strong>spiritum</strong></span> <span class='ocrx_word' id='word_1_56' title='bbox 1867 893 2034 964; x_wconf 79' lang='lat' dir='ltr'><strong>(Psat.</strong></span> 
     </span>
    </p>
   </div>
   <div class='ocr_carea' id='block_1_8' title="bbox 349 985 2035 1055">
    <p class='ocr_par' dir='ltr' id='par_1_8' title="bbox 349 985 2035 1055">
     <span class='ocr_line' id='line_1_8' title="bbox 349 985 2035 1055; baseline -0.001 -17"><span class='ocrx_word' id='word_1_57' title='bbox 349 1000 534 1052; x_wconf 84' lang='lat' dir='ltr'><strong>cxvnt,</strong></span> <span class='ocrx_word' id='word_1_58' title='bbox 570 986 676 1055; x_wconf 88' lang='lat' dir='ltr'><strong>l3).</strong></span> <span class='ocrx_word' id='word_1_59' title='bbox 709 988 777 1040; x_wconf 83' lang='lat' dir='ltr'><strong>Et</strong></span> <span class='ocrx_word' id='word_1_60' title='bbox 803 987 986 1052; x_wconf 79' lang='lat' dir='ltr'><strong>factus</strong></span> <span class='ocrx_word' id='word_1_61' title='bbox 1037 990 1114 1040; x_wconf 90' lang='lat' dir='ltr'><strong>est</strong></span> <span class='ocrx_word' id='word_1_62' title='bbox 1150 985 1302 1040; x_wconf 83' lang='lat' dir='ltr'><strong>homo</strong></span> <span class='ocrx_word' id='word_1_63' title='bbox 1353 985 1412 1038; x_wconf 83' lang='lat' dir='ltr'><strong>in</strong></span> <span class='ocrx_word' id='word_1_64' title='bbox 1459 985 1700 1037; x_wconf 88' lang='lat' dir='ltr'><strong>animam</strong></span> <span class='ocrx_word' id='word_1_65' title='bbox 1752 985 2035 1037; x_wconf 81' lang='lat' dir='ltr'><strong>viventem.</strong></span> 
     </span>
    </p>
   </div>
   <div class='ocr_carea' id='block_1_9' title="bbox 351 1069 2042 1143">
    <p class='ocr_par' dir='ltr' id='par_1_9' title="bbox 351 1069 2042 1143">
     <span class='ocr_line' id='line_1_9' title="bbox 351 1069 2042 1143; baseline -0.002 -15"><span class='ocrx_word' id='word_1_66' title='bbox 351 1071 509 1128; x_wconf 87' lang='lat' dir='ltr'><strong>Sicut</strong></span> <span class='ocrx_word' id='word_1_67' title='bbox 555 1087 765 1143; x_wconf 89' lang='lat' dir='ltr'><strong>corpus</strong></span> <span class='ocrx_word' id='word_1_68' title='bbox 801 1073 923 1128; x_wconf 89' lang='lat' dir='ltr'><strong>sine</strong></span> <span class='ocrx_word' id='word_1_69' title='bbox 969 1072 1163 1128; x_wconf 87' lang='lat' dir='ltr'><strong>anima</strong></span> <span class='ocrx_word' id='word_1_70' title='bbox 1209 1072 1402 1128; x_wconf 86' lang='lat' dir='ltr'><strong>vivere</strong></span> <span class='ocrx_word' id='word_1_71' title='bbox 1450 1085 1562 1126; x_wconf 91' lang='lat' dir='ltr'><strong>non</strong></span> <span class='ocrx_word' id='word_1_72' title='bbox 1623 1070 1915 1141; x_wconf 63' lang='lat' dir='ltr'><strong>praevalet,</strong></span> <span class='ocrx_word' id='word_1_73' title='bbox 1960 1069 2042 1125; x_wconf 91' lang='lat' dir='ltr'><strong>sic</strong></span> 
     </span>
    </p>
   </div>
   <div class='ocr_carea' id='block_1_10' title="bbox 352 1158 2042 1229">
    <p class='ocr_par' dir='ltr' id='par_1_10' title="bbox 352 1158 2042 1229">
     <span class='ocr_line' id='line_1_10' title="bbox 352 1158 2042 1229; baseline -0.002 -13"><span class='ocrx_word' id='word_1_74' title='bbox 352 1161 566 1229; x_wconf 87' lang='lat' dir='ltr'><strong>anima,</strong></span> <span class='ocrx_word' id='word_1_75' title='bbox 597 1160 642 1216; x_wconf 89' lang='lat' dir='ltr'><strong>si</strong></span> <span class='ocrx_word' id='word_1_76' title='bbox 688 1161 800 1216; x_wconf 92' lang='lat' dir='ltr'><strong>Deo</strong></span> <span class='ocrx_word' id='word_1_77' title='bbox 847 1160 1170 1216; x_wconf 83' lang='lat' dir='ltr'><strong>inhabitare</strong></span> <span class='ocrx_word' id='word_1_78' title='bbox 1216 1167 1425 1226; x_wconf 84' lang='lat' dir='ltr'><strong>careat,</strong></span> <span class='ocrx_word' id='word_1_79' title='bbox 1480 1158 1744 1214; x_wconf 67' lang='lat' dir='ltr'><strong>diteriori</strong></span> <span class='ocrx_word' id='word_1_80' title='bbox 1794 1172 2042 1228; x_wconf 91' lang='lat' dir='ltr'><strong>pessum-</strong></span> 
     </span>
    </p>
   </div>
   <div class='ocr_carea' id='block_1_11' title="bbox 352 1247 2041 1320">
    <p class='ocr_par' dir='ltr' id='par_1_11' title="bbox 352 1247 2041 1320">
     <span class='ocr_line' id='line_1_11' title="bbox 352 1247 2041 1320; baseline 0 -18"><span class='ocrx_word' id='word_1_81' title='bbox 352 1247 486 1303; x_wconf 86' lang='lat' dir='ltr'><strong>data</strong></span> <span class='ocrx_word' id='word_1_82' title='bbox 515 1256 693 1304; x_wconf 90' lang='lat' dir='ltr'><strong>morte</strong></span> <span class='ocrx_word' id='word_1_83' title='bbox 729 1249 916 1320; x_wconf 84' lang='lat' dir='ltr'><strong>jacet;</strong></span> <span class='ocrx_word' id='word_1_84' title='bbox 951 1248 1096 1303; x_wconf 87' lang='lat' dir='ltr'><strong>facto</strong></span> <span class='ocrx_word' id='word_1_85' title='bbox 1130 1249 1308 1319; x_wconf 84' lang='lat' dir='ltr'><strong>igitur</strong></span> <span class='ocrx_word' id='word_1_86' title='bbox 1354 1247 1509 1315; x_wconf 90' lang='lat' dir='ltr'><strong>limo,</strong></span> <span class='ocrx_word' id='word_1_87' title='bbox 1550 1255 1606 1303; x_wconf 92' lang='lat' dir='ltr'><strong>et</strong></span> <span class='ocrx_word' id='word_1_88' title='bbox 1633 1247 1766 1303; x_wconf 91' lang='lat' dir='ltr'><strong>dato</strong></span> <span class='ocrx_word' id='word_1_89' title='bbox 1804 1247 1859 1302; x_wconf 93' lang='lat' dir='ltr'><strong>in</strong></span> <span class='ocrx_word' id='word_1_90' title='bbox 1902 1247 2041 1302; x_wconf 73' lang='lat' dir='ltr'><strong>facie</strong></span> 
     </span>
    </p>
   </div>
   <div class='ocr_carea' id='block_1_12' title="bbox 352 1335 2042 1407">
    <p class='ocr_par' dir='ltr' id='par_1_12' title="bbox 352 1335 2042 1407">
     <span class='ocr_line' id='line_1_12' title="bbox 352 1335 2042 1407; baseline -0.001 -16"><span class='ocrx_word' id='word_1_91' title='bbox 352 1335 479 1406; x_wconf 84' lang='lat' dir='ltr'><strong>ejus</strong></span> <span class='ocrx_word' id='word_1_92' title='bbox 507 1336 788 1407; x_wconf 92' lang='lat' dir='ltr'><strong>spiraculo</strong></span> <span class='ocrx_word' id='word_1_93' title='bbox 819 1344 970 1392; x_wconf 89' lang='lat' dir='ltr'><strong>totus</strong></span> <span class='ocrx_word' id='word_1_94' title='bbox 993 1336 1114 1406; x_wconf 91' lang='lat' dir='ltr'><strong>jam</strong></span> <span class='ocrx_word' id='word_1_95' title='bbox 1159 1335 1390 1391; x_wconf 87' lang='lat' dir='ltr'><strong>vividus</strong></span> <span class='ocrx_word' id='word_1_96' title='bbox 1419 1343 1641 1392; x_wconf 89' lang='lat' dir='ltr'><strong>constat</strong></span> <span class='ocrx_word' id='word_1_97' title='bbox 1688 1336 1876 1390; x_wconf 87' lang='lat' dir='ltr'><strong>homo.</strong></span> <span class='ocrx_word' id='word_1_98' title='bbox 1909 1335 2042 1390; x_wconf 90' lang='lat' dir='ltr'><strong>Siu-</strong></span> 
     </span>
    </p>
   </div>
   <div class='ocr_carea' id='block_1_13' title="bbox 355 1422 2040 1494">
    <p class='ocr_par' dir='ltr' id='par_1_13' title="bbox 355 1422 2040 1494">
     <span class='ocr_line' id='line_1_13' title="bbox 355 1422 2040 1494; baseline -0.002 -16"><span class='ocrx_word' id='word_1_99' title='bbox 355 1422 556 1478; x_wconf 83' lang='lat' dir='ltr'><strong>ceritas</strong></span> <span class='ocrx_word' id='word_1_100' title='bbox 591 1424 744 1480; x_wconf 93' lang='lat' dir='ltr'><strong>enim</strong></span> <span class='ocrx_word' id='word_1_101' title='bbox 794 1423 953 1478; x_wconf 80' lang='lat' dir='ltr'><strong>faciei</strong></span> <span class='ocrx_word' id='word_1_102' title='bbox 996 1423 1172 1489; x_wconf 88' lang='lat' dir='ltr'><strong>illius,</strong></span> <span class='ocrx_word' id='word_1_103' title='bbox 1227 1437 1348 1493; x_wconf 89' lang='lat' dir='ltr'><strong>qua</strong></span> <span class='ocrx_word' id='word_1_104' title='bbox 1393 1424 1576 1480; x_wconf 89' lang='lat' dir='ltr'><strong>Deum</strong></span> <span class='ocrx_word' id='word_1_105' title='bbox 1620 1422 2040 1494; x_wconf 86' lang='lat' dir='ltr'><strong>cognoscimus,</strong></span> 
     </span>
    </p>
   </div>
   <div class='ocr_carea' id='block_1_14' title="bbox 353 1510 2044 1582">
    <p class='ocr_par' dir='ltr' id='par_1_14' title="bbox 353 1510 2044 1582">
     <span class='ocr_line' id='line_1_14' title="bbox 353 1510 2044 1582; baseline -0.001 -17"><span class='ocrx_word' id='word_1_106' title='bbox 353 1525 586 1582; x_wconf 90' lang='lat' dir='ltr'><strong>quaque</strong></span> <span class='ocrx_word' id='word_1_107' title='bbox 615 1525 649 1566; x_wconf 88' lang='lat' dir='ltr'><strong>a</strong></span> <span class='ocrx_word' id='word_1_108' title='bbox 675 1513 784 1567; x_wconf 91' lang='lat' dir='ltr'><strong>Deo</strong></span> <span class='ocrx_word' id='word_1_109' title='bbox 825 1510 1247 1580; x_wconf 79' lang='lat' dir='ltr'><strong>cognoscimur,</strong></span> <span class='ocrx_word' id='word_1_110' title='bbox 1291 1526 1407 1580; x_wconf 91' lang='lat' dir='ltr'><strong>quo</strong></span> <span class='ocrx_word' id='word_1_111' title='bbox 1450 1519 1650 1566; x_wconf 90' lang='lat' dir='ltr'><strong>contra</strong></span> <span class='ocrx_word' id='word_1_112' title='bbox 1699 1511 1892 1566; x_wconf 90' lang='lat' dir='ltr'><strong>minus</strong></span> <span class='ocrx_word' id='word_1_113' title='bbox 1920 1511 2044 1564; x_wconf 86' lang='lat' dir='ltr'><strong>sin-</strong></span> 
     </span>
    </p>
   </div>
   <div class='ocr_carea' id='block_1_15' title="bbox 353 1599 2042 1670">
    <p class='ocr_par' dir='ltr' id='par_1_15' title="bbox 353 1599 2042 1670">
     <span class='ocr_line' id='line_1_15' title="bbox 353 1599 2042 1670; baseline -0.001 -16"><span class='ocrx_word' id='word_1_114' title='bbox 353 1601 496 1654; x_wconf 87' lang='lat' dir='ltr'><strong>ceris</strong></span> <span class='ocrx_word' id='word_1_115' title='bbox 523 1599 874 1670; x_wconf 89' lang='lat' dir='ltr'><strong>quibusdam</strong></span> <span class='ocrx_word' id='word_1_116' title='bbox 904 1599 1309 1664; x_wconf 86' lang='lat' dir='ltr'><strong>clamantibus,</strong></span> <span class='ocrx_word' id='word_1_117' title='bbox 1345 1601 1584 1664; x_wconf 83' lang='lat' dir='ltr'><strong>Domine,</strong></span> <span class='ocrx_word' id='word_1_118' title='bbox 1606 1603 1779 1668; x_wconf 73' lang='grc' dir='ltr'><strong>αρρνὶ,</strong></span> <span class='ocrx_word' id='word_1_119' title='bbox 1813 1599 2042 1661; x_wconf 88' lang='lat' dir='ltr'><strong>dicitur,</strong></span> 
     </span>
    </p>
   </div>
   <div class='ocr_carea' id='block_1_16' title="bbox 353 1686 2049 1758">
    <p class='ocr_par' dir='ltr' id='par_1_16' title="bbox 353 1686 2049 1758">
     <span class='ocr_line' id='line_1_16' title="bbox 353 1686 2049 1758; baseline -0.001 -18"><span class='ocrx_word' id='word_1_120' title='bbox 353 1689 525 1742; x_wconf 88' lang='lat' dir='ltr'><strong>nescio</strong></span> <span class='ocrx_word' id='word_1_121' title='bbox 544 1703 636 1742; x_wconf 83' lang='lat' dir='ltr'><strong>vos</strong></span> <span class='ocrx_word' id='word_1_122' title='bbox 665 1689 883 1758; x_wconf 80' lang='lat' dir='ltr'><strong>(Matth.</strong></span> <span class='ocrx_word' id='word_1_123' title='bbox 920 1703 1046 1753; x_wconf 83' lang='lat' dir='ltr'><strong>xxv,</strong></span> <span class='ocrx_word' id='word_1_124' title='bbox 1085 1687 1214 1756; x_wconf 79' lang='lat' dir='ltr'><strong>l2);</strong></span> <span class='ocrx_word' id='word_1_125' title='bbox 1269 1687 1363 1742; x_wconf 93' lang='lat' dir='ltr'><strong>ubi</strong></span> <span class='ocrx_word' id='word_1_126' title='bbox 1398 1687 1671 1757; x_wconf 86' lang='lat' dir='ltr'><strong>pallorem</strong></span> <span class='ocrx_word' id='word_1_127' title='bbox 1719 1686 2049 1742; x_wconf 88' lang='lat' dir='ltr'><strong>defectionis</strong></span> 
     </span>
    </p>
   </div>
   <div class='ocr_carea' id='block_1_17' title="bbox 355 1775 1952 1847">
    <p class='ocr_par' dir='ltr' id='par_1_17' title="bbox 355 1775 1952 1847">
     <span class='ocr_line' id='line_1_17' title="bbox 355 1775 1952 1847; baseline -0.003 -15"><span class='ocrx_word' id='word_1_128' title='bbox 355 1776 558 1833; x_wconf 90' lang='lat' dir='ltr'><strong>habeat</strong></span> <span class='ocrx_word' id='word_1_129' title='bbox 587 1791 719 1847; x_wconf 71' lang='lat' dir='ltr'><strong>quae</strong></span> <span class='ocrx_word' id='word_1_130' title='bbox 749 1789 920 1847; x_wconf 89' lang='lat' dir='ltr'><strong>penes</strong></span> <span class='ocrx_word' id='word_1_131' title='bbox 949 1789 1008 1831; x_wconf 92' lang='lat' dir='ltr'><strong>se</strong></span> <span class='ocrx_word' id='word_1_132' title='bbox 1037 1775 1225 1831; x_wconf 83' lang='lat' dir='ltr'><strong>vitalis</strong></span> <span class='ocrx_word' id='word_1_133' title='bbox 1251 1775 1486 1846; x_wconf 91' lang='lat' dir='ltr'><strong>spiritus</strong></span> <span class='ocrx_word' id='word_1_134' title='bbox 1511 1775 1716 1830; x_wconf 90' lang='lat' dir='ltr'><strong>arrhas</strong></span> <span class='ocrx_word' id='word_1_135' title='bbox 1747 1781 1952 1845; x_wconf 87' lang='lat' dir='ltr'><strong>portat.</strong></span> 
     </span>
    </p>
   </div>
   <div class='ocr_carea' id='block_1_18' title="bbox 3050 631 3862 697">
    <p class='ocr_par' dir='ltr' id='par_1_18' title="bbox 3050 631 3862 697">
     <span class='ocr_line' id='line_1_18' title="bbox 3050 631 3862 697; baseline 0.004 -15"><span class='ocrx_word' id='word_1_136' title='bbox 3050 633 3214 696; x_wconf 84' lang='lat' dir='ltr'><strong>enim,</strong></span> <span class='ocrx_word' id='word_1_137' title='bbox 3301 635 3548 697; x_wconf 73' lang='lat' dir='ltr'><strong>cognovit</strong></span> <span class='ocrx_word' id='word_1_138' title='bbox 3613 631 3862 686; x_wconf 85' lang='lat' dir='ltr'><strong>mundus</strong></span> 
     </span>
    </p>
   </div>
   <div class='ocr_carea' id='block_1_19' title="bbox 2144 718 3862 790">
    <p class='ocr_par' dir='ltr' id='par_1_19' title="bbox 2144 718 3862 790">
     <span class='ocr_line' id='line_1_19' title="bbox 2144 718 3862 790; baseline 0.003 -20"><span class='ocrx_word' id='word_1_139' title='bbox 2144 720 2201 771; x_wconf 86' lang='lat' dir='ltr'><strong>in</strong></span> <span class='ocrx_word' id='word_1_140' title='bbox 2238 720 2513 788; x_wconf 82' lang='lat' dir='ltr'><strong>sapientia</strong></span> <span class='ocrx_word' id='word_1_141' title='bbox 2544 721 2636 773; x_wconf 86' lang='lat' dir='ltr'><strong>Dei</strong></span> <span class='ocrx_word' id='word_1_142' title='bbox 2659 718 2850 787; x_wconf 89' lang='lat' dir='ltr'><strong>(ICor.</strong></span> <span class='ocrx_word' id='word_1_143' title='bbox 2889 737 2922 786; x_wconf 87' lang='grc' dir='ltr'><strong>ι,</strong></span> <span class='ocrx_word' id='word_1_144' title='bbox 2956 722 3046 787; x_wconf 74' lang='lat'><strong>‘21)</strong></span> <span class='ocrx_word' id='word_1_145' title='bbox 3075 736 3088 786; x_wconf 88' lang='lat'><strong>;</strong></span> <span class='ocrx_word' id='word_1_146' title='bbox 3125 733 3223 788; x_wconf 85' lang='lat' dir='ltr'><strong>per</strong></span> <span class='ocrx_word' id='word_1_147' title='bbox 3254 721 3592 790; x_wconf 82' lang='lat' dir='ltr'><strong>sapientiam</strong></span> <span class='ocrx_word' id='word_1_148' title='bbox 3625 719 3862 775; x_wconf 85' lang='lat' dir='ltr'><strong>subau-</strong></span> 
     </span>
    </p>
   </div>
   <div class='ocr_carea' id='block_1_20' title="bbox 2145 806 3864 877">
    <p class='ocr_par' dir='ltr' id='par_1_20' title="bbox 2145 806 3864 877">
     <span class='ocr_line' id='line_1_20' title="bbox 2145 806 3864 877; baseline 0.001 -16"><span class='ocrx_word' id='word_1_149' title='bbox 2145 807 2233 862; x_wconf 89' lang='lat' dir='ltr'><strong>dis</strong></span> <span class='ocrx_word' id='word_1_150' title='bbox 2265 806 2466 862; x_wconf 90' lang='lat' dir='ltr'><strong>tnundi</strong></span> <span class='ocrx_word' id='word_1_151' title='bbox 2499 807 2701 862; x_wconf 90' lang='lat' dir='ltr'><strong>Deum.</strong></span> <span class='ocrx_word' id='word_1_152' title='bbox 2743 806 3031 876; x_wconf 77' lang='lat' dir='ltr'><strong>Sapientia</strong></span> <span class='ocrx_word' id='word_1_153' title='bbox 3062 820 3269 862; x_wconf 88' lang='lat' dir='ltr'><strong>rursus</strong></span> <span class='ocrx_word' id='word_1_154' title='bbox 3316 815 3556 862; x_wconf 85' lang='lat' dir='ltr'><strong>vocatur</strong></span> <span class='ocrx_word' id='word_1_155' title='bbox 3587 807 3647 863; x_wconf 91' lang='lat' dir='ltr'><strong>in</strong></span> <span class='ocrx_word' id='word_1_156' title='bbox 3687 822 3864 877; x_wconf 87' lang='lat' dir='ltr'><strong>ange-</strong></span> 
     </span>
    </p>
   </div>
   <div class='ocr_carea' id='block_1_21' title="bbox 2148 894 3858 951">
    <p class='ocr_par' dir='ltr' id='par_1_21' title="bbox 2148 894 3858 951">
     <span class='ocr_line' id='line_1_21' title="bbox 2148 894 3858 951; baseline -0.001 -1"><span class='ocrx_word' id='word_1_157' title='bbox 2148 895 2217 950; x_wconf 90' lang='lat' dir='ltr'><strong>lis</strong></span> <span class='ocrx_word' id='word_1_158' title='bbox 2254 909 2320 950; x_wconf 93' lang='lat' dir='ltr'><strong>ac</strong></span> <span class='ocrx_word' id='word_1_159' title='bbox 2366 896 2580 950; x_wconf 91' lang='lat' dir='ltr'><strong>sanctis</strong></span> <span class='ocrx_word' id='word_1_160' title='bbox 2622 894 2955 950; x_wconf 89' lang='lat' dir='ltr'><strong>hominibus</strong></span> <span class='ocrx_word' id='word_1_161' title='bbox 3005 895 3286 951; x_wconf 89' lang='lat' dir='ltr'><strong>divinitus</strong></span> <span class='ocrx_word' id='word_1_162' title='bbox 3349 894 3640 950; x_wconf 89' lang='lat' dir='ltr'><strong>illustrata</strong></span> <span class='ocrx_word' id='word_1_163' title='bbox 3689 896 3858 950; x_wconf 90' lang='lat' dir='ltr'><strong>ratio.</strong></span> 
     </span>
    </p>
   </div>
   <div class='ocr_carea' id='block_1_22' title="bbox 2151 984 3864 1054">
    <p class='ocr_par' dir='ltr' id='par_1_22' title="bbox 2151 984 3864 1054">
     <span class='ocr_line' id='line_1_22' title="bbox 2151 984 3864 1054; baseline -0.002 -15"><span class='ocrx_word' id='word_1_164' title='bbox 2151 984 2282 1040; x_wconf 61' lang='lat' dir='ltr'><strong>Haec</strong></span> <span class='ocrx_word' id='word_1_165' title='bbox 2310 993 2394 1040; x_wconf 91' lang='lat' dir='ltr'><strong>est</strong></span> <span class='ocrx_word' id='word_1_166' title='bbox 2438 999 2569 1054; x_wconf 76' lang='lat' dir='ltr'><strong>qua:</strong></span> <span class='ocrx_word' id='word_1_167' title='bbox 2618 984 2909 1054; x_wconf 86' lang='lat' dir='ltr'><strong>loquitur:</strong></span> <span class='ocrx_word' id='word_1_168' title='bbox 2965 985 3028 1038; x_wconf 83' lang='lat' dir='ltr'><strong>In</strong></span> <span class='ocrx_word' id='word_1_169' title='bbox 3077 985 3391 1038; x_wconf 78' lang='lat' dir='ltr'><strong>Jerusalem</strong></span> <span class='ocrx_word' id='word_1_170' title='bbox 3436 991 3684 1053; x_wconf 83' lang='lat' dir='ltr'><strong>potestas</strong></span> <span class='ocrx_word' id='word_1_171' title='bbox 3742 999 3864 1036; x_wconf 86' lang='lat' dir='ltr'><strong>mea</strong></span> 
     </span>
    </p>
   </div>
   <div class='ocr_carea' id='block_1_23' title="bbox 2151 1071 3862 1140">
    <p class='ocr_par' dir='ltr' id='par_1_23' title="bbox 2151 1071 3862 1140">
     <span class='ocr_line' id='line_1_23' title="bbox 2151 1071 3862 1140; baseline 0 -14"><span class='ocrx_word' id='word_1_172' title='bbox 2151 1072 2351 1140; x_wconf 84' lang='lat' dir='ltr'><strong>(Eccti.</strong></span> <span class='ocrx_word' id='word_1_173' title='bbox 2381 1089 2528 1138; x_wconf 82' lang='lat' dir='ltr'><strong>xxiv,</strong></span> <span class='ocrx_word' id='word_1_174' title='bbox 2582 1075 2694 1140; x_wconf 78' lang='grc'><strong>15),</strong></span> <span class='ocrx_word' id='word_1_175' title='bbox 2737 1078 2793 1128; x_wconf 92' lang='lat' dir='ltr'><strong>et</strong></span> <span class='ocrx_word' id='word_1_176' title='bbox 2837 1081 3062 1127; x_wconf 67' lang='lat' dir='ltr'><strong>caetera.</strong></span> <span class='ocrx_word' id='word_1_177' title='bbox 3112 1072 3244 1128; x_wconf 60' lang='lat' dir='ltr'><strong>Haec</strong></span> <span class='ocrx_word' id='word_1_178' title='bbox 3292 1071 3516 1139; x_wconf 87' lang='lat' dir='ltr'><strong>robore,</strong></span> <span class='ocrx_word' id='word_1_179' title='bbox 3569 1073 3778 1128; x_wconf 79' lang='lat' dir='ltr'><strong>fructu</strong></span> <span class='ocrx_word' id='word_1_180' title='bbox 3809 1079 3862 1126; x_wconf 90' lang='lat' dir='ltr'><strong>et</strong></span> 
     </span>
    </p>
   </div>
   <div class='ocr_carea' id='block_1_24' title="bbox 2153 1160 3860 1228">
    <p class='ocr_par' dir='ltr' id='par_1_24' title="bbox 2153 1160 3860 1228">
     <span class='ocr_line' id='line_1_24' title="bbox 2153 1160 3860 1228; baseline -0.001 -12"><span class='ocrx_word' id='word_1_181' title='bbox 2153 1163 2359 1218; x_wconf 89' lang='lat' dir='ltr'><strong>umbra</strong></span> <span class='ocrx_word' id='word_1_182' title='bbox 2387 1161 2508 1217; x_wconf 91' lang='lat' dir='ltr'><strong>suis</strong></span> <span class='ocrx_word' id='word_1_183' title='bbox 2549 1161 2679 1216; x_wconf 69' lang='lat' dir='ltr'><strong>vitae</strong></span> <span class='ocrx_word' id='word_1_184' title='bbox 2729 1160 3015 1216; x_wconf 88' lang='lat' dir='ltr'><strong>ministrat</strong></span> <span class='ocrx_word' id='word_1_185' title='bbox 3064 1161 3425 1228; x_wconf 89' lang='lat' dir='ltr'><strong>alimentum,</strong></span> <span class='ocrx_word' id='word_1_186' title='bbox 3471 1162 3518 1216; x_wconf 90' lang='lat' dir='ltr'><strong>si</strong></span> <span class='ocrx_word' id='word_1_187' title='bbox 3554 1169 3758 1216; x_wconf 90' lang='lat' dir='ltr'><strong>tamen</strong></span> <span class='ocrx_word' id='word_1_188' title='bbox 3805 1161 3860 1214; x_wconf 92' lang='lat' dir='ltr'><strong>in</strong></span> 
     </span>
    </p>
   </div>
   <div class='ocr_carea' id='block_1_25' title="bbox 2151 1249 3860 1318">
    <p class='ocr_par' dir='ltr' id='par_1_25' title="bbox 2151 1249 3860 1318">
     <span class='ocr_line' id='line_1_25' title="bbox 2151 1249 3860 1318; baseline -0.002 -14"><span class='ocrx_word' id='word_1_189' title='bbox 2151 1249 2338 1305; x_wconf 88' lang='lat' dir='ltr'><strong>medio</strong></span> <span class='ocrx_word' id='word_1_190' title='bbox 2367 1250 2637 1305; x_wconf 84' lang='lat' dir='ltr'><strong>consistat</strong></span> <span class='ocrx_word' id='word_1_191' title='bbox 2678 1249 2944 1318; x_wconf 79' lang='lat' dir='ltr'><strong>paradisi,</strong></span> <span class='ocrx_word' id='word_1_192' title='bbox 3002 1257 3211 1304; x_wconf 91' lang='lat' dir='ltr'><strong>utnon</strong></span> <span class='ocrx_word' id='word_1_193' title='bbox 3257 1263 3383 1304; x_wconf 89' lang='lat' dir='ltr'><strong>eam</strong></span> <span class='ocrx_word' id='word_1_194' title='bbox 3418 1262 3453 1303; x_wconf 91' lang='lat' dir='ltr'><strong>a</strong></span> <span class='ocrx_word' id='word_1_195' title='bbox 3495 1263 3657 1318; x_wconf 82' lang='lat' dir='ltr'><strong>regia</strong></span> <span class='ocrx_word' id='word_1_196' title='bbox 3703 1249 3860 1311; x_wconf 88' lang='lat' dir='ltr'><strong>sede,</strong></span> 
     </span>
    </p>
   </div>
   <div class='ocr_carea' id='block_1_26' title="bbox 2151 1337 3863 1407">
    <p class='ocr_par' dir='ltr' id='par_1_26' title="bbox 2151 1337 3863 1407">
     <span class='ocr_line' id='line_1_26' title="bbox 2151 1337 3863 1407; baseline -0.001 -15"><span class='ocrx_word' id='word_1_197' title='bbox 2151 1352 2270 1407; x_wconf 91' lang='lat' dir='ltr'><strong>qna</strong></span> <span class='ocrx_word' id='word_1_198' title='bbox 2334 1338 2800 1392; x_wconf 90' lang='lat' dir='ltr'><strong>circumstantem</strong></span> <span class='ocrx_word' id='word_1_199' title='bbox 2873 1337 3126 1406; x_wconf 85' lang='lat' dir='ltr'><strong>disponit</strong></span> <span class='ocrx_word' id='word_1_200' title='bbox 3180 1337 3524 1403; x_wconf 87' lang='lat' dir='ltr'><strong>exercitum,</strong></span> <span class='ocrx_word' id='word_1_201' title='bbox 3597 1337 3863 1392; x_wconf 87' lang='lat' dir='ltr'><strong>carnalis</strong></span> 
     </span>
    </p>
   </div>
   <div class='ocr_carea' id='block_1_27' title="bbox 2153 1423 3863 1495">
    <p class='ocr_par' dir='ltr' id='par_1_27' title="bbox 2153 1423 3863 1495">
     <span class='ocr_line' id='line_1_27' title="bbox 2153 1423 3863 1495; baseline -0.002 -14"><span class='ocrx_word' id='word_1_202' title='bbox 2153 1427 2447 1495; x_wconf 80' lang='lat' dir='ltr'><strong>tyrannice</strong></span> <span class='ocrx_word' id='word_1_203' title='bbox 2475 1426 2746 1480; x_wconf 78' lang='lat' dir='ltr'><strong>extrudat</strong></span> <span class='ocrx_word' id='word_1_204' title='bbox 2793 1424 3050 1490; x_wconf 77' lang='lat' dir='ltr'><strong>allectus,</strong></span> <span class='ocrx_word' id='word_1_205' title='bbox 3084 1423 3180 1479; x_wconf 88' lang='lat' dir='ltr'><strong>sed</strong></span> <span class='ocrx_word' id='word_1_206' title='bbox 3222 1424 3406 1479; x_wconf 91' lang='lat' dir='ltr'><strong>tnedia</strong></span> <span class='ocrx_word' id='word_1_207' title='bbox 3441 1425 3687 1480; x_wconf 91' lang='lat' dir='ltr'><strong>internis</strong></span> <span class='ocrx_word' id='word_1_208' title='bbox 3717 1438 3863 1479; x_wconf 88' lang='lat' dir='ltr'><strong>cur-</strong></span> 
     </span>
    </p>
   </div>
   <div class='ocr_carea' id='block_1_28' title="bbox 2154 1512 3712 1569">
    <p class='ocr_par' dir='ltr' id='par_1_28' title="bbox 2154 1512 3712 1569">
     <span class='ocr_line' id='line_1_28' title="bbox 2154 1512 3712 1569; baseline -0.003 0"><span class='ocrx_word' id='word_1_209' title='bbox 2154 1528 2284 1569; x_wconf 87' lang='lat' dir='ltr'><strong>rens</strong></span> <span class='ocrx_word' id='word_1_210' title='bbox 2314 1515 2395 1569; x_wconf 91' lang='lat' dir='ltr'><strong>uti</strong></span> <span class='ocrx_word' id='word_1_211' title='bbox 2426 1513 2676 1569; x_wconf 86' lang='lat' dir='ltr'><strong>medulla</strong></span> <span class='ocrx_word' id='word_1_212' title='bbox 2705 1514 2930 1568; x_wconf 88' lang='lat' dir='ltr'><strong>ossibus</strong></span> <span class='ocrx_word' id='word_1_213' title='bbox 2958 1527 3157 1568; x_wconf 86' lang='lat' dir='ltr'><strong>succos</strong></span> <span class='ocrx_word' id='word_1_214' title='bbox 3183 1512 3384 1568; x_wconf 90' lang='lat' dir='ltr'><strong>vitales</strong></span> <span class='ocrx_word' id='word_1_215' title='bbox 3405 1513 3712 1569; x_wconf 89' lang='lat' dir='ltr'><strong>attribuat.</strong></span> 
     </span>
    </p>
   </div>
   <div class='ocr_carea' id='block_1_29' title="bbox 2226 1601 3863 1672">
    <p class='ocr_par' dir='ltr' id='par_1_29' title="bbox 2226 1601 3863 1672">
     <span class='ocr_line' id='line_1_29' title="bbox 2226 1601 3863 1672; baseline -0.001 -15"><span class='ocrx_word' id='word_1_216' title='bbox 2226 1604 2457 1669; x_wconf 86' lang='lat' dir='ltr'><strong>Lignum</strong></span> <span class='ocrx_word' id='word_1_217' title='bbox 2521 1619 2729 1672; x_wconf 82' lang='lat' dir='ltr'><strong>quoque</strong></span> <span class='ocrx_word' id='word_1_218' title='bbox 2779 1605 3016 1656; x_wconf 66' lang='lat' dir='ltr'><strong>scientiae</strong></span> <span class='ocrx_word' id='word_1_219' title='bbox 3073 1601 3196 1655; x_wconf 85' lang='lat' dir='ltr'><strong>boni</strong></span> <span class='ocrx_word' id='word_1_220' title='bbox 3260 1607 3310 1656; x_wconf 86' lang='lat' dir='ltr'><strong>et</strong></span> <span class='ocrx_word' id='word_1_221' title='bbox 3365 1603 3520 1656; x_wconf 83' lang='lat' dir='ltr'><strong>mali.</strong></span> <span class='ocrx_word' id='word_1_222' title='bbox 3588 1602 3730 1657; x_wconf 68' lang='lat' dir='ltr'><strong>Haec</strong></span> <span class='ocrx_word' id='word_1_223' title='bbox 3778 1609 3863 1656; x_wconf 87' lang='lat' dir='ltr'><strong>est</strong></span> 
     </span>
    </p>
   </div>
   <div class='ocr_carea' id='block_1_30' title="bbox 2157 1688 3862 1747">
    <p class='ocr_par' dir='ltr' id='par_1_30' title="bbox 2157 1688 3862 1747">
     <span class='ocr_line' id='line_1_30' title="bbox 2157 1688 3862 1747; baseline -0.002 -2"><span class='ocrx_word' id='word_1_224' title='bbox 2157 1691 2425 1746; x_wconf 86' lang='lat' dir='ltr'><strong>voluntas</strong></span> <span class='ocrx_word' id='word_1_225' title='bbox 2467 1699 2681 1746; x_wconf 90' lang='lat' dir='ltr'><strong>nostra.</strong></span> <span class='ocrx_word' id='word_1_226' title='bbox 2745 1691 3022 1747; x_wconf 86' lang='lat' dir='ltr'><strong>Voluntas</strong></span> <span class='ocrx_word' id='word_1_227' title='bbox 3074 1697 3266 1745; x_wconf 90' lang='lat' dir='ltr'><strong>autem</strong></span> <span class='ocrx_word' id='word_1_228' title='bbox 3313 1697 3399 1745; x_wconf 89' lang='lat' dir='ltr'><strong>est</strong></span> <span class='ocrx_word' id='word_1_229' title='bbox 3457 1698 3648 1745; x_wconf 89' lang='lat' dir='ltr'><strong>motus</strong></span> <span class='ocrx_word' id='word_1_230' title='bbox 3676 1688 3862 1744; x_wconf 90' lang='lat' dir='ltr'><strong>animi</strong></span> 
     </span>
    </p>
   </div>
   <div class='ocr_carea' id='block_1_31' title="bbox 2156 1777 3858 1849">
    <p class='ocr_par' dir='ltr' id='par_1_31' title="bbox 2156 1777 3858 1849">
     <span class='ocr_line' id='line_1_31' title="bbox 2156 1777 3858 1849; baseline -0.002 -16"><span class='ocrx_word' id='word_1_231' title='bbox 2156 1785 2391 1849; x_wconf 85' lang='lat' dir='ltr'><strong>cogente</strong></span> <span class='ocrx_word' id='word_1_232' title='bbox 2413 1778 2573 1834; x_wconf 94' lang='lat' dir='ltr'><strong>nullo</strong></span> <span class='ocrx_word' id='word_1_233' title='bbox 2602 1778 2675 1833; x_wconf 90' lang='lat' dir='ltr'><strong>ad</strong></span> <span class='ocrx_word' id='word_1_234' title='bbox 2697 1778 2914 1848; x_wconf 92' lang='lat' dir='ltr'><strong>aliquid</strong></span> <span class='ocrx_word' id='word_1_235' title='bbox 2941 1777 3304 1833; x_wconf 76' lang='lat' dir='ltr'><strong>efﬁciendum</strong></span> <span class='ocrx_word' id='word_1_236' title='bbox 3331 1777 3416 1832; x_wconf 90' lang='lat' dir='ltr'><strong>vel</strong></span> <span class='ocrx_word' id='word_1_237' title='bbox 3439 1778 3858 1847; x_wconf 88' lang='lat' dir='ltr'><strong>appetendum.</strong></span> 
     </span>
    </p>
   </div>
   <div class='ocr_carea' id='block_1_32' title="bbox 425 1839 3862 1937">
    <p class='ocr_par' dir='ltr' id='par_1_32' title="bbox 425 1839 3862 1937">
     <span class='ocr_line' id='line_1_32' title="bbox 425 1839 3862 1937; baseline -0 -16"><span class='ocrx_word' id='word_1_238' title='bbox 425 1839 622 1921; x_wconf 35' lang='lat' dir='ltr'><strong>Vens:</strong></span> <span class='ocrx_word' id='word_1_239' title='bbox 644 1867 696 1919; x_wconf 91' lang='lat'><strong>8.</strong></span> <span class='ocrx_word' id='word_1_240' title='bbox 729 1839 797 1906; x_wconf 48' lang='lat'><strong>:—</strong></span> <span class='ocrx_word' id='word_1_241' title='bbox 827 1865 1180 1919; x_wconf 75' lang='lat' dir='ltr'><strong>Plantaverat</strong></span> <span class='ocrx_word' id='word_1_242' title='bbox 1223 1839 1402 1917; x_wconf 67' lang='lat' dir='ltr'><strong>autem</strong></span> <span class='ocrx_word' id='word_1_243' title='bbox 1441 1863 1706 1917; x_wconf 81' lang='lat' dir='ltr'><strong>Dominus</strong></span> <span class='ocrx_word' id='word_1_244' title='bbox 1749 1839 1899 1916; x_wconf 63' lang='lat' dir='ltr'><strong>beas</strong></span> <span class='ocrx_word' id='word_1_245' title='bbox 1933 1878 2044 1931; x_wconf 85' lang='lat' dir='ltr'><strong>pa-</strong></span> <span class='ocrx_word' id='word_1_246' title='bbox 2081 1839 2117 1892; x_wconf 74' lang='grc' dir='ltr'><strong><em>Β</em></strong></span> <span class='ocrx_word' id='word_1_247' title='bbox 2157 1839 2395 1922; x_wconf 55' lang='grc' dir='ltr'>δίνθιιίῐη</span> <span class='ocrx_word' id='word_1_248' title='bbox 2427 1865 2654 1937; x_wconf 90' lang='lat' dir='ltr'><strong>cogitur</strong></span> <span class='ocrx_word' id='word_1_249' title='bbox 2690 1839 2841 1936; x_wconf 75' lang='lat' dir='ltr'><strong>quis,</strong></span> <span class='ocrx_word' id='word_1_250' title='bbox 2880 1867 3175 1922; x_wconf 87' lang='lat' dir='ltr'><strong>voluntate</strong></span> <span class='ocrx_word' id='word_1_251' title='bbox 3198 1881 3311 1921; x_wconf 93' lang='lat' dir='ltr'><strong>non</strong></span> <span class='ocrx_word' id='word_1_252' title='bbox 3343 1839 3580 1921; x_wconf 44' lang='lat' dir='ltr'><strong>duci-tur</strong></span> <span class='ocrx_word' id='word_1_253' title='bbox 3605 1881 3621 1935; x_wconf 93' lang='lat'><strong>;</strong></span> <span class='ocrx_word' id='word_1_254' title='bbox 3645 1866 3862 1920; x_wconf 85' lang='lat' dir='ltr'><strong>diabo-</strong></span> 
     </span>
    </p>
   </div>
   <div class='ocr_carea' id='block_1_33' title="bbox 354 1952 2046 2021">
    <p class='ocr_par' dir='ltr' id='par_1_33' title="bbox 354 1952 2046 2021">
     <span class='ocr_line' id='line_1_33' title="bbox 354 1952 2046 2021; baseline -0.001 -16"><span class='ocrx_word' id='word_1_255' title='bbox 354 1953 598 2005; x_wconf 78' lang='lat' dir='ltr'><strong>radisum</strong></span> <span class='ocrx_word' id='word_1_256' title='bbox 636 1952 933 2021; x_wconf 79' lang='lat' dir='ltr'><strong>voluptatis</strong></span> <span class='ocrx_word' id='word_1_257' title='bbox 981 1952 1050 2006; x_wconf 85' lang='lat' dir='ltr'><strong>ab</strong></span> <span class='ocrx_word' id='word_1_258' title='bbox 1092 1953 1274 2016; x_wconf 88' lang='lat' dir='ltr'><strong>initio,</strong></span> <span class='ocrx_word' id='word_1_259' title='bbox 1315 1953 1374 2006; x_wconf 81' lang='lat' dir='ltr'><strong>in</strong></span> <span class='ocrx_word' id='word_1_260' title='bbox 1421 1967 1525 2020; x_wconf 90' lang='lat' dir='ltr'><strong>quo</strong></span> <span class='ocrx_word' id='word_1_261' title='bbox 1570 1953 1753 2020; x_wconf 85' lang='lat' dir='ltr'><strong>posuit</strong></span> <span class='ocrx_word' id='word_1_262' title='bbox 1783 1953 2046 2006; x_wconf 83' lang='lat' dir='ltr'><strong>hominem</strong></span> 
     </span>
    </p>
   </div>
   <div class='ocr_carea' id='block_1_34' title="bbox 355 2039 2048 2110">
    <p class='ocr_par' dir='ltr' id='par_1_34' title="bbox 355 2039 2048 2110">
     <span class='ocr_line' id='line_1_34' title="bbox 355 2039 2048 2110; baseline -0.001 -15"><span class='ocrx_word' id='word_1_263' title='bbox 355 2056 511 2110; x_wconf 83' lang='lat' dir='ltr'><strong>quem</strong></span> <span class='ocrx_word' id='word_1_264' title='bbox 571 2041 928 2106; x_wconf 81' lang='lat' dir='ltr'><strong>formaverat.</strong></span> <span class='ocrx_word' id='word_1_265' title='bbox 1009 2039 1315 2096; x_wconf 89' lang='lat' dir='ltr'><strong>Paradisus</strong></span> <span class='ocrx_word' id='word_1_266' title='bbox 1384 2039 1711 2110; x_wconf 88' lang='lat' dir='ltr'><strong>voluptatis,</strong></span> <span class='ocrx_word' id='word_1_267' title='bbox 1774 2041 2048 2095; x_wconf 84' lang='lat' dir='ltr'><strong>serenitas</strong></span> 
     </span>
    </p>
   </div>
   <div class='ocr_carea' id='block_1_35' title="bbox 356 2128 2048 2199">
    <p class='ocr_par' dir='ltr' id='par_1_35' title="bbox 356 2128 2048 2199">
     <span class='ocr_line' id='line_1_35' title="bbox 356 2128 2048 2199; baseline -0.001 -15"><span class='ocrx_word' id='word_1_268' title='bbox 356 2136 438 2186; x_wconf 90' lang='lat' dir='ltr'><strong>cst</strong></span> <span class='ocrx_word' id='word_1_269' title='bbox 471 2136 683 2184; x_wconf 68' lang='lat' dir='ltr'><strong>sanctae</strong></span> <span class='ocrx_word' id='word_1_270' title='bbox 712 2128 1176 2196; x_wconf 89' lang='lat' dir='ltr'><strong>conversationis,</strong></span> <span class='ocrx_word' id='word_1_271' title='bbox 1213 2129 1270 2182; x_wconf 91' lang='lat' dir='ltr'><strong>in</strong></span> <span class='ocrx_word' id='word_1_272' title='bbox 1309 2142 1428 2199; x_wconf 93' lang='lat' dir='ltr'><strong>qua</strong></span> <span class='ocrx_word' id='word_1_273' title='bbox 1455 2142 1586 2183; x_wconf 91' lang='lat' dir='ltr'><strong>cum</strong></span> <span class='ocrx_word' id='word_1_274' title='bbox 1618 2128 1898 2183; x_wconf 89' lang='lat' dir='ltr'><strong>virtutum</strong></span> <span class='ocrx_word' id='word_1_275' title='bbox 1931 2141 2048 2182; x_wconf 91' lang='lat' dir='ltr'><strong>un-</strong></span> 
     </span>
    </p>
   </div>
   <div class='ocr_carea' id='block_1_36' title="bbox 355 2215 2050 2288">
    <p class='ocr_par' dir='ltr' id='par_1_36' title="bbox 355 2215 2050 2288">
     <span class='ocr_line' id='line_1_36' title="bbox 355 2215 2050 2288; baseline -0.001 -16"><span class='ocrx_word' id='word_1_276' title='bbox 355 2218 531 2288; x_wconf 91' lang='lat' dir='ltr'><strong>dique</strong></span> <span class='ocrx_word' id='word_1_277' title='bbox 580 2216 798 2272; x_wconf 90' lang='lat' dir='ltr'><strong>surculi</strong></span> <span class='ocrx_word' id='word_1_278' title='bbox 847 2217 1271 2286; x_wconf 90' lang='lat' dir='ltr'><strong>provehuntur,</strong></span> <span class='ocrx_word' id='word_1_279' title='bbox 1316 2225 1371 2272; x_wconf 88' lang='lat' dir='ltr'><strong>et</strong></span> <span class='ocrx_word' id='word_1_280' title='bbox 1411 2216 1527 2286; x_wconf 84' lang='lat' dir='ltr'><strong>spei</strong></span> <span class='ocrx_word' id='word_1_281' title='bbox 1568 2215 2050 2272; x_wconf 87' lang='lat' dir='ltr'><strong>immarcessibilis</strong></span> 
     </span>
    </p>
   </div>
   <div class='ocr_carea' id='block_1_37' title="bbox 358 2303 2051 2376">
    <p class='ocr_par' dir='ltr' id='par_1_37' title="bbox 358 2303 2051 2376">
     <span class='ocr_line' id='line_1_37' title="bbox 358 2303 2051 2376; baseline -0.002 -16"><span class='ocrx_word' id='word_1_282' title='bbox 358 2304 623 2376; x_wconf 86' lang='lat' dir='ltr'><strong>gramina</strong></span> <span class='ocrx_word' id='word_1_283' title='bbox 669 2311 932 2371; x_wconf 88' lang='lat' dir='ltr'><strong>vernant,</strong></span> <span class='ocrx_word' id='word_1_284' title='bbox 990 2303 1175 2374; x_wconf 89' lang='lat' dir='ltr'><strong>surgit</strong></span> <span class='ocrx_word' id='word_1_285' title='bbox 1229 2303 1360 2360; x_wconf 91' lang='lat' dir='ltr'><strong>inde</strong></span> <span class='ocrx_word' id='word_1_286' title='bbox 1403 2304 1601 2375; x_wconf 91' lang='lat' dir='ltr'><strong>aquilo</strong></span> <span class='ocrx_word' id='word_1_287' title='bbox 1650 2311 1705 2360; x_wconf 92' lang='lat' dir='ltr'><strong>et</strong></span> <span class='ocrx_word' id='word_1_288' title='bbox 1751 2303 2051 2374; x_wconf 88' lang='lat' dir='ltr'><strong>temperies</strong></span> 
     </span>
    </p>
   </div>
   <div class='ocr_carea' id='block_1_38' title="bbox 358 2391 2050 2459">
    <p class='ocr_par' dir='ltr' id='par_1_38' title="bbox 358 2391 2050 2459">
     <span class='ocr_line' id='line_1_38' title="bbox 358 2391 2050 2459; baseline 0 -13"><span class='ocrx_word' id='word_1_289' title='bbox 358 2391 572 2448; x_wconf 88' lang='lat' dir='ltr'><strong>accedit</strong></span> <span class='ocrx_word' id='word_1_290' title='bbox 632 2391 920 2447; x_wconf 89' lang='lat' dir='ltr'><strong>australis.</strong></span> <span class='ocrx_word' id='word_1_291' title='bbox 980 2391 1290 2447; x_wconf 89' lang='lat' dir='ltr'><strong>Paradisus</strong></span> <span class='ocrx_word' id='word_1_292' title='bbox 1349 2391 1502 2448; x_wconf 91' lang='lat' dir='ltr'><strong>enim</strong></span> <span class='ocrx_word' id='word_1_293' title='bbox 1561 2391 1774 2459; x_wconf 66' lang='lat' dir='ltr'><strong>Graece,</strong></span> <span class='ocrx_word' id='word_1_294' title='bbox 1857 2391 2050 2447; x_wconf 87' lang='lat' dir='ltr'><strong>Latine</strong></span> 
     </span>
    </p>
   </div>
   <div class='ocr_carea' id='block_1_39' title="bbox 358 2472 2052 2550">
    <p class='ocr_par' dir='ltr' id='par_1_39' title="bbox 358 2472 2052 2550">
     <span class='ocr_line' id='line_1_39' title="bbox 358 2472 2052 2550; baseline -0.001 -14"><span class='ocrx_word' id='word_1_295' title='bbox 358 2479 570 2536; x_wconf 91' lang='lat' dir='ltr'><strong>dicitur</strong></span> <span class='ocrx_word' id='word_1_296' title='bbox 603 2481 820 2536; x_wconf 89' lang='lat' dir='ltr'><strong>hortus.</strong></span> <span class='ocrx_word' id='word_1_297' title='bbox 872 2480 924 2536; x_wconf 93' lang='lat' dir='ltr'><strong>Si</strong></span> <span class='ocrx_word' id='word_1_298' title='bbox 975 2487 1168 2536; x_wconf 89' lang='lat' dir='ltr'><strong>autem</strong></span> <span class='ocrx_word' id='word_1_299' title='bbox 1207 2472 1599 2537; x_wconf 31' lang='lat' dir='ltr'><strong>secura-mens</strong></span> <span class='ocrx_word' id='word_1_300' title='bbox 1645 2493 1821 2550; x_wconf 91' lang='lat' dir='ltr'><strong>quam</strong></span> <span class='ocrx_word' id='word_1_301' title='bbox 1868 2479 2052 2550; x_wconf 89' lang='lat' dir='ltr'><strong>turpis</strong></span> 
     </span>
    </p>
   </div>
   <div class='ocr_carea' id='block_1_40' title="bbox 359 2567 2048 2640">
    <p class='ocr_par' dir='ltr' id='par_1_40' title="bbox 359 2567 2048 2640">
     <span class='ocr_line' id='line_1_40' title="bbox 359 2567 2048 2640; baseline -0.002 -16"><span class='ocrx_word' id='word_1_302' title='bbox 359 2568 528 2639; x_wconf 88' lang='lat' dir='ltr'><strong>culpa</strong></span> <span class='ocrx_word' id='word_1_303' title='bbox 573 2583 690 2624; x_wconf 91' lang='lat' dir='ltr'><strong>non</strong></span> <span class='ocrx_word' id='word_1_304' title='bbox 723 2567 960 2636; x_wconf 90' lang='lat' dir='ltr'><strong>mordet,</strong></span> <span class='ocrx_word' id='word_1_305' title='bbox 999 2569 1172 2640; x_wconf 81' lang='lat' dir='ltr'><strong>juxta</strong></span> <span class='ocrx_word' id='word_1_306' title='bbox 1218 2568 1577 2624; x_wconf 87' lang='lat' dir='ltr'><strong>Salomonem</strong></span> <span class='ocrx_word' id='word_1_307' title='bbox 1611 2571 1787 2639; x_wconf 85' lang='lat' dir='ltr'><strong>(Prov.</strong></span> <span class='ocrx_word' id='word_1_308' title='bbox 1819 2585 1910 2636; x_wconf 85' lang='lat' dir='ltr'><strong>xv,</strong></span> <span class='ocrx_word' id='word_1_309' title='bbox 1944 2571 2048 2635; x_wconf 77' lang='lat'><strong>15),</strong></span> 
     </span>
    </p>
   </div>
   <div class='ocr_carea' id='block_1_41' title="bbox 361 2656 2050 2729">
    <p class='ocr_par' dir='ltr' id='par_1_41' title="bbox 361 2656 2050 2729">
     <span class='ocr_line' id='line_1_41' title="bbox 361 2656 2050 2729; baseline -0.001 -16"><span class='ocrx_word' id='word_1_310' title='bbox 361 2657 526 2728; x_wconf 89' lang='lat' dir='ltr'><strong>quasi</strong></span> <span class='ocrx_word' id='word_1_311' title='bbox 585 2657 724 2729; x_wconf 88' lang='lat' dir='ltr'><strong>juge</strong></span> <span class='ocrx_word' id='word_1_312' title='bbox 769 2657 1098 2713; x_wconf 91' lang='lat' dir='ltr'><strong>convivium</strong></span> <span class='ocrx_word' id='word_1_313' title='bbox 1137 2663 1243 2725; x_wconf 89' lang='lat' dir='ltr'><strong>est,</strong></span> <span class='ocrx_word' id='word_1_314' title='bbox 1293 2671 1425 2713; x_wconf 89' lang='lat' dir='ltr'><strong>nam</strong></span> <span class='ocrx_word' id='word_1_315' title='bbox 1485 2658 1632 2713; x_wconf 90' lang='lat' dir='ltr'><strong>male</strong></span> <span class='ocrx_word' id='word_1_316' title='bbox 1679 2657 1906 2713; x_wconf 90' lang='lat' dir='ltr'><strong>conscia</strong></span> <span class='ocrx_word' id='word_1_317' title='bbox 1943 2656 2050 2712; x_wconf 87' lang='lat' dir='ltr'><strong>sibi</strong></span> 
     </span>
    </p>
   </div>
   <div class='ocr_carea' id='block_1_42' title="bbox 362 2744 2054 2816">
    <p class='ocr_par' dir='ltr' id='par_1_42' title="bbox 362 2744 2054 2816">
     <span class='ocr_line' id='line_1_42' title="bbox 362 2744 2054 2816; baseline -0.002 -15"><span class='ocrx_word' id='word_1_318' title='bbox 362 2745 606 2816; x_wconf 91' lang='lat' dir='ltr'><strong>propriis</strong></span> <span class='ocrx_word' id='word_1_319' title='bbox 659 2758 882 2814; x_wconf 88' lang='lat' dir='ltr'><strong>semper</strong></span> <span class='ocrx_word' id='word_1_320' title='bbox 937 2744 1193 2816; x_wconf 86' lang='lat' dir='ltr'><strong>agitatur</strong></span> <span class='ocrx_word' id='word_1_321' title='bbox 1235 2744 1529 2800; x_wconf 88' lang='lat' dir='ltr'><strong>stimulis:</strong></span> <span class='ocrx_word' id='word_1_322' title='bbox 1583 2745 1725 2815; x_wconf 92' lang='lat' dir='ltr'><strong>quid</strong></span> <span class='ocrx_word' id='word_1_323' title='bbox 1781 2744 2054 2814; x_wconf 84' lang='lat' dir='ltr'><strong>simplicis</strong></span> 
     </span>
    </p>
   </div>
   <div class='ocr_carea' id='block_1_43' title="bbox 361 2832 2054 2903">
    <p class='ocr_par' dir='ltr' id='par_1_43' title="bbox 361 2832 2054 2903">
     <span class='ocr_line' id='line_1_43' title="bbox 361 2832 2054 2903; baseline 0 -15"><span class='ocrx_word' id='word_1_324' title='bbox 361 2833 539 2888; x_wconf 90' lang='lat' dir='ltr'><strong>animi</strong></span> <span class='ocrx_word' id='word_1_325' title='bbox 572 2833 891 2889; x_wconf 86' lang='lat' dir='ltr'><strong>testimonio</strong></span> <span class='ocrx_word' id='word_1_326' title='bbox 920 2832 1244 2903; x_wconf 86' lang='lat' dir='ltr'><strong>gloriosius,</strong></span> <span class='ocrx_word' id='word_1_327' title='bbox 1277 2833 1561 2889; x_wconf 69' lang='lat' dir='ltr'><strong>amoenius</strong></span> <span class='ocrx_word' id='word_1_328' title='bbox 1582 2834 1610 2889; x_wconf 71' lang='lat' dir='ltr'><strong>i</strong></span> <span class='ocrx_word' id='word_1_329' title='bbox 1657 2833 1761 2889; x_wconf 88' lang='lat' dir='ltr'><strong>Sed</strong></span> <span class='ocrx_word' id='word_1_330' title='bbox 1802 2835 1848 2888; x_wconf 90' lang='lat' dir='ltr'><strong>is</strong></span> <span class='ocrx_word' id='word_1_331' title='bbox 1881 2846 2054 2903; x_wconf 90' lang='lat' dir='ltr'><strong>para-</strong></span> 
     </span>
    </p>
   </div>
   <div class='ocr_carea' id='block_1_44' title="bbox 360 2921 2054 2992">
    <p class='ocr_par' dir='ltr' id='par_1_44' title="bbox 360 2921 2054 2992">
     <span class='ocr_line' id='line_1_44' title="bbox 360 2921 2054 2992; baseline -0.001 -15"><span class='ocrx_word' id='word_1_332' title='bbox 360 2921 519 2977; x_wconf 91' lang='lat' dir='ltr'><strong>disus</strong></span> <span class='ocrx_word' id='word_1_333' title='bbox 549 2921 796 2978; x_wconf 87' lang='lat' dir='ltr'><strong>habetur</strong></span> <span class='ocrx_word' id='word_1_334' title='bbox 817 2935 852 2978; x_wconf 94' lang='lat' dir='ltr'><strong>a</strong></span> <span class='ocrx_word' id='word_1_335' title='bbox 881 2922 1180 2992; x_wconf 89' lang='lat' dir='ltr'><strong>principio.</strong></span> <span class='ocrx_word' id='word_1_336' title='bbox 1214 2921 1264 2978; x_wconf 83' lang='lat' dir='ltr'><strong><em>A</em></strong></span> <span class='ocrx_word' id='word_1_337' title='bbox 1293 2936 1429 2992; x_wconf 93' lang='lat' dir='ltr'><strong>quo,</strong></span> <span class='ocrx_word' id='word_1_338' title='bbox 1462 2921 1569 2978; x_wconf 90' lang='lat' dir='ltr'><strong>nisi</strong></span> <span class='ocrx_word' id='word_1_339' title='bbox 1601 2922 1675 2978; x_wconf 92' lang='lat' dir='ltr'><strong>ab</strong></span> <span class='ocrx_word' id='word_1_340' title='bbox 1718 2922 1837 2992; x_wconf 92' lang='lat' dir='ltr'><strong>ipso</strong></span> <span class='ocrx_word' id='word_1_341' title='bbox 1857 2923 2054 2992; x_wconf 74' lang='lat' dir='ltr'><strong>primae</strong></span> 
     </span>
    </p>
   </div>
   <div class='ocr_carea' id='block_1_45' title="bbox 362 3008 2055 3081">
    <p class='ocr_par' dir='ltr' id='par_1_45' title="bbox 362 3008 2055 3081">
     <span class='ocr_line' id='line_1_45' title="bbox 362 3008 2055 3081; baseline -0.001 -15"><span class='ocrx_word' id='word_1_342' title='bbox 362 3017 570 3066; x_wconf 74' lang='lat' dir='ltr'><strong>nostrae</strong></span> <span class='ocrx_word' id='word_1_343' title='bbox 635 3008 976 3066; x_wconf 91' lang='lat' dir='ltr'><strong>conditionis</strong></span> <span class='ocrx_word' id='word_1_344' title='bbox 1020 3011 1329 3081; x_wconf 85' lang='lat' dir='ltr'><strong>exemplo?</strong></span> <span class='ocrx_word' id='word_1_345' title='bbox 1376 3011 1684 3067; x_wconf 87' lang='lat' dir='ltr'><strong>Pensemus</strong></span> <span class='ocrx_word' id='word_1_346' title='bbox 1731 3011 1787 3066; x_wconf 93' lang='lat' dir='ltr'><strong>in</strong></span> <span class='ocrx_word' id='word_1_347' title='bbox 1835 3018 2055 3080; x_wconf 90' lang='lat' dir='ltr'><strong>quanta</strong></span> 
     </span>
    </p>
   </div>
   <div class='ocr_carea' id='block_1_46' title="bbox 2155 1953 3859 2024">
    <p class='ocr_par' dir='ltr' id='par_1_46' title="bbox 2155 1953 3859 2024">
     <span class='ocr_line' id='line_1_46' title="bbox 2155 1953 3859 2024; baseline -0.001 -14"><span class='ocrx_word' id='word_1_348' title='bbox 2155 1955 2245 2010; x_wconf 92' lang='lat' dir='ltr'><strong>lus</strong></span> <span class='ocrx_word' id='word_1_349' title='bbox 2274 1968 2408 2009; x_wconf 92' lang='lat' dir='ltr'><strong>vero</strong></span> <span class='ocrx_word' id='word_1_350' title='bbox 2448 1953 2732 2009; x_wconf 90' lang='lat' dir='ltr'><strong>neminem</strong></span> <span class='ocrx_word' id='word_1_351' title='bbox 2783 1953 3150 2024; x_wconf 80' lang='lat' dir='ltr'><strong>suggestione</strong></span> <span class='ocrx_word' id='word_1_352' title='bbox 3182 1953 3488 2024; x_wconf 88' lang='lat' dir='ltr'><strong>compellit,</strong></span> <span class='ocrx_word' id='word_1_353' title='bbox 3532 1955 3627 2009; x_wconf 87' lang='lat' dir='ltr'><strong>sed</strong></span> <span class='ocrx_word' id='word_1_354' title='bbox 3660 1953 3859 2024; x_wconf 90' lang='lat' dir='ltr'><strong>potius</strong></span> 
     </span>
    </p>
   </div>
   <div class='ocr_carea' id='block_1_47' title="bbox 2153 2042 3860 2113">
    <p class='ocr_par' dir='ltr' id='par_1_47' title="bbox 2153 2042 3860 2113">
     <span class='ocr_line' id='line_1_47' title="bbox 2153 2042 3860 2113; baseline -0.001 -15"><span class='ocrx_word' id='word_1_355' title='bbox 2153 2042 2308 2113; x_wconf 93' lang='lat' dir='ltr'><strong>quod</strong></span> <span class='ocrx_word' id='word_1_356' title='bbox 2361 2042 2716 2098; x_wconf 87' lang='lat' dir='ltr'><strong>desideretur</strong></span> <span class='ocrx_word' id='word_1_357' title='bbox 2761 2042 3034 2106; x_wconf 88' lang='lat' dir='ltr'><strong>obtendit,</strong></span> <span class='ocrx_word' id='word_1_358' title='bbox 3093 2049 3148 2098; x_wconf 90' lang='lat' dir='ltr'><strong>et</strong></span> <span class='ocrx_word' id='word_1_359' title='bbox 3203 2043 3325 2098; x_wconf 87' lang='lat' dir='ltr'><strong>sine</strong></span> <span class='ocrx_word' id='word_1_360' title='bbox 3374 2042 3634 2099; x_wconf 85' lang='lat' dir='ltr'><strong>molestia</strong></span> <span class='ocrx_word' id='word_1_361' title='bbox 3663 2049 3774 2100; x_wconf 88' lang='lat' dir='ltr'><strong>aut</strong></span> <span class='ocrx_word' id='word_1_362' title='bbox 3805 2042 3860 2096; x_wconf 91' lang='lat' dir='ltr'><strong>vi</strong></span> 
     </span>
    </p>
   </div>
   <div class='ocr_carea' id='block_1_48' title="bbox 2155 2126 3861 2198">
    <p class='ocr_par' dir='ltr' id='par_1_48' title="bbox 2155 2126 3861 2198">
     <span class='ocr_line' id='line_1_48' title="bbox 2155 2126 3861 2198; baseline 0.001 -16"><span class='ocrx_word' id='word_1_363' title='bbox 2155 2134 2528 2197; x_wconf 89' lang='lat' dir='ltr'><strong>spontaneam</strong></span> <span class='ocrx_word' id='word_1_364' title='bbox 2602 2133 2848 2182; x_wconf 92' lang='lat' dir='ltr'><strong>mentem</strong></span> <span class='ocrx_word' id='word_1_365' title='bbox 2933 2126 3122 2183; x_wconf 91' lang='lat' dir='ltr'><strong>trahit.</strong></span> <span class='ocrx_word' id='word_1_366' title='bbox 3171 2127 3300 2182; x_wconf 91' lang='lat' dir='ltr'><strong>Sola</strong></span> <span class='ocrx_word' id='word_1_367' title='bbox 3344 2141 3483 2198; x_wconf 90' lang='lat' dir='ltr'><strong>ergo</strong></span> <span class='ocrx_word' id='word_1_368' title='bbox 3531 2128 3861 2184; x_wconf 87' lang='lat' dir='ltr'><strong>secundum</strong></span> 
     </span>
    </p>
   </div>
   <div class='ocr_carea' id='block_1_49' title="bbox 2157 2215 3856 2286">
    <p class='ocr_par' dir='ltr' id='par_1_49' title="bbox 2157 2215 3856 2286">
     <span class='ocr_line' id='line_1_49' title="bbox 2157 2215 3856 2286; baseline 0 -14"><span class='ocrx_word' id='word_1_369' title='bbox 2157 2216 2312 2272; x_wconf 92' lang='lat' dir='ltr'><strong>hunc</strong></span> <span class='ocrx_word' id='word_1_370' title='bbox 2340 2215 2575 2270; x_wconf 89' lang='lat' dir='ltr'><strong>modum</strong></span> <span class='ocrx_word' id='word_1_371' title='bbox 2623 2215 2940 2281; x_wconf 91' lang='lat' dir='ltr'><strong>voluntate,</strong></span> <span class='ocrx_word' id='word_1_372' title='bbox 2996 2229 3111 2271; x_wconf 91' lang='lat' dir='ltr'><strong>non</strong></span> <span class='ocrx_word' id='word_1_373' title='bbox 3158 2217 3492 2272; x_wconf 88' lang='lat' dir='ltr'><strong>necessitate</strong></span> <span class='ocrx_word' id='word_1_374' title='bbox 3523 2230 3856 2286; x_wconf 88' lang='lat' dir='ltr'><strong>peccamus,</strong></span> 
     </span>
    </p>
   </div>
   <div class='ocr_carea' id='block_1_50' title="bbox 2156 2303 3860 2376">
    <p class='ocr_par' dir='ltr' id='par_1_50' title="bbox 2156 2303 3860 2376">
     <span class='ocr_line' id='line_1_50' title="bbox 2156 2303 3860 2376; baseline 0 -16"><span class='ocrx_word' id='word_1_375' title='bbox 2156 2311 2212 2360; x_wconf 89' lang='lat' dir='ltr'><strong>et</strong></span> <span class='ocrx_word' id='word_1_376' title='bbox 2245 2303 2454 2359; x_wconf 90' lang='lat' dir='ltr'><strong>liberos</strong></span> <span class='ocrx_word' id='word_1_377' title='bbox 2505 2318 2608 2359; x_wconf 90' lang='lat' dir='ltr'><strong>nos</strong></span> <span class='ocrx_word' id='word_1_378' title='bbox 2651 2303 2912 2360; x_wconf 86' lang='lat' dir='ltr'><strong>servituti</strong></span> <span class='ocrx_word' id='word_1_379' title='bbox 2966 2304 3305 2360; x_wconf 87' lang='lat' dir='ltr'><strong>addicimus.</strong></span> <span class='ocrx_word' id='word_1_380' title='bbox 3345 2304 3622 2360; x_wconf 89' lang='lat' dir='ltr'><strong>Voluntas</strong></span> <span class='ocrx_word' id='word_1_381' title='bbox 3653 2313 3860 2376; x_wconf 81' lang='lat' dir='ltr'><strong>itaque</strong></span> 
     </span>
    </p>
   </div>
   <div class='ocr_carea' id='block_1_51' title="bbox 2156 2393 3863 2460">
    <p class='ocr_par' dir='ltr' id='par_1_51' title="bbox 2156 2393 3863 2460">
     <span class='ocr_line' id='line_1_51' title="bbox 2156 2393 3863 2460; baseline -0.001 -10"><span class='ocrx_word' id='word_1_382' title='bbox 2156 2408 2289 2450; x_wconf 91' lang='lat' dir='ltr'><strong>cum</strong></span> <span class='ocrx_word' id='word_1_383' title='bbox 2323 2394 2393 2450; x_wconf 88' lang='lat' dir='ltr'><strong>ad</strong></span> <span class='ocrx_word' id='word_1_384' title='bbox 2417 2394 2631 2449; x_wconf 91' lang='lat' dir='ltr'><strong>bonum</strong></span> <span class='ocrx_word' id='word_1_385' title='bbox 2665 2400 2721 2448; x_wconf 92' lang='lat' dir='ltr'><strong>et</strong></span> <span class='ocrx_word' id='word_1_386' title='bbox 2749 2393 2820 2448; x_wconf 92' lang='lat' dir='ltr'><strong>ad</strong></span> <span class='ocrx_word' id='word_1_387' title='bbox 2850 2393 3067 2448; x_wconf 91' lang='lat' dir='ltr'><strong>malum</strong></span> <span class='ocrx_word' id='word_1_388' title='bbox 3116 2393 3474 2449; x_wconf 85' lang='lat' dir='ltr'><strong>circumferri</strong></span> <span class='ocrx_word' id='word_1_389' title='bbox 3517 2393 3732 2460; x_wconf 89' lang='lat' dir='ltr'><strong>valeat,</strong></span> <span class='ocrx_word' id='word_1_390' title='bbox 3770 2394 3863 2449; x_wconf 93' lang='lat' dir='ltr'><strong>hic</strong></span> 
     </span>
    </p>
   </div>
   <div class='ocr_carea' id='block_1_52' title="bbox 2156 2481 3858 2552">
    <p class='ocr_par' dir='ltr' id='par_1_52' title="bbox 2156 2481 3858 2552">
     <span class='ocr_line' id='line_1_52' title="bbox 2156 2481 3858 2552; baseline -0.001 -14"><span class='ocrx_word' id='word_1_391' title='bbox 2156 2489 2211 2538; x_wconf 91' lang='lat' dir='ltr'><strong>et</strong></span> <span class='ocrx_word' id='word_1_392' title='bbox 2243 2483 2300 2537; x_wconf 90' lang='lat' dir='ltr'><strong>in</strong></span> <span class='ocrx_word' id='word_1_393' title='bbox 2332 2481 2706 2552; x_wconf 88' lang='lat' dir='ltr'><strong>sequentibus</strong></span> <span class='ocrx_word' id='word_1_394' title='bbox 2755 2481 2811 2536; x_wconf 93' lang='lat' dir='ltr'><strong>in</strong></span> <span class='ocrx_word' id='word_1_395' title='bbox 2861 2481 3012 2538; x_wconf 92' lang='lat' dir='ltr'><strong>malo</strong></span> <span class='ocrx_word' id='word_1_396' title='bbox 3055 2481 3373 2550; x_wconf 91' lang='lat' dir='ltr'><strong>accipitur:</strong></span> <span class='ocrx_word' id='word_1_397' title='bbox 3407 2481 3645 2539; x_wconf 89' lang='lat' dir='ltr'><strong>scientia</strong></span> <span class='ocrx_word' id='word_1_398' title='bbox 3676 2482 3858 2548; x_wconf 91' lang='lat' dir='ltr'><strong>enim,</strong></span> 
     </span>
    </p>
   </div>
   <div class='ocr_carea' id='block_1_53' title="bbox 2161 2569 3863 2640">
    <p class='ocr_par' dir='ltr' id='par_1_53' title="bbox 2161 2569 3863 2640">
     <span class='ocr_line' id='line_1_53' title="bbox 2161 2569 3863 2640; baseline -0.001 -14"><span class='ocrx_word' id='word_1_399' title='bbox 2161 2571 2214 2626; x_wconf 91' lang='lat' dir='ltr'><strong>id</strong></span> <span class='ocrx_word' id='word_1_400' title='bbox 2243 2579 2327 2628; x_wconf 88' lang='lat' dir='ltr'><strong>est</strong></span> <span class='ocrx_word' id='word_1_401' title='bbox 2356 2569 2713 2640; x_wconf 87' lang='lat' dir='ltr'><strong>experientia</strong></span> <span class='ocrx_word' id='word_1_402' title='bbox 2746 2569 2878 2624; x_wconf 90' lang='lat' dir='ltr'><strong>boni</strong></span> <span class='ocrx_word' id='word_1_403' title='bbox 2910 2577 2964 2626; x_wconf 90' lang='lat' dir='ltr'><strong>et</strong></span> <span class='ocrx_word' id='word_1_404' title='bbox 3017 2570 3174 2637; x_wconf 93' lang='lat' dir='ltr'><strong>mali,</strong></span> <span class='ocrx_word' id='word_1_405' title='bbox 3230 2570 3584 2640; x_wconf 90' lang='lat' dir='ltr'><strong>permaxime</strong></span> <span class='ocrx_word' id='word_1_406' title='bbox 3611 2571 3671 2627; x_wconf 93' lang='lat' dir='ltr'><strong>in</strong></span> <span class='ocrx_word' id='word_1_407' title='bbox 3707 2570 3863 2626; x_wconf 92' lang='lat' dir='ltr'><strong>malo</strong></span> 
     </span>
    </p>
   </div>
   <div class='ocr_carea' id='block_1_54' title="bbox 2160 2657 3862 2730">
    <p class='ocr_par' dir='ltr' id='par_1_54' title="bbox 2160 2657 3862 2730">
     <span class='ocr_line' id='line_1_54' title="bbox 2160 2657 3862 2730; baseline -0.001 -15"><span class='ocrx_word' id='word_1_408' title='bbox 2160 2666 2408 2730; x_wconf 63' lang='lat' dir='ltr'><strong>praestat.</strong></span> <span class='ocrx_word' id='word_1_409' title='bbox 2450 2657 2622 2713; x_wconf 86' lang='lat' dir='ltr'><strong>Aliud</strong></span> <span class='ocrx_word' id='word_1_410' title='bbox 2651 2665 2736 2714; x_wconf 90' lang='lat' dir='ltr'><strong>est</strong></span> <span class='ocrx_word' id='word_1_411' title='bbox 2764 2671 3017 2728; x_wconf 86' lang='lat' dir='ltr'><strong>namque</strong></span> <span class='ocrx_word' id='word_1_412' title='bbox 3047 2657 3191 2714; x_wconf 91' lang='lat' dir='ltr'><strong>scire</strong></span> <span class='ocrx_word' id='word_1_413' title='bbox 3223 2658 3362 2728; x_wconf 89' lang='lat' dir='ltr'><strong>quia</strong></span> <span class='ocrx_word' id='word_1_414' title='bbox 3396 2658 3698 2715; x_wconf 86' lang='lat' dir='ltr'><strong>fornicatio</strong></span> <span class='ocrx_word' id='word_1_415' title='bbox 3726 2672 3862 2729; x_wconf 89' lang='lat' dir='ltr'><strong>pec-</strong></span> 
     </span>
    </p>
   </div>
   <div class='ocr_carea' id='block_1_55' title="bbox 2159 2745 3862 2817">
    <p class='ocr_par' dir='ltr' id='par_1_55' title="bbox 2159 2745 3862 2817">
     <span class='ocr_line' id='line_1_55' title="bbox 2159 2745 3862 2817; baseline -0.002 -13"><span class='ocrx_word' id='word_1_416' title='bbox 2159 2756 2352 2804; x_wconf 89' lang='lat' dir='ltr'><strong>catum</strong></span> <span class='ocrx_word' id='word_1_417' title='bbox 2380 2754 2484 2813; x_wconf 90' lang='lat' dir='ltr'><strong>est,</strong></span> <span class='ocrx_word' id='word_1_418' title='bbox 2517 2746 2674 2801; x_wconf 88' lang='lat' dir='ltr'><strong>aliud</strong></span> <span class='ocrx_word' id='word_1_419' title='bbox 2718 2745 2967 2816; x_wconf 88' lang='lat' dir='ltr'><strong>experiri</strong></span> <span class='ocrx_word' id='word_1_420' title='bbox 2999 2759 3098 2816; x_wconf 91' lang='lat' dir='ltr'><strong>per</strong></span> <span class='ocrx_word' id='word_1_421' title='bbox 3127 2760 3302 2816; x_wconf 91' lang='lat' dir='ltr'><strong>opera</strong></span> <span class='ocrx_word' id='word_1_422' title='bbox 3341 2745 3678 2816; x_wconf 86' lang='lat' dir='ltr'><strong>qualitatem</strong></span> <span class='ocrx_word' id='word_1_423' title='bbox 3711 2746 3862 2817; x_wconf 90' lang='lat' dir='ltr'><strong>ejus,</strong></span> 
     </span>
    </p>
   </div>
   <div class='ocr_carea' id='block_1_56' title="bbox 2161 2832 3864 2905">
    <p class='ocr_par' dir='ltr' id='par_1_56' title="bbox 2161 2832 3864 2905">
     <span class='ocr_line' id='line_1_56' title="bbox 2161 2832 3864 2905; baseline -0.001 -13"><span class='ocrx_word' id='word_1_424' title='bbox 2161 2837 2336 2892; x_wconf 90' lang='lat' dir='ltr'><strong>Porro</strong></span> <span class='ocrx_word' id='word_1_425' title='bbox 2363 2835 2421 2890; x_wconf 88' lang='lat' dir='ltr'><strong>in</strong></span> <span class='ocrx_word' id='word_1_426' title='bbox 2459 2835 2812 2904; x_wconf 88' lang='lat' dir='ltr'><strong>experientia</strong></span> <span class='ocrx_word' id='word_1_427' title='bbox 2838 2833 2973 2889; x_wconf 88' lang='lat' dir='ltr'><strong>mali</strong></span> <span class='ocrx_word' id='word_1_428' title='bbox 3005 2832 3186 2890; x_wconf 90' lang='lat' dir='ltr'><strong>multo</strong></span> <span class='ocrx_word' id='word_1_429' title='bbox 3216 2835 3400 2904; x_wconf 90' lang='lat' dir='ltr'><strong>magis</strong></span> <span class='ocrx_word' id='word_1_430' title='bbox 3433 2835 3650 2890; x_wconf 90' lang='lat' dir='ltr'><strong>bonum</strong></span> <span class='ocrx_word' id='word_1_431' title='bbox 3681 2848 3864 2905; x_wconf 89' lang='lat' dir='ltr'><strong>quam</strong></span> 
     </span>
    </p>
   </div>
   <div class='ocr_carea' id='block_1_57' title="bbox 2160 2921 3864 2993">
    <p class='ocr_par' dir='ltr' id='par_1_57' title="bbox 2160 2921 3864 2993">
     <span class='ocr_line' id='line_1_57' title="bbox 2160 2921 3864 2993; baseline -0.002 -14"><span class='ocrx_word' id='word_1_432' title='bbox 2160 2924 2234 2979; x_wconf 93' lang='lat' dir='ltr'><strong>sit</strong></span> <span class='ocrx_word' id='word_1_433' title='bbox 2289 2923 2503 2978; x_wconf 91' lang='lat' dir='ltr'><strong>bonum</strong></span> <span class='ocrx_word' id='word_1_434' title='bbox 2560 2921 2716 2991; x_wconf 92' lang='lat' dir='ltr'><strong>quod</strong></span> <span class='ocrx_word' id='word_1_435' title='bbox 2765 2921 3110 2988; x_wconf 89' lang='lat' dir='ltr'><strong>habebatur,</strong></span> <span class='ocrx_word' id='word_1_436' title='bbox 3160 2924 3512 2992; x_wconf 88' lang='lat' dir='ltr'><strong>agnoscitur,</strong></span> <span class='ocrx_word' id='word_1_437' title='bbox 3559 2935 3746 2993; x_wconf 87' lang='lat' dir='ltr'><strong>quam</strong></span> <span class='ocrx_word' id='word_1_438' title='bbox 3809 2922 3864 2975; x_wconf 92' lang='lat' dir='ltr'><strong>in</strong></span> 
     </span>
    </p>
   </div>
   <div class='ocr_carea' id='block_1_58' title="bbox 2164 3007 3860 3080">
    <p class='ocr_par' dir='ltr' id='par_1_58' title="bbox 2164 3007 3860 3080">
     <span class='ocr_line' id='line_1_58' title="bbox 2164 3007 3860 3080; baseline -0.003 -12"><span class='ocrx_word' id='word_1_439' title='bbox 2164 3009 2296 3068; x_wconf 92' lang='lat' dir='ltr'><strong>boni</strong></span> <span class='ocrx_word' id='word_1_440' title='bbox 2351 3009 2718 3066; x_wconf 89' lang='lat' dir='ltr'><strong>observantia</strong></span> <span class='ocrx_word' id='word_1_441' title='bbox 2767 3007 2888 3066; x_wconf 90' lang='lat' dir='ltr'><strong>ulla</strong></span> <span class='ocrx_word' id='word_1_442' title='bbox 2942 3009 3158 3065; x_wconf 90' lang='lat' dir='ltr'><strong>malum</strong></span> <span class='ocrx_word' id='word_1_443' title='bbox 3219 3009 3561 3080; x_wconf 88' lang='lat' dir='ltr'><strong>cogitatione</strong></span> <span class='ocrx_word' id='word_1_444' title='bbox 3616 3009 3860 3071; x_wconf 89' lang='lat' dir='ltr'><strong>sciatur,</strong></span> 
     </span>
    </p>
   </div>
   <div class='ocr_carea' id='block_1_59' title="bbox 361 3096 3867 3192">
    <p class='ocr_par' dir='ltr' id='par_1_59' title="bbox 361 3096 3867 3192">
     <span class='ocr_line' id='line_1_59' title="bbox 361 3096 3867 3192; baseline -0.001 -38"><span class='ocrx_word' id='word_1_445' title='bbox 361 3097 569 3154; x_wconf 90' lang='lat' dir='ltr'><strong>mentis</strong></span> <span class='ocrx_word' id='word_1_446' title='bbox 606 3098 825 3168; x_wconf 90' lang='lat' dir='ltr'><strong>requie,</strong></span> <span class='ocrx_word' id='word_1_447' title='bbox 871 3106 1184 3168; x_wconf 86' lang='lat' dir='ltr'><strong>antequam</strong></span> <span class='ocrx_word' id='word_1_448' title='bbox 1227 3107 1484 3169; x_wconf 90' lang='lat' dir='ltr'><strong>peccaret</strong></span> <span class='ocrx_word' id='word_1_449' title='bbox 1531 3099 1719 3166; x_wconf 91' lang='lat' dir='ltr'><strong>homo,</strong></span> <span class='ocrx_word' id='word_1_450' title='bbox 1760 3097 2050 3166; x_wconf 90' lang='lat' dir='ltr'><strong>constitit;</strong></span> <span class='ocrx_word' id='word_1_451' title='bbox 2084 3137 2125 3192; x_wconf 63' lang='grc' dir='ltr'>ο</span> <span class='ocrx_word' id='word_1_452' title='bbox 2161 3099 2305 3167; x_wconf 88' lang='lat' dir='ltr'><strong>Quid</strong></span> <span class='ocrx_word' id='word_1_453' title='bbox 2334 3112 2588 3167; x_wconf 90' lang='lat' dir='ltr'><strong>namque</strong></span> <span class='ocrx_word' id='word_1_454' title='bbox 2634 3097 2766 3152; x_wconf 90' lang='lat' dir='ltr'><strong>boni</strong></span> <span class='ocrx_word' id='word_1_455' title='bbox 2811 3096 2884 3152; x_wconf 91' lang='lat' dir='ltr'><strong>sit</strong></span> <span class='ocrx_word' id='word_1_456' title='bbox 2915 3097 3176 3166; x_wconf 87' lang='lat' dir='ltr'><strong>sospitas,</strong></span> <span class='ocrx_word' id='word_1_457' title='bbox 3227 3097 3431 3152; x_wconf 88' lang='lat' dir='ltr'><strong>melius</strong></span> <span class='ocrx_word' id='word_1_458' title='bbox 3457 3096 3704 3152; x_wconf 89' lang='lat' dir='ltr'><strong>discitur</strong></span> <span class='ocrx_word' id='word_1_459' title='bbox 3734 3096 3867 3152; x_wconf 88' lang='lat' dir='ltr'><strong>lan-</strong></span> 
     </span>
    </p>
   </div>
   <div class='ocr_carea' id='block_1_60' title="bbox 360 3184 2055 3255">
    <p class='ocr_par' dir='ltr' id='par_1_60' title="bbox 360 3184 2055 3255">
     <span class='ocr_line' id='line_1_60' title="bbox 360 3184 2055 3255; baseline 0 -15"><span class='ocrx_word' id='word_1_460' title='bbox 360 3193 415 3241; x_wconf 91' lang='lat' dir='ltr'><strong>et</strong></span> <span class='ocrx_word' id='word_1_461' title='bbox 440 3184 690 3241; x_wconf 89' lang='lat' dir='ltr'><strong>sciamus</strong></span> <span class='ocrx_word' id='word_1_462' title='bbox 719 3185 874 3241; x_wconf 89' lang='lat' dir='ltr'><strong>hunc</strong></span> <span class='ocrx_word' id='word_1_463' title='bbox 920 3199 1041 3241; x_wconf 90' lang='lat' dir='ltr'><strong>esse</strong></span> <span class='ocrx_word' id='word_1_464' title='bbox 1073 3186 1404 3255; x_wconf 88' lang='lat' dir='ltr'><strong>paradisum</strong></span> <span class='ocrx_word' id='word_1_465' title='bbox 1443 3184 1902 3250; x_wconf 88' lang='lat' dir='ltr'><strong>intellectualem,</strong></span> <span class='ocrx_word' id='word_1_466' title='bbox 1936 3191 2055 3240; x_wconf 84' lang='lat' dir='ltr'><strong>ter-</strong></span> 
     </span>
    </p>
   </div>
   <div class='ocr_carea' id='block_1_61' title="bbox 361 3272 2052 3346">
    <p class='ocr_par' dir='ltr' id='par_1_61' title="bbox 361 3272 2052 3346">
     <span class='ocr_line' id='line_1_61' title="bbox 361 3272 2052 3346; baseline -0.001 -16"><span class='ocrx_word' id='word_1_467' title='bbox 361 3288 498 3331; x_wconf 88' lang='lat' dir='ltr'><strong>reno</strong></span> <span class='ocrx_word' id='word_1_468' title='bbox 553 3274 865 3340; x_wconf 89' lang='lat' dir='ltr'><strong>meliorem,</strong></span> <span class='ocrx_word' id='word_1_469' title='bbox 922 3288 1041 3346; x_wconf 89' lang='lat' dir='ltr'><strong>quo</strong></span> <span class='ocrx_word' id='word_1_470' title='bbox 1099 3289 1202 3329; x_wconf 93' lang='lat' dir='ltr'><strong>nos</strong></span> <span class='ocrx_word' id='word_1_471' title='bbox 1266 3274 1418 3330; x_wconf 89' lang='lat' dir='ltr'><strong>Deus</strong></span> <span class='ocrx_word' id='word_1_472' title='bbox 1466 3273 1622 3344; x_wconf 91' lang='lat' dir='ltr'><strong>poni,</strong></span> <span class='ocrx_word' id='word_1_473' title='bbox 1681 3273 1729 3328; x_wconf 90' lang='lat' dir='ltr'><strong>si</strong></span> <span class='ocrx_word' id='word_1_474' title='bbox 1786 3272 2052 3340; x_wconf 89' lang='lat' dir='ltr'><strong>velimus,</strong></span> 
     </span>
    </p>
   </div>
   <div class='ocr_carea' id='block_1_62' title="bbox 362 3361 544 3433">
    <p class='ocr_par' dir='ltr' id='par_1_62' title="bbox 362 3361 544 3433">
     <span class='ocr_line' id='line_1_62' title="bbox 362 3361 544 3433; baseline -0.011 -15"><span class='ocrx_word' id='word_1_475' title='bbox 362 3361 544 3433; x_wconf 91' lang='lat' dir='ltr'><strong>cupit.</strong></span> 
     </span>
    </p>
   </div>
   <div class='ocr_carea' id='block_1_63' title="bbox 461 3448 2057 3518">
    <p class='ocr_par' dir='ltr' id='par_1_63' title="bbox 461 3448 2057 3518">
     <span class='ocr_line' id='line_1_63' title="bbox 461 3448 2057 3518; baseline -0.002 -13"><span class='ocrx_word' id='word_1_476' title='bbox 461 3449 631 3505; x_wconf 77' lang='lat' dir='ltr'><strong>Vxns.</strong></span> <span class='ocrx_word' id='word_1_477' title='bbox 661 3452 712 3504; x_wconf 88' lang='lat'><strong>9.</strong></span> <span class='ocrx_word' id='word_1_478' title='bbox 753 3479 822 3490; x_wconf 90' lang='lat'><strong>--</strong></span> <span class='ocrx_word' id='word_1_479' title='bbox 860 3449 1236 3518; x_wconf 70' lang='lat' dir='ltr'><strong>Produmitque</strong></span> <span class='ocrx_word' id='word_1_480' title='bbox 1286 3449 1432 3504; x_wconf 84' lang='lat' dir='ltr'><strong>Deus</strong></span> <span class='ocrx_word' id='word_1_481' title='bbox 1483 3448 1548 3503; x_wconf 65' lang='grc' dir='ltr'><strong>(ι’</strong></span> <span class='ocrx_word' id='word_1_482' title='bbox 1600 3450 1759 3504; x_wconf 82' lang='lat' dir='ltr'><strong>humo</strong></span> <span class='ocrx_word' id='word_1_483' title='bbox 1805 3464 1958 3504; x_wconf 84' lang='lat' dir='ltr'><strong>omne</strong></span> <span class='ocrx_word' id='word_1_484' title='bbox 1995 3450 2057 3502; x_wconf 84' lang='lat' dir='ltr'><strong>ti-</strong></span> 
     </span>
    </p>
   </div>
   <div class='ocr_carea' id='block_1_64' title="bbox 360 3536 2058 3606">
    <p class='ocr_par' dir='ltr' id='par_1_64' title="bbox 360 3536 2058 3606">
     <span class='ocr_line' id='line_1_64' title="bbox 360 3536 2058 3606; baseline 0.001 -16"><span class='ocrx_word' id='word_1_485' title='bbox 360 3553 527 3604; x_wconf 79' lang='lat' dir='ltr'><strong>gnum</strong></span> <span class='ocrx_word' id='word_1_486' title='bbox 556 3537 841 3606; x_wconf 83' lang='lat' dir='ltr'><strong>pulchrum</strong></span> <span class='ocrx_word' id='word_1_487' title='bbox 887 3540 1031 3603; x_wconf 82' lang='lat' dir='ltr'><strong>visu,</strong></span> <span class='ocrx_word' id='word_1_488' title='bbox 1082 3542 1132 3592; x_wconf 87' lang='lat' dir='ltr'><strong>et</strong></span> <span class='ocrx_word' id='word_1_489' title='bbox 1169 3536 1244 3590; x_wconf 78' lang='lat' dir='ltr'><strong>ad</strong></span> <span class='ocrx_word' id='word_1_490' title='bbox 1279 3537 1596 3591; x_wconf 77' lang='lat' dir='ltr'><strong>vescendum</strong></span> <span class='ocrx_word' id='word_1_491' title='bbox 1621 3552 1803 3591; x_wconf 78' lang='lat' dir='ltr'><strong>suave.</strong></span> <span class='ocrx_word' id='word_1_492' title='bbox 1837 3537 1901 3593; x_wconf 91' lang='lat' dir='ltr'><strong>In</strong></span> <span class='ocrx_word' id='word_1_493' title='bbox 1931 3536 2058 3592; x_wconf 88' lang='lat' dir='ltr'><strong>soli-</strong></span> 
     </span>
    </p>
   </div>
   <div class='ocr_carea' id='block_1_65' title="bbox 363 3622 2058 3694">
    <p class='ocr_par' dir='ltr' id='par_1_65' title="bbox 363 3622 2058 3694">
     <span class='ocr_line' id='line_1_65' title="bbox 363 3622 2058 3694; baseline -0.001 -15"><span class='ocrx_word' id='word_1_494' title='bbox 363 3624 537 3679; x_wconf 91' lang='lat' dir='ltr'><strong>ditate</strong></span> <span class='ocrx_word' id='word_1_495' title='bbox 581 3624 776 3694; x_wconf 87' lang='lat' dir='ltr'><strong>itaque</strong></span> <span class='ocrx_word' id='word_1_496' title='bbox 808 3624 901 3679; x_wconf 93' lang='lat' dir='ltr'><strong>illa</strong></span> <span class='ocrx_word' id='word_1_497' title='bbox 932 3622 1150 3679; x_wconf 90' lang='lat' dir='ltr'><strong>homini</strong></span> <span class='ocrx_word' id='word_1_498' title='bbox 1181 3622 1491 3680; x_wconf 89' lang='lat' dir='ltr'><strong>constituto</strong></span> <span class='ocrx_word' id='word_1_499' title='bbox 1526 3623 1864 3693; x_wconf 89' lang='lat' dir='ltr'><strong>producitur</strong></span> <span class='ocrx_word' id='word_1_500' title='bbox 1890 3637 2058 3678; x_wconf 89' lang='lat' dir='ltr'><strong>omne</strong></span> 
     </span>
    </p>
   </div>
   <div class='ocr_carea' id='block_1_66' title="bbox 363 3709 2058 3783">
    <p class='ocr_par' dir='ltr' id='par_1_66' title="bbox 363 3709 2058 3783">
     <span class='ocr_line' id='line_1_66' title="bbox 363 3709 2058 3783; baseline -0.002 -15"><span class='ocrx_word' id='word_1_501' title='bbox 363 3711 610 3783; x_wconf 85' lang='lat' dir='ltr'><strong>lignum,</strong></span> <span class='ocrx_word' id='word_1_502' title='bbox 645 3709 916 3768; x_wconf 85' lang='lat' dir='ltr'><strong>fortitudo</strong></span> <span class='ocrx_word' id='word_1_503' title='bbox 943 3719 998 3768; x_wconf 93' lang='lat' dir='ltr'><strong>et</strong></span> <span class='ocrx_word' id='word_1_504' title='bbox 1034 3711 1346 3768; x_wconf 86' lang='lat' dir='ltr'><strong>eminentia</strong></span> <span class='ocrx_word' id='word_1_505' title='bbox 1374 3725 1743 3781; x_wconf 85' lang='lat' dir='ltr'><strong>quorumque</strong></span> <span class='ocrx_word' id='word_1_506' title='bbox 1773 3719 2058 3766; x_wconf 89' lang='lat' dir='ltr'><strong>rectorum</strong></span> 
     </span>
    </p>
   </div>
   <div class='ocr_carea' id='block_1_67' title="bbox 362 3799 2057 3870">
    <p class='ocr_par' dir='ltr' id='par_1_67' title="bbox 362 3799 2057 3870">
     <span class='ocr_line' id='line_1_67' title="bbox 362 3799 2057 3870; baseline -0.002 -14"><span class='ocrx_word' id='word_1_507' title='bbox 362 3813 622 3870; x_wconf 91' lang='lat' dir='ltr'><strong>operum.</strong></span> <span class='ocrx_word' id='word_1_508' title='bbox 661 3799 972 3856; x_wconf 81' lang='lat' dir='ltr'><strong>Pulchrum</strong></span> <span class='ocrx_word' id='word_1_509' title='bbox 989 3799 1136 3861; x_wconf 91' lang='lat' dir='ltr'><strong>visu.</strong></span> <span class='ocrx_word' id='word_1_510' title='bbox 1161 3799 1300 3855; x_wconf 92' lang='lat' dir='ltr'><strong>dum</strong></span> <span class='ocrx_word' id='word_1_511' title='bbox 1337 3799 1436 3855; x_wconf 91' lang='lat' dir='ltr'><strong>lux</strong></span> <span class='ocrx_word' id='word_1_512' title='bbox 1467 3799 1618 3855; x_wconf 91' lang='lat' dir='ltr'><strong>lucet</strong></span> <span class='ocrx_word' id='word_1_513' title='bbox 1640 3806 1829 3854; x_wconf 86' lang='lat' dir='ltr'><strong>nostra</strong></span> <span class='ocrx_word' id='word_1_514' title='bbox 1864 3811 2057 3854; x_wconf 89' lang='lat' dir='ltr'><strong>coram</strong></span> 
     </span>
    </p>
   </div>
   <div class='ocr_carea' id='block_1_68' title="bbox 367 3886 2058 3957">
    <p class='ocr_par' dir='ltr' id='par_1_68' title="bbox 367 3886 2058 3957">
     <span class='ocr_line' id='line_1_68' title="bbox 367 3886 2058 3957; baseline -0.001 -13"><span class='ocrx_word' id='word_1_515' title='bbox 367 3887 712 3957; x_wconf 91' lang='lat' dir='ltr'><strong>hominibus,</strong></span> <span class='ocrx_word' id='word_1_516' title='bbox 750 3897 813 3945; x_wconf 94' lang='lat' dir='ltr'><strong>ut</strong></span> <span class='ocrx_word' id='word_1_517' title='bbox 843 3887 1075 3944; x_wconf 88' lang='lat' dir='ltr'><strong>videant</strong></span> <span class='ocrx_word' id='word_1_518' title='bbox 1102 3889 1313 3956; x_wconf 80' lang='lat' dir='ltr'><strong>(Matth.</strong></span> <span class='ocrx_word' id='word_1_519' title='bbox 1347 3904 1400 3956; x_wconf 84' lang='grc' dir='ltr'><strong>ν,</strong></span> <span class='ocrx_word' id='word_1_520' title='bbox 1437 3889 1538 3956; x_wconf 83' lang='lat' dir='ltr'><strong>t6),</strong></span> <span class='ocrx_word' id='word_1_521' title='bbox 1567 3886 1622 3942; x_wconf 91' lang='lat' dir='ltr'><strong>id</strong></span> <span class='ocrx_word' id='word_1_522' title='bbox 1649 3894 1731 3944; x_wconf 92' lang='lat' dir='ltr'><strong>est</strong></span> <span class='ocrx_word' id='word_1_523' title='bbox 1761 3887 2058 3942; x_wconf 87' lang='lat' dir='ltr'><strong>instruan-</strong></span> 
     </span>
    </p>
   </div>
   <div class='ocr_carea' id='block_1_69' title="bbox 366 3975 2054 4046">
    <p class='ocr_par' dir='ltr' id='par_1_69' title="bbox 366 3975 2054 4046">
     <span class='ocr_line' id='line_1_69' title="bbox 366 3975 2054 4046; baseline -0.001 -13"><span class='ocrx_word' id='word_1_524' title='bbox 366 3985 462 4034; x_wconf 90' lang='lat' dir='ltr'><strong>tur</strong></span> <span class='ocrx_word' id='word_1_525' title='bbox 489 3977 559 4033; x_wconf 88' lang='lat' dir='ltr'><strong>ad</strong></span> <span class='ocrx_word' id='word_1_526' title='bbox 592 3977 933 4034; x_wconf 89' lang='lat' dir='ltr'><strong>vescendum</strong></span> <span class='ocrx_word' id='word_1_527' title='bbox 965 3991 1163 4044; x_wconf 85' lang='lat' dir='ltr'><strong>suave,</strong></span> <span class='ocrx_word' id='word_1_528' title='bbox 1204 3976 1346 4032; x_wconf 88' lang='lat' dir='ltr'><strong>dum</strong></span> <span class='ocrx_word' id='word_1_529' title='bbox 1395 3989 1492 4046; x_wconf 90' lang='lat' dir='ltr'><strong>per</strong></span> <span class='ocrx_word' id='word_1_530' title='bbox 1516 3989 1755 4045; x_wconf 90' lang='lat' dir='ltr'><strong>operum</strong></span> <span class='ocrx_word' id='word_1_531' title='bbox 1786 3975 2054 4031; x_wconf 91' lang='lat' dir='ltr'><strong>imitatio-</strong></span> 
     </span>
    </p>
   </div>
   <div class='ocr_carea' id='block_1_70' title="bbox 365 4063 2058 4137">
    <p class='ocr_par' dir='ltr' id='par_1_70' title="bbox 365 4063 2058 4137">
     <span class='ocr_line' id='line_1_70' title="bbox 365 4063 2058 4137; baseline 0 -17"><span class='ocrx_word' id='word_1_532' title='bbox 365 4078 498 4120; x_wconf 89' lang='lat' dir='ltr'><strong>nem</strong></span> <span class='ocrx_word' id='word_1_533' title='bbox 544 4065 642 4120; x_wconf 89' lang='lat' dir='ltr'><strong>Dei</strong></span> <span class='ocrx_word' id='word_1_534' title='bbox 685 4065 1094 4137; x_wconf 84' lang='lat' dir='ltr'><strong>gloriﬂcatione</strong></span> <span class='ocrx_word' id='word_1_535' title='bbox 1141 4073 1501 4134; x_wconf 91' lang='lat' dir='ltr'><strong>pascuntur;</strong></span> <span class='ocrx_word' id='word_1_536' title='bbox 1546 4063 1736 4120; x_wconf 88' lang='lat' dir='ltr'><strong>fructu</strong></span> <span class='ocrx_word' id='word_1_537' title='bbox 1765 4064 1916 4119; x_wconf 90' lang='lat' dir='ltr'><strong>enim</strong></span> <span class='ocrx_word' id='word_1_538' title='bbox 1959 4071 2058 4121; x_wconf 93' lang='lat' dir='ltr'><strong>tuo</strong></span> 
     </span>
    </p>
   </div>
   <div class='ocr_carea' id='block_1_71' title="bbox 365 4152 2060 4226">
    <p class='ocr_par' dir='ltr' id='par_1_71' title="bbox 365 4152 2060 4226">
     <span class='ocr_line' id='line_1_71' title="bbox 365 4152 2060 4226; baseline 0.001 -18"><span class='ocrx_word' id='word_1_539' title='bbox 365 4152 615 4210; x_wconf 87' lang='lat' dir='ltr'><strong>vescitur</strong></span> <span class='ocrx_word' id='word_1_540' title='bbox 642 4154 912 4226; x_wconf 91' lang='lat' dir='ltr'><strong>quisquis</strong></span> <span class='ocrx_word' id='word_1_541' title='bbox 933 4154 1005 4210; x_wconf 90' lang='lat' dir='ltr'><strong>ad</strong></span> <span class='ocrx_word' id='word_1_542' title='bbox 1026 4153 1170 4210; x_wconf 89' lang='lat' dir='ltr'><strong>bene</strong></span> <span class='ocrx_word' id='word_1_543' title='bbox 1187 4153 1476 4223; x_wconf 87' lang='lat' dir='ltr'><strong>agendum</strong></span> <span class='ocrx_word' id='word_1_544' title='bbox 1498 4152 1580 4208; x_wconf 91' lang='lat' dir='ltr'><strong>tui</strong></span> <span class='ocrx_word' id='word_1_545' title='bbox 1608 4153 2060 4210; x_wconf 88' lang='lat' dir='ltr'><strong>consideratione</strong></span> 
     </span>
    </p>
   </div>
   <div class='ocr_carea' id='block_1_72' title="bbox 366 4239 2056 4312">
    <p class='ocr_par' dir='ltr' id='par_1_72' title="bbox 366 4239 2056 4312">
     <span class='ocr_line' id='line_1_72' title="bbox 366 4239 2056 4312; baseline -0.001 -15"><span class='ocrx_word' id='word_1_546' title='bbox 366 4241 740 4297; x_wconf 87' lang='lat' dir='ltr'><strong>confortatur.</strong></span> <span class='ocrx_word' id='word_1_547' title='bbox 773 4241 880 4298; x_wconf 88' lang='lat' dir='ltr'><strong>Sed</strong></span> <span class='ocrx_word' id='word_1_548' title='bbox 927 4255 1106 4298; x_wconf 89' lang='lat' dir='ltr'><strong>suave</strong></span> <span class='ocrx_word' id='word_1_549' title='bbox 1143 4239 1429 4312; x_wconf 91' lang='lat' dir='ltr'><strong>quomodo</strong></span> <span class='ocrx_word' id='word_1_550' title='bbox 1475 4248 1578 4307; x_wconf 91' lang='lat' dir='ltr'><strong>est,</strong></span> <span class='ocrx_word' id='word_1_551' title='bbox 1627 4255 1758 4297; x_wconf 90' lang='lat' dir='ltr'><strong>cum</strong></span> <span class='ocrx_word' id='word_1_552' title='bbox 1801 4251 1959 4298; x_wconf 89' lang='lat' dir='ltr'><strong>arcta</strong></span> <span class='ocrx_word' id='word_1_553' title='bbox 1986 4244 2056 4297; x_wconf 90' lang='lat' dir='ltr'><strong>sit</strong></span> 
     </span>
    </p>
   </div>
   <div class='ocr_carea' id='block_1_73' title="bbox 368 4329 2058 4400">
    <p class='ocr_par' dir='ltr' id='par_1_73' title="bbox 368 4329 2058 4400">
     <span class='ocr_line' id='line_1_73' title="bbox 368 4329 2058 4400; baseline 0.001 -16"><span class='ocrx_word' id='word_1_554' title='bbox 368 4331 466 4384; x_wconf 86' lang='lat' dir='ltr'><strong>via</strong></span> <span class='ocrx_word' id='word_1_555' title='bbox 513 4343 644 4400; x_wconf 60' lang='lat' dir='ltr'><strong>qua</strong></span> <span class='ocrx_word' id='word_1_556' title='bbox 684 4329 842 4386; x_wconf 91' lang='lat' dir='ltr'><strong>ducit</strong></span> <span class='ocrx_word' id='word_1_557' title='bbox 885 4331 954 4385; x_wconf 88' lang='lat' dir='ltr'><strong>ad</strong></span> <span class='ocrx_word' id='word_1_558' title='bbox 1004 4330 1183 4385; x_wconf 90' lang='lat' dir='ltr'><strong>vitam</strong></span> <span class='ocrx_word' id='word_1_559' title='bbox 1233 4331 1450 4391; x_wconf 80' lang='lat' dir='ltr'><strong>(Matth.</strong></span> <span class='ocrx_word' id='word_1_560' title='bbox 1499 4345 1596 4396; x_wconf 83' lang='lat' dir='ltr'><strong>vn,</strong></span> <span class='ocrx_word' id='word_1_561' title='bbox 1649 4331 1759 4398; x_wconf 71' lang='grc'><strong>14),</strong></span> <span class='ocrx_word' id='word_1_562' title='bbox 1789 4339 1845 4386; x_wconf 92' lang='lat' dir='ltr'><strong>et</strong></span> <span class='ocrx_word' id='word_1_563' title='bbox 1872 4332 2058 4386; x_wconf 90' lang='lat' dir='ltr'><strong>omnis</strong></span> 
     </span>
    </p>
   </div>
   <div class='ocr_carea' id='block_1_74' title="bbox 2163 3183 3864 3258">
    <p class='ocr_par' dir='ltr' id='par_1_74' title="bbox 2163 3183 3864 3258">
     <span class='ocr_line' id='line_1_74' title="bbox 2163 3183 3864 3258; baseline -0.005 -15"><span class='ocrx_word' id='word_1_564' title='bbox 2163 3200 2344 3258; x_wconf 92' lang='lat' dir='ltr'><strong>guore</strong></span> <span class='ocrx_word' id='word_1_565' title='bbox 2376 3185 2666 3254; x_wconf 88' lang='lat' dir='ltr'><strong>magistro.</strong></span> <span class='ocrx_word' id='word_1_566' title='bbox 2719 3183 2965 3255; x_wconf 87' lang='lat' dir='ltr'><strong>Lignum</strong></span> <span class='ocrx_word' id='word_1_567' title='bbox 3003 3191 3085 3238; x_wconf 90' lang='lat' dir='ltr'><strong>est</strong></span> <span class='ocrx_word' id='word_1_568' title='bbox 3133 3183 3302 3254; x_wconf 90' lang='lat' dir='ltr'><strong>cujus</strong></span> <span class='ocrx_word' id='word_1_569' title='bbox 3335 3183 3515 3238; x_wconf 90' lang='lat' dir='ltr'><strong>robur</strong></span> <span class='ocrx_word' id='word_1_570' title='bbox 3557 3183 3864 3247; x_wconf 87' lang='lat' dir='ltr'><strong>stoliditas,</strong></span> 
     </span>
    </p>
   </div>
   <div class='ocr_carea' id='block_1_75' title="bbox 2163 3269 3864 3340">
    <p class='ocr_par' dir='ltr' id='par_1_75' title="bbox 2163 3269 3864 3340">
     <span class='ocr_line' id='line_1_75' title="bbox 2163 3269 3864 3340; baseline -0.004 -10"><span class='ocrx_word' id='word_1_571' title='bbox 2163 3274 2388 3330; x_wconf 89' lang='lat' dir='ltr'><strong>fructus</strong></span> <span class='ocrx_word' id='word_1_572' title='bbox 2459 3272 2706 3340; x_wconf 84' lang='lat' dir='ltr'><strong>iufectio,</strong></span> <span class='ocrx_word' id='word_1_573' title='bbox 2782 3279 2838 3328; x_wconf 90' lang='lat' dir='ltr'><strong>et</strong></span> <span class='ocrx_word' id='word_1_574' title='bbox 2921 3271 3131 3327; x_wconf 91' lang='lat' dir='ltr'><strong>umbra</strong></span> <span class='ocrx_word' id='word_1_575' title='bbox 3216 3270 3460 3326; x_wconf 65' lang='lat' dir='ltr'><strong>caecitas.</strong></span> <span class='ocrx_word' id='word_1_576' title='bbox 3550 3269 3864 3326; x_wconf 88' lang='lat' dir='ltr'><strong>Volnntate</strong></span> 
     </span>
    </p>
   </div>
   <div class='ocr_carea' id='block_1_76' title="bbox 2166 3358 3864 3434">
    <p class='ocr_par' dir='ltr' id='par_1_76' title="bbox 2166 3358 3864 3434">
     <span class='ocr_line' id='line_1_76' title="bbox 2166 3358 3864 3434; baseline -0.004 -16"><span class='ocrx_word' id='word_1_577' title='bbox 2166 3363 2344 3434; x_wconf 88' lang='lat' dir='ltr'><strong>igitur</strong></span> <span class='ocrx_word' id='word_1_578' title='bbox 2393 3360 2577 3428; x_wconf 83' lang='lat' dir='ltr'><strong>abuti,</strong></span> <span class='ocrx_word' id='word_1_579' title='bbox 2627 3368 2861 3431; x_wconf 85' lang='lat' dir='ltr'><strong>tangere</strong></span> <span class='ocrx_word' id='word_1_580' title='bbox 2912 3367 2996 3415; x_wconf 90' lang='lat' dir='ltr'><strong>est</strong></span> <span class='ocrx_word' id='word_1_581' title='bbox 3051 3359 3300 3414; x_wconf 76' lang='lat' dir='ltr'><strong>scientiae</strong></span> <span class='ocrx_word' id='word_1_582' title='bbox 3356 3358 3581 3430; x_wconf 87' lang='lat' dir='ltr'><strong>lignum</strong></span> <span class='ocrx_word' id='word_1_583' title='bbox 3632 3358 3773 3413; x_wconf 91' lang='lat' dir='ltr'><strong>boni</strong></span> <span class='ocrx_word' id='word_1_584' title='bbox 3811 3363 3864 3411; x_wconf 90' lang='lat' dir='ltr'><strong>et</strong></span> 
     </span>
    </p>
   </div>
   <div class='ocr_carea' id='block_1_77' title="bbox 2166 3451 2321 3508">
    <p class='ocr_par' dir='ltr' id='par_1_77' title="bbox 2166 3451 2321 3508">
     <span class='ocr_line' id='line_1_77' title="bbox 2166 3451 2321 3508; baseline -0.026 0"><span class='ocrx_word' id='word_1_585' title='bbox 2166 3451 2321 3508; x_wconf 91' lang='lat' dir='ltr'><strong>mali.</strong></span> 
     </span>
    </p>
   </div>
   <div class='ocr_carea' id='block_1_78' title="bbox 2237 3533 3862 3606">
    <p class='ocr_par' dir='ltr' id='par_1_78' title="bbox 2237 3533 3862 3606">
     <span class='ocr_line' id='line_1_78' title="bbox 2237 3533 3862 3606; baseline -0.006 -10"><span class='ocrx_word' id='word_1_586' title='bbox 2237 3539 2404 3596; x_wconf 75' lang='lat' dir='ltr'><strong>Vnus.</strong></span> <span class='ocrx_word' id='word_1_587' title='bbox 2442 3541 2524 3593; x_wconf 85' lang='lat' dir='ltr'><strong>l0.</strong></span> <span class='ocrx_word' id='word_1_588' title='bbox 2559 3566 2616 3579; x_wconf 93' lang='lat'>—</span> <span class='ocrx_word' id='word_1_589' title='bbox 2671 3539 2740 3592; x_wconf 84' lang='lat' dir='ltr'><strong>Et</strong></span> <span class='ocrx_word' id='word_1_590' title='bbox 2787 3537 2984 3606; x_wconf 84' lang='lat' dir='ltr'><strong>ﬂuvius</strong></span> <span class='ocrx_word' id='word_1_591' title='bbox 3032 3533 3409 3604; x_wconf 81' lang='lat' dir='ltr'><strong>egrediebatur</strong></span> <span class='ocrx_word' id='word_1_592' title='bbox 3453 3533 3520 3589; x_wconf 82' lang='lat' dir='ltr'><strong>de</strong></span> <span class='ocrx_word' id='word_1_593' title='bbox 3556 3534 3670 3589; x_wconf 84' lang='lat' dir='ltr'><strong>loco</strong></span> <span class='ocrx_word' id='word_1_594' title='bbox 3702 3535 3862 3588; x_wconf 79' lang='lat' dir='ltr'><strong>votu-</strong></span> 
     </span>
    </p>
   </div>
   <div class='ocr_carea' id='block_1_79' title="bbox 2161 3619 3862 3698">
    <p class='ocr_par' dir='ltr' id='par_1_79' title="bbox 2161 3619 3862 3698">
     <span class='ocr_line' id='line_1_79' title="bbox 2161 3619 3862 3698; baseline -0.004 -17"><span class='ocrx_word' id='word_1_595' title='bbox 2161 3629 2333 3698; x_wconf 85' lang='lat' dir='ltr'><strong>ptatis</strong></span> <span class='ocrx_word' id='word_1_596' title='bbox 2376 3627 2450 3681; x_wconf 86' lang='lat' dir='ltr'><strong>ad</strong></span> <span class='ocrx_word' id='word_1_597' title='bbox 2496 3625 2842 3694; x_wconf 80' lang='lat' dir='ltr'><strong>irrigandum</strong></span> <span class='ocrx_word' id='word_1_598' title='bbox 2880 3624 3224 3694; x_wconf 84' lang='lat' dir='ltr'><strong>paradisum.</strong></span> <span class='ocrx_word' id='word_1_599' title='bbox 3276 3621 3672 3678; x_wconf 84' lang='lat' dir='ltr'><strong>FluviuS‘istc</strong></span> <span class='ocrx_word' id='word_1_600' title='bbox 3710 3619 3862 3676; x_wconf 88' lang='lat' dir='ltr'><strong>sacri</strong></span> 
     </span>
    </p>
   </div>
   <div class='ocr_carea' id='block_1_80' title="bbox 2163 3708 3862 3784">
    <p class='ocr_par' dir='ltr' id='par_1_80' title="bbox 2163 3708 3862 3784">
     <span class='ocr_line' id='line_1_80' title="bbox 2163 3708 3862 3784; baseline -0.005 -14"><span class='ocrx_word' id='word_1_601' title='bbox 2163 3714 2374 3784; x_wconf 91' lang='lat' dir='ltr'><strong>eloquii</strong></span> <span class='ocrx_word' id='word_1_602' title='bbox 2424 3713 2647 3783; x_wconf 90' lang='lat' dir='ltr'><strong>copiosa</strong></span> <span class='ocrx_word' id='word_1_603' title='bbox 2695 3713 2951 3780; x_wconf 88' lang='lat' dir='ltr'><strong>scientia,</strong></span> <span class='ocrx_word' id='word_1_604' title='bbox 3013 3726 3327 3782; x_wconf 89' lang='lat' dir='ltr'><strong>rerumque</strong></span> <span class='ocrx_word' id='word_1_605' title='bbox 3389 3709 3698 3768; x_wconf 90' lang='lat' dir='ltr'><strong>moralium</strong></span> <span class='ocrx_word' id='word_1_606' title='bbox 3748 3708 3862 3764; x_wconf 89' lang='lat' dir='ltr'><strong>alta</strong></span> 
     </span>
    </p>
   </div>
   <div class='ocr_carea' id='block_1_81' title="bbox 2164 3798 3862 3873">
    <p class='ocr_par' dir='ltr' id='par_1_81' title="bbox 2164 3798 3862 3873">
     <span class='ocr_line' id='line_1_81' title="bbox 2164 3798 3862 3873; baseline -0.004 -15"><span class='ocrx_word' id='word_1_607' title='bbox 2164 3802 2412 3873; x_wconf 89' lang='lat' dir='ltr'><strong>cognitio</strong></span> <span class='ocrx_word' id='word_1_608' title='bbox 2453 3807 2548 3856; x_wconf 69' lang='grc' dir='ltr'>π</span> <span class='ocrx_word' id='word_1_609' title='bbox 2595 3809 2710 3857; x_wconf 90' lang='lat' dir='ltr'><strong>est.</strong></span> <span class='ocrx_word' id='word_1_610' title='bbox 2757 3801 2858 3872; x_wconf 92' lang='lat' dir='ltr'><strong>qui</strong></span> <span class='ocrx_word' id='word_1_611' title='bbox 2903 3801 3235 3872; x_wconf 90' lang='lat' dir='ltr'><strong>paradisum</strong></span> <span class='ocrx_word' id='word_1_612' title='bbox 3281 3799 3502 3871; x_wconf 88' lang='lat' dir='ltr'><strong>irrigat,</strong></span> <span class='ocrx_word' id='word_1_613' title='bbox 3575 3798 3721 3868; x_wconf 90' lang='lat' dir='ltr'><strong>quia</strong></span> <span class='ocrx_word' id='word_1_614' title='bbox 3764 3808 3862 3866; x_wconf 88' lang='lat' dir='ltr'><strong>per</strong></span> 
     </span>
    </p>
   </div>
   <div class='ocr_carea' id='block_1_82' title="bbox 2164 3883 3862 3962">
    <p class='ocr_par' dir='ltr' id='par_1_82' title="bbox 2164 3883 3862 3962">
     <span class='ocr_line' id='line_1_82' title="bbox 2164 3883 3862 3962; baseline -0.005 -16"><span class='ocrx_word' id='word_1_615' title='bbox 2164 3890 2529 3962; x_wconf 88' lang='lat' dir='ltr'><strong>quotidianas</strong></span> <span class='ocrx_word' id='word_1_616' title='bbox 2578 3888 3000 3943; x_wconf 90' lang='lat' dir='ltr'><strong>institutionum</strong></span> <span class='ocrx_word' id='word_1_617' title='bbox 3048 3885 3336 3942; x_wconf 88' lang='lat' dir='ltr'><strong>doctrinas</strong></span> <span class='ocrx_word' id='word_1_618' title='bbox 3405 3885 3553 3941; x_wconf 92' lang='lat' dir='ltr'><strong>vires</strong></span> <span class='ocrx_word' id='word_1_619' title='bbox 3595 3885 3671 3940; x_wconf 91' lang='lat' dir='ltr'><strong>ad</strong></span> <span class='ocrx_word' id='word_1_620' title='bbox 3722 3883 3862 3938; x_wconf 88' lang='lat' dir='ltr'><strong>bene</strong></span> 
     </span>
    </p>
   </div>
   <div class='ocr_carea' id='block_1_83' title="bbox 2165 3971 3862 4050">
    <p class='ocr_par' dir='ltr' id='par_1_83' title="bbox 2165 3971 3862 4050">
     <span class='ocr_line' id='line_1_83' title="bbox 2165 3971 3862 4050; baseline -0.007 -15"><span class='ocrx_word' id='word_1_621' title='bbox 2165 3977 2454 4050; x_wconf 90' lang='lat' dir='ltr'><strong>agendum</strong></span> <span class='ocrx_word' id='word_1_622' title='bbox 2488 3976 2596 4048; x_wconf 90' lang='lat' dir='ltr'><strong>piis</strong></span> <span class='ocrx_word' id='word_1_623' title='bbox 2619 3977 2828 4032; x_wconf 89' lang='lat' dir='ltr'><strong>animis</strong></span> <span class='ocrx_word' id='word_1_624' title='bbox 2856 3975 3288 4042; x_wconf 89' lang='lat' dir='ltr'><strong>subministrat;</strong></span> <span class='ocrx_word' id='word_1_625' title='bbox 3315 3974 3361 4030; x_wconf 91' lang='lat' dir='ltr'><strong>si</strong></span> <span class='ocrx_word' id='word_1_626' title='bbox 3390 3975 3546 4030; x_wconf 91' lang='lat' dir='ltr'><strong>enim</strong></span> <span class='ocrx_word' id='word_1_627' title='bbox 3566 3971 3862 4043; x_wconf 69' lang='lat' dir='ltr'><strong>sapientiae</strong></span> 
     </span>
    </p>
   </div>
   <div class='ocr_carea' id='block_1_84' title="bbox 2165 4062 3860 4133">
    <p class='ocr_par' dir='ltr' id='par_1_84' title="bbox 2165 4062 3860 4133">
     <span class='ocr_line' id='line_1_84' title="bbox 2165 4062 3860 4133; baseline -0.006 -9"><span class='ocrx_word' id='word_1_628' title='bbox 2165 4066 2358 4124; x_wconf 90' lang='lat' dir='ltr'><strong>studio</strong></span> <span class='ocrx_word' id='word_1_629' title='bbox 2399 4065 2600 4121; x_wconf 89' lang='lat' dir='ltr'><strong>attinet</strong></span> <span class='ocrx_word' id='word_1_630' title='bbox 2638 4065 2707 4119; x_wconf 93' lang='lat' dir='ltr'><strong>de</strong></span> <span class='ocrx_word' id='word_1_631' title='bbox 2745 4064 2858 4118; x_wconf 88' lang='lat' dir='ltr'><strong>Deo</strong></span> <span class='ocrx_word' id='word_1_632' title='bbox 2891 4070 2946 4118; x_wconf 90' lang='lat' dir='ltr'><strong>et</strong></span> <span class='ocrx_word' id='word_1_633' title='bbox 2975 4062 3304 4118; x_wconf 66' lang='lat' dir='ltr'><strong>coelestibus</strong></span> <span class='ocrx_word' id='word_1_634' title='bbox 3337 4076 3526 4133; x_wconf 88' lang='lat' dir='ltr'><strong>agere,</strong></span> <span class='ocrx_word' id='word_1_635' title='bbox 3559 4069 3614 4116; x_wconf 90' lang='lat' dir='ltr'><strong>et</strong></span> <span class='ocrx_word' id='word_1_636' title='bbox 3644 4068 3860 4117; x_wconf 88' lang='lat' dir='ltr'><strong>statum</strong></span> 
     </span>
    </p>
   </div>
   <div class='ocr_carea' id='block_1_85' title="bbox 2165 4149 3859 4224">
    <p class='ocr_par' dir='ltr' id='par_1_85' title="bbox 2165 4149 3859 4224">
     <span class='ocr_line' id='line_1_85' title="bbox 2165 4149 3859 4224; baseline -0.006 -13"><span class='ocrx_word' id='word_1_637' title='bbox 2165 4156 2298 4212; x_wconf 75' lang='lat' dir='ltr'><strong>vitae</strong></span> <span class='ocrx_word' id='word_1_638' title='bbox 2349 4153 2750 4224; x_wconf 66' lang='lat' dir='ltr'><strong>prmtervolare</strong></span> <span class='ocrx_word' id='word_1_639' title='bbox 2800 4165 3102 4208; x_wconf 92' lang='lat' dir='ltr'><strong>commune</strong></span> <span class='ocrx_word' id='word_1_640' title='bbox 3149 4159 3435 4221; x_wconf 91' lang='lat' dir='ltr'><strong>quantum</strong></span> <span class='ocrx_word' id='word_1_641' title='bbox 3479 4149 3727 4206; x_wconf 90' lang='lat' dir='ltr'><strong>hominis</strong></span> <span class='ocrx_word' id='word_1_642' title='bbox 3758 4155 3859 4212; x_wconf 89' lang='lat' dir='ltr'><strong>est,</strong></span> 
     </span>
    </p>
   </div>
   <div class='ocr_carea' id='block_1_86' title="bbox 2165 4237 3862 4313">
    <p class='ocr_par' dir='ltr' id='par_1_86' title="bbox 2165 4237 3862 4313">
     <span class='ocr_line' id='line_1_86' title="bbox 2165 4237 3862 4313; baseline -0.006 -12"><span class='ocrx_word' id='word_1_643' title='bbox 2165 4245 2413 4301; x_wconf 73' lang='lat' dir='ltr'><strong>scientiae</strong></span> <span class='ocrx_word' id='word_1_644' title='bbox 2451 4242 2745 4313; x_wconf 87' lang='lat' dir='ltr'><strong>proprium</strong></span> <span class='ocrx_word' id='word_1_645' title='bbox 2785 4247 2869 4296; x_wconf 90' lang='lat' dir='ltr'><strong>est</strong></span> <span class='ocrx_word' id='word_1_646' title='bbox 2913 4254 2979 4296; x_wconf 89' lang='lat' dir='ltr'><strong>ea</strong></span> <span class='ocrx_word' id='word_1_647' title='bbox 3025 4254 3156 4310; x_wconf 58' lang='lat' dir='ltr'><strong>qua;</strong></span> <span class='ocrx_word' id='word_1_648' title='bbox 3204 4239 3354 4295; x_wconf 85' lang='lat' dir='ltr'><strong>inter</strong></span> <span class='ocrx_word' id='word_1_649' title='bbox 3402 4253 3504 4296; x_wconf 91' lang='lat' dir='ltr'><strong>nos</strong></span> <span class='ocrx_word' id='word_1_650' title='bbox 3547 4237 3862 4294; x_wconf 86' lang='lat' dir='ltr'><strong>actitantur</strong></span> 
     </span>
    </p>
   </div>
   <div class='ocr_carea' id='block_1_87' title="bbox 2162 4325 3861 4406">
    <p class='ocr_par' dir='ltr' id='par_1_87' title="bbox 2162 4325 3861 4406">
     <span class='ocr_line' id='line_1_87' title="bbox 2162 4325 3861 4406; baseline -0.006 -18"><span class='ocrx_word' id='word_1_651' title='bbox 2162 4335 2319 4406; x_wconf 86' lang='lat' dir='ltr'><strong>justa</strong></span> <span class='ocrx_word' id='word_1_652' title='bbox 2403 4330 2790 4388; x_wconf 86' lang='lat' dir='ltr'><strong>moderatione</strong></span> <span class='ocrx_word' id='word_1_653' title='bbox 2883 4329 3220 4399; x_wconf 84' lang='lat' dir='ltr'><strong>disponere;</strong></span> <span class='ocrx_word' id='word_1_654' title='bbox 3307 4328 3425 4382; x_wconf 89' lang='lat' dir='ltr'><strong>vita</strong></span> <span class='ocrx_word' id='word_1_655' title='bbox 3499 4325 3861 4394; x_wconf 80' lang='lat' dir='ltr'><strong>virtutesque</strong></span> 
     </span>
    </p>
   </div>
   <div class='ocr_carea' id='block_1_88' title="bbox 367 4415 3854 4490">
    <p class='ocr_par' dir='ltr' id='par_1_88' title="bbox 367 4415 3854 4490">
     <span class='ocr_line' id='line_1_88' title="bbox 367 4415 3854 4490; baseline -0.001 -17"><span class='ocrx_word' id='word_1_656' title='bbox 367 4417 757 4487; x_wconf 88' lang='lat' dir='ltr'><strong>disciplinain</strong></span> <span class='ocrx_word' id='word_1_657' title='bbox 805 4418 1069 4487; x_wconf 76' lang='lat' dir='ltr'><strong>praesenti</strong></span> <span class='ocrx_word' id='word_1_658' title='bbox 1098 4418 1169 4474; x_wconf 89' lang='lat' dir='ltr'><strong>sit</strong></span> <span class='ocrx_word' id='word_1_659' title='bbox 1217 4417 1476 4474; x_wconf 76' lang='lat' dir='ltr'><strong>maeroris</strong></span> <span class='ocrx_word' id='word_1_660' title='bbox 1503 4419 1532 4473; x_wconf 88' lang='lat'><strong>?</strong></span> <span class='ocrx_word' id='word_1_661' title='bbox 1581 4420 1765 4487; x_wconf 82' lang='lat' dir='ltr'><strong>(Hebr.</strong></span> <span class='ocrx_word' id='word_1_662' title='bbox 1814 4436 1912 4484; x_wconf 88' lang='lat' dir='ltr'><strong>xu,</strong></span> <span class='ocrx_word' id='word_1_663' title='bbox 1949 4421 2054 4489; x_wconf 84' lang='lat' dir='ltr'><strong>tl.)</strong></span> <span class='ocrx_word' id='word_1_664' title='bbox 2089 4433 2131 4488; x_wconf 84' lang='grc' dir='ltr'><strong>ι)</strong></span> <span class='ocrx_word' id='word_1_665' title='bbox 2168 4424 2512 4488; x_wconf 88' lang='lat' dir='ltr'><strong>discernere,</strong></span> <span class='ocrx_word' id='word_1_666' title='bbox 2565 4421 2918 4490; x_wconf 79' lang='lat' dir='ltr'><strong>fideliterque</strong></span> <span class='ocrx_word' id='word_1_667' title='bbox 2953 4418 3151 4474; x_wconf 87' lang='lat' dir='ltr'><strong>eadem</strong></span> <span class='ocrx_word' id='word_1_668' title='bbox 3200 4417 3528 4487; x_wconf 87' lang='lat' dir='ltr'><strong>quibusque</strong></span> <span class='ocrx_word' id='word_1_669' title='bbox 3559 4415 3854 4471; x_wconf 86' lang='lat' dir='ltr'><strong>disserere.</strong></span> 
     </span>
    </p>
   </div>
   <div class='ocr_carea' id='block_1_89' title="bbox 371 4505 2052 4575">
    <p class='ocr_par' dir='ltr' id='par_1_89' title="bbox 371 4505 2052 4575">
     <span class='ocr_line' id='line_1_89' title="bbox 371 4505 2052 4575; baseline 0.003 -15"><span class='ocrx_word' id='word_1_670' title='bbox 371 4507 589 4561; x_wconf 78' lang='lat' dir='ltr'><strong>Revera</strong></span> <span class='ocrx_word' id='word_1_671' title='bbox 637 4505 978 4575; x_wconf 81' lang='lat' dir='ltr'><strong>imperfectis</strong></span> <span class='ocrx_word' id='word_1_672' title='bbox 1019 4520 1087 4561; x_wconf 91' lang='lat' dir='ltr'><strong>ac</strong></span> <span class='ocrx_word' id='word_1_673' title='bbox 1140 4506 1384 4562; x_wconf 92' lang='lat' dir='ltr'><strong>rudibus</strong></span> <span class='ocrx_word' id='word_1_674' title='bbox 1431 4515 1607 4570; x_wconf 88' lang='lat' dir='ltr'><strong>arcta,</strong></span> <span class='ocrx_word' id='word_1_675' title='bbox 1660 4507 1754 4563; x_wconf 89' lang='lat' dir='ltr'><strong>sed</strong></span> <span class='ocrx_word' id='word_1_676' title='bbox 1802 4508 2052 4564; x_wconf 85' lang='lat' dir='ltr'><strong>fructum</strong></span> 
     </span>
    </p>
   </div>
   <div class='ocr_carea' id='block_1_90' title="bbox 368 4593 2057 4664">
    <p class='ocr_par' dir='ltr' id='par_1_90' title="bbox 368 4593 2057 4664">
     <span class='ocr_line' id='line_1_90' title="bbox 368 4593 2057 4664; baseline 0.002 -15"><span class='ocrx_word' id='word_1_677' title='bbox 368 4593 794 4663; x_wconf 87' lang='lat' dir='ltr'><strong>pacatissimum</strong></span> <span class='ocrx_word' id='word_1_678' title='bbox 840 4593 1077 4664; x_wconf 71' lang='lat' dir='ltr'><strong>justitize</strong></span> <span class='ocrx_word' id='word_1_679' title='bbox 1122 4602 1315 4663; x_wconf 90' lang='lat' dir='ltr'><strong>postea</strong></span> <span class='ocrx_word' id='word_1_680' title='bbox 1363 4595 1559 4650; x_wconf 87' lang='lat' dir='ltr'><strong>reddet</strong></span> <span class='ocrx_word' id='word_1_681' title='bbox 1616 4596 1942 4652; x_wconf 85' lang='lat' dir='ltr'><strong>exercitatis</strong></span> <span class='ocrx_word' id='word_1_682' title='bbox 1997 4597 2057 4652; x_wconf 91' lang='lat' dir='ltr'><strong>in</strong></span> 
     </span>
    </p>
   </div>
   <div class='ocr_carea' id='block_1_91' title="bbox 369 4682 2058 4755">
    <p class='ocr_par' dir='ltr' id='par_1_91' title="bbox 369 4682 2058 4755">
     <span class='ocr_line' id='line_1_91' title="bbox 369 4682 2058 4755; baseline 0.001 -18"><span class='ocrx_word' id='word_1_683' title='bbox 369 4695 456 4737; x_wconf 85' lang='lat' dir='ltr'><strong>ea.</strong></span> <span class='ocrx_word' id='word_1_684' title='bbox 483 4683 681 4752; x_wconf 83' lang='lat' dir='ltr'><strong>Jugum</strong></span> <span class='ocrx_word' id='word_1_685' title='bbox 708 4682 851 4738; x_wconf 83' lang='lat' dir='ltr'><strong>enim</strong></span> <span class='ocrx_word' id='word_1_686' title='bbox 892 4699 1065 4737; x_wconf 85' lang='lat' dir='ltr'><strong>meum</strong></span> <span class='ocrx_word' id='word_1_687' title='bbox 1113 4697 1276 4736; x_wconf 78' lang='lat' dir='ltr'><strong>suave</strong></span> <span class='ocrx_word' id='word_1_688' title='bbox 1321 4687 1399 4737; x_wconf 89' lang='lat' dir='ltr'><strong>est</strong></span> <span class='ocrx_word' id='word_1_689' title='bbox 1445 4683 1673 4751; x_wconf 83' lang='lat' dir='ltr'><strong>(Matth.</strong></span> <span class='ocrx_word' id='word_1_690' title='bbox 1724 4700 1801 4750; x_wconf 89' lang='lat' dir='ltr'><strong>xt,</strong></span> <span class='ocrx_word' id='word_1_691' title='bbox 1843 4684 1953 4755; x_wconf 89' lang='lat'><strong>30),</strong></span> <span class='ocrx_word' id='word_1_692' title='bbox 2003 4690 2058 4741; x_wconf 87' lang='lat' dir='ltr'><strong>et</strong></span> 
     </span>
    </p>
   </div>
   <div class='ocr_carea' id='block_1_92' title="bbox 368 4769 2055 4841">
    <p class='ocr_par' dir='ltr' id='par_1_92' title="bbox 368 4769 2055 4841">
     <span class='ocr_line' id='line_1_92' title="bbox 368 4769 2055 4841; baseline 0.001 -17"><span class='ocrx_word' id='word_1_693' title='bbox 368 4777 590 4825; x_wconf 66' lang='lat' dir='ltr'><strong>caetera.</strong></span> <span class='ocrx_word' id='word_1_694' title='bbox 631 4770 701 4826; x_wconf 84' lang='lat' dir='ltr'><strong>At</strong></span> <span class='ocrx_word' id='word_1_695' title='bbox 731 4770 799 4826; x_wconf 91' lang='lat' dir='ltr'><strong>de</strong></span> <span class='ocrx_word' id='word_1_696' title='bbox 830 4783 949 4841; x_wconf 89' lang='lat' dir='ltr'><strong>qua</strong></span> <span class='ocrx_word' id='word_1_697' title='bbox 978 4769 1155 4826; x_wconf 92' lang='lat' dir='ltr'><strong>humo</strong></span> <span class='ocrx_word' id='word_1_698' title='bbox 1186 4770 1306 4825; x_wconf 63' lang='lat' dir='ltr'><strong>haec</strong></span> <span class='ocrx_word' id='word_1_699' title='bbox 1353 4770 1626 4838; x_wconf 90' lang='lat' dir='ltr'><strong>prodeant</strong></span> <span class='ocrx_word' id='word_1_700' title='bbox 1670 4771 2055 4829; x_wconf 88' lang='lat' dir='ltr'><strong>intendamus.</strong></span> 
     </span>
    </p>
   </div>
   <div class='ocr_carea' id='block_1_93' title="bbox 369 4857 2060 4932">
    <p class='ocr_par' dir='ltr' id='par_1_93' title="bbox 369 4857 2060 4932">
     <span class='ocr_line' id='line_1_93' title="bbox 369 4857 2060 4932; baseline 0.002 -20"><span class='ocrx_word' id='word_1_701' title='bbox 369 4857 458 4913; x_wconf 83' lang='lat' dir='ltr'><strong>Ab</strong></span> <span class='ocrx_word' id='word_1_702' title='bbox 500 4858 676 4915; x_wconf 91' lang='lat' dir='ltr'><strong>humo</strong></span> <span class='ocrx_word' id='word_1_703' title='bbox 724 4859 935 4916; x_wconf 90' lang='lat' dir='ltr'><strong>dicitur</strong></span> <span class='ocrx_word' id='word_1_704' title='bbox 985 4858 1222 4915; x_wconf 88' lang='lat' dir='ltr'><strong>humilis</strong></span> <span class='ocrx_word' id='word_1_705' title='bbox 1297 4858 1601 4916; x_wconf 80' lang='lat' dir='ltr'><strong>Humilitas</strong></span> <span class='ocrx_word' id='word_1_706' title='bbox 1644 4874 1780 4932; x_wconf 89' lang='lat' dir='ltr'><strong>ergo</strong></span> <span class='ocrx_word' id='word_1_707' title='bbox 1848 4861 2060 4916; x_wconf 88' lang='lat' dir='ltr'><strong>humus</strong></span> 
     </span>
    </p>
   </div>
   <div class='ocr_carea' id='block_1_94' title="bbox 373 4945 2058 5018">
    <p class='ocr_par' dir='ltr' id='par_1_94' title="bbox 373 4945 2058 5018">
     <span class='ocr_line' id='line_1_94' title="bbox 373 4945 2058 5018; baseline 0 -16"><span class='ocrx_word' id='word_1_708' title='bbox 373 4945 677 5008; x_wconf 87' lang='lat' dir='ltr'><strong>habeatur.</strong></span> <span class='ocrx_word' id='word_1_709' title='bbox 698 4955 752 5004; x_wconf 90' lang='lat' dir='ltr'><strong>et</strong></span> <span class='ocrx_word' id='word_1_710' title='bbox 781 4947 919 5004; x_wconf 91' lang='lat' dir='ltr'><strong>satis</strong></span> <span class='ocrx_word' id='word_1_711' title='bbox 938 4953 1160 5003; x_wconf 88' lang='lat' dir='ltr'><strong>constat</strong></span> <span class='ocrx_word' id='word_1_712' title='bbox 1184 4947 1334 5016; x_wconf 87' lang='lat' dir='ltr'><strong>quod</strong></span> <span class='ocrx_word' id='word_1_713' title='bbox 1355 4947 1494 5011; x_wconf 79' lang='lat' dir='ltr'><strong>haec,</strong></span> <span class='ocrx_word' id='word_1_714' title='bbox 1528 4963 1658 5018; x_wconf 73' lang='lat' dir='ltr'><strong>quae</strong></span> <span class='ocrx_word' id='word_1_715' title='bbox 1679 4948 2058 5018; x_wconf 73' lang='lat' dir='ltr'><strong>praetulitnus,</strong></span> 
     </span>
    </p>
   </div>
   <div class='ocr_carea' id='block_1_95' title="bbox 371 5033 2061 5105">
    <p class='ocr_par' dir='ltr' id='par_1_95' title="bbox 371 5033 2061 5105">
     <span class='ocr_line' id='line_1_95' title="bbox 371 5033 2061 5105; baseline 0.001 -16"><span class='ocrx_word' id='word_1_716' title='bbox 371 5033 494 5090; x_wconf 89' lang='lat' dir='ltr'><strong>sine</strong></span> <span class='ocrx_word' id='word_1_717' title='bbox 521 5034 629 5091; x_wconf 89' lang='lat' dir='ltr'><strong>hac</strong></span> <span class='ocrx_word' id='word_1_718' title='bbox 658 5034 870 5090; x_wconf 91' lang='lat' dir='ltr'><strong>virtute</strong></span> <span class='ocrx_word' id='word_1_719' title='bbox 904 5034 1023 5090; x_wconf 82' lang='lat' dir='ltr'><strong>fieri</strong></span> <span class='ocrx_word' id='word_1_720' title='bbox 1071 5048 1186 5088; x_wconf 90' lang='lat' dir='ltr'><strong>non</strong></span> <span class='ocrx_word' id='word_1_721' title='bbox 1233 5049 1392 5104; x_wconf 89' lang='lat' dir='ltr'><strong>posse</strong></span> <span class='ocrx_word' id='word_1_722' title='bbox 1420 5035 1749 5092; x_wconf 89' lang='lat' dir='ltr'><strong>credantur.</strong></span> <span class='ocrx_word' id='word_1_723' title='bbox 1796 5036 2061 5105; x_wconf 80' lang='lat' dir='ltr'><strong>Superbis</strong></span> 
     </span>
    </p>
   </div>
   <div class='ocr_carea' id='block_1_96' title="bbox 371 5121 2058 5195">
    <p class='ocr_par' dir='ltr' id='par_1_96' title="bbox 371 5121 2058 5195">
     <span class='ocr_line' id='line_1_96' title="bbox 371 5121 2058 5195; baseline -0.001 -17"><span class='ocrx_word' id='word_1_724' title='bbox 371 5136 576 5192; x_wconf 89' lang='lat' dir='ltr'><strong>nempe</strong></span> <span class='ocrx_word' id='word_1_725' title='bbox 621 5123 766 5178; x_wconf 83' lang='lat' dir='ltr'><strong>Deus</strong></span> <span class='ocrx_word' id='word_1_726' title='bbox 805 5121 1353 5191; x_wconf 59' lang='lat' dir='ltr'><strong>resistitJhumitibus</strong></span> <span class='ocrx_word' id='word_1_727' title='bbox 1382 5123 1480 5178; x_wconf 82' lang='lat' dir='ltr'><strong>dat</strong></span> <span class='ocrx_word' id='word_1_728' title='bbox 1530 5127 1770 5192; x_wconf 84' lang='lat' dir='ltr'><strong>gratiam</strong></span> <span class='ocrx_word' id='word_1_729' title='bbox 1809 5125 1945 5195; x_wconf 83' lang='lat' dir='ltr'><strong>(Jac.</strong></span> <span class='ocrx_word' id='word_1_730' title='bbox 1984 5139 2058 5192; x_wconf 82' lang='lat' dir='ltr'><strong>tv,</strong></span> 
     </span>
    </p>
   </div>
   <div class='ocr_carea' id='block_1_97' title="bbox 371 5209 2060 5282">
    <p class='ocr_par' dir='ltr' id='par_1_97' title="bbox 371 5209 2060 5282">
     <span class='ocr_line' id='line_1_97' title="bbox 371 5209 2060 5282; baseline 0.001 -17"><span class='ocrx_word' id='word_1_731' title='bbox 371 5209 446 5280; x_wconf 89' lang='grc'><strong>6).</strong></span> <span class='ocrx_word' id='word_1_732' title='bbox 474 5211 608 5267; x_wconf 90' lang='lat' dir='ltr'><strong>Ideo</strong></span> <span class='ocrx_word' id='word_1_733' title='bbox 631 5212 826 5282; x_wconf 89' lang='lat' dir='ltr'><strong>justus</strong></span> <span class='ocrx_word' id='word_1_734' title='bbox 857 5219 922 5266; x_wconf 91' lang='lat' dir='ltr'><strong>ut</strong></span> <span class='ocrx_word' id='word_1_735' title='bbox 970 5210 1192 5282; x_wconf 89' lang='lat' dir='ltr'><strong>lignum</strong></span> <span class='ocrx_word' id='word_1_736' title='bbox 1223 5212 1376 5282; x_wconf 91' lang='lat' dir='ltr'><strong>quod</strong></span> <span class='ocrx_word' id='word_1_737' title='bbox 1433 5213 1730 5282; x_wconf 88' lang='lat' dir='ltr'><strong>plantatur</strong></span> <span class='ocrx_word' id='word_1_738' title='bbox 1757 5227 1923 5269; x_wconf 91' lang='lat' dir='ltr'><strong>secus</strong></span> <span class='ocrx_word' id='word_1_739' title='bbox 1963 5213 2060 5267; x_wconf 90' lang='lat' dir='ltr'><strong>de-</strong></span> 
     </span>
    </p>
   </div>
   <div class='ocr_carea' id='block_1_98' title="bbox 373 5298 2062 5372">
    <p class='ocr_par' dir='ltr' id='par_1_98' title="bbox 373 5298 2062 5372">
     <span class='ocr_line' id='line_1_98' title="bbox 373 5298 2062 5372; baseline 0.002 -19"><span class='ocrx_word' id='word_1_740' title='bbox 373 5313 578 5354; x_wconf 90' lang='lat' dir='ltr'><strong>cursus</strong></span> <span class='ocrx_word' id='word_1_741' title='bbox 604 5312 894 5370; x_wconf 89' lang='lat' dir='ltr'><strong>aquarum</strong></span> <span class='ocrx_word' id='word_1_742' title='bbox 919 5313 934 5364; x_wconf 89' lang='lat'><strong>;</strong></span> <span class='ocrx_word' id='word_1_743' title='bbox 967 5298 1126 5369; x_wconf 90' lang='lat' dir='ltr'><strong>impii</strong></span> <span class='ocrx_word' id='word_1_744' title='bbox 1159 5306 1222 5355; x_wconf 93' lang='lat' dir='ltr'><strong>ut</strong></span> <span class='ocrx_word' id='word_1_745' title='bbox 1252 5300 1461 5369; x_wconf 88' lang='lat' dir='ltr'><strong>pulvis,</strong></span> <span class='ocrx_word' id='word_1_746' title='bbox 1491 5315 1662 5371; x_wconf 90' lang='lat' dir='ltr'><strong>quem</strong></span> <span class='ocrx_word' id='word_1_747' title='bbox 1688 5299 1911 5372; x_wconf 91' lang='lat' dir='ltr'><strong>projicit</strong></span> <span class='ocrx_word' id='word_1_748' title='bbox 1934 5314 2062 5356; x_wconf 90' lang='lat' dir='ltr'><strong>ven-</strong></span> 
     </span>
    </p>
   </div>
   <div class='ocr_carea' id='block_1_99' title="bbox 373 5385 1340 5456">
    <p class='ocr_par' dir='ltr' id='par_1_99' title="bbox 373 5385 1340 5456">
     <span class='ocr_line' id='line_1_99' title="bbox 373 5385 1340 5456; baseline -0.002 -14"><span class='ocrx_word' id='word_1_749' title='bbox 373 5393 466 5442; x_wconf 89' lang='lat' dir='ltr'><strong>tus</strong></span> <span class='ocrx_word' id='word_1_750' title='bbox 493 5399 526 5442; x_wconf 90' lang='lat' dir='ltr'><strong>a</strong></span> <span class='ocrx_word' id='word_1_751' title='bbox 554 5385 696 5443; x_wconf 82' lang='lat' dir='ltr'><strong>facie</strong></span> <span class='ocrx_word' id='word_1_752' title='bbox 722 5394 886 5442; x_wconf 85' lang='lat' dir='ltr'><strong>terrae</strong></span> <span class='ocrx_word' id='word_1_753' title='bbox 913 5388 1077 5456; x_wconf 85' lang='lat' dir='ltr'><strong>(Psat.</strong></span> <span class='ocrx_word' id='word_1_754' title='bbox 1113 5404 1150 5453; x_wconf 83' lang='grc' dir='ltr'><strong>ι,</strong></span> <span class='ocrx_word' id='word_1_755' title='bbox 1187 5391 1235 5452; x_wconf 88' lang='lat'><strong>3,</strong></span> <span class='ocrx_word' id='word_1_756' title='bbox 1263 5387 1340 5456; x_wconf 75' lang='grc'><strong>4).</strong></span> 
     </span>
    </p>
   </div>
   <div class='ocr_carea' id='block_1_100' title="bbox 443 5475 2063 5549">
    <p class='ocr_par' dir='ltr' id='par_1_100' title="bbox 443 5475 2063 5549">
     <span class='ocr_line' id='line_1_100' title="bbox 443 5475 2063 5549; baseline 0.003 -21"><span class='ocrx_word' id='word_1_757' title='bbox 443 5475 677 5542; x_wconf 86' lang='lat' dir='ltr'><strong>Lignum</strong></span> <span class='ocrx_word' id='word_1_758' title='bbox 701 5477 864 5532; x_wconf 83' lang='lat' dir='ltr'><strong>etiam</strong></span> <span class='ocrx_word' id='word_1_759' title='bbox 891 5478 1016 5532; x_wconf 68' lang='lat' dir='ltr'><strong>vita</strong></span> <span class='ocrx_word' id='word_1_760' title='bbox 1044 5477 1104 5530; x_wconf 86' lang='lat' dir='ltr'><strong>in</strong></span> <span class='ocrx_word' id='word_1_761' title='bbox 1131 5476 1304 5531; x_wconf 87' lang='lat' dir='ltr'><strong>medio</strong></span> <span class='ocrx_word' id='word_1_762' title='bbox 1333 5475 1606 5546; x_wconf 83' lang='lat' dir='ltr'><strong>paradisi.</strong></span> <span class='ocrx_word' id='word_1_763' title='bbox 1655 5477 1905 5549; x_wconf 88' lang='lat' dir='ltr'><strong>Lignum</strong></span> <span class='ocrx_word' id='word_1_764' title='bbox 1929 5477 2063 5533; x_wconf 64' lang='lat' dir='ltr'><strong>vitae</strong></span> 
     </span>
    </p>
   </div>
   <div class='ocr_carea' id='block_1_101' title="bbox 372 5563 2059 5635">
    <p class='ocr_par' dir='ltr' id='par_1_101' title="bbox 372 5563 2059 5635">
     <span class='ocr_line' id='line_1_101' title="bbox 372 5563 2059 5635; baseline 0.001 -16"><span class='ocrx_word' id='word_1_765' title='bbox 372 5563 648 5635; x_wconf 90' lang='lat' dir='ltr'><strong>sapientia</strong></span> <span class='ocrx_word' id='word_1_766' title='bbox 701 5570 802 5632; x_wconf 90' lang='lat' dir='ltr'><strong>est,</strong></span> <span class='ocrx_word' id='word_1_767' title='bbox 872 5564 1149 5635; x_wconf 87' lang='lat' dir='ltr'><strong>sapientia</strong></span> <span class='ocrx_word' id='word_1_768' title='bbox 1208 5572 1402 5620; x_wconf 89' lang='lat' dir='ltr'><strong>autem</strong></span> <span class='ocrx_word' id='word_1_769' title='bbox 1445 5564 1746 5635; x_wconf 84' lang='lat' dir='ltr'><strong>tripliciter</strong></span> <span class='ocrx_word' id='word_1_770' title='bbox 1809 5564 2059 5621; x_wconf 90' lang='lat' dir='ltr'><strong>dicitur:</strong></span> 
     </span>
    </p>
   </div>
   <div class='ocr_carea' id='block_1_102' title="bbox 373 5651 2066 5723">
    <p class='ocr_par' dir='ltr' id='par_1_102' title="bbox 373 5651 2066 5723">
     <span class='ocr_line' id='line_1_102' title="bbox 373 5651 2066 5723; baseline 0 -15"><span class='ocrx_word' id='word_1_771' title='bbox 373 5651 652 5722; x_wconf 88' lang='lat' dir='ltr'><strong>sapientia</strong></span> <span class='ocrx_word' id='word_1_772' title='bbox 679 5652 856 5723; x_wconf 91' lang='lat' dir='ltr'><strong>hujus</strong></span> <span class='ocrx_word' id='word_1_773' title='bbox 886 5651 1106 5718; x_wconf 89' lang='lat' dir='ltr'><strong>mundi,</strong></span> <span class='ocrx_word' id='word_1_774' title='bbox 1140 5667 1272 5722; x_wconf 62' lang='lat' dir='ltr'><strong>quae</strong></span> <span class='ocrx_word' id='word_1_775' title='bbox 1305 5659 1361 5707; x_wconf 90' lang='lat' dir='ltr'><strong>et</strong></span> <span class='ocrx_word' id='word_1_776' title='bbox 1389 5651 1598 5707; x_wconf 86' lang='lat' dir='ltr'><strong>astutia</strong></span> <span class='ocrx_word' id='word_1_777' title='bbox 1625 5659 1746 5722; x_wconf 91' lang='lat' dir='ltr'><strong>est;</strong></span> <span class='ocrx_word' id='word_1_778' title='bbox 1783 5651 2066 5723; x_wconf 89' lang='lat' dir='ltr'><strong>sapientia</strong></span> 
     </span>
    </p>
   </div>
   <div class='ocr_carea' id='block_1_103' title="bbox 2168 4503 3854 4579">
    <p class='ocr_par' dir='ltr' id='par_1_103' title="bbox 2168 4503 3854 4579">
     <span class='ocr_line' id='line_1_103' title="bbox 2168 4503 3854 4579; baseline -0.011 -11"><span class='ocrx_word' id='word_1_779' title='bbox 2168 4513 2328 4568; x_wconf 90' lang='lat' dir='ltr'><strong>Unde</strong></span> <span class='ocrx_word' id='word_1_780' title='bbox 2357 4509 2660 4566; x_wconf 88' lang='lat' dir='ltr'><strong>subditur:</strong></span> <span class='ocrx_word' id='word_1_781' title='bbox 2696 4510 2793 4579; x_wconf 84' lang='lat' dir='ltr'><strong>qui</strong></span> <span class='ocrx_word' id='word_1_782' title='bbox 2821 4507 3095 4562; x_wconf 85' lang='lat' dir='ltr'><strong>dividitur</strong></span> <span class='ocrx_word' id='word_1_783' title='bbox 3135 4505 3262 4559; x_wconf 86' lang='lat' dir='ltr'><strong>inde</strong></span> <span class='ocrx_word' id='word_1_784' title='bbox 3300 4508 3360 4558; x_wconf 85' lang='lat' dir='ltr'><strong>in</strong></span> <span class='ocrx_word' id='word_1_785' title='bbox 3389 4511 3624 4574; x_wconf 87' lang='lat' dir='ltr'><strong>quatuor</strong></span> <span class='ocrx_word' id='word_1_786' title='bbox 3650 4503 3854 4572; x_wconf 84' lang='lat' dir='ltr'><strong>capita.</strong></span> 
     </span>
    </p>
   </div>
   <div class='ocr_carea' id='block_1_104' title="bbox 2167 4593 3855 4670">
    <p class='ocr_par' dir='ltr' id='par_1_104' title="bbox 2167 4593 3855 4670">
     <span class='ocr_line' id='line_1_104' title="bbox 2167 4593 3855 4670; baseline -0.007 -12"><span class='ocrx_word' id='word_1_787' title='bbox 2167 4597 2492 4670; x_wconf 88' lang='lat' dir='ltr'><strong>Voluptatis</strong></span> <span class='ocrx_word' id='word_1_788' title='bbox 2521 4604 2727 4652; x_wconf 68' lang='lat' dir='ltr'><strong>nostra:</strong></span> <span class='ocrx_word' id='word_1_789' title='bbox 2758 4595 2994 4667; x_wconf 89' lang='lat' dir='ltr'><strong>quidam</strong></span> <span class='ocrx_word' id='word_1_790' title='bbox 3029 4595 3188 4651; x_wconf 92' lang='lat' dir='ltr'><strong>locus</strong></span> <span class='ocrx_word' id='word_1_791' title='bbox 3219 4607 3334 4649; x_wconf 90' lang='lat' dir='ltr'><strong>non</strong></span> <span class='ocrx_word' id='word_1_792' title='bbox 3364 4593 3558 4650; x_wconf 88' lang='lat' dir='ltr'><strong>localis</strong></span> <span class='ocrx_word' id='word_1_793' title='bbox 3586 4593 3735 4647; x_wconf 90' lang='lat' dir='ltr'><strong>Deus</strong></span> <span class='ocrx_word' id='word_1_794' title='bbox 3755 4595 3855 4647; x_wconf 83' lang='lat' dir='ltr'><strong>est.</strong></span> 
     </span>
    </p>
   </div>
   <div class='ocr_carea' id='block_1_105' title="bbox 2167 4680 3858 4759">
    <p class='ocr_par' dir='ltr' id='par_1_105' title="bbox 2167 4680 3858 4759">
     <span class='ocr_line' id='line_1_105' title="bbox 2167 4680 3858 4759; baseline -0.007 -16"><span class='ocrx_word' id='word_1_795' title='bbox 2167 4702 2341 4759; x_wconf 89' lang='lat' dir='ltr'><strong>quem</strong></span> <span class='ocrx_word' id='word_1_796' title='bbox 2372 4685 2602 4757; x_wconf 91' lang='lat' dir='ltr'><strong>quidem</strong></span> <span class='ocrx_word' id='word_1_797' title='bbox 2644 4683 2984 4756; x_wconf 88' lang='lat' dir='ltr'><strong>generaliter</strong></span> <span class='ocrx_word' id='word_1_798' title='bbox 3013 4682 3226 4748; x_wconf 90' lang='lat' dir='ltr'><strong>omnia,</strong></span> <span class='ocrx_word' id='word_1_799' title='bbox 3265 4681 3358 4736; x_wconf 91' lang='lat' dir='ltr'><strong>sed</strong></span> <span class='ocrx_word' id='word_1_800' title='bbox 3411 4680 3490 4735; x_wconf 92' lang='lat' dir='ltr'><strong>illi</strong></span> <span class='ocrx_word' id='word_1_801' title='bbox 3536 4687 3696 4736; x_wconf 89' lang='lat' dir='ltr'><strong>tanto</strong></span> <span class='ocrx_word' id='word_1_802' title='bbox 3727 4690 3858 4746; x_wconf 90' lang='lat' dir='ltr'><strong>spe-</strong></span> 
     </span>
    </p>
   </div>
   <div class='ocr_carea' id='block_1_106' title="bbox 2166 4763 3856 4845">
    <p class='ocr_par' dir='ltr' id='par_1_106' title="bbox 2166 4763 3856 4845">
     <span class='ocr_line' id='line_1_106' title="bbox 2166 4763 3856 4845; baseline -0.009 -13"><span class='ocrx_word' id='word_1_803' title='bbox 2166 4775 2390 4842; x_wconf 86' lang='lat' dir='ltr'><strong>cialius,</strong></span> <span class='ocrx_word' id='word_1_804' title='bbox 2441 4783 2660 4845; x_wconf 89' lang='lat' dir='ltr'><strong>quanto</strong></span> <span class='ocrx_word' id='word_1_805' title='bbox 2707 4772 3064 4842; x_wconf 88' lang='lat' dir='ltr'><strong>spiritualius</strong></span> <span class='ocrx_word' id='word_1_806' title='bbox 3106 4771 3386 4837; x_wconf 90' lang='lat' dir='ltr'><strong>incolunt,</strong></span> <span class='ocrx_word' id='word_1_807' title='bbox 3434 4767 3537 4840; x_wconf 91' lang='lat' dir='ltr'><strong>qui</strong></span> <span class='ocrx_word' id='word_1_808' title='bbox 3566 4767 3753 4823; x_wconf 89' lang='lat' dir='ltr'><strong>solum</strong></span> <span class='ocrx_word' id='word_1_809' title='bbox 3800 4763 3856 4818; x_wconf 89' lang='lat' dir='ltr'><strong>in</strong></span> 
     </span>
    </p>
   </div>
   <div class='ocr_carea' id='block_1_107' title="bbox 2169 4857 3858 4935">
    <p class='ocr_par' dir='ltr' id='par_1_107' title="bbox 2169 4857 3858 4935">
     <span class='ocr_line' id='line_1_107' title="bbox 2169 4857 3858 4935; baseline -0.007 -15"><span class='ocrx_word' id='word_1_810' title='bbox 2169 4865 2290 4935; x_wconf 88' lang='lat' dir='ltr'><strong>ipso</strong></span> <span class='ocrx_word' id='word_1_811' title='bbox 2319 4863 2694 4929; x_wconf 89' lang='lat' dir='ltr'><strong>delectantur,</strong></span> <span class='ocrx_word' id='word_1_812' title='bbox 2727 4876 2801 4918; x_wconf 84' lang='lat' dir='ltr'><strong>ex</strong></span> <span class='ocrx_word' id='word_1_813' title='bbox 2841 4861 2947 4918; x_wconf 91' lang='lat' dir='ltr'><strong>hoc</strong></span> <span class='ocrx_word' id='word_1_814' title='bbox 2991 4860 3111 4931; x_wconf 91' lang='lat' dir='ltr'><strong>ipso</strong></span> <span class='ocrx_word' id='word_1_815' title='bbox 3143 4857 3400 4914; x_wconf 85' lang='lat' dir='ltr'><strong>ﬂuminis</strong></span> <span class='ocrx_word' id='word_1_816' title='bbox 3431 4857 3680 4926; x_wconf 90' lang='lat' dir='ltr'><strong>impetus</strong></span> <span class='ocrx_word' id='word_1_817' title='bbox 3706 4866 3858 4924; x_wconf 84' lang='lat' dir='ltr'><strong>egre-</strong></span> 
     </span>
    </p>
   </div>
   <div class='ocr_carea' id='block_1_108' title="bbox 2169 4938 3858 5021">
    <p class='ocr_par' dir='ltr' id='par_1_108' title="bbox 2169 4938 3858 5021">
     <span class='ocr_line' id='line_1_108' title="bbox 2169 4938 3858 5021; baseline -0.01 -12"><span class='ocrx_word' id='word_1_818' title='bbox 2169 4953 2346 5019; x_wconf 90' lang='lat' dir='ltr'><strong>ditur,</strong></span> <span class='ocrx_word' id='word_1_819' title='bbox 2379 4950 2482 5021; x_wconf 92' lang='lat' dir='ltr'><strong>qui</strong></span> <span class='ocrx_word' id='word_1_820' title='bbox 2527 4948 2814 5019; x_wconf 90' lang='lat' dir='ltr'><strong>nequitias</strong></span> <span class='ocrx_word' id='word_1_821' title='bbox 2857 4947 3183 5020; x_wconf 89' lang='lat' dir='ltr'><strong>spirituales</strong></span> <span class='ocrx_word' id='word_1_822' title='bbox 3232 4943 3567 5016; x_wconf 65' lang='lat' dir='ltr'><strong>praecipitat,</strong></span> <span class='ocrx_word' id='word_1_823' title='bbox 3612 4949 3670 4998; x_wconf 90' lang='lat' dir='ltr'><strong>et</strong></span> <span class='ocrx_word' id='word_1_824' title='bbox 3708 4938 3858 4996; x_wconf 86' lang='lat' dir='ltr'><strong>divi-</strong></span> 
     </span>
    </p>
   </div>
   <div class='ocr_carea' id='block_1_109' title="bbox 2171 5030 3856 5109">
    <p class='ocr_par' dir='ltr' id='par_1_109' title="bbox 2171 5030 3856 5109">
     <span class='ocr_line' id='line_1_109' title="bbox 2171 5030 3856 5109; baseline -0.009 -15"><span class='ocrx_word' id='word_1_825' title='bbox 2171 5039 2328 5096; x_wconf 91' lang='lat' dir='ltr'><strong>ditur</strong></span> <span class='ocrx_word' id='word_1_826' title='bbox 2358 5039 2417 5094; x_wconf 92' lang='lat' dir='ltr'><strong>in</strong></span> <span class='ocrx_word' id='word_1_827' title='bbox 2447 5044 2702 5109; x_wconf 89' lang='lat' dir='ltr'><strong>quatuor</strong></span> <span class='ocrx_word' id='word_1_828' title='bbox 2751 5039 2960 5106; x_wconf 90' lang='lat' dir='ltr'><strong>capita,</strong></span> <span class='ocrx_word' id='word_1_829' title='bbox 2999 5050 3130 5106; x_wconf 65' lang='lat' dir='ltr'><strong>qua;</strong></span> <span class='ocrx_word' id='word_1_830' title='bbox 3162 5042 3299 5089; x_wconf 90' lang='lat' dir='ltr'><strong>sunt</strong></span> <span class='ocrx_word' id='word_1_831' title='bbox 3332 5030 3676 5102; x_wconf 90' lang='lat' dir='ltr'><strong>principales</strong></span> <span class='ocrx_word' id='word_1_832' title='bbox 3716 5039 3856 5099; x_wconf 87' lang='lat' dir='ltr'><strong>qua-</strong></span> 
     </span>
    </p>
   </div>
   <div class='ocr_carea' id='block_1_110' title="bbox 2172 5125 3857 5196">
    <p class='ocr_par' dir='ltr' id='par_1_110' title="bbox 2172 5125 3857 5196">
     <span class='ocr_line' id='line_1_110' title="bbox 2172 5125 3857 5196; baseline -0.008 -13"><span class='ocrx_word' id='word_1_833' title='bbox 2172 5134 2302 5184; x_wconf 90' lang='lat' dir='ltr'><strong>tuor</strong></span> <span class='ocrx_word' id='word_1_834' title='bbox 2329 5126 2592 5193; x_wconf 90' lang='lat' dir='ltr'><strong>virtutes,</strong></span> <span class='ocrx_word' id='word_1_835' title='bbox 2624 5139 2656 5182; x_wconf 92' lang='lat' dir='ltr'><strong>e</strong></span> <span class='ocrx_word' id='word_1_836' title='bbox 2687 5125 2902 5196; x_wconf 88' lang='lat' dir='ltr'><strong>quibus</strong></span> <span class='ocrx_word' id='word_1_837' title='bbox 2939 5131 3156 5180; x_wconf 61' lang='lat' dir='ltr'><strong>caeteras</strong></span> <span class='ocrx_word' id='word_1_838' title='bbox 3199 5135 3397 5178; x_wconf 89' lang='lat' dir='ltr'><strong>omnes</strong></span> <span class='ocrx_word' id='word_1_839' title='bbox 3423 5125 3666 5176; x_wconf 91' lang='lat' dir='ltr'><strong>sumunt</strong></span> <span class='ocrx_word' id='word_1_840' title='bbox 3697 5127 3857 5174; x_wconf 88' lang='lat' dir='ltr'><strong>exor-</strong></span> 
     </span>
    </p>
   </div>
   <div class='ocr_carea' id='block_1_111' title="bbox 2171 5215 2284 5271">
    <p class='ocr_par' dir='ltr' id='par_1_111' title="bbox 2171 5215 2284 5271">
     <span class='ocr_line' id='line_1_111' title="bbox 2171 5215 2284 5271; baseline -0.027 0"><span class='ocrx_word' id='word_1_841' title='bbox 2171 5215 2284 5271; x_wconf 93' lang='lat' dir='ltr'><strong>dia.</strong></span> 
     </span>
    </p>
   </div>
   <div class='ocr_carea' id='block_1_112' title="bbox 2243 5295 3857 5367">
    <p class='ocr_par' dir='ltr' id='par_1_112' title="bbox 2243 5295 3857 5367">
     <span class='ocr_line' id='line_1_112' title="bbox 2243 5295 3857 5367; baseline -0.009 -8"><span class='ocrx_word' id='word_1_842' title='bbox 2243 5305 2411 5359; x_wconf 72' lang='lat' dir='ltr'><strong>Vens.</strong></span> <span class='ocrx_word' id='word_1_843' title='bbox 2445 5305 2530 5357; x_wconf 85' lang='lat' dir='ltr'><strong>ll.</strong></span> <span class='ocrx_word' id='word_1_844' title='bbox 2581 5332 2647 5344; x_wconf 93' lang='lat'><strong><em>—</em></strong></span> <span class='ocrx_word' id='word_1_845' title='bbox 2689 5305 2890 5359; x_wconf 82' lang='lat' dir='ltr'><strong>Nomen</strong></span> <span class='ocrx_word' id='word_1_846' title='bbox 2935 5304 3035 5356; x_wconf 86' lang='lat' dir='ltr'><strong>uni</strong></span> <span class='ocrx_word' id='word_1_847' title='bbox 3081 5301 3320 5356; x_wconf 82' lang='lat' dir='ltr'><strong>Phison:</strong></span> <span class='ocrx_word' id='word_1_848' title='bbox 3361 5299 3476 5367; x_wconf 86' lang='lat' dir='ltr'><strong>ipse</strong></span> <span class='ocrx_word' id='word_1_849' title='bbox 3519 5301 3599 5352; x_wconf 86' lang='lat' dir='ltr'><strong>est</strong></span> <span class='ocrx_word' id='word_1_850' title='bbox 3625 5298 3724 5366; x_wconf 91' lang='lat' dir='ltr'><strong>qui</strong></span> <span class='ocrx_word' id='word_1_851' title='bbox 3749 5295 3857 5348; x_wconf 83' lang='lat' dir='ltr'><strong>cir-</strong></span> 
     </span>
    </p>
   </div>
   <div class='ocr_carea' id='block_1_113' title="bbox 2171 5385 3857 5455">
    <p class='ocr_par' dir='ltr' id='par_1_113' title="bbox 2171 5385 3857 5455">
     <span class='ocr_line' id='line_1_113' title="bbox 2171 5385 3857 5455; baseline -0.008 -7"><span class='ocrx_word' id='word_1_852' title='bbox 2171 5395 2283 5448; x_wconf 88' lang='lat' dir='ltr'><strong>cuit</strong></span> <span class='ocrx_word' id='word_1_853' title='bbox 2328 5407 2532 5447; x_wconf 88' lang='lat' dir='ltr'><strong>omnem</strong></span> <span class='ocrx_word' id='word_1_854' title='bbox 2572 5396 2774 5446; x_wconf 87' lang='lat' dir='ltr'><strong>terram</strong></span> <span class='ocrx_word' id='word_1_855' title='bbox 2819 5390 3068 5446; x_wconf 78' lang='lat' dir='ltr'><strong>Evilath.</strong></span> <span class='ocrx_word' id='word_1_856' title='bbox 3121 5388 3329 5444; x_wconf 90' lang='lat' dir='ltr'><strong>Phison</strong></span> <span class='ocrx_word' id='word_1_857' title='bbox 3363 5385 3770 5455; x_wconf 90' lang='lat' dir='ltr'><strong>interpretatur</strong></span> <span class='ocrx_word' id='word_1_858' title='bbox 3805 5393 3857 5434; x_wconf 85' lang='lat' dir='ltr'><strong>os</strong></span> 
     </span>
    </p>
   </div>
   <div class='ocr_carea' id='block_1_114' title="bbox 2169 5467 3856 5546">
    <p class='ocr_par' dir='ltr' id='par_1_114' title="bbox 2169 5467 3856 5546">
     <span class='ocr_line' id='line_1_114' title="bbox 2169 5467 3856 5546; baseline -0.007 -16"><span class='ocrx_word' id='word_1_859' title='bbox 2169 5477 2413 5546; x_wconf 55' lang='lat' dir='ltr'><strong>pupilla».</strong></span> <span class='ocrx_word' id='word_1_860' title='bbox 2455 5474 2562 5531; x_wconf 91' lang='lat' dir='ltr'><strong>Ore</strong></span> <span class='ocrx_word' id='word_1_861' title='bbox 2595 5483 2784 5531; x_wconf 91' lang='lat' dir='ltr'><strong>autem</strong></span> <span class='ocrx_word' id='word_1_862' title='bbox 2829 5475 3145 5544; x_wconf 90' lang='lat' dir='ltr'><strong>loquimur,</strong></span> <span class='ocrx_word' id='word_1_863' title='bbox 3196 5470 3416 5543; x_wconf 88' lang='lat' dir='ltr'><strong>pupilla</strong></span> <span class='ocrx_word' id='word_1_864' title='bbox 3446 5469 3726 5526; x_wconf 90' lang='lat' dir='ltr'><strong>videmus.</strong></span> <span class='ocrx_word' id='word_1_865' title='bbox 3759 5467 3856 5523; x_wconf 89' lang='lat' dir='ltr'><strong>Per</strong></span> 
     </span>
    </p>
   </div>
   <div class='ocr_carea' id='block_1_115' title="bbox 2173 5552 3852 5636">
    <p class='ocr_par' dir='ltr' id='par_1_115' title="bbox 2173 5552 3852 5636">
     <span class='ocr_line' id='line_1_115' title="bbox 2173 5552 3852 5636; baseline -0.007 -16"><span class='ocrx_word' id='word_1_866' title='bbox 2173 5564 2328 5635; x_wconf 90' lang='lat' dir='ltr'><strong>quod</strong></span> <span class='ocrx_word' id='word_1_867' title='bbox 2365 5562 2704 5636; x_wconf 90' lang='lat' dir='ltr'><strong>intelligitur</strong></span> <span class='ocrx_word' id='word_1_868' title='bbox 2725 5563 3051 5634; x_wconf 89' lang='lat' dir='ltr'><strong>prudentia,</strong></span> <span class='ocrx_word' id='word_1_869' title='bbox 3085 5575 3217 5634; x_wconf 69' lang='lat' dir='ltr'><strong>quat</strong></span> <span class='ocrx_word' id='word_1_870' title='bbox 3244 5568 3299 5616; x_wconf 92' lang='lat' dir='ltr'><strong>et</strong></span> <span class='ocrx_word' id='word_1_871' title='bbox 3315 5559 3436 5630; x_wconf 91' lang='lat' dir='ltr'><strong>ipsa</strong></span> <span class='ocrx_word' id='word_1_872' title='bbox 3464 5557 3678 5615; x_wconf 93' lang='lat' dir='ltr'><strong>dicitur</strong></span> <span class='ocrx_word' id='word_1_873' title='bbox 3708 5552 3852 5628; x_wconf 92' lang='lat' dir='ltr'><strong>quod</strong></span> 
     </span>
    </p>
   </div>
   <div class='ocr_carea' id='block_1_116' title="bbox 2174 5641 3853 5723">
    <p class='ocr_par' dir='ltr' id='par_1_116' title="bbox 2174 5641 3853 5723">
     <span class='ocr_line' id='line_1_116' title="bbox 2174 5641 3853 5723; baseline -0.007 -14"><span class='ocrx_word' id='word_1_874' title='bbox 2174 5666 2343 5721; x_wconf 88' lang='lat' dir='ltr'><strong>porro</strong></span> <span class='ocrx_word' id='word_1_875' title='bbox 2372 5651 2578 5710; x_wconf 86' lang='lat' dir='ltr'><strong>videat.</strong></span> <span class='ocrx_word' id='word_1_876' title='bbox 2626 5651 2777 5709; x_wconf 87' lang='lat' dir='ltr'><strong>Vera</strong></span> <span class='ocrx_word' id='word_1_877' title='bbox 2827 5655 3018 5708; x_wconf 89' lang='lat' dir='ltr'><strong>autem</strong></span> <span class='ocrx_word' id='word_1_878' title='bbox 3061 5649 3366 5723; x_wconf 86' lang='lat' dir='ltr'><strong>prudentia</strong></span> <span class='ocrx_word' id='word_1_879' title='bbox 3394 5653 3500 5712; x_wconf 88' lang='lat' dir='ltr'><strong>est,</strong></span> <span class='ocrx_word' id='word_1_880' title='bbox 3532 5661 3651 5716; x_wconf 89' lang='lat' dir='ltr'><strong>qua</strong></span> <span class='ocrx_word' id='word_1_881' title='bbox 3681 5641 3853 5704; x_wconf 89' lang='lat' dir='ltr'><strong>subti-</strong></span> 
     </span>
    </p>
   </div>
  </div>
