3966 6458
78 406 131 460 65
1220 401 1579 458 MORALIUM
1635 404 1702 458 ΙΝ
1751 401 2065 461 GENESIN
2123 402 2255 459 LIB.
2317 401 2385 456 II.
3493 407 3559 459 66

71 536 175 593 liter
199 547 445 605 quaque
495 531 856 604 conjicimus,
907 533 980 590 ad
1008 547 1155 604 quos
1205 534 1425 605 possint
1471 535 1741 591 devenire
1770 536 1816 589 A
1853 533 1990 604 rint,
2025 542 2081 592 et
2110 533 2251 590 vitia
2299 532 2666 598 mortificant,
2716 533 3036 604 vitamque,
3079 535 3126 592 si
3169 541 3436 607 suppetat
3464 551 3557 593 oc-

73 629 372 696 proventus,
424 622 579 679 unde
626 636 805 678 nasus
855 622 1121 679 Ecclesia
1168 623 1316 680 turri
1373 631 1747 694 comparatur

76 717 222 779 (Cant.
252 728 345 777 vn,
379 713 460 781 4),
499 711 637 767 dum
664 711 971 768 imminens
1015 711 1233 769 malum
1266 712 1620 782 providendo
1649 714 1746 771 de-

72 804 309 868 clinatur,
357 807 413 857 et
459 800 696 856 virtutis
744 800 1001 857 studium
1053 800 1145 857 sui
1203 801 1409 857 merito
1446 816 1747 860 successus

74 900 289 949 amatur.
339 889 523 961 Cujus
570 889 832 946 fertilitas
889 897 1028 946 tunc
1094 892 1322 961 penitus
1367 892 1742 962 approbatur,

70 995 182 1038 cum
222 979 377 1050 quod
424 980 568 1035 bene
613 979 1014 1049 prospicimus,
1047 987 1099 1035 et
1149 979 1278 1036 aliis
1316 980 1615 1037 insinuare
1652 995 1744 1037 sa-

72 1070 310 1140 tagimus,
346 1074 411 1125 ut
440 1068 675 1139 pupilla
702 1068 979 1135 ofﬁcium,
1011 1076 1065 1125 et
1085 1069 1203 1125 oris
1227 1083 1490 1140 agamus.
1524 1071 1748 1126 Evilath

71 1161 461 1228 interpretatur
498 1158 695 1214 dolens
722 1158 811 1213 vel
862 1158 1208 1228 parturiens.
1266 1159 1421 1215 Dolet
1450 1159 1553 1230 qui
1594 1174 1747 1230 pra-

72 1249 223 1303 sentis
263 1246 460 1303 saculi
511 1259 803 1303 arumnas
853 1254 909 1302 et
958 1246 1227 1302 exsilium
1278 1261 1431 1318 agre
1472 1247 1601 1312 fert,
1645 1249 1748 1318 qui

69 1350 182 1392 cum
215 1349 432 1406 pauper
470 1335 661 1402 fuerit,
695 1342 751 1391 et
796 1348 988 1391 coram
1029 1335 1144 1391 Deo
1181 1334 1449 1393 ell‘uderit
1499 1350 1745 1407 precem,

70 1426 228 1482 dicit:
276 1426 572 1479 Percussus
618 1440 739 1479 sum
780 1429 841 1478 ut
882 1426 1069 1492 fenum
1118 1426 1286 1495 (Psal.
1341 1442 1411 1493 cr,
1451 1430 1526 1493 5),
1566 1435 1622 1483 et
1668 1441 1750 1483 se-

68 1513 298 1584 quentia.
338 1513 593 1569 Parturit
622 1511 746 1583 qui,
780 1512 909 1568 licet
956 1512 1135 1569 stellis
1183 1521 1493 1570 coronetur
1524 1514 1748 1570 duode-

70 1602 182 1669 cim,
213 1601 531 1671 lunamque
560 1600 669 1657 sub
712 1601 955 1672 pedibus
982 1601 1213 1669 habeat,
1265 1615 1332 1658 ac
1378 1602 1493 1659 sole
1523 1602 1750 1659 amicia-

72 1699 153 1747 tur
180 1689 361 1760 (Apoc.
397 1706 498 1759 xu,
546 1690 617 1761 l),
648 1690 943 1746 cruciatus
988 1696 1181 1746 tamen
1212 1691 1327 1747 ait:
1363 1692 1519 1756 Quod
1558 1708 1751 1762 operor

68 1795 158 1833 non
198 1780 439 1847 intelligo
495 1781 669 1841 (Rom.
736 1795 834 1844 vn,
892 1780 1000 1849 lii),
1061 1780 1116 1834 id
1160 1787 1244 1836 est
1291 1794 1406 1836 non
1472 1781 1743 1850 approbo.

74 1870 221 1923 Video
255 1871 398 1922 enim
447 1868 620 1923 aliam
663 1869 828 1935 legem
869 1870 931 1923 in
960 1870 1214 1924 membris
1259 1872 1391 1924 meis
1414 1868 1609 1940 (Ibid.,
1633 1870 1742 1939 23),

67 1965 113 2013 et
160 1967 375 2014 catera.
434 1958 507 2013 Et
558 1957 734 2014 alibi:
789 1958 976 2014 Omnis
1020 1964 1273 2014 creatura
1331 1961 1656 2026 mgemiscit,
1697 1964 1748 2013 et

67 2050 288 2116 parturit
331 2062 506 2116 usque
550 2048 729 2103 adhuc
757 2048 943 2117 (Rom.
1003 2064 1120 2114 vm,
1177 2050 1287 2115 22),
1334 2048 1548 2103 scilicet
1597 2048 1748 2103 bona

68 2149 221 2205 opera
262 2151 395 2192 cum
430 2136 624 2192 dolore
672 2145 962 2207 operatur.
1014 2136 1230 2192 Circuit
1278 2144 1471 2192 autem
1516 2137 1745 2200 Phison,

69 2224 113 2278 id
141 2233 216 2280 est
234 2224 445 2290 munit,
479 2238 594 2279 non
633 2224 947 2293 pulverem,
996 2238 1168 2294 quem
1206 2224 1429 2295 projicit
1462 2225 1748 2296 superbia

67 2320 252 2369 ventus
296 2328 331 2368 a
387 2312 531 2368 facie
586 2319 770 2379 terra,
832 2312 887 2367 id
939 2319 1025 2368 est
1068 2312 1298 2381 Christi,
1363 2313 1462 2369 sed
1515 2321 1747 2381 terram,

64 2402 274 2457 stabiles
296 2401 514 2458 scilicet
544 2415 611 2458 ac
639 2401 868 2469 solidos,
922 2402 1024 2472 qui
1071 2401 1265 2459 dolent
1311 2417 1369 2458 se
1396 2417 1510 2459 non
1539 2403 1751 2460 habere

62 2488 141 2544 hic
192 2497 520 2545 manentem
583 2488 894 2555 civitatem,
939 2497 995 2545 et
1044 2489 1298 2546 clamant
1362 2492 1753 2560 parturientes

64 2591 287 2646 puerum
319 2577 429 2648 qui
478 2577 744 2649 rapiatur
772 2578 843 2633 ad
875 2580 1055 2635 Deum
1087 2587 1141 2635 et
1183 2578 1257 2635 ad
1295 2580 1424 2651 ejus
1449 2580 1747 2636 thronum.

61 2664 116 2720 In
145 2666 245 2722 hac
275 2674 455 2733 terra,
498 2665 605 2721 hoc
634 2665 833 2722 clausa
859 2666 1200 2731 munimine,
1229 2668 1492 2724 nascitur
1524 2676 1752 2724 sancta-

61 2767 173 2810 rum
202 2755 536 2811 animarum
556 2768 787 2822 aurum,
812 2755 995 2811 ethoc
1019 2755 1342 2826 optimum;
1367 2756 1507 2827 quia
1532 2757 1578 2813 si
1604 2758 1754 2815 bona

63 2850 129 2897 est
156 2852 351 2900 sancta
395 2843 711 2912 rusticitas,
744 2858 921 2914 quam
953 2844 1182 2916 dignior
1210 2852 1293 2901 est
1341 2845 1508 2902 docta
1538 2848 1755 2905 sancti-

61 2932 282 2989 tas?Sic
307 2933 470 2988 enim
524 2932 774 2989 dicitur:
828 2934 926 2987 ubi
972 2936 1221 2988 nascitur
1274 2950 1471 2990 aurum
1501 2935 1652 3007 (Gen.
1692 2951 1750 2990 II.

74 3024 164 3089 ll).

128 3111 285 3204 Vsus.
336 3116 427 3168 i2.
458 3143 520 3153 —
563 3114 635 3166 Et
689 3126 886 3166 aurum
914 3117 1099 3204 terra
1156 3113 1308 3167 illius
1362 3116 1626 3182 optimum
1656 3119 1754 3172 est.
1792 3149 1833 3204 Ο

63 3198 358 3258 Maximum
405 3208 495 3259 est
540 3201 696 3256 enim
735 3215 849 3257 non
880 3200 986 3257 sibi
1035 3200 1158 3269 soli,
1204 3202 1302 3257 sed
1332 3203 1602 3260 omnibus
1631 3212 1761 3260 stu-

59 3289 176 3345 dere
233 3291 529 3361 prodesse.
564 3290 627 3345 In
658 3303 801 3346 auro
838 3289 993 3346 enim
1030 3297 1085 3345 et
1115 3288 1385 3360 splendor
1412 3299 1516 3359 est,
1550 3299 1605 3348 et
1640 3307 1760 3363 pre-

55 3376 183 3433 tium
210 3393 227 3448 ;
262 3378 523 3449 pretium
553 3390 691 3448 ergo
718 3391 792 3433 ex
822 3376 1124 3448 religione,
1156 3377 1513 3447 splendorem
1546 3378 1760 3434 habent

58 3464 108 3520 in
160 3468 512 3524 eruditione.
567 3467 650 3522 lbi
693 3469 973 3521 invenitur
1020 3467 1296 3534 bdellium,
1343 3473 1393 3522 et
1439 3468 1580 3538 lapis
1623 3481 1756 3535 ony-

58 3554 250 3610 chinus.
285 3556 586 3613 Bdellium
614 3555 934 3611 secundum
967 3555 1247 3626 quosdam
1290 3555 1463 3611 arbor
1502 3563 1587 3611 est
1628 3568 1756 3611 aro-

55 3643 265 3713 matica,
297 3646 499 3701 colore
530 3644 719 3715 nigro,
767 3643 1171 3715 magnitudine
1207 3644 1393 3710 oliva,
1441 3643 1571 3699 folio
1600 3642 1753 3711 rubi,

47 3727 225 3789 fructu
270 3733 546 3804 caprifici
585 3732 803 3788 similis.
855 3732 1002 3788 Sunt
1049 3731 1230 3803 aliqui
1290 3732 1535 3802 Physon,
1589 3732 1644 3788 id
1674 3739 1759 3789 est

50 3822 271 3890 providi,
323 3831 470 3879 sunt
540 3821 771 3877 Evilath
820 3821 973 3877 inter
1008 3821 1307 3878 obstacula
1347 3821 1492 3877 bene
1533 3822 1755 3891 agendo

47 3908 224 3976 validi,
278 3918 421 3967 sunt
483 3918 645 3967 terra
699 3913 1130 3981 perseveranter
1194 3909 1436 3977 immoti,
1500 3925 1755 3981 quorum

45 4006 282 4056 aromata
340 4000 453 4071 pia
514 3999 713 4055 ﬂuunt
761 3998 1068 4069 opinionis,
1129 4006 1186 4055 et
1245 3998 1375 4055 licet
1433 3998 1547 4055 sint
1590 3999 1755 4056 elata

48 4086 376 4157 palmarum,
433 4090 627 4159 nigra
674 4095 867 4143 tamen
928 4088 1094 4159 quasi
1144 4102 1375 4154 corvus,
1427 4087 1516 4143 vel
1565 4088 1755 4144 studio

46 4172 391 4245 humilitatis,
444 4178 543 4233 vel
579 4176 855 4233 memoria
902 4177 1111 4232 veteris
1155 4177 1626 4243 conversationis,
1659 4191 1757 4232 eos

42 4266 331 4333 exquirere
380 4266 690 4332 nituntur,
745 4264 848 4336 qui
895 4264 1192 4321 charitatis
1223 4279 1290 4322 ac
1328 4265 1749 4334 misericordia,

45 4352 182 4421 quod
213 4353 496 4426 signatur
523 4354 703 4418 oliva,
736 4353 962 4409 actibus
1007 4354 1283 4421 eminent,
1326 4361 1381 4410 et
1411 4368 1544 4410 cum
1575 4354 1753 4410 Paulo

1853 623 2023 692 casio,
2065 622 2371 694 sanguinis
2398 622 2677 679 etTusione
2709 633 3155 681 consummant:
3193 624 3359 682 fusus
3390 639 3561 681 nam-

1855 728 1969 785 que
1995 713 2318 784 nigrescere
2347 712 2486 768 solet
2512 712 2773 784 sanguis.

1933 802 2094 859 Vens.
2134 806 2217 856 t3.
2264 831 2334 843 —
2388 805 2459 858 Et
2504 818 2694 856 nomen
2741 802 2973 857 secundo
3021 805 3187 870 ﬂuvio
3240 800 3358 876 [al.,
3409 806 3566 873 ﬂuvii

1854 891 2098 962 secundi]
2137 892 2354 949 Gehon:
2419 895 2536 961 ipse
2582 897 2661 947 est
2716 894 2813 961 qui
2863 896 3059 947 circuit
3113 907 3319 946 omnem
3359 898 3563 947 terram

1855 983 2163 1051 Ethiopia.
2211 981 2409 1037 Gehon
2462 980 2874 1051 interpretatur
2926 989 3144 1051 pectus,
3200 981 3291 1037 vel
3342 997 3562 1052 praeru-

1854 1075 2051 1142 ptum;
2083 1084 2185 1141 per
2217 1078 2413 1141 pectus
2442 1075 2621 1140 potest
2653 1070 2835 1141 accipi
2894 1070 3186 1139 fortitudo,
3222 1084 3353 1142 qua
3388 1070 3564 1127 nullis

1856 1174 1988 1230 qua
2019 1159 2331 1230 providerit
2364 1159 2673 1230 prudentia
2720 1167 2989 1223 terretur,
3023 1168 3125 1217 aut
3172 1160 3321 1217 cedit
3349 1160 3563 1215 adver-

1856 1251 1951 1305 sis.
1985 1248 2148 1316 Quod
2191 1249 2341 1305 enim
2397 1249 2648 1306 brachiis
2704 1263 2818 1305 non
2878 1263 3206 1319 possumus,
3240 1249 3566 1320 pectoribus

1856 1346 1959 1395 aut
1989 1338 2325 1409 impingere,
2386 1346 2488 1395 aut
2536 1340 2764 1395 trahere
2805 1338 3077 1394 solemus.
3133 1338 3296 1395 Unde
3342 1345 3397 1393 et
3428 1337 3564 1407 qui-

1856 1426 2103 1483 busdam
2134 1426 2483 1482 animalibus
2530 1427 2715 1497 major
2746 1427 2887 1482 inibi
2933 1428 3019 1483 vis
3047 1434 3167 1497 est;
3199 1434 3255 1482 et
3280 1426 3566 1496 archiepi-

1856 1516 2043 1586 scopis
2067 1515 2175 1571 sub
2208 1516 2315 1570 hoc
2358 1522 2494 1585 typo
2542 1516 2782 1585 pallium
2837 1515 3006 1571 isthic
3055 1515 3281 1582 insidet,
3320 1522 3385 1571 ut
3423 1514 3565 1571 alios

1860 1604 2233 1675 pracedendo
2255 1603 2475 1659 fortiter
2502 1604 2757 1659 trahant.
2798 1602 3164 1673 Praruptum
3214 1610 3403 1659 autem
3446 1617 3564 1659 non

1856 1695 1962 1750 abs
2002 1708 2063 1749 re
2110 1694 2345 1760 dicitur,
2396 1692 2537 1763 quia
2570 1692 2615 1748 si
2653 1692 2812 1748 fortis
2854 1691 2911 1747 iu
2957 1692 3202 1748 adversa
3241 1690 3362 1747 fore
3409 1692 3564 1747 desi-

1858 1783 2046 1843 deras,
2097 1781 2259 1852 prius
2306 1796 2452 1852 opus
2492 1789 2576 1837 est
2608 1788 2671 1837 ut
2701 1795 2832 1852 qua
2866 1781 2969 1837 tibi
3002 1794 3119 1851 pra
3149 1780 3331 1836 oculis
3361 1789 3569 1850 tempo-

1858 1872 2055 1928 raliter
2087 1870 2475 1926 blandiuntur
2504 1870 2839 1941 abrumpas.
2892 1869 2998 1925 Per
3023 1868 3373 1939 Ethiopiam
3407 1883 3563 1936 vero,

1855 1975 1988 2032 qua
2046 1961 2245 2031 nigros
2302 1958 2472 2015 habet
2545 1959 2809 2029 populos,
2860 1959 3149 2014 contraria
3212 1957 3563 2029 figurantur,

1857 2049 1940 2106 uti
1992 2061 2265 2119 prospera
2321 2047 2584 2102 candidis
2625 2056 2680 2103 et
2733 2061 2892 2103 nunc
2936 2054 2990 2103 et
3024 2047 3179 2118 apud
3221 2055 3442 2103 veteres
3485 2049 3565 2102 si-

1858 2138 2211 2209 gnabantur.
2244 2136 2460 2194 Circuit
2493 2150 2631 2207 ergo
2661 2136 2861 2192 Gehon
2904 2136 3084 2203 illam,
3131 2136 3270 2207 quia
3302 2135 3482 2191 ambit
3510 2142 3566 2191 ct

1857 2227 2049 2297 ampla
2075 2226 2185 2282 sub
2218 2225 2488 2282 sementis
2511 2225 2852 2281 auctoritate
2890 2224 3254 2296 constringit,
3279 2223 3568 2295 quidquid

1856 2316 2113 2372 exterius
2152 2315 2421 2372 molestia
2470 2315 2710 2386 ingruit,
2763 2314 3050 2385 quidquid
3083 2313 3418 2384 Ethiopica
3449 2319 3566 2369 ter-

1857 2404 2119 2461 renitatis
2144 2404 2413 2471 incurrit,
2448 2402 2663 2474 copiosi
2704 2403 2923 2459 ﬂuento
2968 2402 3190 2459 consilii
3237 2401 3571 2472 circumgy—

1859 2501 1948 2549 rat
1967 2500 2021 2549 et
2053 2492 2261 2550 abluit.

1928 2582 2095 2640 Vens.
2152 2582 2236 2636 14.
2279 2583 2349 2638 Et
2400 2597 2591 2637 nomen
2638 2582 2880 2649 ﬂuminis
2925 2582 3076 2635 tertii
3130 2582 3327 2649 Tygris
3380 2595 3395 2634 :
3451 2581 3568 2649 ipse

1858 2671 2015 2727 vadit
2063 2676 2253 2727 contra
2303 2672 2582 2740 Assyrios.
2615 2669 2821 2742 Tygris
2871 2668 3286 2739 interpretatur
3336 2670 3565 2735 sagitta.

1862 2760 1968 2815 Per
2018 2764 2117 2815 τε
2160 2759 2428 2831 sagittam
2479 2759 2858 2830 temperantia
2916 2772 3030 2815 non
3075 2757 3422 2814 inconcinna
3470 2770 3570 2812 ra-

1863 2848 2015 2905 tione
2043 2849 2341 2919 accipitur,
2366 2849 2746 2921 temperantia
2784 2856 2977 2905 autem
3018 2854 3220 2903 contra
3249 2847 3571 2916 voluptates

1863 2939 2057 2994 carnis
2093 2938 2396 2995 emittitur.
2440 2938 2628 2994 Arcus
2654 2951 2931 3008 namque,
2973 2937 3129 3008 quod
3164 2943 3247 2992 est
3284 2934 3568 2992 stoliditas

1861 3027 2137 3098 corporis,
2169 3026 2425 3084 interiori
2465 3026 2683 3083 virtute
2729 3034 3030 3088 curvatus,
3090 3033 3291 3082 contra
3322 3024 3566 3081 nebulas

1863 3116 2341 3187 concupiscentia
2406 3115 2676 3187 sagittam
2758 3114 3151 3185 temperantia
3217 3113 3263 3168 si
3332 3112 3569 3184 dirigat,

1867 3212 2158 3276 quatenus
2185 3204 2375 3260 videat
2403 3204 2558 3275 quod
2579 3202 2765 3269 feriat,
2801 3215 2990 3272 penna
3020 3201 3305 3257 virtutum
3342 3215 3456 3256 non
3487 3215 3573 3256 ca-

1867 3301 2008 3360 reat,
2040 3292 2283 3349 interius
2325 3291 2660 3348 intentionis
2708 3290 3020 3346 directione
3051 3288 3407 3361 pramineat,
3439 3288 3573 3345 sub-

1867 3382 1980 3440 tilis
2027 3381 2245 3453 ingenii
2293 3381 2561 3437 acumine
2611 3380 2776 3450 quasi
2836 3379 3090 3450 quodam
3153 3378 3303 3434 ferro
3360 3385 3571 3448 tempe-

1865 3471 2050 3528 randa
2093 3470 2328 3537 dividat,
2397 3484 2487 3537 ne,
2538 3469 2678 3525 dum
2736 3482 2875 3524 sane
2919 3466 3205 3539 providet,
3255 3466 3573 3538 saniusquc

1863 3560 2087 3627 tolerat,
2119 3559 2316 3615 minus
2343 3572 2481 3615 sane
2528 3558 2668 3614 tisus
2712 3556 2782 3613 de
2835 3571 2894 3613 se
2944 3556 3189 3613 nimium
3236 3563 3400 3611 actus
3441 3568 3576 3611 suos

1865 3648 2241 3705 discernendo
2288 3654 2615 3718 componat.
2665 3646 2811 3703 Nam
2849 3653 2931 3702 est
2981 3645 3175 3715 inepta
3227 3644 3575 3700 abscidenda

1863 3736 2152 3806 voluptas,
2198 3750 2314 3792 non
2368 3734 2599 3806 penitus
2647 3733 3046 3791 subtrahenda
3097 3732 3425 3799 necessitas,
3470 3746 3577 3787 nec

1863 3824 1997 3896 quis
2023 3825 2164 3881 dum
2208 3838 2267 3881 se
2311 3824 2504 3880 valere
2532 3823 2848 3891 existimat,
2888 3822 3135 3879 aliorum
3190 3829 3409 3877 mentes
3438 3834 3573 3876 con-

1865 3922 2081 3971 temnat
2130 3913 2432 3970 invalidas.
2502 3913 2634 3969 Hac
2702 3926 2807 3968 nos
2856 3909 3259 3982 temperantia,
3325 3923 3459 3980 qua
3517 3915 3573 3965 et

1862 4002 2130 4059 discretio
2163 4003 2333 4073 quasi
2387 4016 2588 4059 arcum
2637 4000 2848 4073 sagitta
2894 3999 3211 4071 pravolare
3264 3998 3449 4065 debet,
3497 4012 3574 4054 ne

1862 4090 2005 4161 quid
2063 4092 2433 4162 superveniat
2498 4089 2652 4162 quod
2719 4104 2824 4146 nos
2881 4087 3237 4145 inconsultos
3298 4085 3572 4143 oit‘endat.

1862 4179 2021 4235 Istud
2052 4180 2147 4235 Dei
2180 4179 2397 4236 ﬂumen
2420 4180 2702 4249 repletum
2734 4178 2904 4249 aquis
2927 4190 3043 4233 non
3060 4174 3266 4232 circuit
3289 4175 3572 4244 Assyrios,

1862 4269 1958 4324 sed
1991 4274 2056 4325 ut
2112 4268 2301 4324 hostes
2360 4267 2518 4324 vadit
2574 4266 2631 4323 in
2682 4266 2855 4338 ipsos.
2912 4266 3081 4321 Recte
3131 4264 3285 4320 enim
3346 4263 3575 4333 Physon

1861 4356 2112 4424 Evilath,
2146 4356 2341 4413 Gehon
2392 4356 2741 4426 Ethiopiam
2789 4354 3097 4412 circumire
3155 4352 3388 4420 dicitur,
3442 4366 3576 4408 cum

44 4441 273 4507 apostolo
298 4444 372 4499 ad
407 4457 547 4499 eam
593 4455 770 4512 quam
816 4442 1108 4499 consecuti
1139 4450 1277 4499 sunt
1324 4440 1593 4513 gratiam,
1622 4439 1753 4496 folio
1788 4458 1829 4511 υ
1869 4446 1962 4503 ille
1993 4445 2240 4513 muniat,
2277 4444 2422 4501 alter
2465 4445 2586 4516 juri
2635 4444 2905 4515 subjiciat
2954 4450 3168 4508 nostro,
3219 4449 3274 4498 et
3323 4442 3578 4497 circum-

43 4528 180 4597 rubi,
229 4532 282 4587 id
346 4540 436 4589 est
498 4530 687 4587 verbo
749 4530 1061 4587 Dominica
1114 4530 1417 4601 passionis,
1469 4543 1602 4600 qua
1655 4542 1755 4598 pro

42 4621 421 4683 peccatoribus
486 4619 650 4676 facta
704 4626 809 4687 est,
870 4626 924 4676 et
994 4619 1136 4675 alios
1190 4626 1524 4690 provocant.
1590 4619 1756 4688 Lapis

42 4715 209 4765 autem
240 4724 403 4781 onyx
450 4710 534 4766 ab
568 4708 793 4779 unguis
821 4707 1201 4765 similitudine
1229 4708 1311 4764 sic
1349 4706 1603 4777 dicitur;
1637 4722 1755 4764 un-

44 4809 192 4861 guem
240 4808 440 4856 autem
492 4811 702 4854 meum
751 4796 999 4865 attendo,
1059 4811 1127 4853 ea
1159 4804 1323 4867 parte
1381 4809 1501 4866 qua
1543 4796 1754 4865 surgit,

44 4895 254 4944 arcuato
285 4888 562 4960 quodam
607 4886 856 4956 primum
904 4885 1100 4943 albore
1143 4885 1423 4951 sutl‘undi,
1462 4885 1516 4940 in
1567 4886 1756 4941 medio

44 4987 255 5033 cernens
293 4979 546 5034 mistum
584 4975 837 5031 candore
863 4974 1157 5043 ruborem,
1191 4974 1463 5045 superius
1491 4974 1590 5029 ubi
1622 4987 1756 5030 car-

44 5076 155 5118 nem
181 5067 404 5124 excedit
435 5064 761 5122 sinceriter
779 5063 1027 5120 elucere.
1058 5063 1288 5119 Primus
1312 5063 1530 5119 candor
1562 5066 1757 5119 noster

43 5167 102 5206 ex
132 5154 407 5225 baptismo
454 5163 575 5220 est,
632 5152 737 5224 qui
784 5159 975 5210 tamen
1023 5166 1167 5208 arcu
1200 5152 1412 5208 divina
1443 5150 1755 5227 Scriptura

46 5240 314 5314 divinique
339 5244 564 5316 judicii
600 5240 775 5313 quasi
826 5241 969 5312 jugo
1020 5241 1414 5311 restringitur,
1464 5239 1562 5295 sed
1599 5246 1757 5308 post-

47 5333 249 5390 modum
303 5336 530 5392 rubore
589 5331 888 5399 miscetur,
936 5329 1267 5400 passionum
1314 5328 1531 5384 scilicet
1585 5329 1756 5384 evin-

46 5420 326 5479 cendarum
366 5420 731 5479 incursione
761 5418 1054 5486 turbatur,
1086 5417 1269 5474 donec
1307 5416 1500 5473 carnis
1527 5430 1756 5473 carcere

47 5519 315 5582 exemptus
344 5512 540 5570 libera
603 5506 740 5565 cali
794 5506 922 5564 luce
967 5505 1217 5574 fruatur,
1260 5505 1457 5563 fructu
1484 5519 1624 5562 vero
1653 5519 1756 5561 ca-

50 5597 205 5662 priﬁci
254 5610 337 5658 est
396 5598 651 5664 similis,
711 5594 815 5666 qui
887 5594 989 5651 ubi
1036 5593 1427 5664 permaturuit
1474 5601 1599 5650 ater
1645 5602 1754 5665 est,

52 5686 169 5754 quia
191 5704 318 5749 cum
346 5689 545 5750 sancti
580 5684 706 5745 viri
737 5684 809 5741 ad
841 5684 1159 5754 perfectum
1205 5683 1505 5741 charitatis
1545 5682 1756 5754 attige-

1868 4535 2065 4592 cludat
2103 4534 2367 4603 adversa,
2401 4541 2456 4590 et
2502 4532 2821 4602 specialiter
2872 4532 3143 4602 voluptas
3189 4530 3263 4586 ad
3314 4543 3576 4600 unguem

1865 4631 2237 4696 oppugnetur
2264 4623 2519 4679 exclusa.
2574 4623 2794 4679 Dicitur
2843 4620 2994 4677 enim
3030 4637 3043 4675 :
3077 4620 3278 4687 Fugite
3320 4621 3581 4688 fornica-

1870 4717 2063 4768 tionem
2092 4711 2147 4783 (I
2203 4713 2333 4766 Cor.
2387 4727 2461 4778 rt,
2514 4710 2619 4780 l8),
2675 4710 2830 4781 quod
2882 4717 2966 4766 est
3008 4709 3218 4776 dicere,
3252 4707 3458 4779 Fugite
3489 4707 3581 4764 la-

1867 4815 2007 4872 psus
2034 4800 2564 4872 opportunitatem;
2596 4798 2930 4855 medullitus
2959 4797 3114 4853 enim
3162 4797 3372 4867 injacet
3412 4796 3582 4852 nobis

1867 4891 1976 4947 hoc
2005 4890 2235 4953 vitium,
2267 4889 2394 4945 ideo
2415 4888 2644 4945 cautius
2676 4885 3137 4957 insequendum;
3173 4885 3281 4939 hoc
3306 4892 3390 4940 est
3418 4898 3579 4941 nam-

1865 4994 1981 5051 que
2013 4980 2215 5046 Assur,
2251 4977 2406 5048 quod
2446 4976 2583 5033 aula
2630 4974 3068 5045 interpretatur.
3111 4972 3282 5039 Aula,
3314 4974 3456 5044 quia
3488 4988 3577 5030 re-

1866 5080 2003 5135 gum
2038 5074 2139 5121 aut
2182 5071 2479 5135 potentum
2528 5063 2736 5119 domus
2765 5070 2869 5130 est,
2923 5061 3192 5132 voluptas
3235 5060 3431 5118 saculi
3481 5062 3578 5117 in-

1867 5152 2168 5224 telligitur,
2197 5167 2302 5209 nec
2334 5151 2616 5208 immerito
2640 5166 2657 5222 ;
2700 5150 2760 5206 in
2789 5149 2941 5207 aulis
2969 5151 3123 5205 enim
3170 5148 3346 5205 totius
3373 5149 3579 5206 obsce-

1866 5240 2063 5297 uitatis
2107 5241 2370 5297 videmus
2405 5254 2529 5297 esse
2570 5238 2902 5311 gurgustia.
2949 5237 3111 5294 Unde
3139 5245 3262 5293 est:
3299 5237 3406 5303 Qui
3443 5239 3580 5293 mol-

1866 5328 2009 5383 libus
2067 5334 2396 5398 vestiuntur,
2462 5332 2522 5383 in
2568 5328 2814 5383 domibus
2862 5342 3051 5395 regum
3098 5330 3228 5379 sunt
3275 5328 3453 5395 (Matt.
3496 5342 3577 5394 xi,

1867 5419 1944 5486 8),
1980 5417 2033 5472 id
2062 5424 2148 5473 est
2177 5418 2279 5489 qui
2335 5416 2499 5473 ﬂuxa
2531 5416 2984 5487 amplectuntur,
3041 5414 3337 5471 domestici
3367 5413 3576 5471 damo-

1869 5520 2011 5562 num
2049 5513 2206 5562 sunt.
2263 5506 2326 5561 Hi
2375 5513 2514 5562 sunt
2556 5504 2793 5575 Assyrii,
2838 5503 2895 5559 id
2941 5511 3026 5560 est
3081 5501 3276 5567 aulici,
3323 5516 3576 5572 quorum

1868 5608 1985 5649 non
2014 5593 2211 5649 minus
2240 5593 2640 5665 persequenda
2684 5599 2823 5649 sunt
2851 5590 3119 5662 exempla
3148 5604 3325 5661 quam
3362 5590 3487 5660 ipsa
3517 5590 3577 5645 in

1870 5683 2037 5739 nobis
2066 5682 2223 5739 vitia.
2257 5682 2411 5741 Vitia
2454 5682 2686 5749 etenim,
2719 5695 2853 5752 qua
2892 5680 3083 5752 pudor
3110 5693 3260 5749 sape
3290 5679 3576 5748 reprimit,
