3966 6428
406 368 473 420 67

1305 368 1364 422 ν.
1405 367 1733 425 GUIBERTI
1773 369 2064 426 ABBATIS
2100 369 2162 424 S.
2212 369 2448 427 ΜΑΒΙΑΞ
2490 368 2583 426 DE
2625 367 3015 428 NOVIGENTO

3840 376 3892 425 68

409 495 739 568 exemplum
769 509 1019 568 nequam
1066 498 1257 555 acrius
1302 499 1616 557 exsuscitat
1657 507 1712 557 et
1743 479 1943 557 nutrit.
1973 501 2104 556 Flu-
2131 502 2171 556 Δ
2212 501 2510 558 sentimus.
2547 502 2682 558 inde
2711 516 2886 573 super
2921 501 3228 572 psalmum,
3268 502 3559 560 canticum
3593 503 3772 574 Moysi
3805 505 3892 560 ho-

409 588 533 641 vius
561 600 684 640 vero
718 591 948 654 quartus
977 589 1094 656 ipse
1122 591 1200 642 est
1234 589 1561 658 Euphrates.
1594 589 1702 656 Qui
1731 597 1786 646 et
1818 590 2106 660 interpre-

410 681 586 730 tatur.
618 675 682 730 In
729 676 970 741 frugiter
999 689 1115 746 quo
1157 675 1498 748 intelligitur
1523 677 1770 748 justitia,
1804 691 1920 750 qua
1956 679 2106 734 Deus

408 774 583 832 super
605 776 773 818 omne
819 762 1100 833 diligitur,
1155 771 1207 819 et
1263 765 1525 834 proximo
1580 779 1686 822 sua
1742 765 1943 833 regula
1989 779 2103 821 non

409 857 674 920 negatur.
719 851 850 907 Haec
875 859 960 907 est
1004 851 1200 918 fomes,
1233 852 1353 909 haec
1390 861 1474 910 est
1508 853 1658 924 frugi
1689 853 1878 910 tribus
1909 855 2103 924 βττιτῑὶ-

407 937 574 1006 batis,
603 939 846 1010 aliisque
885 940 1216 1012 quibusque
1245 942 1576 1004 virtutibus,
1601 950 1655 998 et
1681 942 2102 1012 spiritualibus,

407 1026 493 1083 uti
535 1040 744 1084 succus
784 1036 839 1084 et
884 1028 1134 1085 medulla
1191 1029 1516 1086 arboribus.
1561 1030 1841 1087 Detinitur
1887 1039 2102 1094 autem.

407 1115 548 1186 quia
589 1115 822 1173 habitus
875 1124 959 1173 est
1017 1119 1192 1175 animi
1245 1120 1541 1175 communi
1585 1119 1829 1176 utilitate
1875 1127 2102 1176 servata

405 1217 569 1260 suam
623 1205 834 1276 cuique
895 1205 1157 1263 tribuens
1221 1207 1578 1277 dignitatem.
1631 1207 1738 1264 Ubi
1788 1208 2099 1278 perfectum

405 1294 682 1366 quiddam
734 1295 978 1364 insonat,
1025 1296 1107 1352 sic
1143 1311 1280 1367 erga
1310 1312 1604 1369 quemque
1637 1312 1696 1353 se
1737 1297 1948 1355 habere
1977 1298 2101 1354 fru-

403 1382 626 1454 galiter,
687 1391 749 1439 ut
814 1384 1092 1456 generalis
1139 1400 1254 1442 non
1301 1386 1600 1444 deseratur
1651 1387 1888 1444 utilitas.
1938 1386 2099 1455 Quod

401 1485 514 1526 non
541 1470 696 1527 aliud
726 1479 829 1536 est,
877 1473 987 1529 nisi
1026 1481 1091 1530 ut
1134 1474 1384 1545 quisque
1423 1475 1506 1530 sic
1537 1475 1872 1538 honoretur.
1907 1483 1970 1531 ut
1993 1482 2097 1544 est,

399 1568 580 1631 utque
607 1569 882 1630 meretur,
917 1577 988 1617 ne.
1026 1562 1202 1618 unius
1233 1562 1317 1618 vel
1353 1577 1668 1632 paucorum
1699 1563 2101 1634 aspernatione

400 1661 502 1702 seu
531 1647 693 1702 cultu
729 1648 1000 1704 omnibus
1039 1649 1376 1704 scandalum
1410 1657 1734 1717 generetur.
1778 1650 2102 1720 Euphrates

402 1734 579 1804 igitur
608 1734 832 1805 frugem
867 1735 1000 1790 vitae
1044 1734 1172 1803 fert,
1219 1736 1358 1806 quia
1384 1727 1577 1807 justus
1621 1737 1678 1792 iu
1703 1737 1927 1808 justitia
1970 1752 2096 1805 sua,

401 1834 578 1892 quam
611 1829 884 1892 cperatus
911 1830 1015 1890 est,
1046 1823 1220 1879 vivet.

472 1912 640 1970 Vsus.
696 1915 776 1968 t5.
828 1942 895 1952 —
945 1913 1090 1968 Tulit
1139 1929 1264 1981 ergo
1312 1917 1575 1971 Dominus
1623 1919 1761 1972 Deus
1811 1916 2098 1985 hominem,

399 2005 449 2055 et
503 2002 684 2071 posuit
737 2016 852 2055 eum
885 2003 943 2055 in
997 2001 1262 2071 paradiso
1312 2004 1628 2074 voluptatis,
1674 2009 1736 2058 ut
1767 2010 2096 2076 operaretur,

399 2094 449 2144 et
475 2089 770 2145 custodiret
811 2091 986 2145 illum.
1024 2091 1192 2147 Tollit
1247 2093 1396 2148 Dens
1436 2093 1746 2157 hominem.
1792 2107 1927 2150 cum
1962 2107 2095 2150 eum

396 2192 514 2235 suae
540 2178 785 2250 propriae
815 2179 1016 2236 adimit
1065 2179 1369 2238 voluntati.
1405 2181 1566 2238 Ponit
1596 2181 1654 2238 in
1694 2183 1956 2252 paradiso
1986 2197 2097 2237 vo-

398 2265 652 2337 luptatis,
689 2282 822 2322 cum
854 2281 1017 2323 suam
1061 2267 1354 2339 inspirans
1403 2269 1585 2325 facere
1615 2270 1966 2326 voluntatem
2007 2271 2096 2326 in-

397 2357 611 2424 sinuat,
669 2356 808 2428 quia
839 2371 899 2413 se
945 2371 1112 2413 nosse
1155 2357 1369 2424 vivere,
1418 2359 1527 2415 sibi
1592 2360 1804 2415 servire
1851 2373 2094 2430 regnare

396 2443 488 2499 sit.
523 2445 848 2514 Operamnr
883 2459 1015 2501 vero
1067 2447 1423 2516 paradisum,
1473 2461 1605 2502 cum
1655 2447 1936 2503 bonorum
1964 2455 2093 2503 stu-

395 2532 504 2588 diis
541 2547 780 2603 operum
819 2548 997 2605 regno
1017 2535 1291 2592 caelorum
1323 2535 1437 2591 vim
1477 2536 1738 2602 facimus,
1771 2550 1903 2592 cum
1938 2549 2094 2606 quaa-

396 2621 580 2676 rimus
636 2621 847 2691 ipsum,
909 2630 964 2679 et
1006 2623 1290 2695 justitiam
1339 2625 1465 2696 ejus
1523 2624 1898 2691 custodimus,
1957 2637 2090 2680 cum

396 2709 555 2765 inani
599 2709 794 2782 gloriae
841 2711 990 2768 inter
1037 2712 1180 2769 bene
1229 2713 1518 2784 agendum
1571 2713 1791 2770 aditum
1833 2712 2090 2770 obstrui-

395 2811 547 2854 mus.

467 2885 635 2943 Vsus.
706 2889 790 2942 l6.
841 2916 904 2928 —
957 2889 1321 2958 Praecepitque
1397 2891 1449 2942 ei
1506 2892 1645 2944 Deus
1717 2889 1937 2943 dicens:
1991 2890 2090 2944 Ea:

393 2977 540 3029 omm'
565 2975 712 3043 ligno
740 2975 999 3046 paradisi
1031 2977 1275 3032 comede:
1307 2977 1372 3031 de
1424 2978 1573 3046 ligno
1622 2983 1800 3032 autem
1854 2980 2089 3033 scientiae

394 3063 518 3118 boni
543 3069 594 3118 et
648 3065 784 3119 mali
835 3080 902 3119 ne
958 3065 1224 3120 comedas.
1276 3067 1364 3122 Ex
1419 3066 1576 3122 omni
1628 3066 1788 3137 ligno
1837 3066 2088 3138 paradisi

389 3153 764 3222 comedimus,
827 3154 1062 3225 quando
1104 3156 1283 3210 vitam
1345 3156 1498 3211 omni
1559 3155 1827 3212 refertam
1879 3157 2092 3212 virtute

388 3241 783 3312 transigimus.
816 3242 996 3314 Ligno
1027 3243 1279 3299 scientia:
1323 3243 1458 3299 boni
1488 3250 1542 3299 et
1584 3243 1719 3300 mali
1767 3258 1882 3299 non
1907 3243 2085 3299 vesci-

387 3343 540 3398 mur,
575 3344 707 3386 cum
740 3330 1036 3387 voluntate
1064 3339 1260 3386 nostra
1305 3331 1363 3386 in
1399 3331 1812 3401 experientiam
1850 3331 2082 3402 peccati,

389 3431 507 3488 qua
553 3417 767 3475 bonum
818 3419 974 3490 quod
1033 3418 1392 3476 habebamus
1455 3418 1684 3490 plenius
1728 3420 2086 3490 agnoscitur,

389 3520 504 3562 non
549 3506 867 3563 abutimur.
904 3505 1012 3563 Sed
1065 3507 1134 3563 de
1173 3507 1262 3563 his
1291 3508 1560 3578 superius
1595 3521 1661 3563 ac
1701 3508 1838 3564 satis
1868 3508 2082 3565 dictum

387 3600 490 3649 est.

459 3681 628 3739 Vens.
665 3685 749 3737 l7.
796 3711 862 3724 --
897 3685 961 3738 In
985 3699 1322 3754 quacumque
1377 3685 1519 3738 enim
1573 3683 1662 3738 die
1704 3699 1772 3737 ea:
1822 3699 1879 3738 eo
1907 3699 2083 3738 come-

385 3770 555 3836 deris,
599 3776 770 3826 morte
805 3773 1072 3826 morieris.
1105 3771 1487 3840 Comedimus,
1515 3786 1648 3828 cum
1688 3785 1895 3842 prtevze
1924 3772 2080 3827 dele.-

385 3858 652 3916 ctationis
679 3861 850 3916 etiam
897 3859 1020 3916 sine
1069 3867 1204 3917 actu
1251 3860 1574 3917 extrinseco
1617 3874 1879 3931 saporem
1925 3860 2080 3916 exci-

387 3961 518 4018 pere
552 3949 980 4020 consentimus;
1039 3949 1134 4006 sed
1167 3950 1308 4021 quia
1336 3948 1524 4006 virtus
1569 3949 1784 4019 peccati
1815 3963 1988 4015 mors,
2023 3949 2078 4004 id

382 4045 470 4094 est
516 4037 812 4094 delectatio
845 4052 966 4094 esse
995 4038 1371 4109 dignoscitur,
1400 4044 1581 4094 morte
1611 4039 1912 4106 morimur,
1944 4053 2078 4094 eum

383 4139 418 4182 a
469 4133 626 4182 statu
670 4126 776 4197 piae
822 4125 1154 4183 intentionis
1200 4125 1382 4183 divini
1431 4126 1692 4183 desiderii
1742 4126 2076 4182 exclusione

381 4214 703 4287 dejicimur.
751 4215 857 4271 Sed
887 4228 1070 4286 quare
1103 4214 1162 4270 in
1193 4214 1283 4271 die
1321 4228 1450 4270 cum
1485 4229 1602 4270 nox
1652 4223 1947 4285 peccatum
1981 4215 2072 4282 sit,

381 4303 502 4360 dies
539 4302 842 4373 aliquoties
881 4317 981 4374 pro
1013 4302 1271 4375 qualibet
1320 4303 1694 4374 prosperitate
1740 4304 2071 4372 assumitur,

2213 590 2385 646 minis
2419 591 2537 646 Dei.
2571 591 2714 648 Cum
2766 591 3023 662 spiritus,
3066 599 3122 648 et
3175 591 3432 648 homines
3482 592 3642 659 boni,
3689 601 3745 648 et
3777 595 3891 648 mali

2215 679 2313 735 Dei
2335 680 2466 737 sint.
2505 681 2684 736 Homo
2740 680 2832 738 hic
2872 681 2944 736 ob
2986 680 3076 737 sui
3127 680 3511 751 integritatem
3543 683 3800 752 ponitur,
3836 683 3892 737 ob

2213 767 2366 838 quod
2397 774 2452 824 et
2480 768 2577 823 Dei
2607 783 2726 824 esse
2755 768 2982 826 dicitur.
3017 770 3139 826 Illic
3162 770 3373 826 etiam:
3413 771 3478 826 In
3526 771 3618 825 die
3666 772 3766 825 illa
3802 788 3894 825 nu-

2214 859 2340 910 triet
2385 855 2540 911 homo
2591 872 2814 913 caecam
2884 858 3038 912 boum
3101 859 3266 930 (Isai.
3323 875 3421 924 vn,
3483 862 3600 927 2t):
3650 859 3757 914 Sed
3806 860 3894 915 ista

2213 939 2461 996 hominis
2498 940 2720 1010 puritas
2760 940 2805 996 si
2840 940 3078 1012 jugiter,
3120 949 3221 997 aut
3257 941 3428 998 etiam
3477 942 3818 1012 aliquandiu
3852 943 3893 998 ei

2211 1028 2367 1093 insit,
2423 1041 2716 1085 summum
2769 1028 2898 1099 ejus
2963 1028 3283 1099 periculum
3343 1043 3464 1085 esse
3525 1037 3731 1100 potest,
3772 1039 3896 1086 teste

2211 1116 2411 1178 Paulo.
2463 1116 2557 1172 cui
2605 1117 2779 1173 datur
2818 1116 3089 1173 stimulus
3119 1117 3178 1184 (Ι
3213 1119 3343 1174 Cor.
3375 1134 3472 1183 xu,
3515 1119 3593 1188 7),
3641 1133 3717 1175 ne
3744 1133 3897 1176 reve-

2209 1205 2523 1262 lationibus
2551 1205 2879 1262 extollatur.
2914 1206 3030 1262 Etsi
3061 1206 3212 1262 enim
3248 1207 3453 1263 coelum
3481 1207 3666 1264 sancti
3693 1222 3896 1264 vocan-

2210 1302 2326 1364 tur,
2359 1295 2652 1352 silentium
2683 1303 2874 1352 tamen
2917 1294 2976 1350 in
3014 1296 3154 1351 coelo
3183 1295 3282 1351 vix
3315 1297 3502 1353 media
3532 1297 3672 1353 hora
3700 1312 3898 1354 conce-

2209 1383 2386 1440 ditur.
2423 1384 2588 1440 Solus
2602 1397 2741 1452 ergo
2771 1383 2939 1439 homo
2966 1382 3127 1444 foret.
3157 1384 3202 1438 si
3235 1385 3384 1440 hanc
3411 1384 3623 1442 silentii
3655 1385 3895 1456 quietem

2208 1471 2464 1529 haberet.
2494 1472 2620 1529 Non
2665 1480 2752 1528 est
2776 1479 2968 1528 autem
2999 1471 3236 1541 bonum,
3275 1487 3345 1529 ne
3384 1474 3571 1544 pariat
3601 1474 3711 1530 sibi
3743 1489 3896 1531 arro-

2209 1561 2418 1630 gantize
2466 1569 2688 1631 typum.
2739 1560 2996 1630 Denique
3043 1560 3105 1617 fit
3152 1575 3185 1617 a
3244 1562 3354 1617 Deo
3401 1561 3510 1617 sibi
3552 1563 3895 1634 adjutorinm

2207 1649 2408 1703 similis
2453 1647 2580 1715 sibi,
2625 1648 2762 1704 dum
2814 1647 3033 1719 fragilis
3073 1649 3430 1721 originaliter
3477 1652 3618 1720 ipse,
3649 1666 3766 1708 non
3795 1665 3895 1706 na-

2210 1737 2483 1794 turalium
2509 1737 2680 1792 etiam
2709 1737 3083 1808 fragilitatum
3116 1737 3478 1794 immersione
3501 1740 3800 1806 continua,
3831 1756 3894 1796 ex

2130 1805 2171 1861 Β
2211 1825 2423 1896 peccati
2482 1839 2648 1894 paena
2702 1825 2772 1880 ad
2804 1805 2910 1881 sui
2959 1826 3220 1882 notitiam
3264 1835 3590 1884 revocatur.
3640 1805 3793 1885 Cum
3833 1831 3894 1885 sit

2117 3123 2157 3178 C

380 4398 446 4448 ut
475 4397 562 4447 est
587 4405 602 4446 :
651 4391 720 4446 In
760 4391 866 4445 hac
909 4391 998 4446 die
1035 4407 1154 4460 quae
1185 4391 1260 4446 ad
1282 4406 1471 4462 pacem
1502 4391 1607 4446 tibi
1635 4393 1784 4462 (Luc.
1817 4407 1926 4454 xix,
1957 4391 2067 4458 42).
2103 4421 2145 4476 ι)

381 4479 451 4535 Et
497 4492 731 4550 peccare
779 4479 1013 4548 volenti,
1053 4497 1186 4538 cum
1229 4497 1500 4553 prospere
1548 4481 1791 4538 facultas
1833 4481 2068 4547 arridet,

379 4567 499 4623 dies
527 4567 763 4638 quidam
811 4569 867 4624 in
912 4568 1225 4626 obscurum
1273 4569 1566 4627 rediturus
1604 4571 1807 4627 elucet.
1843 4569 1992 4627 Solet
2019 4577 2075 4626 et

379 4669 481 4726 per
507 4655 657 4712 diem
699 4656 1098 4728 intelligentia,
1145 4658 1294 4716 sicut
1328 4667 1385 4715 et
1430 4673 1531 4730 per
1555 4666 1778 4716 noctem
1811 4658 2075 4730 ignoran-

378 4745 456 4800 tia
507 4745 708 4816 accipi.
753 4743 999 4814 Quidam
1028 4761 1162 4803 vero
1213 4747 1595 4819 quantitatem
1637 4747 1922 4818 cujusque
1968 4746 2075 4800 cri-

379 4833 550 4888 minis
600 4833 672 4888 ad
729 4833 962 4904 plenum
1016 4833 1396 4906 intelligentes
1456 4841 1711 4906 peccant,
1759 4833 1829 4890 de
1859 4832 2074 4904 quibus

377 4929 496 4978 est:
560 4923 902 4978 Descendunt
945 4925 1003 4978 in
1061 4925 1338 4991 infernum
1386 4927 1622 4978 viventes
1680 4923 1851 4992 (Psal.
1918 4938 2068 4987 cxut,

382 5013 488 5081 l7).
537 5010 730 5080 Aliqui
774 5009 830 5065 id
876 5011 1063 5067 metiri
1119 5013 1404 5078 nesciunt,
1455 5011 1704 5080 caecique
1751 5016 1953 5077 ruunt,
2003 5009 2074 5064 de.

377 5099 595 5168 quibus
649 5098 894 5155 dicitur:
951 5101 1104 5156 Sicut
1156 5117 1276 5156 oves
1355 5103 1412 5155 in
1463 5101 1679 5166 inferno
1721 5101 1895 5169 positi
1945 5103 2072 5152 sunt

377 5189 545 5257 (Psal.
587 5203 773 5254 mm,
809 5188 916 5258 {5).
959 5189 1341 5246 Tantumdem
1393 5187 1588 5258 itaque
1639 5187 1772 5258 quis
1805 5186 2072 5255 moritur,

378 5284 667 5346 quantum
695 5277 850 5346 quod
877 5277 1126 5334 admittit
1153 5277 1494 5334 intellexisse
1525 5277 1822 5348 probatur.

449 5365 615 5422 Vens.
666 5364 750 5420 l8.
785 5394 854 5405 ——
898 5368 1052 5422 Dia-it
1081 5381 1290 5436 quoque
1319 5368 1574 5420 Dominus
1627 5367 1810 5422 Deus:
1842 5379 1950 5418 non
1993 5367 2072 5418 est

377 5453 570 5508 bonum
611 5469 724 5509 esse
771 5454 1036 5509 hominem
1082 5455 1289 5521 solum;
1338 5455 1608 5520 faciamus
1650 5457 1702 5508 ei
1734 5449 2070 5522 adjutorium

373 5545 550 5599 simile
578 5546 686 5600 sui.
720 5543 1042 5611 Hominem,
1090 5545 1189 5615 qui
1221 5558 1341 5600 suae
1387 5544 1640 5600 motibus
1683 5543 1876 5599 carnis
1902 5543 2072 5600 ratio-

375 5630 464 5686 nis
518 5630 756 5700 imperio
802 5628 1011 5700 praesit,
1091 5643 1192 5684 nec
1257 5627 1572 5698 pecualiter
1625 5634 1924 5697 evagatur,
1974 5627 2068 5684 hic

2206 1913 2359 1970 enim
2417 1913 2671 1984 passibili
2711 1927 2947 1984 corpore
2987 1929 3058 1970 ne
3088 1919 3188 1969 eo
3216 1914 3286 1971 de
3327 1916 3532 1972 mentis
3566 1915 3766 1987 aliquo
3802 1927 3898 1972 sta-

2209 2010 2271 2059 tu
2310 2002 2600 2072 superbiat
2651 2002 2871 2073 patitur
2907 2003 3192 2059 molestias
3239 2004 3521 2074 passionis
3567 2005 3625 2061 in
3675 2014 3893 2075 mente;

2207 2091 2362 2148 unde
2396 2090 2894 2147 commonitorium
2945 2091 3098 2147 circa
3141 2106 3202 2148 se
3248 2092 3440 2160 habet,
3473 2093 3624 2164 quod
3652 2109 3713 2150 se
3743 2095 3896 2165 adju-

2205 2187 2298 2236 vet
2329 2179 2434 2234 sibi
2467 2193 2568 2249 per
2605 2179 2972 2248 fragilitatem
3011 2179 3216 2236 simile.
3249 2181 3424 2238 Porro
3465 2183 3611 2239 Deus
3655 2182 3711 2238 id
3747 2182 3890 2245 facit.

2205 2281 2336 2322 cum
2371 2267 2492 2323 fieri
2516 2268 2674 2338 justo
2697 2267 2913 2338 judicio
2949 2267 3240 2338 permittit.

2274 2356 2564 2413 Vens.19.
2614 2386 2686 2397 —
2741 2357 3017 2411 Formatis
3077 2356 3252 2426 igitur
3319 2359 3582 2414 Dominus
3625 2360 3694 2414 de
3743 2361 3893 2414 humo

2202 2448 2406 2500 cunctis
2460 2445 2831 2501 animantibus
2917 2451 3074 2501 terra:
3149 2451 3200 2500 et
3255 2449 3525 2503 universis
3583 2449 3894 2504 volatilibus

2202 2535 2343 2602 cwli,
2391 2534 2633 2589 adduxit
2675 2550 2738 2589 ea
2777 2535 2852 2588 ad
2897 2535 3105 2600 Adam,
3152 2540 3212 2589 ut
3261 2535 3467 2590 rideret
3508 2537 3644 2610 quid
3686 2545 3894 2591 vocaret

2201 2639 2283 2678 ea.
2343 2625 2416 2678 De
2465 2623 2626 2678 humo
2665 2622 2944 2679 Dominus
2993 2622 3250 2678 volatilia
3307 2623 3432 2680 (δαιιὶ
3483 2638 3551 2680 ac
3579 2624 3894 2681 animantia

2200 2717 2364 2767 terra:
2394 2709 2620 2778 format,
2661 2709 2800 2766 dum
2836 2709 3349 2782 contemplationis,
3397 2719 3452 2768 et
3481 2712 3730 2768 actualis
3770 2714 3893 2770 vitae

2201 2798 2350 2855 bona
2402 2813 2504 2870 per
2555 2799 2935 2855 humilitatem
2993 2799 3393 2869 teutationum,
3453 2801 3756 2872 nostrique
3807 2817 3891 2857 co-

2199 2887 2509 2960 gnitionem
2580 2887 2653 2944 ad
2728 2887 3124 2956 supercaeleste
3193 2888 3492 2960 exemplar
3565 2891 3894 2960 expressius

2198 2975 2363 3032 nobis
2409 2975 2714 3045 instaurat,
2763 2975 2972 3046 suique
3014 2983 3069 3032 et
3115 2975 3359 3046 angelici
3410 2977 3646 3034 habitus
3689 2977 3890 3048 imagi-

2196 3077 2326 3120 nem
2385 3064 2610 3124 format.
2661 3063 2909 3121 Adducit
2964 3072 3156 3121 autem
3215 3065 3292 3119 ad
3343 3065 3543 3131 Adam,
3597 3081 3734 3122 cum
3778 3068 3891 3122 hzec

2197 3152 2552 3222 disponenda
2605 3160 2660 3208 et
2719 3151 2979 3208 curanda
3059 3160 3268 3209 nostrae
3341 3153 3580 3224 imperio
3655 3155 3890 3211 rationis

2196 3239 2433 3297 addicit.
2471 3241 2784 3307 Utvideret,
2831 3241 3016 3297 Adam
3055 3241 3267 3297 scilicet
3297 3241 3438 3312 ipse,
3472 3241 3528 3298 id
3565 3249 3650 3299 est
3679 3242 3888 3300 discer-

2195 3336 2376 3398 neret,
2410 3329 2544 3398 quid
2570 3335 2783 3384 uocaret
2817 3346 2899 3394 ca,
2951 3329 3004 3384 id
3033 3336 3116 3384 est
3158 3329 3375 3399 quibus
3406 3344 3670 3401 quasque
3700 3331 3890 3388 Virtu-

2195 3423 2278 3474 tes
2341 3417 2686 3488 qualitatum
2755 3417 3258 3473 distributionibus
3335 3418 3659 3489 iusigniret.
3731 3420 3890 3476 Omne

2191 3509 2334 3562 enim
2377 3506 2523 3576 quod
2550 3509 2762 3561 vocavit
2806 3505 3012 3572 Adam,
3065 3508 3272 3561 anima:
3313 3508 3568 3574 viventis,
3601 3509 3788 3578 ipsum
3817 3514 3888 3564 est

2190 3610 2380 3651 nomen
2438 3595 2576 3664 ejus.
2627 3594 2873 3650 Nomina
2917 3593 3251 3665 quibusque
3298 3594 3638 3651 substantiis
3684 3612 3762 3654 ex
3809 3612 3888 3653 ea~

2193 3682 2453 3739 rumdem
2497 3681 2794 3753 qualitate,
2841 3690 2898 3738 et
2931 3686 3100 3738 etiam
3147 3681 3274 3739 aliis
3327 3697 3442 3738 non
3491 3683 3888 3742 substantiatis

2191 3770 2364 3826 rebus
2407 3770 2617 3840 imponi
2665 3769 2867 3826 solent.
2911 3771 3112 3825 Nomen
3158 3783 3294 3826 vero
3344 3783 3445 3840 pro
3485 3771 3759 3840 opinione
3805 3773 3887 3829 vel

2188 3859 2564 3915 :estimatione
2616 3871 2762 3928 srepe
2809 3858 3064 3928 ponitur,
3123 3865 3188 3914 ut
3239 3866 3358 3914 est:
3431 3861 3635 3916 Nomen
3697 3862 3889 3916 bonum

2189 3949 2377 4003 melius
2427 3952 2505 4003 est
2560 3963 2724 4016 quam
2777 3946 2984 4001 divitia
3031 3948 3212 4002 multa:
3261 3948 3441 4018 (Prov.
3490 3963 3626 4013 xxn,
3662 3950 3740 4019 l).
3777 3950 3885 4007 Vo-

2186 4045 2276 4093 cat
2327 4036 2523 4108 itaque
2577 4036 2761 4092 Adam
2818 4035 3044 4091 animas
3104 4036 3381 4101 viventes,
3437 4035 3492 4091 id
3556 4043 3639 4092 est
3688 4038 3888 4096 vitalia

2184 4125 2468 4183 virtutum
2514 4125 2705 4182 studia
2751 4123 2947 4180 subtili
3003 4124 3075 4180 ad
3127 4123 3561 4196 intelligendum
3637 4125 3888 4198 indaga-

2187 4214 2335 4271 tione
2413 4214 2791 4271 disterminat.
2851 4213 2998 4270 Sunt
3055 4220 3248 4268 autem
3319 4216 3514 4268 animae
3582 4228 3720 4285 quae
3775 4230 3884 4272 non

2183 4304 2407 4368 vivunt.
2436 4304 2578 4374 quia
2625 4309 2762 4359 sunt
2815 4315 2990 4374 opera
3042 4302 3302 4358 exterius
3338 4302 3471 4358 vitae
3527 4316 3742 4360 nomen
3779 4305 3885 4361 ha-

2182 4392 2395 4460 bentia,
2425 4391 2522 4448 sed
2580 4391 2894 4448 introrsum
2937 4405 3038 4462 per
3083 4389 3462 4447 cenodoxiam
3512 4398 3772 4448 mortua.
3801 4395 3884 4450 Ita

2184 4495 2437 4552 namque
2485 4495 2588 4536 nos
2633 4479 2890 4535 moderni
2938 4478 3009 4534 de
3053 4477 3338 4535 virtutum
3382 4479 3620 4536 scientia
3664 4482 3882 4553 cogita-

2185 4585 2332 4636 mus,
2363 4569 2450 4627 uti
2479 4569 2552 4626 ab
2592 4568 2682 4625 his
2707 4567 2811 4638 qui
2850 4566 2972 4623 veri
3013 4565 3170 4624 fuere
3199 4566 3385 4624 Adam
3422 4568 3685 4638 patribus
3726 4585 3885 4628 acce-

2183 4661 2394 4730 pimus.
2447 4657 2552 4714 Sed
2594 4669 2773 4728 quam
2821 4655 3110 4712 subtiliter
3161 4656 3368 4725 ipsum,
3401 4657 3553 4728 quod
3581 4665 3664 4714 est
3697 4660 3882 4716 Adam

2183 4761 2392 4815 nomen,
2423 4744 2517 4802 hic
2547 4743 2858 4800 inducatur
2881 4741 3314 4800 attendendum.
3346 4743 3532 4800 Adam
3560 4747 3884 4804 secundum

2183 4834 2338 4904 quod
2368 4833 2427 4889 in
2482 4832 2858 4904 sequentibus
2909 4831 3138 4902 legitur,
3198 4831 3291 4886 vir
3347 4838 3403 4888 et
3463 4832 3668 4889 mulier
3703 4848 3741 4890 a
3777 4837 3885 4892 Deo

2185 4921 2365 4978 vocati
2408 4927 2564 4989 sunt,
2620 4927 2676 4977 et
2733 4920 3144 4990 interpretatur
3213 4919 3403 4976 homo.
3476 4921 3586 4986 Qui
3638 4923 3884 4979 adhaeret

2183 5014 2425 5079 Domino,
2463 5010 2637 5081 juxta
2697 5009 3055 5080 Apostolum,
3101 5023 3242 5064 unus
3296 5011 3531 5078 spiritus
3568 5015 3646 5065 est
3676 5013 3732 5080 (1
3765 5015 3880 5070 Cor.

2181 5115 2254 5167 vi,
2289 5100 2400 5168 t7),
2462 5106 2517 5154 et
2564 5097 2892 5154 animalitas
2946 5105 3143 5154 nostra
3199 5097 3362 5168 plene
3418 5098 3667 5154 subnixa
3720 5101 3882 5158 intel-

2181 5187 2372 5256 lectui,
2395 5199 2598 5244 revera
2621 5186 2741 5258 jam
2772 5194 3008 5243 excocta
3056 5186 3380 5258 fragilitatis
3427 5185 3662 5243 mollitie
3710 5188 3882 5246 homo

2180 5284 2283 5334 est.
2339 5279 2508 5334 Recte
2559 5276 2758 5347 igitur,
2809 5283 3113 5347 postquam
3145 5276 3204 5332 in
3243 5283 3440 5332 nostra
3493 5276 3681 5332 facere
3731 5279 3882 5336 Deus

2181 5365 2380 5436 incipit
2415 5365 2747 5422 infirmitate
2776 5365 3071 5432 virtutem,
3110 5371 3416 5436 postquam
3445 5365 3704 5421 volatilia
3731 5369 3878 5434 cceli,

2183 5452 2236 5508 id
2267 5460 2352 5509 est
2395 5451 2725 5524 spirituales
2775 5451 3008 5523 gratias,
3046 5466 3115 5508 ac
3156 5452 3477 5508 animantia
3512 5459 3702 5522 terra},
3741 5455 3881 5512 scili-

2179 5547 2266 5596 cet
2292 5553 2408 5607 eas,
2451 5539 2670 5610 quibus
2712 5538 2974 5595 humana
3023 5538 3352 5595 illustratur
3378 5537 3527 5594 actio
3565 5538 3879 5598 honestatis

2181 5635 2412 5695 sanctze,
2472 5625 2739 5684 scientias
2794 5633 2967 5696 atque
3033 5625 3240 5682 bestias
3301 5634 3468 5682 terrze
3523 5627 3648 5683 suis
3694 5631 3875 5686 Adam
