3966 6444
167 378 227 428 (i9

1342 372 1710 430 MORALIUM
1773 371 1838 427 ΙΝ
1892 369 2199 427 GENESIN
2258 370 2386 425 LIB.
2445 370 2509 425 ll.

3611 378 3680 431 τι)

165 513 525 585 appellaverit
566 512 916 580 nominibus,
964 510 1020 567 id
1067 517 1150 567 est
1181 510 1541 575 calliditates,
1590 510 1680 566 vel
1710 509 1852 565 fero-
1881 514 1929 567 A
1965 528 2229 585 operum,
2281 514 2588 586 cujusdam
2643 516 2785 573 foede
2834 518 3237 574 teneritudinis
3287 519 3565 577 fabricam
3617 522 3672 577 in

166 605 272 659 cias
294 603 647 670 dzemonum,
698 616 800 657 seu
841 600 1116 657 vitiorum
1149 599 1328 656 variis
1373 598 1656 670 conjicere
1686 613 1856 655 nove-

164 693 232 749 rit
280 690 784 764 disquisitionibus
817 706 833 761 ;
887 698 1047 758 tunc,
1118 689 1380 761 inquam,
1453 696 1602 746 recte
1669 688 1857 759 primo

166 780 447 838 inducitur
493 780 699 847 Adam,
748 778 986 836 scientia
1031 778 1294 835 videlicet
1353 792 1421 835 ac
1465 792 1633 849 opere
1663 786 1857 835 noster

163 871 257 926 isle
303 869 608 940 perfectus.
659 868 764 925 Sed
812 869 873 924 in
921 868 1011 924 his
1063 868 1388 938 gratiarum
1452 868 1857 925 collationibus

162 973 267 1015 non
294 965 377 1014 est
398 958 651 1027 adjutor,
676 956 777 1029 qui
801 971 921 1014 suae
941 957 1047 1013 sibi
1071 957 1451 1013 humanitatis
1472 958 1852 1015 humilitatem

166 1062 272 1120 prae
315 1047 498 1103 oculis
554 1053 787 1113 statuat,
815 1047 912 1103 sed
968 1046 1255 1103 virtutum
1300 1045 1436 1102 hinc
1490 1054 1544 1102 et
1601 1047 1733 1103 inde
1780 1047 1852 1103 ad

164 1146 348 1193 votum
374 1137 733 1193 exuberante
780 1136 943 1207 copia
981 1150 1146 1191 mens
1189 1135 1299 1192 sibi
1340 1151 1482 1206 pene
1540 1136 1852 1207 plusquam

167 1227 410 1282 humana
438 1225 688 1282 videtur.
749 1225 830 1282 Ne
881 1225 1077 1296 itaque
1131 1224 1253 1282 haec
1305 1240 1363 1281 se
1403 1225 1571 1282 statio
1608 1226 1851 1297 depellat

166 1314 214 1369 in
243 1313 487 1386 lapsum,
519 1315 617 1371 dat
644 1314 697 1371 ei
745 1313 1106 1385 providentia
1144 1314 1345 1371 divina
1385 1314 1650 1382 similem,
1680 1316 1851 1386 cujus

162 1402 468 1459 titillatione
506 1402 795 1474 frequenti
826 1417 990 1459 suam
1041 1412 1523 1461 commemoretur
1557 1406 1849 1462 attendere

162 1491 551 1548 conditionem.
605 1492 745 1549 Inde
788 1492 1041 1549 dicitur:
1101 1492 1239 1548 Ade
1283 1508 1407 1548 vero
1450 1508 1557 1548 non
1607 1496 1846 1549 invenie-

162 1582 309 1638 batur
329 1580 555 1653 adjutor
578 1582 774 1637 similis
803 1582 939 1651 ejus.
971 1582 1053 1637 Et'
1070 1581 1363 1653 deinceps:

222 1670 387 1726 Vens.
444 1674 536 1736 2i,
583 1673 672 1726 2'2.
730 1701 799 1710 —-
856 1672 1088 1726 Immisit
1126 1687 1251 1740 ergo
1296 1673 1558 1727 Dominus
1602 1687 1846 1741 soporem

159 1763 209 1813 in
227 1760 425 1827 Adam,
474 1765 526 1814 et
574 1761 698 1815 tulit
737 1776 904 1815 unam
947 1760 1012 1815 de
1057 1763 1217 1815 costis
1263 1760 1402 1830 ejus,
1451 1766 1501 1815 et
1546 1761 1844 1831 aediﬁcavit

158 1856 362 1919 costam,
395 1852 453 1904 in
492 1850 786 1904 mulierem.
822 1848 999 1919 Sopor
1026 1849 1165 1907 Adae
1214 1828 1564 1919 immittitur,
1605 1828 1841 1922 quando
1874 1828 1913 1882 Β

159 1941 363 2009 ingens,
432 1939 547 1995 Deo
597 1938 921 2005 ordinante,
973 1938 1129 1995 calor
1175 1937 1583 2007 defervescere,
1641 1952 1710 1994 ac
1769 1947 1845 1995 te-

158 2042 276 2097 pere
307 2027 730 2098 aliquantisper
761 2027 1132 2098 permittitur.
1171 2027 1279 2085 Ubi
1318 2038 1476 2084 costa
1515 2028 1679 2084 lateri
1717 2029 1844 2100 ejus

158 2114 438 2183 adimitur,
486 2129 620 2171 cum
686 2114 1084 2184 dispensativte
1155 2115 1485 2170 tentationis
1542 2115 1839 2187 ingruens,

158 2205 306 2275 quasi
338 2204 577 2275 quidam
610 2203 959 2275 improvisus
1008 2203 1172 2269 latro,
1233 2203 1506 2260 virtutem
1561 2205 1839 2276 aliquam,

155 2294 215 2349 de
248 2294 412 2365 cujus
451 2293 719 2349 firmitate
762 2292 989 2360 fidebat,
1038 2292 1249 2349 evellit.
1301 2293 1453 2349 Deus
1482 2301 1674 2350 autem
1710 2294 1844 2352 facit

156 2397 212 2438 eo
240 2383 384 2451 visu,
433 2397 552 2454 quo
596 2382 718 2438 ﬁeri
771 2381 952 2452 sinit;
1001 2395 1035 2437 a
1081 2381 1256 2438 latere
1300 2382 1496 2439 minus
1545 2397 1838 2453 cavemus,

158 2472 281 2542 quia
310 2472 507 2528 minus
538 2470 617 2527 ibi
660 2471 942 2538 videmus,
998 2478 1053 2527 et
1110 2471 1234 2527 ideo
1288 2478 1500 2528 costam
1535 2472 1677 2529 illud
1706 2472 1841 2529 boni

157 2560 215 2615 de
238 2560 443 2616 damno
493 2559 666 2631 cujus
713 2560 908 2615 minus
953 2559 1060 2615 sibi
1093 2559 1271 2627 timet,
1315 2560 1649 2631 accipimus.
1686 2560 1838 2619 Sole-

157 2666 270 2708 mus
295 2652 466 2708 etiam
498 2659 553 2707 et
604 2650 785 2708 latera
827 2664 922 2707 eos
970 2649 1071 2720 qui
1110 2665 1215 2706 nos
1256 2649 1539 2721 adjuvant
1585 2651 1675 2708 vel
1708 2666 1838 2709 mu-

156 2741 309 2798 niunt
381 2740 691 2811 appellare,
753 2748 818 2796 ut
883 2747 1009 2796 est:
1068 2740 1269 2794 Latera
1318 2741 1614 2810 Aquilonis
1666 2742 1833 2812 (Psal.

156 2844 300 2897 xuii,
346 2830 442 2898 3);
496 2836 589 2885 et:
645 2827 844 2884 Sedebo
907 2830 967 2882 in
1018 2828 1282 2882 lateribus
1332 2829 1620 2897 Aquilonis
1680 2830 1832 2901 (Isai.

152 2934 248 2983 xiv,
291 2921 392 2986 t3),
458 2918 522 2973 in
581 2915 799 2989 psalmo
854 2917 1085 2984 scilicet,
1137 2931 1204 2974 ac
1259 2917 1427 2973 Isaia.
1490 2917 1639 2974 Illud
1698 2933 1837 2990 ergo

154 3011 315 3079 magis
342 3007 524 3064 hostis
552 3006 792 3078 impetit,
825 3020 942 3077 quo
970 3005 1155 3078 magis
1200 3021 1305 3062 nos
1351 3006 1570 3063 muniri
1600 3009 1835 3079 conspi-

153 3098 233 3163 cit,
278 3104 332 3153 et
383 3098 441 3152 in
505 3111 622 3167 quo
666 3095 861 3152 minus
913 3110 1019 3151 nos
1070 3096 1513 3167 circumspectos
1570 3098 1828 3155 attendit.
1864 3135 1905 3191 Ο

154 3186 293 3243 Unde
312 3188 418 3244 sub
446 3186 669 3258 optimo
709 3186 1042 3257 improvidae
1093 3186 1299 3242 mentis
1347 3193 1481 3258 typo
1512 3187 1836 3258 percutitur

154 3275 202 3329 in
229 3290 444 3332 carcere
474 3276 625 3332 Petri
673 3275 825 3333 latus
872 3275 944 3331 ab
983 3274 1205 3345 angelo.
1262 3274 1664 3333 Obdormiente
1694 3291 1833 3347 ergo

154 3363 332 3433 Adam,
385 3365 439 3422 id
495 3373 584 3422 est
628 3365 685 3421 in
733 3365 912 3422 nimia
954 3365 1260 3421 securitate
1315 3365 1625 3422 constituto
1676 3372 1832 3422 costa

151 3458 389 3528 eripitur,
436 3456 582 3528 quia
615 3455 883 3512 incautus
918 3468 953 3510 a
1005 3454 1218 3510 virtute
1266 3453 1567 3510 deseritur.
1602 3454 1707 3511 Sed
1737 3470 1833 3511 no-

154 3546 370 3603 tandum
398 3546 557 3617 quod
602 3544 835 3600 additur
865 3558 878 3598 :
910 3542 1158 3612 Replevit
1205 3557 1419 3597 carnem
1444 3558 1549 3614 pro
1591 3558 1674 3596 ea.
1725 3543 1831 3600 Per

150 3650 360 3704 carnem,
393 3649 527 3708 quae
581 3633 767 3691 mollis
814 3639 917 3701 est,
957 3630 1315 3701 intelligatur
1356 3631 1646 3702 remissio;
1688 3632 1828 3689 solet

150 3736 379 3796 namque
406 3724 592 3781 hostis
630 3730 839 3786 noster,
870 3735 1004 3777 cum
1043 3719 1342 3791 quidpiam
1374 3720 1624 3777 arduum
1657 3735 1831 3792 coepe-

150 3812 327 3880 rimus,
358 3815 528 3887 quasi
579 3810 971 3870 ratiocinando
1015 3823 1361 3881 suggerere:
1394 3808 1438 3864 si
1480 3809 1637 3877 huic,
1670 3811 1826 3882 quod

149 3916 427 3975 aggressus
479 3918 563 3972 es,
615 3901 905 3973 proposito
982 3906 1099 3955 tam
1179 3898 1399 3955 intense
1470 3899 1822 3967 incubueris,

150 3994 292 4050 taedio
318 4008 475 4062 sane,
505 3992 601 4048 vel
626 3989 1014 4047 imbecillitate
1042 3988 1233 4043 victus
1262 3988 1333 4043 ad
1366 3988 1473 4044 hoc
1515 3988 1824 4046 subsistere

151 4097 245 4138 non
259 4083 480 4154 poteris.
507 4080 601 4137 Sic
623 4079 798 4150 igitur
821 4077 1055 4134 modum
1077 4077 1232 4147 operi
1258 4084 1357 4133 tuo
1371 4091 1536 4147 pone,
1560 4084 1644 4145 ut,
1672 4075 1815 4151 [per]

150 4170 425 4228 intervalla
475 4171 573 4242 pio
618 4168 756 4225 ludo
798 4181 867 4223 ac
921 4165 1246 4223 remissioni
1296 4165 1625 4235 indulgens,
1667 4167 1737 4222 ad
1768 4168 1823 4224 id

149 4265 256 4331 post
282 4270 504 4332 tempus
552 4257 831 4315 libentius
860 4255 1228 4326 alacriusque
1253 4254 1449 4311 valeas
1476 4254 1681 4311 redire.
1716 4256 1819 4312 Cui

148 4351 313 4407 sensui
358 4348 614 4407 concinit
659 4346 814 4418 quod
884 4345 1118 4413 dicitur,
1164 4359 1266 4414 pro
1319 4359 1402 4398 ea.
1451 4342 1624 4411 Quasi
1665 4344 1817 4401 enim

150 4452 236 4508 pro
271 4439 516 4511 quodam
570 4434 981 4493 conservandae
1030 4432 1321 4504 religionis
1371 4431 1650 4502 sufi‘ragio
1698 4432 1818 4487 haec
1853 4450 1894 4502 ι)

149 4524 307 4586 dicere
336 4543 391 4586 se
419 4528 678 4586 simulat.
710 4526 859 4581 Dum
893 4523 1088 4593 itaque
1128 4529 1289 4593 grate
1319 4528 1603 4577 venenata
1632 4522 1820 4577 susci-

149 4616 282 4684 pitur
307 4619 467 4685 ratio,
505 4615 676 4688 quasi
708 4627 808 4685 pro
838 4611 1085 4669 remedio
1135 4610 1342 4667 fastidii
1382 4624 1497 4666 non
1527 4610 1821 4680 respuitur

149 4705 305 4765 ruina:
342 4720 519 4765 causa
566 4703 846 4761 remissio.
908 4701 999 4758 Sic
1036 4702 1271 4757 virtutis
1321 4699 1508 4757 locum
1550 4700 1819 4770 supplere

150 4793 472 4865 dignoscitur
536 4807 696 4850 caro.
754 4791 1014 4862 Denique
1063 4788 1371 4859 aediﬁcatur
1436 4793 1601 4856 costa,
1650 4804 1817 4857 quam

152 4885 314 4940 tulerat
337 4887 597 4941 Dominus
652 4882 715 4937 ie
744 4881 943 4946 Adam,
973 4882 1034 4933 in
1081 4879 1376 4944 mulierem,
1430 4876 1572 4948 quia
1616 4889 1689 4932 ex
1721 4890 1815 4931 oc-

148 4973 339 5030 casione
366 4974 604 5031 virtutis
635 4970 707 5027 ad
738 4978 960 5039 tempus
1010 4967 1235 5024 amissae
1271 4965 1531 5021 nascitur
1588 4965 1648 5021 in
1689 4964 1812 5020 ani-

149 5074 221 5116 mo
244 5063 404 5120 moles
443 5058 783 5120 tentationis
825 5057 1159 5124 immensae;
1215 5067 1543 5126 parumque
1575 5060 1816 5124 putatur

148 5151 392 5223 quidquid
426 5148 700 5209 utilitatis
729 5146 951 5218 pridem
982 5145 1051 5201 de
1081 5144 1285 5201 habitu
1315 5142 1548 5200 virtutis
1576 5156 1811 5198 sensum

148 5244 229 5305 est,
279 5241 408 5311 quia
453 5241 703 5297 internae
749 5234 1058 5292 debilitatis
1122 5231 1428 5303 impulsus,
1486 5232 1607 5302 jam
1658 5230 1809 5286 ultra

149 5327 270 5384 vires
330 5332 500 5387 totius
559 5325 806 5385 rationis
857 5332 976 5381 est:
1049 5322 1297 5379 aedificat
1342 5320 1561 5391 itaque,
1620 5318 1677 5375 id
1727 5327 1811 5376 est

149 5416 380 5475 aedificari
427 5417 712 5491 permittit
761 5429 833 5471 ex
881 5421 1036 5470 costa
1081 5413 1236 5468 Deus
1286 5408 1628 5475 mulierem;
1670 5408 1811 5479 quia

150 5517 204 5558 ex
222 5504 352 5564 bono
385 5516 581 5565 nostro
614 5502 881 5561 diabolus
911 5500 1166 5559 tentandi
1210 5497 1594 5555 nanciscendo
1623 5503 1809 5552 mate-

152 5592 284 5659 riam,
323 5597 481 5668 qnasi
507 5609 582 5653 ex
625 5591 1017 5650 fundamentis
1047 5584 1526 5661 imaginationum
1556 5586 1809 5643 educens

152 5684 205 5736 ad
245 5688 510 5743 exteriora
568 5684 907 5747 verborum,
980 5681 1333 5748 demumquc
1389 5676 1460 5731 ad
1515 5687 1804 5730 summam

1968 603 2161 660 animo
2220 603 2557 660 fluctuantis
2614 605 2820 676 erigit:
2880 609 3021 661 Deus
3068 610 3167 677 qui
3193 623 3300 663 non
3335 611 3553 678 patitur
3578 626 3673 664 nos

1968 692 2172 747 tentari
2243 708 2417 762 supra
2471 693 2532 748 id
2586 695 2732 764 quod
2800 710 3085 764 possumus
3154 695 3202 767 (ι
3263 698 3382 753 Cor.
3444 714 3498 765 κ,
3562 687 3669 766 l3),

1966 782 2117 840 hanc
2146 782 2217 839 ad
2268 797 2372 840 nos
2398 783 2653 851 adducit,
2699 784 2841 855 quia
2875 785 2985 842 sub
3025 785 3159 856 jure
3198 794 3395 843 nostro
3449 801 3552 857 per
3584 802 3667 842 re-

1964 871 2222 928 divivam
2296 872 2537 930 rationis
2619 873 2955 943 potentiam,
3024 879 3125 929 80
3175 889 3406 932 omnem
3463 876 3672 931 mentis

1965 960 2196 1018 ﬂuxum
2235 962 2405 1032 quasi
2456 975 2690 1019 servum
2736 963 3001 1034 refugam
3060 962 3288 1034 redigit.
3337 965 3406 1020 At
3450 964 3519 1020 de
3549 963 3673 1035 ipsa

1962 1057 2228 1106 revocata
2252 1051 2372 1120 jam
2413 1050 2636 1107 cautior
2680 1051 2866 1108 Adam
2910 1059 3101 1108 noster
3131 1051 3274 1123 quid
3304 1052 3532 1121 sentiat,
3564 1066 3667 1110 au-

1961 1138 2207 1196 diamus.

2032 1228 2202 1285 Vens.
2236 1230 2324 1283 23.
2362 1257 2429 1271 —
2467 1232 2574 1284 Hoc
2611 1245 2755 1285 nunc
2807 1245 2886 1299 os,
2934 1230 3147 1301 inquit,
3179 1245 3248 1284 eo:
3277 1230 3489 1285 ossibus
3515 1232 3669 1298 meis,

1958 1321 2009 1372 et
2064 1333 2189 1372 caro
2238 1317 2305 1371 de
2363 1333 2523 1372 carne
2567 1334 2736 1374 mea:
2795 1318 2904 1373 haec
2958 1319 3242 1374 vocabitur
3287 1321 3501 1387 virago,
3552 1334 3672 1388 qua

1962 1405 2081 1478 [a|.,
2137 1406 2310 1477 juxta
2367 1407 2555 1476 Vulg,
2628 1405 2911 1479 quoniam]
2980 1407 3047 1463 de
3109 1409 3228 1463 viro
3277 1413 3498 1478 sumpta
3567 1413 3665 1463 est.

1955 1493 2117 1561 Quod
2143 1502 2226 1550 est
2263 1493 2472 1563 dicere,
2509 1494 2617 1551 hoc
2662 1495 2819 1565 quod
2868 1496 2937 1551 de
2960 1495 3252 1567 {muliebri
3285 1496 3667 1552 inconstantia

1957 1582 2027 1638 ad
2089 1584 2354 1653 regulam
2412 1597 2758 1655 regressum.
2825 1586 2977 1640 Nunc
3034 1600 3108 1644 os.
3172 1585 3226 1640 id
3276 1591 3379 1653 est,
3433 1585 3667 1641 virtutis

1956 1671 2137 1727 robur
2191 1688 2259 1725 ea:
2311 1672 2520 1727 ossibus
2575 1672 2730 1742 quod
2788 1681 2872 1729 est
2927 1687 3001 1729 ex
3054 1673 3338 1729 virtutum
3398 1673 3663 1729 societate

1954 1760 2209 1831 recepit;
2262 1768 2337 1828 et,
2396 1761 2450 1817 id
2503 1769 2587 1818 est
2641 1761 2815 1818 etiam
2875 1778 3002 1817 caro
3051 1764 3118 1817 dc
3175 1778 3337 1817 carne
3381 1778 3502 1817 mea
3557 1772 3661 1831 est,

1952 1850 2113 1921 quia,
2164 1850 2642 1921 concupiscentiae
2689 1849 2857 1907 fluxu
2917 1849 3097 1906 animi
3163 1850 3556 1907 fortitudinem
3606 1851 3661 1906 in

1953 1937 2245 1995 carnalem
2308 1938 2573 1994 habitum
2624 1937 3023 2005 transferente,
3072 1936 3142 1992 de
3185 1950 3359 1993 carne
3407 1938 3661 2008 peccanti

1952 2041 2085 2099 quae
2114 2035 2398 2098 aggravat
2446 2026 2703 2083 animam
2752 2027 2907 2096 (Sap.
2960 2041 3037 2091 xi,
3092 2025 3200 2095 15),
3250 2039 3404 2094 caro,
3466 2026 3524 2082 id
3579 2036 3663 2083 est

1950 2116 2230 2185 debilitas,
2256 2131 2322 2173 ac
2352 2115 2616 2173 mollities
2659 2115 2826 2186 pravi
2853 2114 3165 2186 appetitus,
3194 2114 3296 2185 qui
3326 2129 3429 2171 nos
3458 2122 3658 2184 tentat,

1950 2212 2153 2261 exorta
2205 2212 2309 2270 est,
2345 2212 2400 2261 et
2448 2204 2605 2276 quod
2650 2204 2755 2260 fuit
2810 2203 3029 2274 pridem
3070 2203 3212 2258 ossis
3254 2202 3514 2270 firmitas,
3547 2202 3659 2259 im-

1950 2294 2176 2363 proviso
2219 2294 2409 2351 cordis
2454 2301 2615 2350 motu
2664 2292 2726 2347 ﬁt
2769 2291 3018 2348 carnalis
3047 2291 3287 2349 affectus
3329 2291 3655 2349 infirmitas.

1951 2383 2090 2440 Inde
2131 2383 2267 2454 jure
2309 2391 2394 2440 est
2439 2382 2705 2440 vocanda
2750 2383 2964 2449 virago,
3025 2381 3166 2453 quia
3212 2380 3279 2435 de
3315 2383 3454 2448 viro,
3490 2381 3546 2438 id
3575 2390 3658 2438 est

1952 2472 2241 2529 intellectu
2299 2472 2472 2541 vires,
2535 2472 2689 2528 unde
2765 2479 3095 2527 constanter
3162 2478 3317 2542 agat,
3376 2470 3658 2542 fragilitas

1950 2567 2147 2617 nostra
2191 2560 2419 2631 accipit,
2477 2568 2532 2617 et
2584 2564 2775 2617 tamen
2821 2559 3099 2617 feminina
3152 2559 3392 2631 segnitie
3440 2567 3654 2616 statum

1947 2650 2193 2718 virilem,
2260 2649 2374 2706 nisi
2433 2649 2955 2719 circumspiciatur,
3032 2648 3254 2705 evertit.
3314 2648 3362 2705 A
3432 2648 3651 2705 meliori

1945 2753 2082 2810 ergo
2112 2746 2274 2810 parte
2310 2741 2504 2805 virago
2560 2746 2818 2805 vocetur,
2855 2745 2919 2795 ut
2960 2752 3078 2794 non
3134 2736 3375 2794 rationis
3425 2737 3654 2795 viribus

1946 2828 2186 2885 feminee
2215 2829 2515 2896 abutatur,
2569 2828 2667 2884 sed
2731 2827 2860 2883 licet
2912 2826 3219 2898 aliquoties
3284 2840 3357 2885 ex
3418 2827 3653 2883 virtutis

1945 2917 2242 2975 occasione
2286 2925 2581 2984 nascatur,
2620 2930 2735 2973 non
2779 2917 2870 2973 vir
2916 2923 3260 2988 praepostere
3300 2915 3504 2987 ipsam,
3554 2917 3651 2973 sed

1945 3007 2069 3078 ipsa
2096 3021 2230 3064 eum
2262 3005 2738 3077 irrefragabiliter
2764 3005 3025 3078 subjecta
3053 3012 3354 3076 sequatur.

2013 3097 2174 3152 Vens.
2225 3097 2311 3151 Μ.
2370 3126 2434 3137 -
2476 3098 2707 3165 Propter
2742 3094 2838 3150 hoc
2896 3095 3163 3164 relinquet
3229 3095 3383 3148 homo
3435 3099 3650 3163 patrem

1942 3200 2100 3241 suum
2142 3190 2193 3241 et
2233 3190 2462 3242 matrem
2524 3199 2682 3240 suam
2737 3188 2789 3236 et
2837 3183 3140 3237 adherebit
3196 3184 3362 3236 umori
3409 3196 3549 3251 suae,
3599 3189 3651 3239 et

1941 3279 2100 3329 erunt
2128 3274 2235 3329 duo
2266 3277 2323 3328 in
2351 3289 2514 3328 carne
2541 3288 2671 3327 una.
2696 3273 2930 3341 Propter
2973 3271 3088 3339 hoc,
3123 3269 3333 3341 inquit,
3378 3272 3649 3341 relinquet

1941 3362 2007 3430 is,
2033 3363 2191 3434 quia
2242 3361 2467 3420 bestiali
2513 3368 2767 3419 semotus
2804 3368 2887 3417 est
2921 3360 3040 3416 vita
3073 3365 3286 3430 patrem
3325 3359 3645 3422 diabolum.

1939 3458 2286 3524 matremque
2328 3450 2872 3523 concupiscentiam,
2936 3455 2987 3505 et
3032 3448 3329 3505 adhaerebit
3359 3451 3543 3516 uxori,
3590 3450 3647 3506 id

1937 3547 2040 3608 est,
2100 3539 2384 3597 voluntati
2431 3554 2552 3596 suae
2602 3538 3022 3596 rationabiliter
3064 3537 3351 3609 regendae,
3392 3542 3444 3593 et
3489 3544 3647 3593 erunt

1936 3628 2063 3697 duo,
2095 3627 2420 3686 intellectus
2457 3627 2722 3684 videlicet
2766 3641 2835 3683 ac
2881 3627 3170 3694 voluntas,
3218 3629 3275 3681 in
3315 3642 3476 3681 carne
3507 3642 3641 3695 una,

1938 3717 1993 3772 id
2019 3725 2103 3774 est
2151 3718 2209 3773 in
2241 3716 2451 3773 affectu
2499 3730 2655 3773 uno:
2706 3714 2946 3773 affectus
2994 3715 3206 3772 etenim
3256 3723 3450 3771 noster
3502 3716 3644 3786 quia

1934 3804 1993 3861 in
2022 3806 2220 3863 eodem
2250 3813 2405 3863 statu
2432 3819 2737 3877 nunquam
2760 3804 3137 3862 saecularibus
3166 3804 3399 3860 inhians
3422 3803 3639 3875 figitur,

1934 3910 2067 3952 mox
2125 3903 2190 3953 ut
2242 3896 2361 3959 Deo.
2411 3908 2621 3951 vacare
2674 3894 2895 3965 incipit,
2953 3894 3091 3950 velit
3144 3892 3287 3950 nolit
3337 3893 3409 3949 ad
3454 3907 3641 3949 unum

1931 3984 2169 4042 sistitur.
2206 3984 2352 4041 Sunt
2384 3984 2580 4056 itaque
2615 3983 2721 4039 duo
2763 3986 2822 4036 in
2866 3998 3029 4038 carne
3058 3999 3190 4051 una,
3244 3996 3376 4039 cum
3404 3980 3642 4053 praefata

1931 4073 2047 4130 duo
2105 4076 2275 4146 quasi
2328 4075 2494 4145 regni
2548 4073 2738 4130 sedem
2786 4071 2896 4128 sibi
2950 4078 3173 4142 ponunt
3232 4071 3291 4127 in
3357 4071 3542 4133 tertio,
3584 4079 3640 4128 ct

1931 4162 2004 4219 ad
2068 4162 2218 4220 idem
2293 4163 2409 4220 duo
2486 4161 2839 4233 gradiuntur
2908 4159 3270 4217 concorditer
3341 4157 3639 4216 afl‘ectione

1932 4250 2134 4309 locata.

2000 4340 2169 4398 Vens.
2219 4343 2307 4396 25.
2370 4371 2440 4381 -——
2495 4343 2631 4396 Erat
2678 4345 2858 4396 autem
2914 4344 3140 4409 uterque
3209 4338 3412 4406 nudus,
3454 4337 3635 4394 Adam

1934 4432 2138 4485 scilicet
2184 4435 2235 4485 et
2277 4446 2421 4485 umor
2461 4428 2599 4500 ejus,
2647 4433 2698 4486 et
2745 4445 2853 4483 non
2900 4428 3297 4484 erubescebant.
3360 4426 3638 4484 Voluntas

1929 4534 2063 4575 cum
2090 4520 2147 4574 in
2194 4519 2408 4575 sanctis
2448 4519 2590 4575 viris
2639 4518 2869 4589 spiritui
2922 4526 3006 4575 est
3034 4531 3293 4585 concors,
3351 4531 3487 4573 cum
3513 4516 3636 4588 ipso

1928 4609 2138 4679 spiritu
2186 4622 2221 4664 a
2268 4608 2440 4666 rebus
2483 4606 2778 4664 forinsecis
2841 4622 2965 4663 sese
3018 4606 3302 4677 exspoliat
3347 4619 3383 4662 a
3422 4605 3637 4661 tunicis

1926 4697 2331 4769 cupiditatum.
2381 4698 2753 4767 maximeque
2794 4696 2868 4752 ab
2922 4696 3045 4767 ipsa
3093 4695 3406 4751 intentione
3448 4693 3638 4751 laudis

1924 4794 2221 4843 exonerat.
2278 4786 2385 4843 Sed
2438 4800 2571 4843 cum
2633 4786 2756 4841 haec
2812 4791 3213 4848 contemnunt,
3267 4790 3324 4839 et
3389 4782 3534 4839 nihil
3575 4783 3634 4840 in

1926 4876 2144 4933 mundo
2200 4875 2380 4932 videri
2424 4874 2697 4946 gestiunt,
2755 4888 2905 4944 saepe
2962 4887 3059 4929 eos
3115 4870 3376 4928 vilissimi
3411 4872 3633 4944 quique

1924 4961 2265 5033 despiciunt.
2307 4966 2375 5018 At
2439 4975 2576 5017 vero
2622 4975 2737 5017 non
2785 4961 3160 5028 erubescunt,
3223 4959 3366 5031 quia
3410 4968 3632 5031 quanto

1924 5052 2118 5108 verius
2142 5066 2200 5107 se
2240 5064 2519 5122 pauperes
2565 5050 2741 5106 factos
2794 5050 3072 5122 gaudent,
3125 5056 3283 5106 tanto
3312 5048 3356 5105 si
3392 5050 3632 5120 proinde

1921 5139 2356 5210 vilipendantur
2378 5138 2546 5195 etiam
2598 5139 2702 5195 abs
2749 5138 3007 5211 quolibet
3037 5137 3302 5209 improbo
3340 5138 3632 5209 acceptius

1923 5228 2154 5285 habent.

2585 5315 2819 5374 CAPUT
2878 5316 2977 5372 III.

1990 5406 2163 5463 Vens.
2201 5408 2247 5460 l.
2311 5435 2380 5445 -
2422 5405 2534 5459 Sed
2588 5410 2638 5460 et
2684 5421 2901 5475 serpens
2969 5410 3087 5460 erat
3130 5404 3385 5460 callidior
3420 5407 3627 5461 cunctis

1917 5494 2290 5549 animantibus
2372 5498 2547 5562 terra,
2620 5509 2739 5563 qua
2811 5495 3017 5561 fecerat
3081 5497 3242 5549 Deus.
3318 5491 3481 5560 Quod
3549 5493 3628 5550 ita

1916 5582 2379 5640 continuandum
2431 5590 2544 5654 est;
2598 5582 2845 5654 abrupte
2887 5582 3042 5639 enim
3092 5583 3343 5654 positum
3392 5582 3627 5638 videtur

1917 5672 2077 5739 illud,
2110 5670 2205 5727 sed
2227 5671 2369 5727 nudi
2398 5678 2584 5739 erant,
2616 5679 2671 5727 et
2702 5686 2814 5726 non
2856 5670 3040 5727 solum
3081 5685 3184 5741 pro
3230 5683 3338 5726 sua
3366 5670 3626 5727 nuditate

2998 5764 3149 5777 Ἣ
