3966 6420
365 407 428 459 7i
1237 398 1297 452 V.
1340 397 1674 455 GUIBERTI
1733 394 2024 452 ABBATIS
2073 395 2130 451 S.
2187 394 2428 450 MANE
2467 393 2556 448 DE
2598 393 3002 450 NOVIGENTO.
3812 397 3876 448 ‘72

364 532 785 607 spernebantur
801 529 1076 598 exterius,
1108 528 1204 584 sed
1237 528 1409 585 etiam
1445 541 1680 597 serpens.
1715 527 1814 597 qui
1845 524 2051 596 spiritu
2081 527 2126 581 Α
2164 525 2259 580 sed
2294 524 2441 580 hanc
2480 522 2683 593 typicze
2729 521 3132 578 muliebritatis
3179 523 3475 580 mollitiem
3530 524 3624 580 ille
3666 525 3874 582 subre-

364 638 431 680 ac
480 622 775 678 voluntate
834 620 892 676 in
953 620 1101 675 bono
1156 617 1651 673 commanentibus
1697 629 1795 685 per
1829 623 2055 670 terrena

364 711 548 783 fugax
565 709 833 775 elabitur,
859 707 1110 763 carnalis
1133 707 1345 762 scilicet
1380 704 1618 760 allectus
1647 702 1912 758 callidius
1939 702 2056 757 duo

366 801 462 857 illa
523 797 944 855 circumvenire
989 795 1308 861 consuevit,
1358 807 1533 863 quam
1585 793 1710 846 aliae
1767 790 2056 862 passiones

364 896 628 944 motuum
675 893 1055 948 terrenarum,
1096 897 1227 954 quae
1273 895 1371 952 per
1416 879 1733 935 animantia
1772 887 1938 934 teme
1981 878 2053 930 si-

366 981 640 1046 gnantur,
656 972 840 1028 facere
864 976 1280 1042 persequeant.
1300 969 1524 1035 Quanto
1544 981 1794 1036 namque
1819 965 2058 1021 vicinior

365 1071 540 1132 atque
588 1061 841 1126 interior,
885 1067 1042 1116 tanto
1096 1059 1168 1114 ad
1217 1057 1582 1128 irrependum
1627 1055 2059 1124 fallendumque

363 1151 664 1207 efﬁcacior.
698 1151 807 1205 Iste
831 1156 914 1204 est
935 1147 1035 1217 qui
1066 1147 1242 1214 serpit
1267 1146 1323 1200 in
1348 1144 1620 1200 membris
1652 1152 1715 1200 ut
1735 1151 2059 1213 repugnent

364 1239 476 1310 legi
520 1239 744 1302 mentis,
783 1250 915 1292 cum
959 1235 1102 1290 velle
1151 1235 1407 1304 adjaceat
1460 1233 1539 1289 illi
1584 1234 1757 1302 (Rom.
1801 1249 1898 1298 vn,
1950 1233 2055 1302 l8),

361 1336 417 1383 et
467 1326 886 1382 condelectetur
962 1323 1070 1393 legi
1154 1323 1252 1377 Dei
1330 1321 1653 1378 secundum
1731 1321 2057 1378 interiorem

365 1413 650 1469 hominem
695 1411 888 1482 (Ibid.,
947 1414 1056 1479 22),
1127 1411 1224 1467 sed
1279 1411 1382 1466 isto
1441 1411 1732 1466 obnitente
1790 1410 2060 1480 perlicere

361 1515 476 1556 non
528 1501 812 1570 inveniat;
874 1499 972 1555 sed
1046 1499 1211 1555 multi
1259 1499 1613 1554 voluntatem
1678 1505 1733 1554 et
1792 1497 2060 1553 allectum

362 1589 684 1660 quidquam
741 1589 1067 1658 discrepare
1126 1602 1241 1642 non
1311 1594 1558 1656 putant;
1636 1587 1875 1642 audiant
1925 1601 2061 1656 ergo

365 1676 685 1746 psalmum:
721 1679 1038 1746 Concupivit
1067 1679 1254 1731 anima
1290 1692 1411 1730 mea
1448 1676 1759 1731 desiderare
1785 1677 2057 1745 justiﬁed-

363 1767 531 1819 tiones
562 1771 683 1820 tuas
717 1766 898 1831 (Psal.
960 1781 1150 1830 cxvm,
1206 1765 1296 1834 20)
1327 1781 1340 1831 ;
1376 1764 1530 1834 quod
1579 1771 1664 1820 est
1695 1777 1761 1819 ac
1791 1764 1836 1819 si
1872 1763 2057 1820 dicat:

364 1853 546 1912 Vellet
591 1853 785 1909 anima
842 1867 969 1908 mea
1031 1853 1299 1909 allectare
1389 1852 1829 1922 justiﬁcationes
1896 1859 2058 1907 tuas:

364 1957 496 1999 cum
525 1941 678 1998 enim
711 1941 1013 2011 Apostolus
1046 1941 1295 1997 diceret:
1350 1943 1610 1996 Voluntas
1656 1942 1794 1994 mihi
1822 1940 2058 2010 adjacet,

363 2039 418 2088 et
473 2030 726 2097 adderet,
788 2032 1039 2099 perficere
1110 2045 1218 2084 non
1283 2031 1496 2084 invenio
1544 2030 1724 2100 (Rom.
1781 2045 1874 2093 vu,
1948 2031 2060 2097 l8),

364 2119 510 2175 idem
543 2125 626 2172 est
655 2131 722 2173 ac
749 2117 795 2172 si
829 2124 1082 2186 poneret,
1131 2116 1400 2173 allectum
1443 2131 1558 2172 non
1605 2115 1855 2178 invenio,
1887 2116 2062 2184 serpit

365 2207 516 2264 enim
571 2205 679 2262 hac
726 2206 875 2260 illac.
924 2205 1062 2261 Vult
1111 2205 1378 2261 inﬁrmus
1433 2205 1745 2271 comedere,
1809 2204 1903 2260 sed
1946 2219 2060 2260 non

365 2295 653 2363 afﬁcitur;
690 2293 943 2349 afﬁcitur
983 2294 1210 2349 sobrius
1238 2294 1408 2350 nimis
1459 2294 1771 2360 comedere,
1823 2293 1917 2349 sed
1949 2308 2061 2348 non

364 2384 526 2440 vult:
579 2383 726 2438 idem
788 2381 846 2436 in
895 2381 1091 2438 multis
1132 2382 1374 2452 probare
1422 2381 1584 2438 facile
1629 2389 1729 2437 est.
1783 2381 2064 2436 Voluntas

365 2472 584 2542 itaque,
611 2469 777 2541 quasi
814 2469 930 2525 ﬁlia
958 2469 1146 2536 matri,
1202 2478 1420 2540 quanto
1451 2470 1658 2526 rationi
1701 2476 1784 2524 est
1824 2468 2064 2538 propin-

366 2561 554 2631 quior,
583 2565 739 2614 tanto
768 2558 1126 2628 pedissequa,
1179 2558 1234 2613 id
1283 2566 1367 2614 est
1395 2557 1604 2614 allectu
1651 2557 1897 2626 dignior.
1933 2557 2064 2612 Haec

365 2647 493 2704 licet
538 2646 763 2703 lubrica
805 2653 861 2702 et
903 2647 1088 2716 magis
1141 2645 1328 2702 labilis
1373 2654 1632 2703 materno
1686 2653 1910 2701 tenetur
1953 2643 2063 2699 im-

365 2737 544 2806 perio,
629 2735 724 2791 illa
797 2735 1037 2805 publicm
1120 2735 1483 2792 obscenitatis
1543 2735 1776 2790 victima
1850 2731 2064 2788 crebris

371 2821 532 2896 [forte
570 2824 828 2880 crebrius
891 2824 1039 2879 hanc
1105 2839 1282 2894 quam
1331 2823 1622 2894 juniorem
1672 2821 2064 2878 seductibilio-

365 2926 486 2968 rem
529 2911 819 2982 comperit,
867 2919 921 2968 et
958 2911 1082 2967 ideo
1114 2909 1330 2984 matris]
1369 2912 1516 2967 hanc
1547 2925 1724 2981 quam
1747 2909 2059 2981 juniorem,

362 3008 419 3056 et
449 2999 572 3056 ideo
592 3000 1071 3056 seductibiliorem
1125 3000 1417 3070 comperit,
1467 2999 1667 3056 matris
1721 2998 2064 3055 ratiocinan-

2168 621 2294 683 ptor
2321 612 2568 668 inferens
2596 612 2752 667 unda
2779 612 2969 667 adhuc
3002 611 3230 667 fortiore
3262 613 3523 668 mollivit.

2237 701 2402 757 Vens.
2455 702 2506 755 4.
2557 705 2610 754 5.
2678 729 2747 742 -
2804 702 3160 770 Nequaquam
3244 702 3454 772 inquit,
3537 705 3866 757 moriemini.

2165 790 2275 844 Scit
2332 792 2473 843 enim
2531 793 2671 844 Deus
2709 793 2846 858 quia
2894 792 2953 842 in
3007 805 3327 858 quacunque
3369 791 3458 844 die
3503 793 3868 857 comederilis,

2165 881 2478 946 aperientur
2511 879 2652 931 oculi
2692 881 2858 932 vestri
2900 881 2951 931 et
2988 880 3141 932 erilis
3172 882 3315 933 sicut
3355 879 3458 946 dii,
3514 883 3746 934 scientes
3779 881 3870 934 bo-

2167 983 2294 1021 uum
2313 974 2361 1020 et
2402 967 2623 1020 malum.
2669 966 2812 1022 Cum
2846 967 3057 1036 inquit,
3103 966 3510 1038 cujuscunque
3557 969 3870 1038 experien-

2170 1057 2261 1112 tiae
2322 1069 2518 1122 causa,
2577 1070 2709 1126 quae
2763 1057 3052 1112 duntaxat
3124 1055 3382 1122 cautelae,
3456 1063 3512 1112 et
3570 1057 3872 1114 industriae

2168 1146 2526 1216 caprsscndzr
2557 1146 2649 1211 sit,
2694 1145 2877 1201 labem
2914 1145 3100 1215 culpae
3131 1145 3507 1214 admiseritis;
3569 1145 3677 1201 hoc
3721 1148 3871 1202 enim

2169 1248 2522 1306 quacunque
2568 1234 2658 1290 die
2707 1233 3013 1305 signiﬁcat,
3064 1234 3201 1304 quia
3263 1234 3578 1303 plurimum
3635 1249 3873 1305 quoquo

2168 1322 2338 1378 modo
2387 1321 2630 1392 indeptze
2678 1321 2996 1392 prudentize
3039 1335 3141 1376 nos
3195 1320 3390 1377 lumen
3448 1321 3747 1392 insigniat,
3780 1323 3871 1378 di-

2169 1411 2515 1467 scretionum
2563 1419 2886 1467 vestrarum
2936 1412 3266 1480 aperientur
3309 1410 3546 1466 obtutus
3585 1411 3660 1466 ad
3709 1411 3875 1466 dein-

2169 1512 2301 1568 ceps
2342 1499 2806 1568 praecavendum,
2841 1507 2905 1555 ut
2946 1498 3021 1554 dii
3052 1499 3282 1554 demum
3313 1513 3384 1554 ex
3425 1498 3560 1554 boni
3594 1513 3699 1570 per
3736 1514 3875 1554 con-

2172 1589 2502 1643 tractionem
2533 1587 2816 1643 malorum
2867 1587 3092 1657 integra
3137 1587 3374 1643 scientia
3404 1587 3740 1654 existentes,
3785 1603 3875 1643 ne-

2171 1690 2471 1746 quaquam
2537 1684 2716 1731 morte
2766 1683 3002 1740 aeterna,
3048 1690 3179 1746 quae
3218 1676 3672 1732 antonomastice
3724 1690 3875 1732 mors

2172 1764 2403 1830 dicitur,
2436 1765 2533 1819 Dei
2582 1764 2883 1819 amissione
2911 1763 3277 1830 Emoriamini,
3320 1777 3450 1819 cum
3504 1778 3790 1820 memores
3819 1765 3871 1819 in

2174 1853 2461 1922 peccando
2529 1852 2904 1923 malignitatis
2960 1861 3212 1922 expertae
3283 1851 3526 1908 ulterius
3583 1852 3708 1924 jam
3759 1868 3871 1909 non

2173 1954 2406 2011 peccare
2440 1940 2642 2008 velitis,
2677 1949 2732 1996 et
2761 1955 2867 1996 nec
2891 1940 3062 1996 etiam
3091 1939 3344 2012 quadam
3375 1940 3575 1996 divina
3619 1940 3678 1996 in
3710 1942 3872 1997 vobis

2171 2029 2460 2085 transfusa
2489 2036 2760 2099 potestate
2793 2029 3032 2098 possitis.

2242 2117 2406 2173 Vens.
2440 2120 2492 2184 6,
2522 2122 2572 2171 7.
2605 2145 2678 2159 —
2705 2117 2856 2172 Vidit
2886 2119 3060 2185 igitur
3099 2118 3293 2170 mulier
3331 2117 3476 2188 quod
3507 2116 3701 2171 bonum
3741 2124 3873 2172 esset

2171 2207 2378 2272 lignum
2405 2206 2479 2259 ad
2518 2205 2852 2269 vescendum,
2908 2210 2959 2259 et
3005 2205 3294 2274 pulchrum
3327 2207 3494 2260 oculis
3541 2211 3871 2274 aspectuque

2170 2295 2500 2362 delectabile,
2525 2296 2755 2363 tulitque
2784 2294 2850 2348 de
2892 2295 3081 2360 fructu
3106 2295 3276 2361 illius,
3321 2299 3371 2348 et
3409 2293 3657 2361 comedit,
3700 2293 3873 2348 dedit-

2171 2400 2273 2454 que
2299 2386 2417 2438 eiro
2443 2399 2558 2447 suo,
2593 2385 2690 2452 qui
2731 2383 2980 2438 comedit.
3019 2385 3084 2437 Et
3128 2385 3310 2451 aperti
3335 2387 3462 2437 sunt
3489 2384 3632 2437 oculi
3677 2383 3869 2436 ambo-

2169 2487 2310 2526 rum.
2345 2470 2450 2526 Sed
2490 2485 2560 2526 ne
2600 2470 2915 2540 praeterisse
2965 2460 3185 2530 videar.
3239 2469 3364 2537 scit,
3412 2469 3674 2539 inquam,
3711 2472 3868 2531 Deus,

2172 2561 2229 2618 id
2278 2567 2381 2626 est,
2435 2559 2730 2630 approbat,
2777 2561 2909 2629 quia
2954 2561 3012 2612 in
3067 2573 3386 2627 quacunque
3428 2559 3535 2624 die,
3585 2557 3639 2612 id
3671 2565 3782 2626 est,
3816 2558 3870 2612 in

2171 2648 2574 2720 cujuscunque
2619 2646 3008 2716 intelligentia;
3057 2645 3473 2712 nanciscendaa,
3529 2660 3644 2700 non
3695 2645 3874 2701 solius

2172 2736 2294 2792 vitii
2324 2737 2510 2807 gratia
2539 2735 2745 2792 vitium
2789 2733 3098 2798 subieritis,
3151 2748 3252 2790 vos
3299 2733 3443 2789 nihil
3486 2733 3729 2790 mortale
3767 2748 3873 2789 me-

2171 2827 2406 2892 rituros,
2475 2824 2573 2879 sed
2638 2823 3079 2893 perspicaciores
3144 2823 3215 2878 ad
3286 2821 3570 2878 cautelam
3622 2822 3867 2878 futuros.

2173 2914 2424 2972 Allectus
2491 2912 2914 2983 suggestionem
2983 2911 3132 2967 lente
3197 2919 3521 2981 susceptam
3574 2910 3872 2966 delectatio

2172 3003 2450 3075 approbat
2493 3001 2826 3066 voluntatis,
2887 3000 3028 3070 quia
3063 2999 3225 3066 vidit,
3273 2999 3329 3054 id
3373 3008 3458 3056 est
3502 2999 3868 3066 desideravit,

364 3089 438 3146 tis
459 3088 727 3144 divellere
766 3096 1009 3145 conatur
1061 3101 1095 3144 a
1151 3096 1331 3159 tergo.
1366 3089 1436 3144 Et
1492 3087 1620 3144 ideo
1672 3089 1932 3158 primum
1966 3087 2058 3142 hic
2089 3093 2129 3148 C
2167 3096 2280 3152 imo
2320 3088 2650 3159 concupivit
2695 3088 2910 3153 mulier,
2957 3087 3174 3142 stolida!
3221 3087 3556 3157 voluptatis,
3606 3087 3767 3158 quod
3797 3101 3866 3143 ex

365 3177 702 3247 aggreditur
730 3177 1050 3244 mulierem,
1084 3176 1264 3247 ipsam
1296 3177 1505 3233 scilicet
1538 3176 1914 3232 voluntatem.

437 3266 600 3322 Vens.
661 3267 714 3320 2.
762 3293 837 3307 —
873 3267 1002 3330 Cur,
1055 3265 1266 3335 inquit,
1312 3267 1571 3335 praecepit
1614 3265 1765 3319 vobis
1814 3267 1951 3320 Deus
1991 3279 2057 3318 ne

363 3353 704 3409 comedet-etis
777 3352 844 3406 de
909 3356 1056 3407 omni
1122 3354 1268 3420 ligno
1341 3353 1640 3422 paradisi?
1693 3351 2059 3410 Consuetudo

361 3449 446 3498 est
499 3453 879 3512 personarum
929 3441 1156 3510 penitus
1197 3441 1574 3497 obscurarum
1630 3447 1693 3496 ut
1746 3439 2060 3509 procaciter

362 3537 419 3585 et
487 3528 705 3585 tumide
765 3528 1035 3599 quaelibet
1107 3541 1338 3584 summa
1403 3529 1732 3584 discutiant.
1795 3527 1955 3584 Unde
2005 3535 2060 3583 et

363 3618 544 3674 Deum
577 3617 798 3686 primus
843 3617 1104 3673 omnium
1159 3624 1481 3673 creatorum
1532 3631 1764 3686 serpens
1807 3617 1909 3672 iste
1949 3631 2059 3672 no-

363 3705 567 3771 minat,
617 3711 674 3761 et
715 3704 827 3760 Dco
877 3705 1030 3776 quod
1076 3719 1380 3775 nunquam
1415 3706 1580 3773 dixit,
1633 3706 1893 3774 imputat.
1934 3704 2057 3760 Non

361 3794 515 3848 enim
548 3793 879 3850 hominibus
908 3808 1075 3850 omne
1130 3794 1380 3864 paradisi
1433 3794 1656 3865 lignum
1701 3793 1884 3849 vetuit
1909 3793 2059 3848 Deus

363 3880 462 3936 sed
495 3895 677 3936 unum
715 3883 1130 3950 tantummodo,
1182 3882 1336 3953 quod
1391 3890 1572 3938 totum
1604 3882 1751 3937 mira
1785 3881 1940 3938 rabie
1971 3883 2055 3938 di-

362 3977 519 4026 ctum
552 3970 627 4026 ita
647 3971 1026 4041 exprimitur:
1051 3975 1189 4040 Cur,
1213 3972 1422 4043 inquit,
1449 3972 1620 4037 Deus,
1645 3986 1774 4027 cum
1802 3971 2054 4040 sitDeus,

361 4066 416 4115 et
447 4059 764 4116 divinitatis
795 4060 1073 4132 dignitate
1119 4075 1226 4116 nec
1265 4060 1400 4115 velit
1448 4074 1680 4130 peccare
1721 4075 1823 4114 nec
1861 4061 2054 4130 possit.

363 4147 527 4202 nobis
559 4147 818 4214 terrenis,
851 4157 906 4204 et
951 4162 1186 4218 corpore
1226 4155 1281 4204 et
1332 4148 1525 4203 animo
1557 4148 1937 4217 passibilibus,
1977 4156 2058 4205 tot

363 4243 647 4305 praecepta
671 4236 896 4290 mortali
931 4235 1320 4305 importabilia
1349 4245 1574 4292 naturae
1613 4237 1882 4292 invexit?
1909 4239 2054 4293 Dum

361 4324 512 4379 enim
554 4323 966 4394 experientiam
999 4324 1164 4380 nobis
1193 4324 1347 4391 mali,
1381 4326 1611 4393 ademit,
1649 4325 1820 4381 simul
1865 4327 2056 4381 omnia

360 4410 494 4466 vitae
516 4411 690 4482 ligna,
717 4411 960 4468 virtutes
981 4411 1214 4479 scilicet,
1238 4414 1454 4484 quibus
1483 4423 1796 4479 uteremur,
1819 4415 2072 4470 abstulit'

363 4497 416 4554 Si
446 4498 600 4554 enim
625 4499 766 4570 quid
795 4501 867 4557 sit
896 4500 1114 4558 malum
1145 4502 1418 4567 nesciero,
1476 4502 1690 4559 bonum
1737 4503 1892 4574 quod
1920 4503 2056 4559 huic

361 4587 704 4644 adversatur
734 4589 1019 4660 quomodo
1066 4595 1156 4645 al
1203 4590 1447 4645 amabo?
1483 4591 1588 4646 Per
1639 4591 2052 4662 experientiam

359 4689 499 4731 sane
547 4676 731 4732 morbi
777 4677 1100 4734 custoditur
1149 4678 1376 4734 avidius
1428 4678 1725 4750 integritas
1773 4679 2052 4735 sanitatis.

360 4763 575 4820 Malum
630 4779 767 4836 ergo
839 4767 1044 4837 jubere
1123 4766 1361 4834 nescire,
1449 4766 1785 4839 bonumque
1849 4766 2053 4834 facere,

361 4850 509 4907 idem
542 4860 624 4909 est
671 4866 739 4908 ac
785 4853 831 4909 si
879 4854 1014 4924 quis
1060 4854 1261 4910 videns
1319 4868 1388 4910 ac
1441 4855 1500 4911 in
1555 4863 1676 4912 tuto
1711 4854 2058 4912 constitutus

360 4953 576 4996 caecum
600 4940 799 5011 jubeat
840 4955 874 4997 a
923 4941 1147 5012 sagittis
1209 4957 1429 5000 cavere.
1479 4943 1638 5000 Hanc
1683 4943 1935 5000 carnalis
1972 4956 2059 4998 ra-

361 5027 784 5085 tiocinationem
835 5027 1074 5086 allectus
1115 5031 1380 5101 sequitur
1422 5031 1560 5088 satis
1607 5031 1798 5102 tepida
1829 5045 2060 5102 respon-

361 5115 445 5171 sio
477 5117 810 5184 voluntatis,
852 5132 969 5188 qua
999 5119 1104 5175 sibi
1135 5120 1312 5176 solam
1345 5120 1480 5176 mali
1520 5121 1968 5186 consensionem,
2002 5119 2055 5175 id

359 5213 445 5260 est
481 5213 718 5274 tactum,
767 5208 1186 5276 comestionem,
1226 5209 1280 5264 id
1323 5216 1409 5265 est
1455 5216 1669 5275 actum,
1715 5209 1855 5280 quia
1892 5222 2056 5278 sapo-

359 5306 480 5348 rem
514 5293 724 5364 ingerit
752 5294 835 5350 rei
862 5309 1058 5364 senszn,
1091 5297 1352 5367 perhibet
1383 5295 1764 5352 interdictam.

432 5380 604 5438 Vnus.
653 5384 704 5437 3.
751 5411 826 5425 —
880 5385 1163 5456 Praecepit,
1225 5385 1438 5455 inquit,
1495 5385 1648 5438 nobis
1693 5387 1947 5440 Dominus
1993 5401 2060 5440 ne

360 5469 750 5526 comederemus
810 5477 861 5527 et
928 5488 998 5527 ne
1063 5478 1403 5540 tangeremus
1459 5471 1619 5526 illud.
1680 5471 1825 5528 Sane
1872 5471 1972 5528 ubi
2024 5487 2060 5528 a

359 5565 517 5615 tactu
545 5566 601 5615 et
625 5559 700 5616 ab
728 5574 830 5617 esu
854 5563 1287 5618 morticinorum
1310 5561 1402 5617 lex
1435 5560 1717 5630 prohibet,
1747 5574 1780 5616 a
1805 5567 2058 5617 mortuo-

360 5659 488 5702 rum
539 5647 785 5716 profecto
837 5662 1080 5719 operum
1123 5647 1321 5705 favore
1363 5661 1430 5704 ac
1475 5645 1682 5705 ellectu
1730 5663 1834 5705 nos
1871 5656 2061 5705 arcet-

2166 3193 2448 3238 consensu
2503 3176 2810 3246 cogitando
2866 3175 3209 3231 induruerat
3249 3177 3473 3243 lignum,
3539 3177 3757 3239 bonum,
3817 3175 3868 3230 id

2165 3280 2269 3336 est,
2316 3269 2436 3339 jam
2485 3267 2704 3322 miserm
2754 3264 2944 3334 palato
2989 3263 3196 3320 mentis
3241 3277 3514 3334 saporum
3560 3264 3630 3319 ad
3679 3278 3869 3334 perpe-

2166 3357 2466 3421 trandum,
2523 3353 2910 3410 exterioribus
2964 3353 3132 3406 oculis
3179 3352 3492 3422 pulchrum,
3554 3352 3867 3407 delectabile

2163 3445 2330 3516 juxta
2361 3441 2791 3513 imaginationis
2824 3447 3141 3510 aspectum,
3191 3441 3440 3508 tulitque,
3485 3438 3541 3494 id
3566 3446 3650 3494 est
3680 3440 3868 3495 auda-

2166 3534 2311 3590 ciam
2371 3531 2636 3601 sumpsit,
2711 3528 3006 3586 diuturnis
3076 3527 3521 3583 delectationum
3576 3527 3868 3583 caloribus

2165 3620 2487 3676 enutritum
2555 3619 2808 3674 fructum
2887 3615 3274 3672 exsecutionis
3345 3615 3612 3672 faucibus
3680 3614 3867 3686 operis

2167 3710 2491 3779 degustare.
2526 3708 2656 3762 Post
2704 3704 2919 3776 peccati
2973 3704 3126 3759 enim
3159 3709 3375 3759 tactum
3441 3703 3591 3772 sapit
3650 3703 3756 3758 diu
3809 3703 3867 3756 in

2169 3797 2441 3853 memoria
2468 3795 2622 3866 quod
2670 3794 2840 3850 fuerit
2885 3791 3222 3859 delibatum,
3272 3798 3326 3847 et
3355 3791 3626 3847 dentibus
3654 3791 3867 3848 extrin-

2167 3901 2308 3942 seeae
2354 3881 2866 3940 administrationis
2906 3881 3131 3948 teritur,
3180 3879 3334 3936 unde
3365 3878 3626 3949 pereunti
3658 3880 3866 3935 anima:

2171 3973 2509 4044 pudibunda
2564 3970 2838 4026 saturitas
2880 3967 3211 4024 invehatur.
3262 3968 3462 4022 Mulier
3509 3967 3662 4036 prior
3693 3981 3866 4021 come-

2167 4063 2274 4132 dit,
2309 4061 2448 4133 quia
2471 4059 2656 4130 prima
2697 4057 2966 4113 voluntas
2997 4055 3328 4126 suggerenti
3375 4055 3605 4111 allectui
3635 4056 3708 4110 ad
3741 4069 3867 4110 con-

2168 4163 2398 4206 sensum
2460 4146 2733 4218 nequitiae
2785 4159 2844 4201 se
2906 4144 3161 4212 inﬂectit,
3214 4150 3389 4213 atque
3443 4147 3560 4198 viro
3596 4143 3866 4213 propinat

2168 4239 2336 4305 idem,
2371 4237 2510 4292 dum
2553 4235 2809 4306 ejusdem
2860 4245 3161 4288 venenosa:
3217 4231 3539 4288 dulcedinis
3593 4231 3731 4288 facit
3780 4245 3862 4286 se-

2167 4324 2307 4380 dula
2352 4321 2717 4392 instigatione
2774 4318 3106 4389 participem
3156 4317 3454 4374 rationem.
3504 4318 3864 4388 Aperiuntur

2163 4412 2441 4466 amborum
2498 4409 2660 4473 oculi,
2709 4407 2850 4464 dum
2914 4415 3269 4477 cognoscunt
3320 4407 3474 4463 unde
3519 4406 3666 4476 lapsi
3729 4408 3861 4474 sint,

2161 4513 2398 4572 quoque
2442 4495 2822 4565 devenerint;
2873 4495 3214 4565 aperiuntur
3269 4495 3466 4561 etiam,
3533 4495 3674 4551 dum
3723 4493 3862 4551 illud

2163 4588 2333 4658 cujus
2365 4585 2621 4642 notitiam
2661 4583 2781 4650 vix,
2826 4590 2892 4640 ut
2922 4583 3004 4638 sic
3035 4583 3243 4650 dicam,
3277 4583 3616 4639 somniando
3660 4583 3862 4654 attige-

2163 4683 2314 4742 rant,
2347 4673 2523 4730 veliut
2552 4673 2674 4744 jam
2719 4671 2906 4728 nolint
2934 4670 3090 4742 quod
3139 4671 3312 4727 semel
3343 4679 3640 4743 gratanter
3667 4672 3861 4727 ebibe—

2164 4763 2298 4831 rint,
2329 4776 2446 4832 prae
2474 4759 2656 4816 oculis
2695 4758 2973 4829 scriptum
3018 4766 3194 4829 atque
3237 4773 3577 4828 expressum
3610 4765 3858 4828 portant.

2161 4854 2216 4901 et
2244 4848 2420 4918 pejori
2445 4849 2628 4904 multo
2665 4862 2844 4919 quam
2895 4847 3078 4918 prius,
3109 4854 3164 4903 et
3215 4847 3381 4902 inviti
3429 4848 3737 4918 aliquoties
3766 4861 3858 4904 ru—

2163 4935 2476 4992 minatione
2517 4944 2848 5004 retractant,
2901 4943 2956 4992 et
2995 4935 3152 5006 justo
3195 4936 3416 5006 judicio
3455 4937 3517 4992 ﬁt
3547 4942 3610 4992 ut
3640 4951 3700 4992 se
3735 4937 3862 4992 hinc

2165 5023 2416 5082 volentes
2459 5025 2731 5096 expedire
2769 5039 2886 5081 non
2929 5031 3166 5096 queant,
3208 5025 3310 5095 qui
3347 5032 3548 5095 sponte
3589 5025 3857 5088 cecidere,

2163 5136 2296 5178 cum
2360 5129 2509 5178 stare
2565 5122 2729 5178 facile
2773 5128 3056 5192 poterant.
3117 5123 3355 5192 Cumque
3403 5124 3774 5188 cognovissent
3809 5134 3860 5174 se

2163 5224 2274 5264 esse
2329 5209 2528 5277 nudos,
2578 5215 2898 5264 consuerunt
2954 5211 3095 5276 folia
3140 5211 3291 5278 ﬁcus,
3349 5214 3401 5264 et
3453 5211 3701 5275 fecerunt
3756 5209 3859 5264 sibi

2159 5299 2516 5368 perizomata.
2568 5297 2636 5354 Se
2672 5299 2792 5369 jam
2845 5297 3031 5353 nudos
3101 5312 3222 5353 esse
3277 5297 3660 5367 comperiunt,
3725 5298 3857 5368 quia

2159 5386 2398 5458 justitize
2417 5387 2688 5458 cperibus
2737 5401 2796 5442 se
2841 5385 3140 5442 lraudatos
3185 5393 3240 5442 et
3271 5386 3477 5442 cmlesti
3518 5387 3856 5456 protectione

2165 5482 2541 5544 cognoscunt,
2591 5481 2647 5530 et
2689 5474 2980 5544 expositos
3027 5487 3086 5529 se
3131 5473 3368 5544 maligni
3413 5474 3651 5543 spiritus
3695 5479 3854 5530 vento

2165 5561 2548 5632 conspiciunt.
2609 5563 2762 5617 Folia
2814 5565 2948 5630 ficus
2995 5569 3304 5629 consuunt,
3359 5561 3500 5632 quia
3537 5562 3611 5618 ad
3665 5571 3850 5619 conte-

2166 5650 2411 5705 ctionem
2469 5649 2744 5722 nequitiis
2794 5650 2972 5706 verba
3036 5649 3305 5720 religiosa
3369 5657 3718 5720 praetexunt,
3763 5649 3851 5706 sed
