3966 6422
138 408 191 456 ἷ3
1323 396 1681 452 MORALIU.“
1729 395 1799 449 IN

1991 394 2144 452 ESIN
2190 394 2327 450 LIB.
2376 395 2449 448 ll.
3583 399 3651 450 7-i

134 537 259 608 quia
289 535 436 591 ﬁcus
481 534 618 590 folia
649 547 765 589 non
798 539 935 589 sunt
968 531 1051 588 uti
1094 532 1506 603 plerarumque
1552 530 1825 596 rotunda,
1865 534 1910 587 Α
1941 530 2040 598 ait,
2077 534 2313 598 Domine,
2365 530 2560 584 audivi
2588 533 2647 585 in
2688 530 2973 601 paradiso.
3006 530 3189 588 Audio
3233 531 3375 602 quid
3419 532 3643 603 jubeas,

136 625 219 681 sed
247 623 537 695 aperturis
565 622 863 678 hiantibus
894 621 1282 683 anfractuosa.
1319 628 1374 677 et
1400 620 1567 691 quasi
1596 620 1828 691 linguas

138 713 413 781 habentia,
447 720 503 767 et
530 724 756 781 aspera,
805 723 1111 780 possumus
1141 722 1242 779 per
1272 708 1635 779 asperitatem
1685 722 1828 763 con-

138 801 419 860 tinentiam
472 807 742 867 veterem,
791 812 938 869 quas
984 797 1170 868 specie
1215 805 1385 853 tenus
1432 805 1557 867 post
1601 796 1825 867 lapsum

135 898 351 957 servat,
413 888 709 958 accipere;
775 900 878 957 per
937 886 1053 942 folii
1111 884 1448 941 tenuitatem
1507 885 1829 956 hypocrisis

138 980 538 1042 subtilitatem.
609 991 741 1048 quae
807 985 998 1033 tamen
1057 975 1262 1045 gravia
1325 982 1628 1045 contegere
1688 974 1826 1030 vitia

141 1082 552 1140 usquequaque
595 1071 914 1137 nequeunt,
952 1063 1094 1135 quia
1140 1063 1263 1134 ipsa
1309 1063 1542 1135 linguas
1590 1062 1824 1129 habent,

140 1171 280 1212 nam.

263 1244 403 1298 Arte
430 1240 818 1312 superductum
842 1238 1011 1292 violat
1033 1237 1356 1306 quandoque
1383 1237 1643 1309 pudorem

263 1333 523 1400 Impietas
554 1333 793 1384 contecta
821 1327 941 1393 diu,
978 1343 1070 1381 nec
1097 1340 1261 1396 passa
1291 1326 1539 1392 recondi;

342 1422 407 1475 Ut
434 1421 531 1474 lux
569 1419 721 1473 clara
751 1419 975 1483 vitrum,
1007 1418 1087 1470 sic
1113 1420 1363 1482 penetrat
1391 1417 1609 1481 faciem.

200 1508 368 1564 Vsus.
420 1510 471 1562 8.
505 1536 572 1548 —
605 1508 841 1576 Cumque
887 1504 1259 1559 deambularet
1306 1507 1574 1559 Dominus
1619 1507 1678 1557 in
1726 1519 1825 1572 pa-

138 1596 313 1651 radiso
356 1596 435 1650 ad
466 1611 661 1649 auram
706 1600 828 1665 post
872 1594 1149 1648 meridiem
1198 1593 1480 1648 abscondit
1537 1609 1591 1646 se
1620 1593 1824 1658 Adam,

136 1692 182 1739 et
215 1701 356 1739 umor
383 1686 497 1755 ejus
526 1701 561 1737 a
588 1685 733 1751 facie
781 1684 1006 1738 Domini
1035 1684 1134 1738 Dei
1179 1684 1239 1736 in
1267 1682 1442 1737 medio
1474 1683 1615 1750 ligni
1653 1697 1826 1751 para-

136 1773 257 1840 disi,
304 1790 425 1828 cum
468 1773 751 1827 audissent
794 1788 969 1827 vocem
1020 1770 1157 1841 ejus.
1204 1771 1330 1828 Vox
1376 1772 1591 1826 Domini
1636 1771 1826 1824 deam-

136 1864 366 1918 balantis
424 1866 481 1917 in
533 1862 801 1933 paradiso
873 1868 956 1916 est
1008 1860 1341 1930 increpatio,
1405 1859 1493 1915 vel
1553 1858 1827 1914 memoria

137 1951 426 2022 praeteritae
463 1950 703 2022 justitite
749 1950 870 2021 jam
921 1964 1034 2005 nou
1067 1947 1306 2017 stantis;
1342 1946 1420 2003 nil
1472 1946 1623 2003 enim
1669 1946 1826 2001 aliud

130 2041 344 2111 justitia
389 2040 445 2095 in
501 2040 665 2095 nobis
715 2052 893 2109 quam
944 2037 1097 2093 Deus
1139 2044 1243 2104 est,
1279 2043 1403 2106 post
1449 2034 1826 2106 perpetratio-

139 2143 256 2184 nem
289 2127 504 2199 peccati
539 2126 596 2182 in
631 2134 837 2193 mente,
867 2125 1009 2196 quia
1041 2126 1163 2195 ipsa
1196 2124 1265 2179 de
1295 2139 1353 2179 se
1383 2125 1652 2194 queritur
1682 2124 1827 2179 ratio

140 2218 306 2287 lapsa,
347 2216 425 2270 ad
451 2231 647 2269 auram
695 2214 908 2270 scilicet
937 2218 1059 2282 post
1108 2213 1409 2279 meridiem,
1442 2220 1587 2267 aestu
1637 2218 1827 2267 tenta-

137 2304 296 2360 tionis
351 2318 455 2375 per
513 2303 782 2359 effectum
839 2316 1012 2358 suum
1071 2301 1193 2372 jam
1251 2300 1710 2367 defervescente,
1773 2308 1827 2356 et

137 2394 333 2464 spiritu
382 2392 634 2449 hominis
676 2391 998 2447 secundum
1049 2390 1148 2446 Dei
1179 2404 1411 2446 sensum
1447 2404 1549 2461 pro
1591 2388 1682 2444 sui
1724 2388 1822 2443 de-

136 2483 277 2539 fectu
323 2481 560 2554 singula
589 2481 778 2538 cordis
819 2480 942 2536 loca
970 2480 1273 2546 lustrante,
1318 2477 1415 2533 sed
1448 2492 1562 2533 non
1591 2484 1675 2533 est
1704 2492 1826 2533 cre-

136 2571 280 2628 ditus
329 2586 464 2628 cum
519 2572 631 2626 Deo
679 2569 931 2625 sentiens
969 2568 1207 2638 spiritus
1254 2567 1382 2637 ejus
1415 2566 1583 2636 (Psal.
1615 2580 1827 2631 Lxxvn,

136 2662 202 2725 8).
252 2659 577 2725 Abscondit,
625 2659 798 2725 enim,
831 2672 886 2712 se
915 2656 1119 2722 Adam,
1151 2661 1200 2710 et
1231 2671 1371 2709 uxor
1408 2655 1526 2724 ejus
1565 2657 1621 2708 in
1652 2655 1827 2709 medio

136 2750 264 2816 tigni
304 2748 582 2819 paradisi.
636 2747 883 2818 Lignum
929 2744 1180 2816 paradisi
1224 2743 1464 2800 allectus
1490 2750 1574 2799 est
1623 2743 1823 2811 animi,

136 2838 295 2908 cujus
349 2836 540 2893 medio
596 2834 991 2903 absconditur,
1046 2833 1314 2904 quisquis
1361 2833 1419 2887 in
1467 2832 1595 2902 ejus
1646 2846 1828 2902 prava

136 2926 563 2993 consuetudine,
597 2939 669 2980 ne
708 2924 777 2980 ad
816 2923 913 2979 Dei
963 2922 1197 2993 respiret
1230 2920 1512 2989 notitiam,
1565 2920 1828 2977 libertate

137 3014 386 3085 undique
416 3012 746 3085 egrediendi
779 3019 989 3083 negata
1016 3010 1320 3081 sepelitur;
1354 3009 1513 3066 hunc
1539 3010 1694 3065 enim
1721 3023 1828 3064 vo-

1938 622 2031 690 pia
2075 619 2291 676 scilicet
2321 618 2515 675 studia
2556 626 2829 690 repetere,
2884 618 3138 689 paradisi
3172 619 3458 677 virtutum
3490 625 3645 677 anti-

1936 722 2188 779 quarum
2222 707 2437 764 damna
2480 707 2709 775 deﬂere,
2742 708 2839 763 sed
2868 723 3071 764 vereor
3100 709 3490 766 austeritatem
3520 726 3644 780 pm-

1936 795 2210 864 nitentiae,
2260 803 2315 851 et
2348 796 2496 851 hanc
2539 795 2817 851 nuditatis
2854 796 3157 865 penuriam
3191 797 3358 852 novis
3400 811 3640 867 operum

1937 885 2195 940 vestibus
2224 885 2467 955 operire,
2502 891 2558 940 et
2590 884 2715 940 ideo
2761 884 2989 941 interim
3036 900 3139 956 per
3162 886 3465 942 exterioris
3494 887 3641 943 sub-

1936 972 2293 1029 ornationem
2338 972 2571 1029 habitus
2604 973 2879 1044 pudorem
2915 988 3106 1031 meum
3141 973 3364 1029 decrevi
3397 975 3635 1031 abscon-

1935 1062 2089 1119 dere.

2008 1151 2180 1208 Vnus.
2231 1154 2315 1207 ll.
2346 1182 2414 1191 —
2461 1151 2594 1218 Quis
2635 1154 2776 1205 enim
2828 1150 3094 1206 indicavit
3138 1151 3243 1206 tibi
3270 1152 3417 1221 quod
3456 1153 3637 1208 nudus

1934 1255 2091 1307 esses,
2142 1243 2254 1294 nisi
2297 1240 2441 1310 quod
2473 1242 2538 1293 de
2586 1241 2753 1307 ligno,
2801 1239 2867 1293 de
2898 1255 3002 1308 quo
3050 1240 3153 1294 tibi
3182 1256 3542 1311 praeceperam
3572 1258 3638 1295 ne

1936 1327 2252 1395 comederes,
2311 1328 2633 1384 comedisti?
2688 1327 2849 1395 Quod
2904 1335 2987 1384 est
3035 1328 3220 1384 Deum
3278 1329 3495 1386 homini
3544 1331 3637 1386 di-

1935 1432 2063 1473 cere
2095 1431 2107 1471 :
2136 1416 2429 1483 Quomodo
2481 1418 2592 1472 scis
2645 1424 2697 1472 te
2743 1429 2872 1472 mea
2918 1421 3268 1486 protectione
3325 1418 3637 1485 desertum,

1935 1504 2047 1560 nisi
2091 1505 2246 1576 quod
2297 1514 2349 1561 te
2405 1504 2553 1561 nosti
2601 1518 2702 1574 per
2751 1506 2832 1560 tui
2886 1520 2976 1561 me
3017 1520 3289 1562 excessus
3336 1506 3641 1563 offendisse

1936 1594 2214 1650 reatum?
2268 1594 2420 1650 Reus
2466 1593 2621 1649 enim
2667 1593 2841 1648 etiam
2891 1594 3208 1661 absentem,
3262 1603 3319 1651 et
3368 1595 3639 1666 ignarum

1936 1682 2246 1738 Dominum
2298 1682 2496 1737 timere
2541 1681 2718 1746 solet;
2761 1681 2857 1737 sed
2900 1681 3127 1751 spiritui
3182 1698 3313 1739 cum
3348 1685 3462 1740 Deo
3508 1700 3643 1740 sen-

1940 1770 2099 1825 tienti
2133 1770 2275 1841 quid
2328 1770 2584 1826 humana
2617 1769 2932 1840 pertinacia
2965 1770 3207 1837 referat,
3262 1773 3641 1829 audiendum.

1868 1836 1908 1890 Β
2010 1836 2180 1916 Vens.
2244 1863 2328 1914 l2.
2368 1887 2442 1900 —
2491 1836 2715 1925 Mulier,
2772 1874 2936 1928 quam
2980 1836 3199 1914 dedisti
3233 1862 3373 1914 mihi
3420 1865 3642 1922 sociam,

1937 1948 2087 2002 dedit
2131 1948 2273 2002 mihi
2301 1948 2366 2001 de
2414 1949 2580 2015 ligno,
2615 1952 2667 2001 et
2713 1947 2933 2002 comedi.
2989 1947 3253 2018 Fragilis,
3292 1950 3502 2019 inquit,
3535 1965 3643 2005 uu-

1938 2036 2245 2107 tabilisquc
2292 2036 2582 2101 voluntas,
2619 2026 2795 2106 quam
2837 2035 3045 2092 rationi
3080 2036 3332 2093 indidisti
3370 2038 3643 2094 humanae

1940 2125 2059 2181 haec
2108 2125 2353 2191 monuit,
2408 2125 2529 2181 hzec
2592 2125 2807 2180 intulit.
2866 2124 2952 2179 Tu
3001 2125 3103 2195 qui
3146 2132 3226 2181 tot
3282 2126 3641 2182 intoleranda

1939 2214 2157 2270 homini
2207 2214 2544 2285 praecepisti,
2598 2213 2900 2283 providere
2949 2213 3251 2278 debueras,
3312 2222 3377 2269 ut
3426 2222 3639 2271 statum

1939 2303 2252 2359 voluntatis
2301 2302 2670 2358 inﬂexibilem
2731 2301 2960 2357 habere:
3014 2302 3082 2358 ad
3141 2303 3451 2372 passiones,
3510 2319 3641 2374 quae

1939 2392 2112 2448 menti
2136 2391 2497 2463 ingruerent,
2531 2390 2903 2460 respuendas.

2012 2482 2183 2536 Vsus.
2253 2484 2334 2545 t3,
2410 2482 2492 2534 l4.
2551 2509 2607 2520 --
2663 2481 2743 2534 Et
2790 2480 2937 2534 dicit
2981 2481 3125 2534 Dius
3182 2480 3258 2535 ad
3312 2482 3636 2536 mulierem:

1938 2569 2115 2635 Quare
2154 2570 2248 2623 hoc
2275 2567 2504 2635 fecisti?
2549 2568 2907 2624 Convenitur
2934 2568 3131 2624 eodem
3172 2576 3407 2625 auctore
3441 2571 3641 2626 volun-

1936 2667 2045 2726 tas,
2078 2658 2172 2714 sed
2201 2657 2541 2714 humanitus
2589 2658 2645 2713 in
2674 2657 2943 2713 affectum
2976 2657 3199 2713 derivat
3230 2657 3498 2715 otl‘ensas.
3530 2660 3637 2726 Tu,

1940 2746 2149 2818 inquit,
2195 2761 2228 2802 o
2269 2747 2441 2814 Deus,
2499 2760 2606 2802 cur
2652 2753 2769 2802 tam
2823 2746 3052 2802 labilem
3099 2747 3302 2802 dedisti
3352 2747 3639 2804 voluntati

1938 2835 2228 2904 alTectum,
2263 2835 2364 2906 qui
2395 2850 2511 2891 non
2542 2834 2727 2891 solum
2761 2850 2877 2891 non
2917 2835 3159 2906 adjuvat
3185 2849 3219 2891 a
3248 2836 3394 2893 bono
3420 2837 3637 2903 devios,

1938 2925 2032 2981 sed
2064 2926 2236 2981 etiam
2293 2924 2493 2991 illicit;
2528 2931 2583 2980 et
2611 2925 2940 2981 exorbitare
2990 2925 3125 2982 facit
3156 2924 3355 2981 divina
3400 2940 3637 2982 conver-

1938 3015 2156 3070 satione
2209 3013 2532 3084 perfectos?
2580 3012 2876 3078 Quomodo
2924 3013 3189 3070 frenatur
3234 3014 3308 3070 ab
3358 3014 3639 3085 improbo,

136 3110 221 3159 cat
260 3103 589 3174 Apostolus,
638 3107 915 3172 peccatum
943 3102 1151 3168 (Rom.,
1204 3114 1301 3167 vn,
1365 3101 1471 3169 l7),
1524 3099 1664 3170 quia
1712 3113 1824 3155 non
1867 3141 1908 3195 Ο
1939 3104 2038 3175 qui
2089 3116 2202 3158 non
2252 3101 2417 3173 plene
2463 3101 2717 3158 cohiberi
2761 3102 3035 3171 praevalet
3076 3103 3248 3158 etiam
3297 3102 3368 3158 ab
3420 3103 3641 3173 integre

136 3192 345 3249 invenit
398 3193 458 3248 in
488 3205 663 3249 carne
711 3204 817 3248 sua
850 3191 1088 3247 bonum.
1140 3188 1245 3245 Sed
1275 3202 1391 3245 non
1446 3188 1631 3245 Adam
1676 3194 1830 3244 totus

137 3282 295 3336 homo
348 3280 443 3336 ille
471 3280 575 3351 qui
626 3279 941 3351 quondam,
975 3278 1072 3334 sed
1126 3276 1307 3334 Adam
1352 3276 1509 3348 quod
1542 3276 1829 3346 interpre-

137 3376 283 3425 tatur
325 3373 594 3435 terrenus,
630 3367 716 3424 vel
747 3376 902 3424 terra
934 3367 1114 3423 rubra
1156 3374 1403 3434 terrena,
1436 3365 1701 3421 videlicet
1732 3379 1829 3423 sa-

138 3460 309 3526 piens,
332 3465 388 3514 et
418 3456 674 3527 corporis
701 3456 965 3511 addictus
996 3453 1381 3525 passionibus,
1413 3462 1468 3510 et
1500 3467 1652 3509 uxor
1680 3452 1825 3523 ejus.

139 3545 185 3601 id
210 3553 291 3603 est
311 3547 584 3603 voluntas
602 3551 720 3614 8Q,
754 3559 886 3616 quae
901 3545 1035 3601 olim
1062 3542 1171 3599 sibi
1185 3542 1390 3614 juncta
1420 3541 1716 3598 individuo
1730 3542 1825 3597 Dei

137 3635 314 3703 gratia
361 3635 769 3707 agglutinante
815 3633 1141 3704 complexu,
1175 3646 1334 3688 nunc
1367 3631 1508 3687 adeo
1538 3631 1824 3701 disparata

137 3732 286 3780 tanto
314 3724 498 3781 animi
542 3723 766 3780 diabolo
815 3722 1102 3778 mediante
1128 3720 1402 3787 discessu,
1439 3728 1657 3791 quanto
1704 3721 1831 3776 viro

136 3826 231 3867 suo
276 3826 389 3869 non
434 3812 555 3883 jam
588 3826 853 3882 superna:
900 3810 1129 3876 rationi,
1181 3809 1277 3866 sed
1329 3816 1569 3865 terrente
1608 3809 1830 3865 astutiae

138 3898 190 3954 in
238 3900 642 3971 temporalium
698 3913 892 3955 amore
944 3899 1228 3954 bonorum
1285 3897 1516 3954 arctiori
1564 3897 1827 3968 copulata

137 4002 431 4056 consensu,
465 3988 679 4045 divinae
704 3988 829 4044 voci
862 3994 986 4058 post
1007 3994 1170 4059 terga
1200 3986 1455 4043 monenti
1484 3987 1828 4055 obaudiunt,

138 4077 224 4132 sed
252 4078 636 4136 obduratione
667 4091 785 4149 qua
815 4077 1073 4133 diximus
1100 4092 1158 4132 se
1196 4075 1403 4132 mentis
1445 4075 1827 4131 abscondunt.

136 4163 285 4233 Quod
332 4167 379 4223 si
416 4165 736 4237 accipimus
765 4167 906 4234 ligni
934 4165 1179 4236 positum
1224 4178 1330 4235 pro
1360 4166 1649 4233 lignorum,
1682 4164 1832 4222 sicut

142 4269 458 4325 etrnomyam
510 4262 565 4310 et
615 4270 806 4308 ranam
859 4267 961 4324 pro
1006 4256 1181 4322 ranis,
1232 4260 1287 4309 et
1334 4255 1627 4321 caenomyis
1655 4266 1833 4307 sacrze

142 4342 329 4399 litterze
382 4350 611 4414 ponunt
661 4342 836 4412 (Psal.
890 4357 1104 4410 Lxxvu,
1152 4342 1262 4412 45),
1320 4341 1571 4413 profecto
1619 4344 1677 4395 in
1722 4358 1831 4396 me-

1941 3192 2167 3263 probo?
2197 3190 2355 3255 Quod
2401 3198 2588 3247 totum
2614 3197 2698 3245 est
2734 3204 2747 3243 :
2779 3190 3010 3258 Serpens
3043 3190 3250 3260 decepit
3291 3206 3390 3245 me.
3425 3190 3639 3247 Verum

1939 3278 2333 3352 querimonias
2375 3278 2432 3334 in
2478 3292 2537 3334 se
2567 3278 2755 3348 inepte
2801 3277 2959 3334 fusas
2998 3278 3152 3335 Deus
3196 3279 3486 3336 intellectu
3526 3295 3641 3336 cor-

1938 3376 2089 3425 recto
2145 3368 2216 3424 ad
2261 3374 2584 3439 respectum
2642 3369 3153 3440 causationemque
3207 3384 3319 3424 non
3369 3368 3480 3437 sui,
3539 3370 3635 3424 sed

1940 3471 2132 3527 pravae
2164 3455 2477 3513 affectionis
2508 3455 2821 3527 intorquet.
2871 3456 3016 3513 Dicit
3043 3471 3183 3527 ergo
3218 3458 3371 3513 Deus
3404 3457 3642 3513 rationis

1944 3547 2218 3602 instinctu
2265 3560 2366 3617 per
2396 3553 2623 3601 terrena
2665 3546 2937 3616 serpenti.
2993 3548 3135 3617 Quia
3163 3548 3351 3609 fecisti
3379 3546 3474 3601 hoc
3516 3562 3640 3600 ma-

1941 3636 2167 3690 ledictus
2221 3652 2277 3689 es
2310 3638 2450 3689 inter
2479 3639 2671 3690 cuncta
2724 3637 3051 3697 animantia.
3112 3641 3163 3689 et
3207 3636 3406 3690 bestias
3465 3640 3637 3689 terrm.

1939 3723 2104 3790 Quia,
2156 3725 2364 3795 inquit,
2409 3723 2661 3779 fidelium
2699 3723 3018 3779 seductioni
3066 3724 3324 3792 incubas,
3376 3738 3641 3780 exsecra-

1941 3811 2080 3868 tioni
2130 3826 2252 3867 esse
2294 3810 2466 3866 debes
2499 3810 2649 3866 inter
2684 3809 2883 3866 vitalia
2914 3811 3198 3867 virtutum
3247 3810 3459 3878 studia,
3513 3825 3643 3882 quae

1940 3901 2252 3971 signantur
2299 3913 2399 3970 per
2454 3902 2765 3954 animantia
2802 3905 2853 3953 et
2904 3900 3102 3955 bestias
3151 3906 3328 3967 terra,
3382 3900 3643 3956 ferocitas

1940 3989 2153 4056 carnis,
2218 3988 2432 4044 scilicet
2489 3987 2649 4043 vitia.
2710 3987 2797 4043 Tu
2849 3988 3002 4044 bona
3056 3988 3209 4044 enim
3268 3988 3535 4059 dissipas,
3579 3995 3641 4045 tu

1940 4077 2185 4133 crimina
2245 4077 2501 4147 instigas.
2560 4078 2743 4147 Super
2792 4081 2977 4145 pectus
3036 4081 3187 4130 tuum
3231 4076 3524 4143 gradieris.
3578 4077 3641 4131 In

1942 4174 2165 4236 pectore
2209 4180 2308 4222 cor
2332 4166 2628 4233 habemus,
2660 4174 2715 4222 et
2757 4166 2815 4220 in
2844 4165 3014 4221 corde
3053 4166 3354 4221 rationem.
3390 4164 3645 4221 All‘ectus

1942 4256 2140 4326 itaque
2168 4270 2343 4326 super
2371 4263 2569 4325 pectus
2610 4254 2891 4323 ambulat,
2923 4256 3157 4325 quando
3197 4254 3307 4310 sibi
3336 4254 3642 4325 imperium

1943 4344 2183 4400 rationis
2214 4351 2478 4414 usurpat.
2541 4344 2701 4400 Unde
2734 4343 2874 4415 quid
2928 4343 3096 4399 faciat
3137 4344 3364 4409 dextra,
3403 4341 3645 4413 jubetur

140 4430 222 4485 dio
250 4433 521 4499 lignorum
569 4433 826 4501 paradisi
855 4432 1049 4488 nudus
1078 4447 1136 4487 se
1181 4431 1346 4497 celat,
1380 4431 1651 4502 quisquis
1685 4430 1830 4485 male
1874 4442 1916 4497 ι)
1947 4432 2165 4488 nescire
2211 4431 2445 4487 sinistra
2490 4432 2715 4499 (Matth.
2772 4447 2848 4497 \'l,
2902 4432 2975 4501 3).
3030 4434 3204 4501 Super
3251 4437 3437 4502 pectus
3472 4429 3641 4485 etiam

139 4531 303 4587 agens
345 4528 684 4577 sanctorum
724 4520 985 4576 virorum
1019 4520 1284 4575 societate
1318 4533 1377 4574 se
1420 4518 1636 4588 palliat.
1672 4518 1833 4574 Unde

144 4607 265 4675 ipsis
295 4622 329 4664 a
371 4607 730 4680 quibusdam
771 4607 985 4664 dicitur
1012 4623 1025 4662 :
1063 4611 1199 4663 Date
1226 4608 1381 4662 nobis
1407 4606 1473 4661 de
1500 4608 1610 4662 oleo
1636 4612 1832 4675 vestro,

142 4699 261 4765 quia
304 4697 590 4768 lampades
635 4702 832 4751 nostrae
871 4699 1261 4762 exstinguntur
1292 4696 1511 4765 (Matth.
1564 4711 1698 4761 xxv,
1753 4699 1832 4757 8i.

143 4786 189 4840 id
212 4794 291 4842 est
314 4787 456 4857 quia
486 4799 561 4842 ex
596 4794 789 4843 nostro
821 4799 990 4856 opere
1030 4785 1584 4852 obtenebrascimus,
1635 4792 1835 4840 vestrm

144 4873 293 4930 nobis
324 4873 735 4930 familiaritatis
783 4873 1092 4943 impendite
1121 4876 1390 4944 gratiam,
1443 4882 1505 4930 ut
1539 4873 1585 4928 si
1618 4887 1729 4927 non
1764 4886 1833 4927 ex

145 4972 342 5029 nostra,
375 4962 584 5019 saltem
613 4976 685 5017 ex
717 4971 907 5018 vestra
932 4962 1058 5018 luce
1087 4961 1436 5034 fulgeamus.

210 5050 371 5109 Vnus.
425 5053 480 5117 9,
534 5052 619 5107 10.
654 5080 726 5093 -
770 5054 1097 5121 Voeavitque
1143 5051 1411 5106 Dominus
1444 5054 1583 5106 Deus
1632 5050 1837 5120 Adam,

148 5144 191 5192 et
233 5139 378 5195 dixit
420 5142 514 5195 ei:
554 5137 756 5206 Adam,
808 5140 906 5195 ubi
954 5140 1052 5194 es?
1108 5142 1213 5208 Qui
1259 5142 1341 5195 ait
1376 5155 1389 5194 :
1430 5141 1617 5194 Vocem
1665 5146 1835 5201 tuam,

151 5228 370 5295 Domine,
422 5228 626 5283 audiri
680 5231 738 5282 in
780 5229 1070 5299 paradiso,
1100 5236 1151 5284 et
1195 5232 1357 5284 timui
1383 5245 1441 5284 eo
1472 5229 1618 5298 quod
1660 5228 1839 5283 nudus

146 5331 315 5384 essem,
365 5324 417 5373 et
468 5317 732 5371 abscondi
768 5334 867 5373 me.
906 5317 1084 5375 Vocat
1132 5318 1412 5373 Dominus
1454 5318 1659 5385 Adam,
1705 5332 1837 5373 cum

147 5407 407 5463 rationem
456 5405 785 5476 cujuspiam
820 5415 946 5477 post
988 5421 1185 5463 casum
1220 5406 1465 5463 interius
1492 5406 1842 5462 conveniens

149 5504 397 5562 provocat
461 5495 537 5550 ad
607 5495 1020 5565 paenitentiam.
1106 5497 1209 5552 Ubi
1260 5495 1358 5550 es?
1411 5494 1599 5566 inquit
1652 5495 1840 5551 locum

151 5596 253 5651 quo
283 5586 477 5657 jaceas
532 5583 780 5651 attende,
814 5584 915 5655 qui
971 5599 1087 5640 non
1137 5583 1287 5640 alius
1339 5597 1517 5654 quam
1570 5582 1843 5654 superbia

140 5679 250 5733 .est.
279 5674 377 5743 qui
426 5671 567 5728 olim
601 5671 1033 5728 humilis-stare
1072 5671 1400 5728 didiceras?
1453 5673 1634 5729 Vocem
1669 5677 1838 5740 tuam,

498 5773 777 5837 ΡΑτῐιοι..
831 5772 1034 5838 CLVI.

1941 4520 2122 4586 vadit,
2172 4519 2309 4576 dum
2343 4520 2658 4590 appetitum
2706 4521 2871 4590 quasi
2909 4522 3253 4577 naturaliter
3293 4520 3363 4575 ad
3398 4518 3513 4575 ima
3557 4518 3646 4573 de-

1943 4608 2159 4682 primit.
2206 4608 2388 4665 Aliter
2429 4609 2745 4664 benedictio
2779 4609 2834 4663 in
2867 4623 3031 4665 sacro
3081 4609 3330 4680 eloquio,
3364 4609 3514 4663 sicut
3546 4621 3646 4677 pro

1944 4697 2422 4768 multiplicatione
2471 4699 2724 4766 ponitur,
2761 4697 2839 4753 ita
2873 4697 3196 4754 maledictio
3228 4712 3330 4767 pro
3375 4696 3647 4753 defectio-

1947 4800 2037 4842 ne.
2076 4788 2223 4842 Inter
2258 4789 2440 4841 omnia
2479 4786 2657 4855 igitur
2685 4789 3014 4851 animantia,
3056 4788 3197 4841 vitia
3226 4786 3429 4855 utique
3457 4784 3650 4841 carnis

1946 4875 2359 4941 mansuetiora,
2409 4882 2471 4930 ut
2518 4882 2654 4931 sunt
2701 4875 2757 4930 in
2788 4876 2935 4943 cibo,
2972 4884 3130 4945 potu,
3163 4888 3484 4944 somnoque
3539 4886 3650 4928 ex-

1944 4978 2160 5029 cessus,
2229 4970 2280 5017 et
2340 4965 2558 5029 bestias,
2608 4964 2866 5020 crudelia
2933 4963 3167 5031 scilicet,
3235 4971 3291 5019 et
3338 4962 3649 5028 horrenda,

1947 5050 2187 5107 alTectus
2250 5052 2371 5117 iste,
2418 5052 2521 5122 qui
2570 5052 2732 5122 origo
2780 5066 2981 5108 eorum
3012 5060 3115 5117 est,
3168 5051 3377 5108 habeat
3422 5060 3652 5107 aeternae

1948 5139 2280 5195 defectionis
2325 5140 2588 5197 exitium.
2649 5143 2868 5197 Terram
2915 5141 3153 5197 comedes
3205 5144 3415 5196 cunctis
3463 5140 3652 5195 diebus

1947 5232 2074 5283 vitae
2100 5233 2204 5283 tua
2237 5246 2249 5283 :
2286 5228 2340 5284 id
2371 5236 2454 5285 est
2484 5230 2540 5284 in
2572 5231 2729 5286 omni
2772 5230 3180 5301 prosperitatis,
3212 5245 3343 5301 quae
3374 5243 3473 5300 per
3502 5228 3652 5284 diem

1949 5317 2253 5387 signatur,
2304 5318 2492 5387 specie
2549 5318 2794 5374 terrenis
2845 5319 3133 5388 pasceris,
3186 5332 3318 5388 quae
3368 5316 3656 5388 praecipue

1950 5413 2152 5461 contra
2202 5406 2380 5460 vitam
2426 5405 2682 5463 fidelium
2712 5407 2881 5462 vivis.
2934 5409 3038 5471 Qui
3071 5416 3283 5463 terram
3315 5405 3655 5472 manducat,

1950 5502 2476 5564 quantumcunque
2524 5495 2850 5563 comederit,
2904 5496 3035 5567 plus
3091 5496 3197 5552 sibi
3238 5493 3656 5552 comedendum

1952 5596 2130 5654 quam
2181 5582 2431 5653 potuerit
2460 5584 2756 5640 comedere
2788 5592 2983 5653 restat,
3033 5585 3114 5641 sic
3144 5586 3233 5641 his
3263 5584 3366 5656 qui
3415 5584 3657 5652 cupiunt

1953 5678 2478 5742 quantumcunque
2507 5672 2800 5728 obtineant
2831 5673 3114 5744 cupienda
3149 5675 3468 5730 restabunt.

3306 5783 3342 5839 3
