3956 6444
287 453 358 504 75

1203 447 1262 501 V.
1303 445 1635 502 GUIBERTI
1672 442 1962 501 ABBATIS
1999 444 2056 500 S.
2096 443 2330 500 MANE
2369 442 2458 500 DE
2495 443 2886 501 NOVIGENTO

3737 447 3829 497 ‘76

359 585 534 642 Vens.
573 585 658 639 l5.
714 613 776 625 —
812 583 1141 639 Inimicitias
1185 597 1385 652 ponam
1431 583 1574 634 inter
1609 585 1658 635 te
1709 584 1761 634 et
1789 579 1987 633 mulie-
2024 580 2069 633 Δ
2098 578 2313 646 stricto,
2365 580 2462 636 Dei
2510 579 2874 651 aliquantula
2923 579 3295 650 inspiratione
3333 581 3402 637 ad
3450 581 3674 652 aliquid
3717 581 3832 636 lu-

290 690 422 738 rem,
474 677 526 727 et
571 687 745 728 semen
777 677 929 726 tuum
973 675 1024 724 et
1065 685 1240 724 semen
1290 671 1460 724 illius.
1497 670 1613 724 Hoc
1659 668 1718 724 ﬁt
1761 667 1986 738 quoties

292 763 564 818 voluntas
619 769 816 816 nostra
861 759 1071 816 divinae
1125 758 1394 814 innititur
1450 755 1696 822 rationi,
1743 765 1799 812 et
1846 763 1988 812 tunc

291 851 582 922 appetitus
609 850 799 906 carnis
831 849 981 918 apud
1019 848 1196 917 ipsam
1228 854 1544 915 respectum
1585 859 1698 900 non
1741 845 1980 910 invenit,

293 945 436 1012 quia
483 954 672 997 semen
705 939 889 995 sancti
919 952 1036 1009 quo
1077 937 1420 994 fecundatur
1451 935 1734 1007 Spiritus,
1785 935 1982 990 diabo-

291 1028 415 1085 licae
463 1026 818 1100 suggestioni
861 1041 1098 1096 prorsus
1148 1025 1456 1090 infensum,
1509 1023 1793 1080 inﬁnitam
1841 1022 1989 1078 inter

292 1125 610 1182 utrumque
665 1115 1108 1184 discrepantiam
1157 1112 1309 1169 facit.
1356 1114 1494 1181 Ipsa
1543 1117 1776 1166 conteret
1825 1115 1989 1180 caput

293 1212 463 1260 tuum.
526 1206 729 1274 Caput.
785 1204 835 1258 id
883 1210 967 1257 est
1025 1202 1251 1257 initium
1311 1201 1471 1270 pravi
1521 1199 1808 1270 appetitus
1857 1199 1984 1266 fuit,

293 1293 584 1350 communi
638 1292 882 1348 utilitate
935 1290 1151 1355 relicta,
1209 1289 1470 1344 videlicet
1527 1288 1663 1355 Deo,
1721 1287 1985 1358 quaedam

293 1381 401 1438 sibi
445 1381 676 1452 propria
707 1379 869 1435 velle.
922 1378 1081 1435 Unde
1130 1377 1410 1433 Dominus
1453 1390 1608 1442 eum,
1662 1377 1763 1447 qui
1813 1375 1883 1430 ad
1929 1389 1988 1430 se

295 1469 470 1536 venit,
505 1483 622 1524 non
654 1468 976 1537 ejecturum
1009 1466 1161 1521 foras
1204 1465 1531 1534 perhibens,
1564 1478 1772 1520 causas
1808 1463 1985 1529 addit,

293 1557 432 1626 quia
471 1570 586 1611 non
618 1555 840 1610 venerit
881 1554 1065 1609 facere
1097 1552 1453 1608 voluntatem
1497 1565 1662 1607 suam
1698 1551 1874 1622 (Joan.
1907 1566 1986 1617 vt,

293 1648 382 1706 37.
416 1645 526 1714 38).
582 1644 757 1700 Recta
801 1641 1074 1697 voluntas
1121 1640 1227 1695 hic
1256 1648 1430 1710 caput
1469 1641 1680 1708 atterit,
1730 1639 1986 1709 quando,

294 1734 354 1788 in
401 1739 688 1802 quantum
743 1727 1038 1799 praevalet,
1094 1726 1177 1782 nil
1229 1727 1336 1782 sibi
1394 1727 1640 1796 turpiter
1692 1726 1986 1797 proprium

295 1819 611 1888 relinquit;
679 1817 819 1872 dum
880 1815 1033 1871 enim
1079 1829 1113 1870 a
1161 1815 1347 1884 primo
1412 1815 1642 1871 homine
1695 1815 1987 1885 privatum

295 1905 576 1976 quiddam
623 1904 839 1974 petitur
873 1919 886 1958 :
921 1916 954 1958 a
985 1903 1234 1972 paradisi
1265 1917 1466 1959 sereno
1507 1903 1849 1969 demittitur,
1895 1917 1988 1958 se-

297 2007 510 2064 quaces
552 1991 789 2048 secundi
823 1991 960 2048 Adze
1004 1998 1149 2048 totos
1177 2005 1235 2047 se
1264 1991 1362 2047 Dei
1395 1991 1603 2062 placito
1647 1991 1990 2048 contraden-

296 2089 378 2137 tes
417 2080 476 2136 in
507 2078 663 2136 caelis
709 2079 1116 2135 admittuntur.
1151 2080 1222 2135 Et
1253 2085 1311 2134 tu
1347 2080 1698 2134 insidiaberis
1745 2081 1994 2134 calcaneo

295 2170 454 2238 ejus:
483 2167 851 2234 Calcaneum,
887 2181 1020 2238 quae
1069 2175 1152 2223 est
1187 2166 1376 2222 tiualis
1416 2181 1549 2237 pars
1575 2168 1847 2238 corporis,
1899 2168 1992 2222 in-

295 2257 604 2314 tentionem
658 2255 991 2324 accipimus,
1048 2270 1180 2326 quae
1239 2256 1499 2311 omnium
1557 2256 1848 2312 actionum
1910 2263 1994 2312 est

298 2343 448 2398 ﬁnis.
500 2342 648 2397 Dum
697 2341 876 2412 igitur
927 2340 1025 2396 Dei
1073 2341 1356 2397 voluntati
1409 2349 1663 2398 nostram
1698 2342 1994 2413 postponi-

298 2446 446 2498 mus,
479 2429 618 2486 dum
649 2429 1006 2485 clandestina
1038 2434 1133 2484 88
1160 2437 1213 2486 et
1245 2437 1439 2498 aperta
1465 2430 1604 2486 vitia
1634 2431 1990 2492 abdicamus,

295 2517 355 2573 in
387 2517 667 2572 bonorum
715 2523 1041 2571 nostrorum
1097 2515 1408 2571 intentione
1447 2515 1768 2570 tendiculas
1795 2513 1993 2584 praeci-

298 2618 410 2674 pue
437 2602 598 2674 ponit
625 2617 758 2673 quas
789 2604 1062 2674 gerimus,
1111 2610 1176 2659 ut
1205 2617 1352 2674 quos
1381 2601 1602 2672 ﬂagitio
1633 2601 1845 2658 irretiri
1876 2616 1992 2658 non

295 2692 470 2761 valet,
509 2691 710 2747 saltem
741 2689 1062 2747 aﬁ‘ectualis
1093 2689 1428 2760 improbitas
1456 2690 1753 2760 popularis
1782 2690 1996 2746 favoris

297 2780 496 2851 aliqua
539 2781 888 2850 respectione
930 2779 1328 2836 commaculet.
1373 2778 1446 2834 At
1470 2778 1589 2848 jam
1640 2779 1763 2848 ipsa
1793 2777 1994 2833 volun-

299 2878 386 2925 tas
415 2868 556 2939 quid
587 2869 657 2924 de
685 2883 745 2924 se
773 2870 943 2924 etiam
977 2869 1189 2924 sentire
1219 2867 1436 2931 debeat,
1465 2865 1747 2922 divinitus
1776 2866 1997 2922 ratione

298 2956 578 3027 magistra
603 2957 916 3025 exaudiat;
945 2951 1264 3012 dicitur‘illi
1302 2972 1316 3010 :

369 3045 544 3102 Vsus.
575 3045 657 3100 l6.
678 3073 752 3086 —
775 3044 1154 3116 Multiplicabo
1173 3061 1442 3100 aerumnas
1469 3049 1614 3110 tuas,
1645 3049 1695 3098 et
1715 3047 1995 3112 conceptus

2029 1870 2068 1924 Β

2091 668 2264 723 minis
2316 668 2680 724 sentiendum
2732 668 3066 724 solidantur.
3122 668 3266 725 Nam
3317 669 3466 726 sicut
3511 684 3577 725 eo
3631 676 3827 726 statu

2091 755 2402 824 poscimur,
2434 757 2514 812 sic
2562 757 2996 826 peregrinantes
3023 770 3096 812 ex
3143 755 3252 812 hoc
3282 756 3598 824 deﬁcimus,
3649 755 3830 828 quia

2093 844 2321 915 siliquis
2346 844 2578 912 utendo,
2613 844 2782 900 nobis
2807 859 2922 900 non
2944 845 3049 900 nisi
3083 844 3305 915 pondus
3336 845 3670 916 ingerimus,
3698 843 3825 900 sed

2093 946 2226 989 cum
2258 932 2451 989 labore
2499 932 2552 987 id
2585 933 2837 1003 agimus,
2889 933 3029 1003 quia
3059 947 3192 989 cum
3225 933 3332 990 Job
3372 934 3519 1004 (cap.
3557 948 3637 1000 ιιι,
3672 933 3824 998 24),

2094 1028 2406 1092 antequam
2454 1021 2840 1088 comedamus,
2895 1021 3277 1091 suspiramus.
3318 1029 3373 1078 et
3415 1022 3523 1078 hoc
3567 1021 3831 1078 cunctis

2093 1110 2227 1165 vitae
2282 1117 2490 1165 nostra;
2540 1109 2765 1176 diebus,
2819 1109 2872 1165 id
2922 1117 3009 1166 est
3049 1111 3274 1181 quoties
3319 1111 3496 1166 vitam
3533 1117 3821 1166 nostram

2095 1198 2326 1253 unicam
2358 1197 2649 1253 Christum
2682 1196 3083 1268 intelligimus;
3115 1211 3214 1268 per
3237 1198 3356 1253 dies
3394 1197 3548 1254 enim
3579 1196 3826 1253 intelli-

2096 1287 2344 1356 gentiam
2389 1286 2604 1355 signari
2635 1299 2814 1355 supra
2855 1286 3126 1342 diximus.
3158 1286 3328 1342 Illum
3354 1294 3546 1342 autem
3579 1284 3822 1340 intelli-

2097 1375 2306 1444 gimus,
2337 1389 2468 1431 cum
2500 1374 2581 1430 illi
2601 1374 2978 1445 singulariter
2998 1375 3223 1430 interno
3252 1389 3452 1444 sapore
3473 1373 3822 1429 inhiamus.

2095 1463 2238 1518 Cum
2271 1463 2485 1530 labore,
2527 1464 2788 1534 inquam,
2822 1462 3119 1531 comedes;
3153 1461 3230 1518 nil
3258 1462 3410 1518 enim
3442 1462 3563 1518 sine
3596 1461 3826 1517 labore

2097 1557 2270 1607 restat
2317 1550 2658 1607 mortalibus
2700 1551 2870 1606 etiam
2908 1550 2964 1606 in
3006 1550 3284 1619 terrenis;
3335 1551 3476 1621 quia
3520 1552 3719 1620 spinas
3757 1555 3825 1603 et

2097 1639 2323 1693 tribulos
2371 1639 2706 1710 germinabit
2741 1640 2862 1693 tibi.
2918 1639 3004 1695 Tu
3053 1639 3229 1694 menti
3278 1638 3522 1708 propriae
3568 1636 3824 1693 cultum

2098 1726 2412 1796 impendes,
2470 1728 2564 1783 sed
2624 1727 2722 1783 illa
2789 1727 2936 1783 inter
2995 1726 3300 1783 colendum
3371 1726 3686 1796 originario
3754 1733 3827 1782 et

2098 1815 2309 1870 actuali
2380 1823 2652 1885 corrupta
2702 1815 2836 1870 tabo
2882 1816 3079 1884 spinas
3127 1815 3385 1870 avaritiae
3437 1814 3828 1884 tribulosque

2097 1901 2399 1958 libidinum
2433 1901 2674 1958 feracius
2706 1903 3071 1973 germinabit.
3105 1902 3261 1958 Sicut
3294 1916 3544 1972 namque
3573 1901 3828 1957 densio—

2099 1989 2262 2045 ribus
2291 1989 2525 2046 horrent
2556 1989 2771 2045 aculeis
2802 1991 2996 2046 tribuli
3031 2005 3206 2061 quam
3255 1991 3456 2060 spinae,
3491 1989 3568 2046 ita
3615 1989 3826 2046 animi

2100 2078 2481 2149 plurimorum
2510 2078 2746 2134 luxuria
2769 2079 3126 2148 frequentius
3146 2078 3542 2145 stimulantur,
3569 2078 3681 2132 imo
3705 2092 3828 2132 na-

2103 2167 2368 2229 turalius.
2401 2181 2579 2238 quam
2626 2166 2958 2237 cupiditate,
2990 2173 3044 2222 et
3073 2166 3334 2222 comedes
3368 2165 3576 2221 herbas
3607 2174 3821 2233 terrae,

2099 2257 2239 2326 quia
2295 2255 2490 2311 molles
2549 2263 2604 2312 et
2659 2255 2903 2311 lascivas
2965 2253 3337 2325 cogitationes
3398 2262 3454 2309 et
3511 2255 3820 2310 desideria

2099 2345 2292 2400 carnis
2341 2352 2455 2400 tua:
2503 2343 2734 2413 patieris
2764 2350 3060 2414 gratanter
3107 2343 3388 2412 excipere,
3443 2343 3576 2412 ipsis
3624 2343 3819 2413 quasi

2103 2433 2314 2503 pabulo
2347 2440 2398 2488 te
2432 2433 2636 2488 fovere.

2172 2522 2344 2578 Vsus.
2382 2524 2467 2576 l9.
2499 2552 2568 2561 —
2594 2521 2661 2575 In
2690 2519 2886 2576 sudore
2926 2520 3109 2574 vultus
3140 2521 3222 2573 tui
3250 2522 3478 2574 vesceris
3513 2535 3655 2590 pane
3681 2524 3819 2575 tuo.

2103 2611 2360 2667 Percutis
2412 2624 2581 2680 poros
2637 2609 2710 2665 ab
2765 2608 3002 2664 internis
3046 2608 3224 2664 sudor
3280 2616 3530 2663 emanat.
3585 2607 3823 2665 Vultus

2099 2708 2291 2756 autem
2322 2713 2356 2754 a
2382 2699 2675 2754 voluntate
2701 2697 2935 2764 dicitur,
2971 2697 3112 2768 quia
3149 2695 3203 2751 in
3237 2695 3404 2752 vultu
3436 2695 3820 2767 potissimum

2102 2787 2372 2843 voluntas
2403 2787 2708 2858 cogitantis
2737 2792 2998 2855 apparet.
3029 2785 3094 2840 ln
3139 2784 3348 2839 sudore
3378 2785 3571 2855 itaque
3597 2783 3822 2841 vultus

2100 2891 2306 2946 panem
2349 2875 2720 2941 comedimus,
2759 2873 2993 2946 quando
3023 2874 3096 2930 ab
3125 2873 3333 2928 animae
3371 2872 3610 2928 occultis
3639 2873 3819 2928 omni

2103 2965 2467 3020 voluntatum
2525 2964 2809 3020 exhausta
2867 2963 3118 3030 mollitie,
3181 2969 3236 3018 et
3291 2961 3422 3018 inde
3473 2961 3621 3030 lota,
3677 2975 3819 3032 qua

2103 3054 2283 3110 Deum
2323 3052 2626 3108 videamus
2653 3051 2814 3115 facie,
2862 3051 2965 3121 qui
2996 3051 3066 3106 de
3097 3049 3236 3106 caelo
3271 3048 3578 3116 descendit,
3611 3051 3818 3104 vesci-

301 3139 434 3188 tuos.
459 3134 801 3204 Multiplices
818 3148 1110 3190 aerumnas
1124 3133 1446 3205 patiturqui
1472 3133 1686 3189 bonum
1704 3131 1857 3203 quod
1874 3131 1989 3186 ﬁeri

2169 3155 2241 3198 ur
2281 3141 2631 3196 intrinsecus
2661 3154 2829 3210 pane.
2863 3141 3035 3194 Donec
3067 3140 3360 3192 revertaris
3389 3140 3446 3191 in
3475 3143 3698 3202 terram,
3740 3137 3821 3192 de

297 3221 502 3277 debere
537 3222 689 3278 videt
717 3229 772 3277 et
802 3221 985 3277 facere
1035 3221 1205 3282 volet.
1247 3221 1487 3277 vanitati
1533 3221 1832 3291 subjectus
1859 3218 1989 3274 velit

298 3311 458 3376 nolit,
529 3311 686 3381 quod
748 3311 1031 3366 desiderat
1093 3309 1336 3372 efﬁcere,
1405 3307 1630 3364 mortali
1696 3307 1993 3364 obscessus

296 3399 618 3454 conditione
647 3412 762 3453 non
813 3399 983 3454 valet.
1027 3398 1190 3454 Unde
1237 3411 1437 3453 unus:
1470 3399 1638 3453 Miser
1674 3411 1767 3461 ego
1817 3397 1990 3462 homo,

297 3489 420 3554 quis
452 3501 534 3540 me
568 3485 822 3539 liberabit
869 3485 935 3539 de
963 3501 1184 3555 corpore
1225 3489 1414 3540 mortis
1447 3485 1651 3556 hujus?
1679 3487 1854 3553 (Rom.
1890 3499 1986 3552 vn,

298 3573 412 3643 ‘24.)
463 3573 666 3629 Melius
718 3573 775 3628 id
817 3573 1165 3642 experiendo
1203 3573 1436 3640 dicitur,
1497 3587 1675 3644 quam
1731 3572 1987 3628 dicendo.

295 3662 614 3732 Conceptus
676 3661 1156 3732 multiplicantur,
1209 3662 1305 3718 sed
1365 3661 1425 3718 in
1475 3662 1668 3718 dolore
1733 3661 1833 3716 ﬁlii
1889 3675 1987 3731 pa-

297 3751 554 3817 riuntur,
595 3750 830 3820 quando
862 3749 983 3819 ipsa
1015 3750 1236 3806 tantilla
1263 3750 1413 3806 bona
1439 3751 1561 3806 sine
1592 3763 1803 3821 magna
1831 3749 1990 3822 cogi-

293 3840 575 3896 tationum
621 3840 1038 3896 concertatione
1067 3855 1180 3896 non
1213 3842 1606 3912 proponimus,
1635 3851 1689 3898 et
1719 3843 1990 3899 destituta

295 3929 488 3984 carnis
542 3929 884 3998 impulsibus
915 3944 1047 3986 cum
1087 3930 1281 3986 labore
1333 3931 1688 4002 reponimus,
1737 3932 1831 3987 sed
1883 3931 1986 3988 etsi

293 4030 425 4071 cum
455 4015 654 4088 aliqua
683 4016 1162 4074 delectatiuncula
1187 4017 1473 4088 spirituali
1501 4018 1828 4088 incipimus,
1855 4017 1987 4089 quis

292 4104 496 4169 edicat,
531 4120 646 4176 quo
693 4105 888 4162 dolore
915 4113 970 4162 et
1002 4105 1249 4162 clamore
1301 4106 1605 4175 parimus?
1633 4106 1736 4162 Sed
1771 4106 1892 4162 haec
1939 4105 1986 4161 si

294 4192 486 4263 partui
527 4193 899 4264 primumque
926 4195 1225 4264 conceptui
1255 4193 1517 4251 sufficere
1545 4194 1722 4266 cupit,
1754 4196 1852 4250 sub
1877 4197 1989 4249 viri

287 4285 570 4351 potestate,
605 4280 662 4336 id
703 4290 786 4336 est
815 4281 1070 4349 rationis,
1107 4289 1300 4351 utpote
1338 4282 1655 4353 disciplinae
1697 4283 1982 4354 indigens,

293 4382 522 4424 necesse
567 4376 670 4435 est,
705 4375 770 4424 ut
817 4369 909 4435 sit,
941 4369 1110 4439 cujus
1149 4369 1360 4426 damno
1399 4371 1678 4442 juvenilis
1715 4372 1980 4442 quaedam

293 4455 528 4512 lascivia
556 4456 922 4512 voluntatum
952 4457 1203 4514 cohiberi
1238 4459 1414 4529 possit
1448 4475 1460 4514 :
1493 4474 1698 4516 verum
1727 4475 1799 4517 ne
1829 4474 1984 4516 men-

293 4543 366 4600 tis
394 4543 515 4614 ipsa
565 4544 974 4614 principalitas,
1015 4560 1148 4616 qum
1195 4547 1377 4604 obniti
1421 4547 1620 4605 debuit
1656 4547 1986 4618 cupiditatis

290 4633 638 4696 excessibus.
694 4632 970 4689 immunis
997 4633 1199 4704 abiret,
1248 4635 1435 4693 Adam
1481 4637 1590 4694 sub
1626 4637 1814 4710 ﬁgura
1858 4637 1986 4708 ejus

291 4721 581 4792 arguitur.

363 4810 534 4866 Vsus.
570 4813 654 4876 l7,
690 4812 773 4865 18.
807 4839 876 4850 -
907 4811 1071 4878 Quia,
1107 4811 1316 4882 inquit,
1349 4811 1562 4867 audisti
1591 4827 1766 4866 vocem
1794 4813 1984 4866 umoris

289 4901 395 4951 tuae
429 4911 442 4948 :
481 4896 533 4951 id
563 4905 668 4963 est,
721 4898 863 4968 quia
901 4899 1003 4969 qui
1048 4899 1255 4970 subjici
1290 4899 1388 4956 tibi
1441 4899 1718 4955 debuerat
1767 4911 1984 4968 pravus

293 4993 392 5040 tuo
439 4985 596 5040 cordi
649 4987 936 5056 appetitus
983 4987 1258 5056 intinniit,
1309 4996 1364 5044 et
1394 4987 1532 5058 jura
1583 5000 1710 5042 mea
1766 4988 1983 5056 peccati

289 5073 633 5129 admissione
683 5075 978 5144 praeteriit,
1013 5081 1157 5132 terra
1205 5079 1266 5129 in
1295 5091 1451 5145 opere
1496 5080 1584 5130 tuo
1625 5073 1984 5132 maledicitur

291 5162 430 5232 quia
477 5162 684 5217 mentis
716 5171 827 5218 tute
873 5164 1172 5232 stabilitas,
1205 5179 1336 5235 quae
1379 5163 1477 5218 Dei
1515 5162 1873 5232 agricultura
1901 5172 1983 5220 est

285 5248 456 5320 juxta
506 5251 838 5320 Apostolum
888 5252 963 5323 ((I
1007 5255 1138 5308 Cor.
1189 5266 1268 5318 ιιι,
1319 5250 1399 5318 9),
1431 5263 1466 5306 a
1511 5250 1656 5306 bene
1707 5252 1980 5318 operandi

289 5339 478 5394 studio
525 5339 770 5396 defectui
814 5341 1281 5409 nutabilitatique
1310 5339 1566 5410 subjecta
1610 5340 1977 5410 praepeditur.

288 5427 466 5482 Terra
513 5429 686 5496 enim,
737 5429 878 5500 quia
920 5429 1139 5485 caeteris
1181 5425 1422 5482 solidius
1476 5426 1821 5484 elementum
1873 5437 1976 5498 est,

289 5529 392 5588 pro
443 5515 750 5572 stabilitate
808 5517 1063 5586 ponitur.
1126 5517 1186 5570 In
1240 5514 1516 5570 laboribus
1571 5517 1807 5572 comedes
1861 5535 1979 5573 eam

288 5607 493 5659 cunctis
539 5605 729 5660 diebus
772 5607 899 5658 vita
937 5609 1058 5657 tuae.
1091 5603 1326 5658 Terram
1371 5616 1502 5660 cum
1549 5603 1742 5661 labore
1786 5621 1979 5662 come-

287 5690 496 5759 dimus,
545 5706 678 5748 cum
725 5691 920 5747 animo
967 5703 1002 5745 a
1032 5703 1139 5746 sua
1171 5687 1485 5750 mobilitate
1531 5693 1602 5750 ad
1633 5693 1834 5750 horam
1883 5708 1978 5751 re-

2103 3247 2212 3300 qua
2243 3234 2489 3299 sumptus
2518 3245 2591 3284 es.
2639 3229 2776 3285 Pani
2809 3228 2889 3284 illi
2929 3227 3207 3284 vescendo
3240 3225 3609 3292 intendimus,
3655 3225 3812 3281 dum

2102 3319 2160 3375 in
2210 3327 2444 3386 terram,
2493 3318 2867 3374 stabilitatem
2913 3317 3126 3373 scilicet
3174 3328 3242 3372 ac
3285 3313 3813 3385 impassibilitatem

2103 3408 2257 3464 illam
2303 3407 2782 3478 supercmlestem,
2816 3406 3138 3472 redeamus,
3169 3404 3239 3460 de
3276 3417 3392 3474 quo
3421 3401 3550 3458 dolo
3581 3401 3811 3458 diaboli

2101 3497 2170 3552 ad
2204 3495 2445 3552 luendas
2496 3495 2758 3566 miserias
2786 3494 3001 3564 sumpti
3051 3505 3272 3549 sumus.
3309 3491 3497 3546 Potest
3545 3489 3714 3560 panis
3747 3498 3812 3546 et

2101 3582 2213 3638 alio
2261 3583 2441 3652 accipi
2475 3597 2578 3654 pro
2622 3581 2986 3654 perfectionis
3031 3579 3218 3636 modo.
3271 3576 3467 3634 Pulvis
3512 3577 3806 3643 triticeus,

2099 3672 2198 3742 qui
2228 3671 2414 3726 farina
2439 3671 2670 3736 dicitur,
2699 3683 2854 3740 aqua
2884 3667 3310 3738 conspergitur,
3346 3664 3528 3721 multo
3559 3673 3808 3724 versam

2098 3759 2173 3815 ad
2217 3759 2490 3816 duritiam
2547 3771 2736 3815 massa
2763 3755 3088 3822 deducitur,
3143 3753 3372 3811 admoto
3419 3753 3629 3810 dehinc
3673 3753 3804 3826 igni

2096 3847 2278 3904 sudus
2308 3846 2380 3902 ad
2417 3847 2704 3916 integrum
2739 3844 2902 3914 panis
2929 3842 3176 3900 efﬁcitur
3207 3857 3220 3896 :
3254 3841 3333 3898 ita
3364 3856 3466 3897 nos
3495 3841 3806 3912 quondam

2097 3937 2168 3992 ad
2197 3949 2426 3992 omnem
2470 3933 2746 3991 dtemonis
2783 3931 2986 3988 ﬂatum
3029 3929 3318 3987 cessibiles
3346 3938 3411 3986 ut
3440 3929 3630 4000 pulvis
3657 3944 3805 3987 era-

2097 4036 2244 4089 mus,
2294 4021 2474 4077 divini
2526 4019 2772 4090 Spiritus
2822 4019 2982 4075 unda
3035 4017 3208 4074 infusi
3249 4031 3470 4083 sumus,
3505 4016 3602 4072 sed
3654 4017 3808 4088 quia

2097 4109 2410 4180 primordia
2452 4116 2648 4164 nostra
2677 4115 2880 4163 tenera
2909 4120 2976 4162 ac
3009 4105 3191 4162 ﬁuida
3230 4113 3386 4173 sunt,
3419 4104 3636 4162 crebris
3678 4113 3810 4162 ten-

2096 4198 2374 4255 tationum
2397 4195 2854 4252 revolutionibus
2885 4194 3274 4257 induruimus.
3299 4194 3531 4250 demum
3567 4193 3804 4250 trituris

2094 4285 2427 4356 passionum
2459 4283 2532 4340 ad
2565 4297 2781 4355 purum
2808 4283 2981 4340 corda
3008 4283 3467 4354 excoquentibus
3497 4281 3659 4354 digni
3690 4296 3804 4339 esu

2095 4373 2371 4441 ﬁdelium,
2406 4372 2460 4428 id
2493 4379 2578 4429 est
2605 4371 2867 4442 exemplo
2902 4372 3129 4428 tandem
3174 4371 3477 4428 efﬁcimur.
3508 4372 3654 4428 Cum
3699 4384 3804 4426 su-

2030 4461 2232 4517 Ddore
2288 4475 2426 4532 ergo
2458 4461 2529 4517 ad
2579 4460 2737 4516 hunc
2785 4459 3168 4531 pertingimus
3226 4473 3454 4530 panem.
3509 4457 3696 4513 Pulvis
3738 4475 3798 4514 es

2091 4547 2266 4616 enim,
2319 4552 2370 4602 et
2421 4549 2479 4602 in
2515 4547 2792 4618 pulverem
2848 4549 3152 4603 reverteris.
3199 4547 3344 4603 Cum
3399 4543 3637 4602 mobiles
3684 4559 3798 4600 na-

2093 4635 2357 4694 turaliter
2421 4635 2479 4692 in
2541 4650 2756 4693 morem
2823 4635 3078 4706 pulveris
3123 4636 3326 4701 simus,
3388 4634 3434 4690 si
3500 4632 3573 4688 ad
3630 4632 3794 4690 hunc

2091 4723 2604 4781 consummationis
2629 4738 2856 4794 panem,
2885 4723 2973 4780 vel
2993 4731 3204 4780 terram
3236 4721 3573 4779 substantiae
3602 4721 3792 4780 redire

2091 4809 2429 4883 satagimus,
2482 4826 2714 4869 necesse
2753 4820 2836 4868 est
2867 4819 2929 4868 ut
2972 4812 3030 4868 in
3059 4811 3358 4883 pulverem
3402 4816 3789 4877 revertamur,

2092 4899 2148 4956 id
2227 4907 2312 4956 est
2370 4908 2693 4971 peccatores
2751 4915 2856 4956 nos
2931 4899 3329 4956 conﬁteamur.
3388 4899 3640 4964 Auferes,
3708 4899 3792 4954 ait

2093 4987 2374 5055 Psalmus,
2421 4991 2680 5058 spiritum
2720 5004 2922 5053 eorum,
2953 4995 3004 5042 et
3032 4991 3090 5042 in
3113 4990 3386 5058 pulverem
3416 5001 3573 5040 suum
3609 5002 3787 5040 rever-

2091 5079 2272 5130 tentur
2320 5076 2484 5144 (Psal.
2544 5093 2658 5142 cm,
2707 5079 2823 5144 29).
2885 5075 3042 5132 Suda
3085 5090 3222 5147 ergo
3277 5075 3424 5130 facta
3481 5073 3554 5130 ab
3601 5075 3792 5130 omnis

2092 5161 2212 5216 vitii
2245 5161 2486 5219 humore
2533 5170 2732 5219 nostra
2773 5162 3090 5230 voluntate,
3121 5163 3288 5232 quasi
3340 5161 3548 5216 sudore
3587 5160 3792 5216 vultus

2090 5251 2162 5306 ad
2190 5249 2370 5321 hujus
2411 5251 2575 5320 panis
2604 5258 2838 5322 gustum
2875 5249 2965 5305 vel
3005 5249 3370 5306 existentiam
3402 5247 3784 5319 deducimur;

2089 5339 2160 5396 ad
2191 5353 2409 5410 aquosa
2437 5341 2592 5395 enim
2622 5339 2743 5394 loca
2771 5339 3124 5408 septemplex
3167 5338 3406 5408 spiritus
3436 5336 3782 5408 ingreditur.

2160 5428 2333 5484 Vsus.
2367 5429 2452 5482 20.
2497 5457 2567 5468 —
2615 5429 2685 5482 Et
2731 5430 2943 5482 vocavit
2991 5427 3181 5482 Adam
3221 5441 3408 5480 nomen
3452 5427 3644 5478 umoris'
3675 5441 3786 5480 sua:

2087 5519 2223 5584 Eva,
2256 5531 2313 5571 eo
2344 5516 2488 5585 quod
2525 5521 2658 5570 esset
2691 5523 2864 5570 mater
2889 5517 3126 5570 omnium
3163 5516 3479 5571 viventium.
3515 5512 3598 5568 Ad
3629 5512 3784 5570 hunc

2087 5603 2283 5676 itaque
2327 5613 2542 5661 statum
2573 5605 2849 5674 correptis
2891 5604 3170 5672 moribus,
3209 5603 3331 5674 jam
3363 5610 3557 5658 noster
3599 5601 3778 5658 Adam

2086 5707 2296 5749 nomen
2326 5693 2526 5750 uxoris
2553 5693 2756 5760 Evam,
2795 5691 2852 5748 id
2881 5699 2965 5749 est
2993 5699 3148 5749 certa
3185 5690 3547 5757 discretione,
3577 5689 3774 5758 vitam,
