3956 6422
1226 443 1600 501 MORALIUM
1641 445 1705 499 IN
1746 445 2039 500 GENESIN
2085 444 2214 500 LIB.
2258 445 2323 500 Il.
3498 450 3564 501 78

69 581 400 637 voluntatem
431 579 652 637 scilicet
671 579 843 651 justas
891 578 1099 635 rationi
1148 578 1485 650 subjectam,
1521 586 1576 635 et
1617 577 1751 634 boni
1790 584 1837 636 Α
1865 579 2061 651 Ejecto
2119 578 2316 651 itaque
2374 580 2562 637 Adam
2608 581 2682 639 ab
2735 582 2835 639 illa
2882 584 3202 640 innocentis
3242 583 3568 641 sinceritate

67 670 243 726 fructu
283 668 472 739 operis
514 668 636 740 jam
701 682 776 724 ex
839 668 961 739 ipsa
1014 667 1368 739 subiectione
1415 668 1750 737 fecundam;
1862 667 2062 734 animi,
2110 676 2242 724 ante
2282 669 2636 739 paradisum,
2689 670 2744 727 id
2792 678 2878 728 est
2915 671 3278 729 conscientia
3307 672 3567 730 conside-

65 760 175 815 sine
202 760 346 816 bona
374 759 536 814 enim
584 757 880 814 voluntate
926 756 1090 814 nulla
1136 758 1285 814 bona
1315 770 1448 827 quae
1497 756 1755 828 gerimus
1861 757 2165 823 rationem,
2230 757 2543 814 Cherubim
2614 759 2948 828 collocatur,
2999 761 3155 831 quod
3210 762 3568 817 vermiculata

66 848 259 904 habent
302 847 504 903 vitam.
555 848 686 917 Ipsa
724 859 979 917 namque
1008 847 1220 902 nostris
1242 846 1520 903 vitalibus
1547 845 1754 901 studiis
1859 848 2105 916 pictura,
2134 845 2220 901 vel
2267 849 2433 915 quasi
2450 848 2657 917 plures,
2685 847 2775 904 vel
2805 849 3096 903 multitudo
3124 851 3366 905 scientiae
3396 851 3569 906 inter-

62 937 346 993 exordium
413 937 723 1002 ministrat,
773 942 848 1002 et,
902 942 966 991 ut
1014 934 1093 990 ita
1138 934 1406 1003 dixerim,
1472 934 1750 991 animam.

65 1026 174 1081 Eva
193 1026 604 1096 interpretatur
630 1024 772 1083 vita.
805 1038 938 1095 quae
962 1023 1008 1080 si
1036 1024 1181 1080 bene
1203 1024 1428 1095 geritur
1453 1037 1487 1080 a
1508 1023 1749 1091 ratione,

65 1116 165 1170 Deo
186 1113 473 1184 siquidem
508 1113 763 1184 primum
806 1111 1028 1168 ratione
1067 1111 1321 1168 subnixa
1350 1111 1591 1183 spiritus
1620 1111 1751 1168 vita:

63 1210 137 1257 est
162 1201 380 1258 cunctis
408 1201 635 1258 actibus
664 1200 1043 1272 sequentibus
1072 1200 1215 1270 ipsa.

127 1295 218 1345 84
247 1290 419 1348 Vsus.
454 1292 543 1345 2t.
572 1317 641 1329 —
669 1291 822 1345 Fecit
852 1304 1064 1359 quoque
1094 1290 1355 1344 Dominus
1382 1291 1524 1345 Deus
1548 1288 1684 1343 Ade
1703 1292 1753 1344 et

65 1380 219 1435 uxori
244 1377 360 1448 ejus
400 1380 612 1433 tunicas
652 1376 923 1448 pelliceas,
963 1382 1014 1432 et
1047 1377 1232 1432 induit
1257 1392 1361 1432 eos.
1396 1377 1545 1433 Dum
1576 1377 1755 1449 igitur

64 1469 302 1523 ordinem
340 1482 517 1539 quem
568 1466 929 1538 przetulimus
960 1466 1018 1522 in
1052 1465 1339 1522 interioris
1367 1465 1618 1523 hominis
1646 1467 1751 1523 ha-

66 1558 196 1619 bitu,
259 1571 512 1627 qumque
571 1562 869 1612 sectantur
933 1569 1035 1625 per
1077 1555 1389 1611 vehemens
1429 1555 1753 1612 sanctitatis

1864 941 2143 1003 pretatur.
2199 934 2563 992 Vermiculus
2595 942 2651 992 et
2697 943 2909 993 natura
2957 937 3148 1005 rubet,
3196 945 3251 993 et
3295 938 3569 1009 quaslibet

1862 1021 2141 1078 rubricat.
2192 1022 2423 1079 Pictura
2460 1038 2599 1081 vero
2628 1024 2863 1096 signum
2910 1033 3014 1093 est,
3050 1040 3165 1081 non
3197 1027 3429 1083 veritas.
3463 1026 3570 1083 Per

1860 1110 2247 1167 vermiculum
2293 1111 2508 1183 itaque,
2542 1113 2646 1184 qui
2686 1120 2771 1170 est
2826 1113 3013 1170 colore
3054 1114 3394 1185 sanguineo,
3432 1129 3568 1185 pec-

1859 1207 2054 1255 catum
2102 1200 2344 1271 ligurari
2387 1209 2587 1271 potest,
2638 1217 2756 1273 quo
2798 1202 2990 1259 infecti
3034 1218 3258 1269 sumus,
3323 1212 3379 1261 et
3426 1204 3570 1260 alios

1862 1288 2182 1345 infecimus.
2232 1288 2337 1345 Cui
2380 1290 2665 1362 Propheta
2694 1292 2943 1349 concinit
2973 1308 2987 1346 :
3021 1294 3083 1349 Si
3108 1295 3322 1359 fuerint
3345 1298 3569 1363 peccata

1860 1382 2042 1431 vestra
2089 1377 2260 1431 rubra
2309 1381 2474 1446 quasi
2514 1380 2861 1444 vermiculus,
2913 1380 3060 1434 velut
3089 1382 3220 1435 lana
3250 1381 3380 1435 alba
3409 1385 3570 1435 erunt

1860 1466 1993 1534 (Isa.
2045 1480 2081 1532 ι,
2144 1468 2249 1533 l8).
2307 1465 2414 1521 Per
2455 1466 2745 1536 picturam
2785 1475 3153 1537 peccatorum
3183 1477 3570 1539 repraesenta-

1861 1557 2092 1622 tionem,
2142 1569 2274 1625 quae
2323 1555 2667 1622 memoriter,
2701 1570 2816 1611 non
2862 1556 3145 1612 veraciter
3173 1557 3340 1613 nobis
3385 1559 3570 1614 inesse

63 1644 407 1710 exercitium,
438 1658 553 1700 non
576 1644 764 1701 solum
795 1642 1000 1714 prioris
1026 1643 1226 1715 gratim
1256 1642 1453 1711 recipit
1479 1644 1749 1714 gradum,
1860 1643 2046 1710 debet,
2081 1642 2237 1713 quod
2263 1650 2446 1699 totum
2475 1651 2560 1699 est
2606 1643 2895 1700 malorum
2930 1659 3064 1715 quae
3091 1646 3319 1716 egimus
3363 1644 3567 1717 imagi-

64 1733 147 1789 sed
174 1734 342 1789 etiam
383 1733 789 1790 indumentum
840 1740 1097 1789 meretur
1124 1730 1447 1802 pelliceum,
1479 1732 1535 1787 id
1580 1740 1664 1788 est
1694 1732 1750 1789 in
1862 1731 2143 1797 nationes,
2192 1730 2309 1787 imo
2357 1731 2780 1789 recordationes
2828 1746 2931 1802 per
2975 1732 3322 1789 humilitatis
3370 1748 3569 1804 respe-

66 1821 373 1892 passibilem
458 1822 671 1891 peccati
752 1821 1107 1888 memoriam,
1164 1828 1220 1876 et
1270 1828 1396 1890 post
1448 1820 1674 1891 lapsum
1734 1836 1747 1875 :
1792 1883 1828 1892 _
1862 1827 2019 1874 ctum
2049 1819 2214 1875 nobis
2244 1819 2450 1875 debere
2478 1834 2705 1890 semper
2735 1821 2939 1876 inesse.
2986 1820 3058 1876 Et
3087 1823 3255 1891 quasi
3285 1822 3355 1877 de
3385 1822 3572 1892 pluri—

66 1911 193 1966 facta
234 1924 370 1966 sane
427 1911 639 1981 peccati
684 1910 1039 1980 experientia
1085 1909 1162 1965 nil
1208 1910 1394 1981 magis
1452 1910 1751 1966 molestare
1792 1883 1831 1937 Β
1863 1909 1988 1975 bus,
2019 1907 2132 1963 imo
2178 1910 2346 1979 quasi
2374 1908 2567 1979 plures
2611 1923 2727 1965 non
2763 1917 2956 1966 tamen
3009 1924 3212 1966 revera
3256 1924 3361 1966 nos
3402 1919 3570 1981 pute-

66 1999 302 2055 animum
335 1998 496 2066 solet,
526 2014 703 2070 quam
733 1999 860 2069 ejus
886 1998 1183 2055 memoria.
1235 1998 1340 2055 Sed
1386 1999 1433 2055 si
1476 1999 1599 2055 huic
1628 2000 1751 2054 sine
1862 2011 2021 2066 mus;
2071 1997 2140 2053 de
2189 1997 2280 2053 his
2320 1997 2598 2065 videlicet,
2649 1997 2753 2068 qui
2800 1998 3167 2069 multiplicati
3215 2006 3354 2056 sunt
3392 2014 3571 2070 super

66 2087 305 2143 desiderii
338 2088 602 2157 passione
648 2088 970 2159 contigerit,
1023 2102 1139 2143 non
1189 2088 1375 2144 solum
1404 2102 1519 2143 non
1552 2087 1748 2154 officit,
1862 2099 2196 2155 numerum,
2246 2093 2311 2143 ut
2356 2087 2439 2142 sic
2484 2101 2801 2156 speremus,
2853 2094 3143 2158 quatenus
3195 2087 3317 2143 sine
3364 2087 3570 2145 timore

67 2176 148 2232 sed
207 2176 379 2233 etiam
429 2176 502 2232 ad
564 2176 1063 2247 compunctionem
1116 2176 1291 2232 nimis
1349 2176 1752 2247 cautelamque
1862 2188 1978 2230 non
2020 2174 2220 2231 simus.
2275 2174 2406 2233 Ideo
2467 2175 2703 2245 ponitur
2770 2174 3016 2245 pictura,
3082 2176 3207 2233 ideo
3276 2177 3444 2247 quasi
3504 2185 3572 2235 ut

69 2257 286 2329 prolicit.
320 2260 385 2314 In
414 2259 614 2315 tunica
657 2259 896 2329 pellicea
939 2261 1160 2315 corium
1212 2274 1347 2316 cum
1377 2260 1585 2316 vellere
1630 2274 1752 2316 esse
1862 2271 2138 2320 neutrum
2196 2263 2321 2320 sine
2368 2264 2547 2319 altero
2594 2263 2687 2331 sit,
2747 2271 2813 2320 ut
2858 2263 3109 2321 timendo
3153 2280 3471 2336 speremus,
3516 2276 3571 2324 et

66 2348 361 2404 consuevit.
415 2348 484 2404 In
532 2348 686 2404 corio
734 2348 931 2419 itaque
975 2349 1251 2404 memoria
1294 2347 1508 2405 mortui
1540 2348 1749 2418 operis,
1860 2353 2143 2423 sperando
2175 2353 2499 2410 timeamus.
2548 2352 2712 2409 Unde
2734 2352 2857 2424 jam
2909 2356 3110 2410 merito
3152 2355 3274 2411 hac
3305 2356 3573 2426 sequitur

68 2438 116 2492 in
141 2437 342 2493 vellere
369 2436 691 2494 insensibili
730 2436 917 2493 virtus
947 2436 1291 2507 intelligitur
1320 2436 1752 2506 impassibilita-
1862 2441 2173 2499 multitudo
2219 2441 2489 2509 scientiae,
2542 2441 2599 2497 id
2645 2450 2731 2498 est
2780 2442 3161 2510 discretionis,
3210 2452 3275 2501 ut
3325 2459 3429 2501 nos
3468 2458 3571 2515 per

68 2526 143 2591 tis,
172 2525 386 2596 quibus
417 2539 522 2597 pro
571 2526 772 2581 merito
804 2525 1242 2596 perseverantiae
1272 2525 1593 2582 intellectus
1618 2539 1753 2582 mu—
1860 2530 2107 2587 virtutes
2153 2544 2187 2586 a
2220 2529 2372 2586 vitiis
2410 2530 2791 2600 disparemus.
2823 2529 2984 2598 Quod
3039 2531 3120 2588 ita
3161 2532 3523 2589 connectitur
3553 2548 3567 2588 :

66 2614 204 2670 nitur
231 2628 361 2670 cum
391 2614 649 2671 secunda
680 2612 992 2670 voluntate.
1861 2619 2174 2676 criminum
2202 2633 2334 2691 quae
2358 2618 2753 2675 commisimus
2772 2633 2997 2690 semper
3016 2634 3315 2689 memores,
3339 2621 3573 2693 quibus

123 2702 285 2761 Vsus.
352 2706 445 2758 2'2.
500 2732 564 2744 —
596 2705 667 2758 Et
709 2705 791 2757 ait
829 2722 846 2759 :
888 2705 1023 2758 Ecce
1066 2702 1250 2757 Adam
1296 2704 1461 2772 quasi
1496 2718 1637 2758 unus
1684 2718 1753 2757 ea:
1862 2723 1977 2780 que
2008 2708 2151 2764 alios
2170 2708 2558 2779 corrupimus,
2588 2708 2789 2765 timere
2818 2709 3096 2766 debemus
3125 2724 3195 2765 ne
3221 2725 3338 2766 non
3364 2712 3433 2766 ad
3466 2725 3572 2767 nu-

66 2791 196 2845 nobis
217 2794 400 2859 factus
446 2795 550 2853 est,
597 2792 767 2846 sciens
809 2791 1002 2845 bonum
1031 2795 1082 2845 et
1127 2791 1353 2845 malum.
1399 2819 1458 2833 —
1504 2790 1608 2857 Qui
1644 2789 1754 2844 ad-

1956 2811 2087 2854 rum
2130 2796 2463 2862 electorum,
2514 2797 2671 2869 quod
2717 2804 2802 2854 est
2832 2797 3000 2868 quasi
3032 2798 3247 2868 plures,
3282 2800 3571 2869 pertinea-

66 2881 207 2933 hzret
249 2882 480 2935 Domino
538 2893 679 2934 unus
727 2881 959 2949 spiritus
1026 2884 1120 2940 est.
1183 2879 1359 2950 juxta
1410 2878 1752 2949 Apostolnm
1862 2901 2012 2953 mus,
2044 2894 2099 2942 et
2133 2885 2344 2942 idcirco
2373 2886 2444 2941 ad
2475 2886 2880 2943 discernendos
2920 2900 2955 2942 a
2997 2886 3166 2942 malis
3213 2901 3318 2943 nos
3346 2888 3573 2945 actibus

66 2970 236 3033 ἔιδον.
269 2984 345 3036 Vl.
400 2970 512 3038 17)-
558 2968 713 3025 Licet
755 2968 936 3041 igitur
982 2983 1102 3025 non
1158 2983 1263 3025 n08
1310 2969 1624 3026 debeamus
1670 2968 1753 3024 si-
1863 2976 2170 3047 invigilare
2234 2975 2542 3044 debemus;
2610 2975 2765 3032 unde
2808 2982 2864 3031 et
2928 2974 3262 3031 flammeum
3310 2975 3570 3047 gladium

68 3071 183 3114 uere
208 3057 393 3115 delabi
423 3057 487 3113 in
516 3057 756 3127 malum,
794 3067 984 3115 tamen
1012 3057 1080 3114 de
1123 3072 1241 3129 quo
1267 3058 1556 3129 quomodo
1582 3058 1755 3129 lapsis
1863 3073 2040 3135 atque
2097 3063 2424 3120 versatilem
2469 3071 2788 3119 teneamus.
2832 3062 3074 3118 Gladius
3119 3076 3252 3118 cum
3302 3070 3453 3118 recte
3499 3061 3572 3118 ad

67 3146 105 3201 si
128 3153 449 3204 constanter
501 3146 958 3218 pcenituerimus,
994 3146 1132 3202 dicit
1169 3147 1340 3214 Deus,
1388 3162 1517 3204 ecce
1566 3147 1748 3204 Adam
1792 3185 1833 3241 Ο
1863 3152 2187 3209 feriendum
2252 3158 2501 3218 tenetur,
2558 3150 2838 3220 utrinque
2882 3164 3128 3206 acumen
3172 3148 3344 3206 habet
3386 3150 3446 3205 in
3490 3149 3570 3206 te-

67 3236 234 3305 quasi,
263 3236 319 3292 id
348 3243 456 3303 est,
491 3249 696 3293 revera
726 3249 882 3292 unus
909 3250 982 3292 ex
1010 3235 1102 3291 his
1131 3236 1232 3307 qui
1262 3236 1400 3292 mihi
1429 3236 1753 3306 specialiter
1800 3235 1833 3241 ⁷
1861 3241 2121 3305 rientem,
2171 3246 2227 3295 et
2269 3240 2328 3294 in
2368 3252 2501 3294 eum
2554 3237 2656 3308 qui
2688 3237 2910 3305 feritur,
2946 3252 3048 3308 per
3085 3238 3240 3308 quod
3288 3237 3573 3308 accipitur

70 3324 327 3381 inhzerent
372 3338 443 3382 ac
508 3325 817 3392 uniuntur,
863 3324 1049 3381 factus
1108 3331 1212 3392 est,
1280 3324 1383 3396 qui
1432 3324 1504 3380 ad
1554 3338 1750 3380 veram
1860 3344 2004 3387 cura
2032 3327 2211 3384 nostri
2240 3342 2307 3383 ac
2355 3327 2624 3397 proximi,
2669 3334 2732 3382 ut
2761 3341 2893 3382 cum
2938 3326 3128 3382 aliena
3165 3334 3570 3383 curare/sata-

1862 3418 2074 3491 gimus,
2129 3424 2328 3472 nostra
2385 3415 2732 3471 mordaciter
2796 3414 3089 3470 feriamus.
3137 3415 3243 3471 Sed
3293 3415 3351 3470 in
3412 3417 3571 3471 omni

1863 3515 2058 3564 nostra
2087 3506 2309 3562 actione
2346 3505 2729 3561 obstinaciam
2770 3503 3083 3575 fugiamus,
3117 3506 3257 3575 quia
3290 3503 3573 3560 versatilis

1861 3610 1985 3654 esse
2009 3595 2176 3651 debet
2206 3593 2453 3666 gladius,
2506 3592 2775 3650 ﬂexibilis
2820 3593 3036 3649 scilicet
3079 3592 3137 3648 si-
3183 3593 3330 3650 ratio
3377 3601 3571 3663 poscat

1861 3692 1917 3742 et
1949 3684 2244 3741 remissus.
2296 3682 2625 3738 Flammeus
2654 3696 2811 3749 vero,
2865 3689 2928 3738 ut
2973 3681 3094 3737 haec
3124 3696 3256 3752 quae
3281 3695 3421 3751 erga
3445 3696 3568 3752 nos,

1861 3779 1918 3829 et
1991 3771 2327 3842 proximum
2393 3770 2668 3841 gerimus,
2736 3771 2998 3826 sincerus
3065 3778 3226 3841 regat
3269 3768 3568 3827 allectus:

1860 3860 2133 3917 omnibus
2186 3872 2326 3915 sane
2384 3858 2683 3915 elementis
2744 3859 2946 3928 purior
3008 3856 3157 3929 ignis
3204 3871 3312 3914 sua
3361 3866 3574 3916 natura

1863 3947 2241 4019 dignoscitur,
2299 3960 2431 4003 cum
2476 3960 2615 4016 ergo
2671 3945 2773 4017 qui
2823 3945 3109 4002 fuerimus
3150 3945 3287 4003 olim
3336 3947 3575 4005 sollicite

1863 4036 2296 4104 attenderimus,
2347 4050 2479 4092 cum
2531 4035 2601 4091 de
2653 4034 2852 4091 futuro
2902 4048 2977 4091 an
3022 4034 3183 4091 electi
3228 4035 3411 4092 simus
3458 4051 3575 4093 non

1864 4126 2062 4181 minus
2118 4123 2595 4194 praecaverimus;
2658 4138 2790 4179 cum
2839 4123 3090 4194 denique
3138 4123 3196 4178 in
3245 4132 3573 4182 nostrorum

1868 4213 2247 4284 temperantia
2285 4226 2526 4283 operum
2566 4211 2998 4269 multitudinem
3031 4212 3280 4269 scientiae
3305 4215 3577 4272 obtinue-

74 4298 194 4355 tiam
246 4300 539 4359 saecularis
590 4301 899 4368 memoriae,
959 4315 1079 4373 qua
1131 4301 1520 4371 temporaliter
1575 4300 1756 4371 aliqui
1870 4304 2071 4369 rimus,
2105 4316 2239 4358 cum
2270 4315 2475 4358 curam
2518 4315 2634 4357 non
2667 4301 2863 4357 minus
2895 4300 3060 4357 nobis
3090 4316 3267 4373 quam
3300 4304 3579 4374 proximis

76 4387 326 4444 celebrari
380 4389 654 4457 volentes,
697 4388 926 4458 scriptis
972 4388 1151 4459 digna
1198 4402 1369 4460 agere
1406 4387 1753 4451 desiderant.
1869 4390 2278 4461 impendimus,
2321 4397 2377 4446 et
2407 4390 2514 4446 hoc
2557 4390 2907 4446 conscientia
2941 4404 3087 4460 pura
3111 4390 3574 4460 exhibuerimus,

81 4474 276 4544 militia,
322 4478 478 4548 poesi
522 4485 580 4533 et
625 4478 845 4534 caeteris
882 4477 1107 4533 artibus
1148 4491 1270 4533 sese
1299 4476 1624 4543 nobilitant,
1662 4489 1763 4546 per
1802 4487 1846 4542 ι)
1875 4495 2029 4548 cum,
2082 4480 2344 4550 inquam,
2394 4478 2504 4535 ista
2555 4486 2689 4535 ante
2735 4478 3067 4549 paradisum
3119 4480 3325 4537 mentis
3371 4489 3579 4538 nostrae

82 4577 197 4632 qua:
234 4566 332 4621 diu
375 4565 670 4622 memoriis
718 4566 1049 4622 mortalium
1082 4565 1302 4622 vivant.
1337 4565 1456 4620 Hoc
1486 4563 1767 4636 religiosis
1872 4567 2361 4633 constituerimus,
2393 4581 2624 4623 omnem
2667 4567 2891 4623 aditum
2937 4567 3010 4625 ad
3060 4568 3216 4625 viam
3248 4569 3388 4641 ligni
3422 4574 3575 4638 vitze,

84 4652 388 4726 quibusque
426 4655 704 4726 surrepit,
735 4662 801 4711 ut
843 4654 1239 4725 elcemosynis,
1284 4653 1537 4710 novitate
1586 4653 1766 4709 bene-
1874 4657 1931 4714 id
1968 4664 2054 4714 est
2080 4656 2152 4712 ad
2199 4656 2602 4727 cogitationem
2634 4655 2933 4712 saecularis
2975 4656 3163 4724 famae,
3212 4672 3332 4728 qua
3370 4659 3430 4716 in
3480 4660 3580 4716 ho-

88 4740 341 4811 liciorum,
372 4744 771 4800 exstructione
809 4743 1180 4800 ecclesiarum
1210 4742 1320 4799 sibi
1352 4742 1536 4798 lamas
1567 4742 1626 4797 in
1658 4756 1766 4812 po-
1876 4744 2103 4802 minum
2163 4744 2454 4801 memoriis
2520 4744 2910 4814 superstitiose
2965 4744 3160 4801 vivere
3206 4745 3581 4816 delectamur,

89 4835 276 4886 sterum
309 4839 560 4888 struant.
606 4830 687 4887 Ne
733 4845 871 4901 ergo
910 4831 1017 4886 hoc
1059 4836 1414 4901 praesumant
1443 4828 1769 4885 stoliditatis
1876 4835 2269 4892 obstruemus.

69 3412 185 3469 boni
209 3413 597 3485 cognitionem
627 3427 730 3484 per
770 3412 1189 3484 experientiam
1241 3413 1375 3469 mali
1415 3412 1636 3484 attigit;
1688 3420 1754 3468 ut

69 3501 473 3571 quodammodo
500 3516 606 3558 nec
633 3501 791 3569 velit,
829 3509 1117 3574 quantum
1143 3500 1201 3557 in
1232 3501 1463 3558 homine
1483 3509 1587 3570 est,
1615 3515 1753 3572 pec-

67 3604 199 3657 care,
229 3605 331 3647 nec
362 3590 562 3662 possit.
609 3590 868 3647 Solemus
908 3590 1065 3647 enim
1094 3590 1164 3647 de
1192 3604 1253 3648 re
1291 3605 1471 3662 quam
1502 3591 1752 3647 multum

69 3678 337 3749 uolumus,
408 3679 602 3735 dicere
663 3695 677 3734 :
742 3679 867 3735 Non
931 3693 1163 3750 possum
1232 3679 1339 3736 hoc
1401 3678 1609 3735 facere.
1685 3678 1755 3734 Et

67 3767 346 3825 abundant
402 3767 673 3838 exempla
748 3767 887 3825 satis
953 3767 1213 3824 fortiores
1289 3767 1518 3839 aliquos
1581 3767 1755 3823 fuisse

70 3863 177 3923 post
232 3870 430 3914 casum
505 3871 683 3928 quam
753 3865 887 3914 ante
944 3854 1180 3913 fuerint.
1245 3856 1441 3927 (Vens.
1512 3858 1626 3923 23.)
1683 3885 1755 3895 —

69 3944 133 3997 Ne
182 3947 319 4011 forte
384 3960 517 4014 ergo
575 3950 754 4000 sumat
821 3945 889 4000 de
965 3947 1114 4013 ligno
1189 3947 1316 4000 vitae
1382 3950 1433 4001 et
1487 3947 1641 4001 vivat
1696 3948 1754 4000 in

68 4038 320 4096 aeternum.
394 4036 582 4090 emisit
656 4050 777 4090 eum
845 4036 1100 4089 Dominus
1150 4034 1217 4089 de
1278 4034 1543 4105 paradiso
1594 4035 1753 4088 volu-

69 4126 241 4190 ptatis,
296 4129 357 4180 ut
426 4129 748 4201 operaretur
793 4128 1016 4191 terram,
1077 4124 1144 4178 de
1194 4140 1303 4193 qua
1359 4128 1607 4194 sumptus
1653 4128 1751 4178 est.

76 4208 298 4280 Lignum
342 4213 478 4269 vitm
521 4212 615 4268 hic
645 4212 706 4269 in
750 4212 900 4269 malo
930 4212 1184 4283 positum
1228 4212 1547 4282 accipimus
1574 4212 1759 4268 stulti-

90 4932 267 4987 genus,
298 4920 454 4991 quod
500 4933 603 4990 per
639 4918 859 4989 lignum
892 4933 1009 4975 non
1059 4919 1376 4990 incongrue
1408 4917 1766 4988 designatur,

88 5005 269 5063 emittit
297 5008 447 5066 Deus
485 5022 583 5065 eos
631 5008 699 5064 de
729 5008 825 5065 illa
856 5008 1149 5079 praecipua
1175 5021 1248 5071 ac
1290 5007 1635 5077 voluptuosa
1665 5006 1769 5062 ﬂo-

2346 4925 2445 4976 85
2483 4920 2718 4978 CAPUT
2756 4920 3127 4989 QUARTUM.

1952 5010 2134 5066 Vnus.
2173 5013 2221 5075 l,
2255 5011 2310 5064 2.
2362 5039 2432 5049 -—
2484 5010 2564 5065 Et
2609 5013 2856 5079 cognovit
2904 5011 3088 5066 Adam
3136 5012 3320 5067 Evam
3362 5028 3587 5068 uxorem

92 5092 313 5151 rulentia
342 5097 571 5163 mentis,
606 5111 737 5167 quae
766 5097 985 5154 nullius
1009 5096 1223 5167 peccati
1249 5096 1469 5167 patitur
1489 5108 1770 5163 morsum,

94 5186 149 5233 ut
198 5181 407 5250 pristini
457 5182 710 5253 contagii
760 5197 819 5240 se
858 5183 1079 5255 jugiter
1103 5190 1528 5253 compungente
1558 5196 1775 5238 memo-

98 5267 186 5334 ria,
216 5283 447 5339 operum
479 5269 604 5327 acri
647 5270 919 5327 exercitio
979 5270 1266 5327 bonorum
1313 5277 1547 5338 terram,
1589 5268 1648 5325 id
1689 5277 1774 5326 est

100 5354 476 5425 impassibilem
527 5358 694 5414 illum
741 5366 961 5430 repetat
982 5367 1219 5427 statum,
1261 5358 1331 5414 de
1359 5372 1477 5429 quo
1506 5364 1775 5428 sumptus

100 5452 186 5511 est,
214 5459 244 5501 a
266 5449 492 5504 diabolo
512 5447 730 5504 scilicet
759 5448 1071 5505 detractus.

158 5531 311 5591 Vsus.
369 5539 459 5592 24.
507 5566 582 5578 -
637 5536 917 5607 Ejecitque
965 5536 1170 5604 Adam,
1221 5540 1274 5590 et
1324 5536 1601 5591 collocavit
1648 5539 1776 5590 ante

98 5624 389 5687 paradisum
424 5626 731 5696 voluptatis
773 5625 1088 5691 Cherubim,
1115 5630 1166 5679 et
1195 5626 1501 5693 ﬂammeum
1529 5622 1776 5693 gladium

102 5714 240 5778 atque
288 5717 599 5771 versatilem
648 5714 723 5769 ad
769 5714 1178 5772 custodiendam
1236 5716 1386 5768 viam
1433 5715 1574 5788 ligni
1629 5715 1773 5770 vitae.

1879 5114 2058 5163 suam,
2101 5112 2221 5166 quae
2262 5100 2520 5167 concepit,
2564 5103 2616 5153 et
2653 5101 2868 5170 peperit
2915 5100 3053 5157 Cain
3094 5099 3284 5155 dicens
3324 5118 3338 5156 :
3371 5102 3592 5157 Possedi

1883 5188 2148 5242 hominem
2176 5202 2275 5256 per
2315 5186 2509 5241 Deum.
2554 5187 2905 5258 Rursumque
2943 5191 3154 5258 peperit
3193 5190 3429 5254 fratrem
3471 5193 3589 5260 ejus

1883 5275 2053 5340 Abel;
2102 5277 2322 5344 fuitque
2376 5277 2519 5329 Abel
2562 5281 2756 5346 pastor
2799 5280 2999 5345 ovium,
3040 5282 3090 5331 et
3139 5278 3275 5332 Cain
3315 5281 3586 5346 agricola.

1884 5364 1940 5419 Si
1969 5363 2274 5432 Apostolus
2321 5363 2422 5419 ubi
2456 5364 2591 5420 dicit
2625 5379 2637 5419 :
2671 5365 2949 5434 Absorpta
2990 5371 3068 5419 est
3098 5380 3239 5421 mors
3269 5370 3328 5421 in
3361 5370 3589 5423 victoria

1885 5454 1932 5523 (ι
1954 5453 2074 5508 Cor.
2107 5465 2202 5519 xv,
2238 5452 2345 5519 54),
2377 5452 2611 5509 carnale
2652 5452 3002 5510 desiderium
3031 5462 3269 5510 mortem
3316 5457 3588 5525 appellat,

1884 5551 1992 5594 cur
2022 5552 2136 5593 non
2168 5538 2307 5604 Eva,
2351 5552 2484 5609 quae
2522 5538 2737 5595 dicitur
2766 5542 2903 5607 vita,
2939 5539 3090 5595 bona
3120 5541 3393 5597 voluntas
3422 5557 3593 5598 voce-

1889 5626 2023 5683 tur?
2052 5625 2158 5683 Cui
2178 5626 2361 5682 Adam
2397 5626 2540 5683 bene
2571 5627 2835 5699 cognitae.
2865 5627 2919 5683 id
2941 5634 3025 5684 est
3045 5627 3339 5685 inhianter
3365 5637 3592 5697 amatae,

1888 5715 2029 5785 quia
2056 5728 2219 5770 amor
2251 5714 2389 5784 ipse,
2428 5722 2495 5771 ut
2523 5716 2603 5771 ait
2632 5714 2893 5785 quidam,
2927 5714 3130 5772 notitia
3156 5722 3240 5773 est
3267 5728 3464 5773 semen
3495 5716 3595 5772 Dei
