3956 6430
377 454 447 504 79
1286 451 1346 502 V.
1391 450 1722 506 GUIBERTI
1766 449 2056 504 ABBATIS
2093 450 2148 504 S.
2195 449 2429 505 MARlA-I
2469 449 2558 505 DE
2597 451 2986 506 NOVIGENTO
3832 457 3897 502 δυ

373 581 675 650 verbiquo
706 580 848 636 bene
892 591 1060 649 agere
1107 577 1410 648 concipiat,
1462 577 1718 647 suggerit
1767 585 1831 632 ut
1881 577 2068 647 pariat
2105 579 2152 632 A
2182 579 2465 647 nocentia,
2500 588 2555 634 et
2592 579 2772 649 pietas
2822 593 2925 649 pro
2975 578 3278 649 largitione
3320 579 3546 636 velleris
3578 579 3896 649 accipitur.

377 673 536 734 Cain,
583 670 633 723 id
683 677 786 736 est,
835 671 1246 738 possessionem;
1311 681 1583 736 possessm
1640 673 1831 720 autem
1895 667 2072 720 ratio-

380 761 526 817 nalis
555 767 761 813 nostrae
801 756 1114 812 voluntatis
1141 754 1392 810 exterior
1427 754 1594 808 homo
1626 761 1816 807 noster
1845 760 1951 816 est,
1979 751 2072 806 cui

379 849 628 919 regendo
658 863 724 903 ac
762 847 1001 902 colendo
1033 843 1333 915 przeposita
1361 850 1464 903 est,
1497 842 1647 897 unde
1670 850 1721 896 et
1758 842 2025 911 sequitur
2058 854 2070 893 :

381 938 622 1005 Possedi,
652 937 861 1006 inquit,
910 936 1192 992 hominem,
1226 946 1338 986 non
1388 931 1524 986 meis
1572 930 1816 996 viribus,
1858 930 1954 984 sed
1978 944 2076 998 per

380 1031 570 1082 Deum.
611 1027 732 1091 Quo
759 1025 826 1080 ad
860 1023 1163 1078 arbitrium
1196 1019 1370 1074 animi
1396 1020 1641 1074 edomito
1673 1034 1786 1074 non
1819 1018 2076 1074 humano

382 1117 533 1179 nisu,
574 1115 667 1170 sed
718 1114 814 1168 Dei
859 1111 1110 1179 auxilio;
1177 1111 1421 1176 linguam
1462 1108 1613 1162 enim
1665 1109 1847 1160 nullus
1895 1107 2074 1160 homi-

377 1219 506 1258 num
537 1204 754 1256 domare
794 1205 967 1270 potest
1005 1200 1153 1255 .‘Jac.
1187 1211 1262 1261 tu,
1314 1196 1390 1264 8),
1423 1203 1477 1250 et
1517 1194 1561 1250 si
1597 1203 1814 1264 partem
1848 1194 2070 1264 nequit,

380 1291 666 1362 quomodo
711 1299 890 1344 totum
936 1295 1154 1357 potest:
1205 1285 1466 1354 gignitur
1507 1283 1668 1348 Abel,
1717 1284 1814 1353 qui
1863 1283 2076 1338 dicitur

379 1382 573 1443 luctus,
610 1378 695 1433 vel
733 1379 972 1440 vanitas,
1006 1375 1144 1444 quia
1164 1375 1284 1443 jam
1317 1381 1454 1428 tunc
1484 1385 1837 1426 amaresrere
1879 1371 2075 1440 incipit

379 1469 495 1522 vita
524 1479 796 1536 praesens,
828 1479 960 1534 quae
1003 1463 1230 1518 vanitas
1263 1468 1379 1515 tota
1409 1468 1493 1514 est
1526 1461 1720 1524 menti,
1754 1474 1886 1529 quae
1910 1473 1943 1513 a
1975 1459 2072 1514 Dei

379 1558 590 1630 gaudio
622 1558 799 1612 abest.
859 1555 1080 1610 Dicitur
1124 1553 1292 1608 etiam
1326 1550 1464 1606 Abel
1499 1567 1692 1619 vapor,
1724 1551 1811 1606 vel
1842 1553 2075 1604 misera-

380 1647 534 1708 bilis;
571 1644 708 1699 Abel
753 1656 1006 1712 namque
1057 1639 1341 1695 interioris
1390 1638 1640 1692 hominis
1677 1639 1922 1693 dicimus
1955 1638 2075 1693 vir-

379 1741 558 1788 tutem
603 1731 750 1786 sicut
806 1730 946 1785 Cain
994 1729 1335 1784 exteriorem
1382 1727 1700 1795 accipimus
1763 1727 2072 1782 hominem.

383 1821 506 1889 Ipse
536 1821 690 1874 enim
724 1817 961 1872 interior
1000 1816 1154 1884 luget
1203 1829 1260 1868 se
1289 1813 1528 1868 vanitati
1570 1814 1915 1884 subjectum,
1961 1814 2078 1882 ipse

2184 667 2314 722 Haec
2352 675 2488 723 sunt
2520 669 2922 738 primogenita,
2950 683 3084 738 quze
3133 668 3228 723 Dei
3264 668 3571 736 imaginem
3613 668 3899 724 humana!

2185 756 2576 826 principaliter
2607 757 2779 812 menti
2822 757 3182 826 insculpunt;
3223 756 3344 812 haec
3372 771 3504 812 cum
3534 756 3899 821 offeruntur,

2183 843 2350 914 quasi
2397 859 2517 900 suae
2562 846 2791 915 propria
2840 832 3233 900 sitnilitiidinis
3263 859 3296 899 a
3341 846 3449 900 Deo
3479 845 3678 915 agnita
3714 844 3900 913 respi-

2183 933 2447 1001 ciuntur;
2496 933 2591 987 sed
2645 935 2829 1002 primo
2893 933 3196 1002 respicitur
3252 933 3414 999 Abel,
3466 942 3589 1002 post
3640 946 3899 987 munera

2182 1021 2329 1090 ejus,
2376 1023 2515 1092 quia
2563 1023 2724 1091 prius
2775 1035 2808 1076 a
2855 1022 2966 1076 Deo
3019 1029 3297 1090 pensatur
3353 1021 3574 1091 agentis
3623 1021 3900 1084 intentio,

2185 1117 2308 1179 post
2344 1112 2469 1180 ejus
2514 1118 2696 1165 actus.
2758 1113 2829 1166 At
2881 1109 3113 1164 animus
3166 1117 3378 1172 noster,
3424 1109 3517 1164 cui
3571 1110 3766 1180 magis
3826 1110 3898 1164 ad
3942 1155 3943 1160 η

2180 1197 2542 1253 efficiendum
2575 1198 2633 1254 in
2666 1206 2931 1268 promptu
2984 1206 3117 1254 sunt
3163 1211 3437 1268 corporea
3484 1211 3665 1268 quam
3716 1198 3902 1266 spiri-

2184 1286 2380 1352 tualia,
2416 1287 2556 1356 quia
2581 1295 2636 1342 et
2668 1288 2948 1342 viciniora
2990 1293 3125 1342 sunt
3161 1287 3340 1354 laudi,
3373 1287 3512 1342 dum
3547 1287 3793 1342 meliora
3832 1301 3901 1341 ac

2184 1374 2569 1445 probabiliora
2618 1375 2748 1443 Deo,
2797 1389 2863 1430 ac
2893 1376 3056 1431 bonis
3105 1376 3488 1446 quibuslibet;
3540 1377 3635 1431 sed
3690 1384 3899 1432 tamen

2184 1461 2504 1518 difticiliora
2552 1464 2656 1518 sibi
2713 1463 2987 1519 interiora
3026 1464 3267 1520 attendit
3306 1478 3483 1534 quam
3536 1465 3840 1520 exteriora
3884 1479 3897 1517 :

2185 1550 2468 1618 irascitur,
2545 1552 2761 1606 carnali
2836 1552 3046 1608 scilicet
3113 1553 3408 1608 voluntate
3486 1553 3786 1620 turbatur,
3850 1559 3900 1605 et

2182 1639 2364 1692 vultus
2409 1639 2526 1707 ejus
2558 1640 2812 1703 concidit,
2855 1639 2996 1709 quia
3044 1639 3314 1695 voluntas
3347 1640 3497 1695 bona
3528 1641 3759 1696 interna
3789 1655 3900 1709 ge-

2186 1726 2367 1792 rendi,
2421 1727 2720 1782 exterioris
2758 1740 2915 1782 aurae
2953 1727 3210 1797 appetitu
3240 1729 3544 1784 obruitur:
3579 1728 3686 1784 sibi
3716 1742 3902 1784 nam-

2186 1827 2298 1884 que
2323 1815 2708 1871 commodiora
2739 1823 2920 1885 putat,
2956 1817 3093 1886 quia
3124 1817 3193 1872 ad
3223 1824 3447 1886 tempus
3475 1825 3529 1872 et
3553 1817 3623 1872 ad
3649 1817 3897 1872 oculum

382 1876 508 1963 licet
541 1906 816 1976 corporali
855 1905 1084 1960 miseria
1107 1909 1455 1968 coerceatur,
1488 1917 1757 1972 vaporem
1791 1905 2070 1957 virtutum
2117 1876 2156 1932 Β
2191 1902 2432 1973 placent.

381 1997 750 2064 multiplicem
781 1995 984 2050 emittit
1015 1995 1085 2049 ad
1120 1995 1317 2048 Deum.
1351 1989 1601 2061 Vtrgula
1633 1993 1784 2047 enim
1819 1991 1959 2046 fumi
1995 1997 2076 2044 est

377 2097 451 2138 ex
500 2084 875 2149 aromatibus,
931 2082 1172 2137 celerius
1255 2099 1392 2139 sane
1459 2083 1653 2137 subest
1705 2079 1956 2145 cuilibet,
2021 2085 2077 2132 et

377 2186 642 2228 exercere
681 2172 922 2244 jejunia,
971 2171 1218 2240 vigilias.
1261 2186 1454 2228 rerum
1488 2169 1938 2232 distributiones,
1971 2180 2076 2234 pa-

381 2261 658 2326 tientiam,
715 2258 1092 2315 humilitatem
1151 2261 1486 2316 charitatem
1537 2259 1880 2314 intrinsecus
1924 2256 2075 2310 obti-

379 2363 530 2404 nere.
566 2349 669 2403 Ilia
699 2362 831 2403 nam
857 2361 950 2418 [ue
988 2347 1148 2401 favor
1182 2347 1476 2403 humanus
1503 2347 1846 2417 plerumque
1883 2344 2075 2399 suble-

378 2446 504 2506 vat;
537 2437 655 2491 haec
710 2451 842 2490 vero
886 2443 1024 2490 teste
1064 2436 1177 2490 Deo
1219 2435 1578 2492 solummodo
1629 2442 1756 2488 acta
1808 2431 2075 2503 graviora

377 2535 533 2581 sunt.
570 2526 775 2580 Etideo
805 2525 941 2580 Cain
975 2531 1105 2579 ante
1137 2525 1270 2579 Abel
1305 2539 1418 2580 non
1453 2525 1768 2594 incongrue
1798 2523 2070 2577 nascitur.

383 2615 706 2680 DiliJean’,
739 2614 812 2667 ait
842 2612 1126 2679 Salomon,
1160 2629 1343 2666 exerce
1372 2627 1564 2678 agrum
1604 2618 1778 2678 tuum,
1808 2615 1866 2664 ut
1888 2615 2074 2678 postea

377 2703 611 2772 adi/ires
661 2703 876 2755 domum
924 2707 1072 2755 tuam
1123 2703 1311 2771 (Prov.
1352 2716 1508 2768 xxrv,
1549 2703 1655 2768 27).
1700 2699 1842 2753 Abel
1888 2704 2076 2766 pastor

376 2800 458 2846 est
485 2794 686 2854 ovium,
717 2794 856 2860 quia
885 2798 1084 2845 auctor
1131 2805 1197 2845 ac
1233 2791 1482 2846 nutritor
1509 2797 1593 2844 est
1641 2789 1808 2842 homo
1841 2785 2076 2842 interior

378 2879 675 2934 charitatis
705 2894 770 2932 ac
814 2878 1190 2948 simplicitatis
1237 2893 1498 2948 operum,
1541 2877 1693 2948 quod
1733 2877 1787 2931 in
1821 2875 2075 2946 qualita-

379 2967 533 3020 tibus
583 2967 880 3036 perspicue
926 2967 1111 3022 elucet
1167 2967 1393 3034 ovium;
1445 2967 1581 3021 mite
1619 2966 1773 3021 enim
1822 2965 1945 3018 ovis
1990 2971 2074 3017 est

377 3057 612 3123 animal,
661 3063 714 3111 et
757 3055 935 3109 fertile
967 3055 1268 3111 vellerum.
1315 3057 1460 3108 Cain
1489 3062 1573 3110 est
1617 3055 1879 3120 agricola,
1920 3052 2072 3122 quod

377 3145 670 3198 evidenter
735 3143 1020 3210 signiticat
1090 3143 1348 3212 corporis
1401 3142 1694 3198 exercitia.
1753 3139 2077 3209 Corporalis
2117 3172 2156 3224 Ο

379 3239 569 3287 autem
635 3231 990 3298 exercitatio,
1037 3231 1210 3301 juxta
1255 3230 1611 3300 Apostolum,
1666 3229 1737 3285 ad
1788 3229 2075 3285 modicum

378 3319 534 3376 utilis
557 3327 640 3376 est
680 3322 729 3386 (f
764 3323 904 3374 Tim.
939 3333 1015 3385 tv,
1044 3323 1118 3386 8).

453 3409 623 3463 Vens.
689 3410 743 3475 3,
803 3409 852 3466 4,
897 3409 950 3460 5.
1014 3435 1088 3448 -
1131 3409 1354 3462 Factum
1414 3411 1491 3460 est
1559 3411 1738 3460 autem
1785 3413 1907 3475 post
1958 3405 2074 3458 dies

375 3497 589 3560 multos,
641 3502 698 3549 ut
747 3497 882 3552 Cain
928 3494 1144 3563 oﬁ'erret
1190 3495 1256 3548 de
1315 3496 1590 3562 fructibus
1643 3501 1798 3548 terrae
1849 3509 2072 3546 munera

379 3586 619 3638 Domino.
670 3584 808 3638 Abel
835 3590 1013 3637 autem
1057 3583 1124 3637 de
1157 3586 1532 3653 primogenitis
1560 3585 1742 3650 gregis
1789 3584 1896 3649 sui,
1928 3586 1980 3635 et
2008 3581 2073 3634 de

377 3672 636 3740 adipibus
671 3687 880 3737 eorum;
929 3677 980 3724 et
1013 3674 1250 3740 respexit
1287 3673 1542 3726 Dominus
1593 3672 1668 3724 ad
1715 3669 1873 3738 Abel,
1912 3674 1962 3723 et
1999 3668 2072 3722 ad

373 3775 598 3814 munera
643 3762 778 3829 ejus.
821 3760 912 3814 Ad
960 3760 1096 3816 Cain
1141 3775 1282 3828 vero,
1336 3764 1386 3814 et
1435 3759 1510 3812 ad
1548 3773 1772 3812 munera
1807 3758 1924 3825 ejus
1966 3771 2072 3809 non

375 3851 632 3916 respexit.
669 3851 791 3902 Post
838 3848 954 3902 dies
999 3849 1214 3913 multos,
1261 3847 1316 3902 id
1365 3854 1450 3902 est
1494 3852 1618 3916 post
1663 3845 1788 3900 illos
1829 3853 2074 3898 aeternos

373 3936 494 3990 dies
525 3936 889 4005 indefatigato
914 3936 1090 3992 animi
1125 3944 1267 3991 aestu
1297 3935 1507 4000 eundo,
1542 3947 1688 4002 quos
1719 3933 1926 3986 horum
1951 3930 2074 3986 bre—

372 4027 533 4080 vium
563 4025 786 4081 dicrum
817 4032 1147 4095 contemptu
1179 4031 1327 4079 recte
1355 4021 1778 4093 prosequimur,
1813 4020 1912 4090 qui
1943 4026 2070 4074 tan-

372 4127 548 4183 quam
577 4113 835 4169 custodia
867 4116 924 4168 in
947 4121 1110 4169 nocte
1131 4113 1438 4178 habentur,
1473 4110 1542 4164 de
1571 4109 1856 4165 fructibus
1885 4115 2070 4174 teme,

370 4199 426 4256 id
489 4209 577 4256 est
645 4215 880 4258 carnem
943 4200 1176 4256 terendo
1237 4198 1492 4254 exterius
1553 4196 1835 4251 efficimus
1878 4195 2066 4262 bonis;

368 4292 648 4346 sacrificia
679 4291 792 4346 Deo
821 4289 1010 4345 laudis
1044 4287 1358 4352 offerimus,
1412 4285 1508 4342 sed
1549 4285 1670 4340 haec
1713 4285 2071 4340 extrinsecus

369 4378 537 4444 facta,
568 4386 623 4434 et
655 4379 912 4433 humano
937 4375 1131 4430 favore
1161 4374 1366 4430 infecta
1409 4381 1472 4430 ut
1501 4372 1704 4429 assolet
1740 4386 1853 4428 non
1884 4371 2070 4442 respi-

365 4467 462 4534 cit,
494 4467 635 4536 quia
663 4478 760 4520 cor
801 4463 1094 4518 offerentis
1133 4476 1202 4518 ea
1232 4475 1350 4532 qua
1378 4461 1674 4517 consuevit
1705 4461 1854 4516 Deus
1884 4459 2068 4530 gratia

367 4567 483 4609 non
513 4553 717 4622 tangit,
770 4566 875 4606 nec
925 4551 1204 4606 bonorum
1238 4563 1608 4620 quorumque
1651 4548 1870 4619 judicio
1899 4546 2067 4602 sicuti

367 4655 472 4696 nec
522 4640 623 4710 ipsi
688 4641 796 4695 Deo
843 4645 1074 4709 gratum
1117 4637 1260 4693 fidit.
1292 4637 1574 4702 Itlumina,
1615 4637 1822 4708 inquit,
1871 4637 2067 4702 faciem

368 4735 516 4784 tuam
549 4743 713 4798 super
757 4742 970 4781 servum
1021 4732 1171 4781 tuum
1202 4725 1366 4796 (Psal.
1401 4739 1594 4792 cxvm,
1634 4723 1780 4790 135).
1816 4725 2066 4780 Hilarem

365 4817 576 4872 scilicet
622 4816 892 4872 affectum
946 4828 1122 4884 super
1183 4827 1249 4869 ea
1315 4828 1447 4884 quae
1496 4827 1700 4883 operor
1755 4821 1808 4869 te
1857 4813 2068 4868 habere

365 4905 614 4970 ostende,
665 4911 729 4959 ut
778 4904 1102 4970 videantur,
1152 4910 1206 4957 et
1254 4902 1605 4972 glorificeris.
1662 4901 1852 4958 Solent
1895 4902 2064 4956 etiam

367 4992 555 5061 putari
589 4992 776 5061 inepte
804 4991 970 5056 facta,
1013 5005 1143 5060 quae
1193 4990 1306 5044 Deo
1345 5005 1458 5045 non
1499 4989 1741 5058 placent,
1777 4989 1849 5045 ab
1883 4990 2068 5045 idiotis

366 5079 718 5134 hominibus.
793 5078 930 5132 Abel
990 5077 1056 5130 de
1101 5079 1474 5144 primogenitis
1519 5079 1697 5144 gregis
1748 5079 1837 5132 sui
1880 5077 2063 5145 offert,

365 5167 599 5238 quando
634 5164 924 5236 primzevis
971 5164 1284 5220 virtutibus
1337 5163 1572 5220 interior
1619 5165 1788 5221 homo
1831 5163 2064 5221 redolet.

366 5254 592 5310 Primus
643 5252 796 5308 enim
847 5251 1014 5306 homo
1060 5251 1182 5306 sine
1227 5251 1383 5306 omni
1428 5251 1807 5309 maceratione
1847 5253 2063 5310 carnali

366 5343 570 5413 plenus
618 5340 1006 5412 spiritualium
1067 5339 1348 5395 bonorum
1411 5353 1444 5396 a
1492 5341 1606 5396 Deo
1651 5350 1735 5398 est
1781 5343 2063 5409 conditus,

364 5431 516 5487 unde
578 5430 706 5486 licet
753 5431 825 5484 ob
875 5427 1067 5484 carnis
1120 5429 1480 5497 postmodum
1539 5429 1771 5500 culpam
1818 5431 2065 5487 restrin-

365 5520 612 5588 gendam
663 5518 1018 5574 necessarius
1065 5517 1233 5572 fuerit
1284 5517 1447 5574 labor
1487 5533 1816 5589 corporeus,
1876 5527 2066 5575 tamen

364 5608 412 5662 si
457 5606 748 5676 patientia,
795 5603 1108 5672 humilitas,
1161 5603 1496 5674 simplicitas
1544 5606 1622 5662 illi
1667 5614 2065 5676 postponatur,

364 5701 546 5750 totum
593 5701 1029 5765 praesposterum
1079 5707 1213 5748 mox
1260 5693 1526 5761 habetur,
1572 5702 1627 5750 et
1686 5693 1848 5764 vulgi
1899 5693 2069 5749 laude

364 5783 695 5854 sirripitur.
733 5783 794 5838 In
849 5797 1018 5852 grege
1049 5790 1238 5837 a'ttem
1285 5783 1481 5838 ovium
1539 5781 1946 5849 mansuetudo,
1990 5783 2071 5834 in-

2265 1991 2439 2046 Vnns.
2480 1991 2535 2046 ’7.
2592 2021 2652 2032 -
2706 1993 2904 2057 Quare,
2955 1992 3160 2062 inquit.
3218 1996 3479 2049 Dominus
3527 1994 3902 2050 rationaliter

2186 2079 2396 2134 scilicet
2425 2079 2589 2134 nobis
2637 2081 3018 2150 suggerendo,
3073 2085 3247 2136 iratus
3279 2099 3351 2147 es,
3397 2083 3449 2137 id
3496 2091 3579 2137 est
3619 2083 3795 2152 quasi
3828 2084 3899 2136 de

2184 2168 2568 2236 spiritualium
2621 2168 3072 2238 impossibilitate.
3125 2170 3195 2225 ad
3231 2171 3480 2226 furorem
3529 2171 3896 2241 desperatio-

2187 2256 2276 2311 nis
2309 2257 2655 2325 permoveris
2687 2272 2699 2311 :
2748 2264 2797 2311 et
2846 2274 3014 2326 quare
3059 2259 3293 2312 concidit
3331 2258 3506 2321 facies
3551 2259 3684 2312 tua?
3720 2259 3774 2314 id
3807 2266 3896 2314 est

2186 2345 2244 2400 in
2275 2345 2477 2400 habitu
2521 2345 2726 2401 mentis
2777 2349 2840 2401 ut
2885 2345 3026 2415 quid
3059 2347 3418 2403 destitueris?
3451 2349 3636 2403 Nonne
3664 2349 3717 2400 si
3759 2347 3896 2400 bene

2184 2436 2374 2501 egeris,
2409 2433 2466 2488 in
2497 2433 2718 2489 occulto
2749 2434 3028 2500 videlicet,
3061 2439 3286 2504 recipies
3316 2437 3371 2490 in
3405 2436 3620 2500 futuro,
3653 2435 3891 2491 etiamsi

2185 2521 2346 2576 nulla
2393 2521 2518 2576 laus
2564 2521 2820 2577 humana
2875 2530 2975 2578 tua
3021 2536 3196 2592 opera
3237 2524 3629 2592 subsequatur
3683 2523 3744 2577 in
3781 2523 3896 2578 hoc

2184 2609 2392 2664 saeculo
2425 2625 2437 2664 :
2472 2611 2568 2664 Sin
2614 2615 2792 2664 autem
2841 2613 2995 2674 male,
3044 2614 3229 2664 statim
3264 2613 3320 2664 in
3362 2613 3576 2677 foribus
3602 2617 3892 2680 peccatum

2183 2698 2384 2763 aderit,
2417 2698 2521 2754 hoc
2564 2707 2648 2754 est
2693 2699 2741 2754 si
2795 2699 3164 2755 intentionem
3211 2699 3499 2769 opinionis
3537 2712 3715 2755 causa
3753 2714 3896 2770 per-

2186 2787 2442 2854 verteris,
2494 2787 2683 2842 statim
2763 2787 2820 2842 in
2878 2787 3000 2857 ipsa
3049 2788 3224 2844 animi
3272 2789 3457 2858 prima
3513 2791 3897 2858 suggestione

2189 2875 2398 2944 peccati
2456 2876 2856 2944 opportunitas
2913 2875 3139 2930 diabolo
3210 2875 3646 2932 administrante
3697 2889 3896 2946 appa-

2186 2963 2332 3018 rebit
2385 2964 2528 3018 :sed
2577 2978 2648 3018 ne
2691 2963 2983 3018 diabolum
3043 2964 3213 3019 illatze
3261 2965 3545 3020 violentiae
3597 2973 3648 3020 te
3695 2978 3897 3019 excu-

2185 3051 2364 3105 sando
2393 3064 2695 3120 coarguas,
2731 3053 2830 3106 sub
2862 3058 2910 3105 te
2947 3057 3051 3106 erit
3104 3056 3377 3122 appetitus
3429 3053 3612 3124 ipsius
3642 3053 3894 3122 peccati,

2185 3146 2239 3192 et
2271 3146 2370 3195 tuo
2396 3139 2616 3195 suberit
2663 3139 2900 3195 arbitrio
2949 3140 3230 3196 dominari
3286 3140 3459 3196 illius.
3493 3141 3708 3197 Verum
3741 3143 3899 3196 ratio

2183 3226 2463 3284 divinitus
2491 3242 2608 3284 non
2659 3227 2944 3283 illustrata
2987 3228 3126 3299 quia
3159 3227 3347 3283 inanis
3394 3235 3476 3283 est
3513 3227 3676 3296 Cain,
3714 3229 3771 3284 id
3805 3238 3895 3286 est

2184 3316 2477 3385 corporale
2501 3324 2759 3372 nostrum
2781 3315 3037 3372 studium
3062 3316 3130 3371 ad
3153 3316 3518 3387 sacrilegium
3549 3317 3894 3373 cenodoxian

2183 3403 2468 3459 contrahit
2492 3403 2652 3470 Abel,
2672 3403 2959 3474 quidquid
2993 3405 3194 3474 utique
3218 3405 3528 3460 introrsum
3561 3405 3896 3475 spiritualis

2183 3492 2551 3562 pinguedinis
2586 3498 2700 3558 est;
2749 3491 3094 3548 sacrificium
3127 3497 3225 3547 80
3253 3493 3406 3550 enim
3453 3493 3594 3549 Abel
3646 3493 3716 3548 de
3757 3495 3892 3550 adi-

2182 3581 2367 3650 pibus,
2403 3579 2458 3636 id
2503 3587 2588 3636 est
2634 3580 2703 3635 de
2745 3579 2972 3635 interna
3001 3581 3187 3652 gratia
3215 3589 3455 3649 constat,
3489 3590 3554 3638 ut
3583 3581 3662 3636 nil
3694 3582 3754 3637 in
3787 3582 3894 3638 ho-

2185 3669 2353 3725 minis
2395 3683 2564 3739 opere
2612 3669 2801 3731 lateat.
2835 3669 2947 3724 nisi
2994 3670 3148 3741 quod
3199 3671 3390 3726 carnis
3428 3671 3610 3727 oculis
3657 3670 3894 3741 placere

2182 3764 2247 3812 ut
2274 3756 2544 3813 laudetur
2572 3765 2764 3828 queat.
2801 3757 2994 3828 (Vsus.
3042 3759 3120 3828 8.)
3147 3787 3222 3800 —
3251 3760 3613 3826 Egrediamur
3632 3773 3774 3829 ergo
3806 3761 3894 3816 ait

2181 3843 2342 3913 Cain,
2371 3847 2545 3912 foras.
2592 3845 2736 3913 Quia
2774 3845 2988 3902 durum
3021 3847 3193 3902 nimis
3217 3854 3300 3902 est
3331 3848 3504 3902 tantis
3533 3855 3728 3918 totque
3760 3849 3894 3919 spi-

2184 3933 2490 3990 ritualibus
2518 3933 2917 4003 adipiscendis,
2949 3948 3082 4004 quae
3131 3933 3202 3990 ad
3256 3935 3492 4004 plenum
3536 3949 3704 3992 nemo
3734 3949 3895 3993 asse-

2181 4021 2405 4092 quitur,
2447 4022 2722 4088 insistere,
2755 4022 2957 4077 saltem
2987 4022 3077 4077 his
3114 4022 3532 4094 aliquantisper
3559 4024 3786 4079 omissis
3817 4041 3890 4080 ea

2178 4109 2538 4165 extrinsecus
2565 4124 2956 4178 exerceamus,
3007 4125 3138 4180 quae
3171 4110 3398 4166 interim
3445 4119 3641 4167 nostro
3674 4113 3888 4170 honori

2178 4202 2233 4250 et
2261 4195 2556 4250 commodo
2587 4195 2815 4250 valeant
2845 4195 3128 4266 prodesse.
3163 4198 3399 4268 Cumque
3433 4203 3604 4252 essent
3627 4200 3685 4251 in
3719 4205 3890 4266 agro,

2183 4283 2236 4339 id
2287 4289 2372 4338 est
2428 4281 2488 4338 in
2543 4283 2812 4338 exteriori
2867 4284 3158 4352 exercitio,
3231 4287 3416 4341 cordis
3463 4285 3697 4354 intuitu,
3755 4287 3886 4356 jam

2178 4370 2248 4424 ad
2316 4370 2540 4425 interna
2616 4371 3068 4428 consideratione
3127 4372 3391 4439 deducto,
3460 4375 3888 4431 consuetudine

2112 4500 2154 4553 D
2184 4458 2412 4522 favoris,
2443 4459 2620 4513 animi
2667 4459 2854 4530 rigore
2897 4460 3130 4528 mollito,
3168 4475 3201 4516 a
3230 4462 3530 4532 superﬁcie
3560 4461 3884 4520 forensium

2177 4560 2415 4617 operum
2449 4547 2614 4617 quasi
2645 4547 2784 4604 Abel
2805 4563 2839 4604 a
2858 4548 2998 4605 Cain
3025 4549 3372 4621 opprimitur
3394 4559 3511 4607 tota
3536 4550 3884 4620 simplicitas

2179 4634 2554 4692 internorum.
2587 4636 2849 4707 Cumque
2892 4637 3044 4694 Deus
3073 4637 3143 4694 de
3191 4637 3459 4695 intestina
3493 4646 3673 4694 morte
3702 4640 3882 4695 ratio-

2177 4723 2268 4778 nis
2313 4737 2451 4779 voce
2489 4725 2885 4795 conqueritur,
2939 4727 3195 4784 humana
3241 4727 3546 4796 respondet
3586 4727 3873 4797 nequitia,

2177 4811 2370 4874 (Vens.
2400 4812 2475 4881 9.)
2509 4843 2574 4852 —
2605 4815 2829 4869 Nescio?
2857 4813 3002 4880 Quia
3053 4815 3122 4870 de
3153 4814 3368 4885 quibus
3413 4829 3527 4869 non
3573 4828 3879 4882 curamus,

2175 4899 2392 4955 nescire
2433 4915 2557 4969 nos,
2608 4915 2742 4958 cum
2789 4915 2994 4957 revera
3044 4901 3314 4968 sciamus,
3356 4902 3698 4972 respondere
3729 4904 3885 4961 sole—

2177 5001 2324 5042 mus.
2361 4988 2557 5056 (Vans.
2595 4990 2702 5058 to.)
2735 5020 2802 5030 ——
2830 4990 3094 5060 Nunquid
3131 4996 3306 5044 custos
3351 4993 3552 5056 fratris
3607 4994 3713 5045 mei
3759 5007 3884 5048 sum

2174 5077 2307 5144 ego?
2327 5077 2387 5132 Id
2411 5085 2493 5133 est
2524 5077 2794 5148 nunquid
2823 5079 2943 5134 haec
2969 5092 3100 5146 quae
3122 5093 3288 5134 nemo
3310 5079 3614 5135 observare
3642 5079 3881 5147 sufficit,

2174 5177 2279 5234 ego
2327 5164 2482 5220 solus
2533 5164 2858 5235 spiritualia
2919 5179 3155 5235 prorsus
3222 5165 3508 5220 custodire
3563 5167 3883 5236 proposui?

2176 5253 2308 5308 llzec
2335 5252 2622 5308 homicida
2651 5253 2900 5319 animus,
2925 5261 2982 5310 et
3009 5253 3260 5309 carnalis
3290 5253 3486 5323 gloriae
3512 5254 3676 5309 molae
3704 5256 3876 5314 obru-

2178 5348 2269 5396 tus
2312 5341 2503 5397 refert.
2554 5345 2622 5397 At
2668 5349 2870 5396 contra
2917 5342 3062 5397 ratio
3107 5340 3236 5397 licet
3283 5341 3389 5397 sibi
3433 5356 3564 5397 cum
3601 5342 3714 5398 Deo
3747 5359 3874 5401 sen-

2175 5429 2336 5484 tienti
2367 5442 2741 5498 nequaquam
2787 5429 3079 5496 credatur,
3141 5430 3210 5485 de
3245 5431 3543 5500 apostasia;
3594 5431 3878 5489 immensi-

2175 5523 2289 5572 tate
2318 5517 2709 5586 conqueritur.
2744 5517 2943 5583 Pensa,
2977 5518 3072 5577 ait.
3121 5532 3298 5588 quam
3333 5518 3636 5574 criminose
3668 5523 3872 5588 egeris.

2175 5603 2318 5659 Nam
2348 5620 2456 5657 vos:
2485 5606 2770 5672 sanguinis
2808 5607 3007 5670 fratris
3041 5607 3124 5659 tui
3169 5607 3370 5660 clamat
3393 5605 3468 5660 ad
3495 5621 3578 5660 me
3607 5607 3674 5661 de
3702 5614 3871 5666 terra.

2177 5691 2302 5747 Vox
2351 5691 2546 5748 verbis
2587 5692 2791 5761 praeire
2820 5692 2978 5759 solet,
3028 5701 3094 5748 ut
3135 5693 3345 5750 umbra
3397 5695 3719 5752 veritatem.
3752 5697 3873 5755 Vo-

2175 5793 2295 5835 cem
2327 5793 2461 5849 ergo
2489 5779 2837 5848 accipiamus
2873 5780 3120 5837 dolorem
3166 5782 3348 5850 illum,
3400 5783 3498 5852 qui
3543 5783 3613 5840 de
3643 5797 3874 5854 peccato
