3966 6422
70 425 120 475 Si
1233 416 1588 473 MORALIUM
1629 415 1699 473 lN
1738 417 2044 474 GENESIN
2088 418 2218 475 LIB.
2264 417 2330 473 ll.
3496 425 3563 478 8'2

67 551 118 607 in
166 547 490 620 cujuspiam
545 545 711 604 corde
756 546 1040 613 exoritur,
1092 561 1266 617 quem
1324 554 1517 603 tamen
1576 548 1738 604 nulla
1768 556 1807 608 A

68 636 389 709 penitentite
412 637 668 693 efficacia
697 635 864 707 quasi
901 636 1057 692 verbi
1104 635 1315 692 veritas
1343 636 1743 706 subsequitur.

71 729 179 785 Vox
214 726 370 796 enim
435 726 558 782 hanc
608 726 763 796 apud
810 726 991 782 Deum
1038 725 1228 795 po:ius
1270 734 1354 781 est
1412 726 1750 782 irritationis

67 831 228 887 quam
257 816 428 885 pacis.
463 816 600 882 Quae
645 816 847 870 clamat
886 815 952 868 de
997 822 1162 882 terra,
1199 814 1337 881 quia
1381 815 1450 872 de
1486 816 1744 881 rationis,

67 920 185 977 «tuae
214 904 319 960 sibi
348 904 591 960 tirmiter
619 903 932 960 admodum
972 912 1137 959 terra?
1177 903 1348 960 insita
1379 912 1481 971 est,
1515 903 1751 961 scientia

71 994 343 1064 hujusque
370 992 657 1048 fructibus
687 991 1034 1048 feracissime
1059 992 1367 1062 pascimur,
1397 994 1548 1048 videt
1569 1008 1745 1063 quam

71 1095 234 1153 prava
287 1081 625 1137 committat.
699 1081 859 1138 Ratio
900 1095 1153 1151 namque
1209 1083 1306 1137 ets‘
1365 1082 1437 1138 ad
1495 1096 1749 1152 nequam

70 1171 458 1241 intorquentur
486 1169 777 1235 affectum,
824 1185 938 1226 non
972 1178 1160 1225 tamen
1196 1169 1423 1239 penitus
1448 1186 1566 1240 quo
1601 1171 1751 1226 bona

71 1267 118 1315 et
145 1258 289 1315 mala
315 1258 604 1314 discernat
631 1258 840 1315 amittit
881 1259 1135 1326 oculum,
1185 1259 1281 1314 sed
1312 1262 1505 1313 scienti
1533 1261 1746 1327 bonum,

70 1357 237 1403 etnon
278 1350 509 1415 facienti
547 1354 826 1418 peccatum
864 1356 943 1402 est
990 1350 1076 1402 illi
1124 1349 1265 1415 (Jac.
1319 1363 1394 1413 tv,
1462 1351 1544 1419 l7)
1620 1350 1749 1405 Cla-

72 1443 170 1490 mat
202 1451 348 1504 vero,
383 1436 520 1507 quia
561 1437 655 1492 Dei
687 1436 933 1493 auribus
975 1436 1248 1492 horribile
1298 1435 1543 1503 insonat,
1595 1436 1748 1507 quod

70 1527 250 1581 divina
297 1534 350 1581 et
399 1535 602 1581 sancta
650 1540 826 1596 opera
873 1526 1235 1581 extrinsecus
1284 1533 1548 1592 ostentat,
1594 1535 1647 1581 et
1692 1544 1749 1579 se

72 1615 261 1670 diaboli
295 1615 607 1671 delubrum
651 1615 897 1671 scienter
942 1614 1187 1671 interius
1233 1615 1472 1671 dedicat.
1523 1614 1751 1670 Llatnor

70 1715 140 1760 est
170 1704 316 1760 enim
364 1703 464 1760 ubi
517 1713 629 1759 tota
660 1704 963 1775 impuritas
989 1704 1112 1760 sine
1139 1703 1547 1775 redargutione
1573 1704 1749 1759 scien-

72 1803 251 1863 terque
297 1802 351 1849 et
398 1808 471 1848 ex
506 1792 789 1850 industria
818 1792 1137 1865 peragitur.
1175 1793 1307 1848 Haec
1348 1801 1432 1849 est
1474 1809 1577 1847 00.13
1611 1808 1747 1847 san-

69 1885 230 1949 guinis
298 1884 523 1950 fratris,
588 1882 803 1938 scilicet
863 1896 937 1937 ex
992 1882 1194 1938 eadem
1249 1882 1386 1938 olim
1449 1882 1747 1938 voluntate

74 1970 351 2041 progeniti,
414 1970 628 2026 interni
684 1970 948 2027 videlicet
1002 1970 1136 2027 boni
1188 1986 1201 2026 :
1262 1970 1503 2042 sanguis
1558 1978 1748 2025 autem

76 2068 344 2131 peccatum
370 2068 477 2115 est.
511 2061 623 2115 Vw:
649 2074 785 2131 ergo
805 2063 1089 2128 sanguinis
1108 2061 1329 2126 clamat,
1356 2075 1509 2126 cum,
1535 2058 1749 2129 peccati

74 2150 413 2219 querimonia
456 2164 557 2219 per
600 2149 805 2205 mentis
849 2148 1243 2219 arrogantiam
1302 2149 1586 2218 despecta,
1652 2147 1749 2202 Dei

78 2238 386 2309 patientiam
417 2238 628 2293 acriter
659 2237 963 2308 inquietat.

135 2327 295 2384 Vsus.
328 2330 413 2383 ll.
456 2357 527 2366 —
555 2328 708 2383 Nunc
749 2343 873 2395 ergo
914 2327 1232 2382 maledictus
1281 2327 1389 2380 eris
1434 2341 1600 2394 super
1654 2329 1753 2377 ter-

78 2433 194 2485 ram,
226 2432 342 2487 quae
380 2419 601 2487 aperuit
630 2432 687 2472 os
715 2432 894 2483 suum,
925 2422 975 2471 et
1003 2421 1240 2486 suscepit
1285 2418 1608 2485 sanguinem
1636 2417 1753 2481 fra-

78 2509 162 2560 tris
207 2509 286 2561 tui
312 2507 380 2560 de
411 2521 582 2559 manu
621 2510 736 2559 tua.
782 2506 934 2576 Ergo
988 2506 1241 2561 innitens
1289 2504 1549 2569 terrenis,
1599 2511 1654 2559 et
1693 2502 1748 2560 itt

76 2596 179 2650 sola
202 2594 508 2666 superﬁcie
540 2609 639 2664 per
674 2594 1025 2665 hypocrisim
1057 2595 1221 2650 factis
1261 2593 1535 2663 operibus
1571 2594 1751 2648 male-

77 2684 241 2739 dictus
288 2684 444 2755 eris;
497 2684 553 2739 id
593 2691 676 2740 est
720 2684 949 2754 cognito
996 2691 1110 2740 tute
1158 2682 1432 2738 vanitatis
1480 2682 1752 2752 ligmento

76 2773 430 2830 exsecrationi
468 2772 789 2828 habeberis.
825 2774 956 2837 Quae
996 2780 1150 2829 terra
1183 2774 1247 2826 de
1274 2787 1440 2826 manu
1470 2776 1567 2824 tua
1616 2786 1751 2824 san-

74 2865 262 2927 guinem
285 2877 383 2918 ore
431 2870 635 2932 aperto
679 2861 939 2931 suscipit,
987 2862 1128 2932 quia
1177 2871 1442 2917 terrenus
1488 2858 1749 2924 allectus,

74 2952 378 3020 cupiditatis
417 2948 667 3021 propriae
714 2952 1032 3021 capacitate
1086 2951 1300 3016 laxata,
1351 2948 1415 3002 de
1454 2964 1639 3014 manu,
1695 2947 1749 3002 id

71 3040 229 3095 estde
269 3040 525 3096 forastici
568 3040 755 3109 operis
801 3040 985 3111 gloria
1032 3040 1270 3111 gavisus
1313 3045 1552 3092 mortem
1606 3036 1747 3091 inte-

75 3127 217 3183 rioris
243 3127 512 3196 hominis,
544 3127 597 3182 id
627 3136 710 3183 est
758 3128 1107 3199 sanguinem
1157 3126 1446 3182 inhianter
1492 3125 1748 3194 suscipit.
1780 3162 1819 3215 (ι

136 3217 291 3274 Vens.
315 3219 477 3272 1'2.—
502 3219 643 3272 Cum
666 3222 918 3287 operatus
937 3220 1113 3284 fueris
1130 3235 1265 3283 eam,
1295 3219 1347 3274 id
1369 3230 1453 3278 est
1473 3235 1606 3277 cum
1632 3230 1753 3274 cor-

78 3306 424 3377 pusjejunio,
468 3306 705 3377 vigiliis,
735 3306 995 3377 aliasque
1036 3305 1216 3379 [forte,
1264 3309 1527 3383 aliisque]
1581 3309 1751 3365 attri-

80 3410 233 3465 ver:s;
267 3399 383 3452 Non
431 3396 593 3450 dabit
620 3398 836 3463 fructus
876 3412 1022 3464 suos,
1056 3405 1296 3454 terrente
1326 3400 1538 3455 scilicet
1572 3412 1749 3469 quam

79 3486 303 3551 postulas
333 3485 550 3551 laudis,
585 3485 725 3556 quia
754 3501 925 3552 vagus
978 3497 1378 3556 super,terrum
1424 3493 1549 3543 eris.
1589 3488 1751 3555 Quod

76 3580 144 3628 κει
184 3575 251 3630 ad
294 3589 497 3631 omnes
545 3575 920 3631 tentatiouutn
969 3576 1253 3645 impulsus
1296 3578 1467 3633 etiam
1518 3578 1576 3633 in
1624 3577 1752 3634 evi-

76 3663 243 3718 dentia
282 3678 527 3733 operum
576 3671 808 3719 tuorum
860 3664 1141 3720 instabilis
1197 3665 1265 3721 de
1317 3666 1452 3722 vitio
1502 3681 1641 3722 sane
1693 3667 1750 3723 in

80 3751 256 3807 vilium
301 3752 608 3809 delaberis.
658 3754 928 3819 Pro/agas
973 3753 1146 3809 etiam
1199 3758 1324 3819 eris,
1380 3756 1540 3823 dum,
1596 3764 1752 3812 tetrte

76 3841 404 3897 conscientiae
436 3841 709 3909 exigente
741 3849 926 3907 reatu,
954 3841 1026 3896 ad
1058 3857 1288 3899 omnem
1317 3853 1528 3901 nutum
1566 3846 1750 3901 timori

78 3930 418 4001 sztbjacebis:
489 3929 635 4000 fuga
682 3944 937 4000 namque
991 3930 1171 3986 animi
1219 3932 1389 3988 timor
1441 3941 1555 3995 est;
1614 3934 1752 3989 solet

75 4033 281 4090 quoque
310 4020 412 4090 qui
449 4019 606 4091 fugit
650 4019 968 4088 praecedere
1014 4033 1148 4075 eum
1199 4020 1299 4090 qui
1354 4022 1748 4091 subsequitur,

76 4121 227 4176 seque
255 4108 415 4180 fugat
452 4124 466 4163 :
506 4109 799 4163 insecutor
830 4116 1021 4163 noster
1060 4108 1325 4165 diabolus
1353 4119 1453 4177 est,
1504 4110 1606 4180 qui
1652 4125 1755 4165 nos

78 4197 342 4264 tripliciter
387 4197 717 4264 insectatui,
759 4196 897 4252 dum
944 4204 1046 4252 aut
1095 4212 1198 4252 nos
1240 4206 1441 4260 tentat,
1485 4206 1588 4254 aut
1634 4199 1754 4254 ille-

81 4284 254 4341 cebras
292 4286 800 4355 opportunitatum
849 4285 1058 4339 nostris
1105 4286 1524 4355 cupiditatibus
1570 4287 1752 4343 admi-

87 4372 277 4440 nistrat,
310 4382 410 4431 aut
435 4374 678 4445 praemia
700 4373 1037 4443 perpetratis
1069 4374 1475 4444 iniquitatibus
1505 4377 1753 4432 subscri-

88 4460 243 4518 bendo
300 4470 705 4521 connumerat.
770 4467 1089 4519 Accusatur
1159 4471 1354 4520 autem
1414 4467 1753 4536 plerumque
1788 4469 1827 4521 Ι)

87 4548 327 4608 fallaciter
358 4551 748 4623 impulsionis,
780 4551 921 4622 quia
950 4552 1216 4621 praecedit
1242 4568 1421 4623 prava
1450 4555 1758 4625 cogitantis

89 4638 385 4699 adinventio
414 4640 636 4697 diaboli
670 4640 1002 4696 instantiam
1049 4641 1411 4711 impellentis,
1444 4644 1599 4699 unde
1626 4644 1755 4699 cui-

89 4725 197 4784 dam
223 4731 431 4788 dicitur
461 4748 476 4786 :
513 4732 737 4787 Mittam
763 4735 811 4784 te
848 4730 999 4787 sicut
1023 4732 1202 4800 pilam
1252 4735 1311 4787 in
1354 4739 1557 4788 terram
1587 4736 1757 4789 latam

92 4816 198 4882 (lsa.
238 4834 372 4888 χχιι,
428 4821 538 4891 18),
585 4820 726 4889 quia
759 4819 874 4890 pila
921 4834 1054 4875 cum
1103 4819 1340 4890 jacitur,
1389 4822 1522 4893 plus
1575 4824 1758 4879 currit

87 4904 352 4975 aliquoties
393 4922 580 4980 quam
624 4907 758 4964 velit
806 4907 854 4963 is
883 4921 918 4963 a
969 4922 1087 4978 quo
1139 4909 1411 4978 mittitur,
1460 4918 1515 4967 et
1571 4911 1705 4967 alibi
1743 4928 1755 4965 :

91 4992 227 5061 Fugit
258 4998 469 5054 stultus
519 5000 734 5051 nemine
767 5002 1117 5067 persequente
1163 4997 1345 5066 (Prov.
1400 5013 1599 5065 xxvttt,
1658 5000 1759 5069 l);

89 5089 132 5135 et
171 5098 401 5142 rursus:
451 5087 731 5143 Abierant
772 5086 975 5155 absque
1018 5088 1351 5152 fortitudine
1390 5093 1515 5143 ante
1561 5090 1759 5155 faciem

90 5171 423 5244 subsequentis
481 5176 706 5246 (Thren.
734 5190 773 5242 ι,
819 5176 894 5244 6).
950 5176 1068 5231 Hoc
1109 5175 1290 5246 igitur
1320 5177 1487 5232 modo
1518 5177 1759 5248 quilibet

94 5258 345 5328 hypocrita
379 5262 663 5335 profugit,
693 5263 833 5319 dum
879 5262 1120 5319 tentanti
1164 5264 1334 5329 cedit,
1379 5272 1482 5320 aut
1533 5273 1763 5321 tentan-

92 5354 179 5403 tetn
217 5354 504 5419 praevenit.
553 5352 691 5417 Ista,
734 5352 873 5407 dum
927 5366 1087 5407 mens
1132 5352 1534 5409 ratiocinando
1584 5354 1750 5423 quasi

98 5434 184 5491 Deo
212 5439 338 5497 inse
385 5443 666 5513 loquente
693 5440 864 5497 simul
928 5441 1222 5511 praevidet,
1266 5451 1370 5498 aut
1419 5442 1762 5513 pedetentim

94 5530 396 5594 experiendo
442 5529 744 5601 persentit,
792 5528 934 5599 quia
979 5529 1307 5585 unctionem
1352 5529 1600 5600 Spiritus
1648 5543 1763 5585 non

97 5614 287 5685 accipit,
342 5620 492 5677 inter
552 5632 613 5675 se
665 5631 733 5672 ac
783 5618 961 5674 Deum
1021 5620 1292 5687 parietem
1349 5618 1769 5688 desperationis

100 5702 339 5762 obtendit.

1925 551 2090 608 Vnus.
2143 553 2223 606 l3.
2265 581 2333 590 —
2385 552 2567 621 Major
2610 556 2688 607 est
2743 553 3010 622 iniquitas
3077 569 3215 619 mea,
3276 569 3443 623 quam
3500 558 3560 608 ut

1856 641 2068 694 veniam
2100 656 2325 694 merear.
2355 640 2539 696 Tanta
2580 648 2665 695 est
2714 640 2923 711 inquit,
2972 650 3237 697 coutexno
3286 641 3557 697 vitiorum

1862 737 1924 785 ut
1951 729 2212 799 expediri
2243 744 2277 784 a
2304 743 2392 785 me
2431 737 2681 799 nequeat
2723 729 2842 785 nlla
2868 730 3233 801 congestione
3259 731 3561 786 bonorum.

1931 818 2096 874 Vens.
2134 819 2222 873 14.
2260 849 2325 858 —-
2358 821 2488 874 Ecce
2514 819 2672 887 ejicis
2706 835 2786 874 me
2818 820 2977 873 hodie
3001 836 3035 873 a
3060 821 3209 885 facie
3253 824 3409 875 terra
3445 824 3496 873 et
3524 835 3560 874 a

1858 909 2003 973 facie
2024 913 2118 961 tua
2156 908 2484 975 abscondar,
2516 914 2566 963 et
2595 924 2684 964 ero
2716 924 2888 977 vagus
2918 913 2967 963 et
2998 910 3272 977 profugus
3300 911 3360 962 in
3388 913 3557 963 terra.

1863 997 2098 1053 Frustra
2123 1011 2323 1065 nempe
2361 998 2598 1067 niterer;
2632 998 2786 1066 ejicis
2817 996 2977 1053 enim
3006 1012 3089 1051 me
3125 1013 3159 1050 a
3204 999 3349 1063 facie
3379 1002 3555 1063 terrm,

1861 1085 1915 1141 id
1944 1093 2030 1141 est
2062 1100 2096 1139 a
2119 1085 2443 1155 cognitione
2474 1086 2604 1154 mei,
2628 1085 2949 1142 fraudando
2980 1099 3069 1141 me
3095 1084 3560 1156 videlicetgratia

1862 1181 1981 1241 tua,
2013 1181 2075 1229 ut
2111 1188 2165 1229 in
2217 1175 2526 1243 reprobum
2580 1174 2778 1244 lapsus
2820 1188 3053 1230 sensum
3084 1177 3319 1242 terram,
3375 1174 3431 1229 id
3477 1181 3560 1229 est

1863 1272 2212 1333 peccatorem
2250 1278 2339 1318 me
2368 1264 2643 1325 diflitear;
2690 1263 2946 1333 peccanti
2978 1263 3130 1319 enim
3177 1262 3394 1318 dictum
3426 1271 3510 1318 est
3544 1277 3556 1316 :

1865 1357 2034 1409 Terra
2062 1352 2192 1407 i-s'et
2225 1355 2282 1405 in
2302 1357 2509 1407 terram
2547 1354 2650 1407 ibis
2685 1355 2834 1419 (Gen.
2878 1367 2958 1418 ttt,
2996 1354 3099 1418 19),
3138 1360 3371 1422 peccata
3400 1351 3560 1407 scili-

1859 1447 1945 1495 cet
1978 1454 2102 1494 tnea
2140 1455 2252 1495 tton
2286 1440 2531 1505 videam,
2575 1448 2630 1495 et
2680 1440 2784 1496 hoc
2832 1440 3017 1507 hodie,
3067 1440 3121 1495 id
3176 1448 3261 1495 est
3294 1440 3560 1510 quandiu

1863 1528 2236 1599 intelligentia
2298 1528 2658 1583 discretionis
2714 1528 2894 1584 fruor.
2960 1529 3121 1596 Quod
3189 1537 3272 1583 est
3325 1528 3557 1583 dicere:

1858 1616 2003 1672 Cum
2042 1631 2130 1672 me
2159 1616 2500 1671 exctecando
2548 1616 2800 1672 alienum
2832 1631 2866 1672 a
2913 1621 2987 1682 te,
3018 1624 3075 1673 et
3118 1631 3153 1672 a
3193 1630 3283 1673 me
3314 1616 3438 1687 ipso
3483 1616 3561 1672 fa-

1858 1707 1997 1771 cias,
2039 1704 2321 1776 injustum
2355 1705 2519 1761 valde
2550 1705 2730 1761 videri
2761 1713 2960 1775 potest,
2996 1706 3153 1775 quod
3183 1720 3317 1761 curn
3368 1705 3561 1760 adhuc

1859 1796 1929 1851 de
1960 1796 2101 1851 meis
2147 1794 2431 1849 indoleam
2460 1794 2770 1861 erratibus,
2816 1794 2954 1850 facis
3002 1801 3067 1849 ut
3117 1794 3293 1850 etiam
3338 1810 3372 1847 a
3418 1796 3563 1860 facie

1861 1890 1956 1939 tua
1986 1883 2312 1947 abscondar,
2356 1882 2410 1937 id
2439 1889 2524 1938 est
2554 1897 2587 1937 a
2619 1882 2866 1938 videnda
2898 1881 3083 1953 gloria
3131 1890 3232 1938 tua
3279 1890 3559 1952 tanquatn

1862 1973 2074 2043 impius
2106 1971 2159 2026 in
2191 1972 2385 2027 futuro
2410 1971 2596 2039 tollar,
2632 1984 2849 2042 vagum
2878 1978 2933 2026 et
2965 1970 3278 2041 profugum
3314 1985 3402 2027 me
3431 1971 3563 2027 efli-

1860 2061 2059 2117 ciendo
2091 2064 2148 2115 in
2180 2066 2349 2127 terra,
2384 2060 2613 2116 labilem
2646 2074 2746 2129 per
2768 2060 2925 2125 vitia,
2958 2073 3026 2114 ac
3056 2060 3231 2115 totius
3257 2060 3390 2115 boni
3418 2059 3564 2115 refu-

1860 2165 1989 2221 gam
2023 2165 2112 2205 me
2145 2150 2264 2206 tieri
2298 2149 2629 2219 permittens
2671 2164 2769 2219 per
2805 2149 3096 2204 evidentia
3138 2162 3332 2218 opera.
3375 2149 3561 2204 Omnis

1861 2241 2035 2307 igitur
2065 2242 2161 2308 qui
2191 2241 2456 2292 invenerit
2494 2253 2593 2305 me,
2636 2238 2843 2292 occidet
2878 2253 2975 2291 me.
3030 2237 3130 2292 Ille
3180 2252 3269 2292 me
3316 2237 3558 2302 invenit,

1861 2326 1962 2398 qui
1993 2342 2114 2385 esse
2139 2342 2333 2383 meum
2375 2326 2431 2382 id
2480 2333 2566 2383 est
2619 2325 2797 2382 vitam
2844 2325 3183 2397 vestigando
3232 2325 3461 2396 reperit,
3506 2334 3562 2382 et

1860 2417 2086 2482 occidit,
2114 2418 2159 2472 si
2190 2416 2502 2473 criminum
2539 2429 2802 2472 meorum
2846 2416 3171 2486 quantitate
3223 2414 3561 2485 perterritus

1861 2521 2018 2577 spent
2050 2506 2236 2561 venite
2267 2506 2408 2561 mihi
2433 2510 2527 2560 31
2562 2504 2783 2561 adimit.
2813 2504 2918 2560 Sed
2950 2504 3267 2560 notandum
3313 2504 3563 2575 qualiter

1861 2595 1920 2651 in
1945 2596 2125 2651 Deum
2139 2609 2275 2650 suas
2289 2592 2796 2665 homointorqueat
2815 2593 3123 2665 nequitias.
3148 2593 3363 2661 Tu,ait,
3384 2593 3559 2661 ejicis,

1861 2701 1942 2739 me
1972 2700 2007 2738 a
2036 2686 2183 2752 facie
2215 2688 2390 2749 terrae,
2433 2683 2489 2739 id
2518 2690 2608 2739 est
2649 2690 2713 2740 tu
2753 2696 2957 2739 curam
3006 2682 3112 2739 mei
3162 2681 3302 2738 mihi
3347 2680 3559 2748 aufers,

1859 2781 1914 2831 et
1941 2774 2046 2829 hoc
2072 2781 2199 2829 uta
2229 2772 2371 2829 facie
2408 2779 2509 2828 tua
2537 2772 2881 2839 abscondar,
2925 2772 3081 2842 quod
3129 2778 3215 2827 est
3261 2785 3296 2827 a
3341 2771 3424 2826 tui
3476 2770 3560 2826 vi-

1860 2863 2020 2918 sione
2047 2861 2332 2929 secludar,
2382 2868 2437 2917 et
2482 2860 2607 2916 ideo
2659 2860 2730 2916 ab
2765 2860 3099 2917 hominibus
3132 2861 3255 2931 jam
3293 2859 3558 2929 despera-

1862 2950 2119 3006 tissimus
2149 2950 2331 3005 dicar.

1932 3039 2103 3095 Vnus.
2135 3041 2234 3109 .15.
2284 3067 2355 3078 —
2411 3039 2787 3108 Nequaquam,
2846 3040 2930 3091 ait
2982 3040 3260 3103 Dominus,
3328 3040 3409 3091 ita
3442 3036 3558 3106 fiet,

1859 3128 1957 3184 sed
1984 3130 2289 3198 quicunque
2328 3127 2580 3182 occiderit
2604 3127 2739 3183 Cain
2766 3124 3079 3195 septuplum
3118 3127 3401 3194 punietur.
3434 3124 3562 3180 Non

1861 3218 1964 3288 qui
1994 3226 2047 3274 te
2084 3217 2371 3284 occiderit,
2420 3216 2515 3270 sed
2550 3214 2652 3285 qui
2696 3215 2832 3270 Cain
2874 3214 3147 3268 occiderit.
3200 3214 3560 3283 Inquantum

1862 3320 2066 3376 nempe
2095 3305 2179 3362 tui
2211 3304 2487 3375 possessio
2513 3318 2592 3369 es,
2628 3304 2976 3373 inquantum
3020 3309 3071 3358 te
3099 3302 3367 3372 castigas,
3418 3308 3473 3356 et
3503 3302 3561 3356 in

1860 3395 2158 3452 servitium
2217 3407 2428 3463 corpus
2482 3392 2713 3462 redigis,
2772 3392 2914 3462 quia
2970 3406 3089 3461 qua
3145 3390 3454 3446 intentione
3506 3388 3561 3445 id

1862 3485 2036 3541 facias
2092 3484 2371 3547 nesciens,
2447 3489 2497 3537 te
2567 3480 2886 3551 hypocrisis
2940 3480 3111 3549 culpa
3173 3479 3557 3543 damnaverit,

1859 3572 2167 3641 septuplum
2219 3571 2500 3639 punietur,
2548 3568 2850 3624 exterioris
2900 3574 2955 3622 et
3015 3566 3303 3622 interioris
3332 3566 3561 3633 fsciliect

1860 3661 2047 3731 operis
2093 3659 2176 3715 tui
2223 3656 2608 3728 peremptione
2654 3670 2786 3711 reus
2829 3655 3156 3711 habebitur.
3192 3654 3562 3724 Septenarius

1862 3750 2077 3819 quippe
2108 3759 2389 3803 numerus
2418 3745 2476 3799 in
2506 3750 2760 3814 quatuor
2785 3750 2841 3799 et
2892 3743 3002 3797 tria
3050 3742 3347 3798 dividitur.
3401 3741 3560 3807 Qua-

1862 3847 1993 3894 tuor
2021 3834 2317 3893 elemeutis
2347 3846 2576 3901 corpus,
2614 3832 2801 3887 tribus
2847 3831 3262 3900 principalibus
3311 3831 3563 3886 motibus

1864 3926 2175 3991 intellectu,
2225 3921 2523 3986 memoria,
2577 3920 2872 3976 voluntate
2918 3919 3115 3975 anima
3161 3926 3403 3975 constat.
3454 3919 3563 3985 Qui

1860 4031 1997 4087 ergo
2066 4013 2376 4078 hominem,
2458 4011 2587 4066 licet
2662 4007 3019 4078 hypocritam
3089 4008 3217 4064 licet
3268 4007 3562 4075 vitiosum,

1863 4119 2039 4175 quem
2079 4112 2269 4160 tamen
2317 4114 2508 4170 neque
2552 4106 2708 4153 certo
2757 4096 3138 4166 hypocritam,
3203 4110 3308 4151 nec
3363 4110 3566 4152 revera

1862 4195 2131 4252 vitiosum
2167 4192 2464 4262 comperit,
2498 4188 2833 4260 praejudicio
2864 4188 3121 4254 damnat,
3171 4188 3565 4257 corporalium

1863 4301 1929 4341 ac
1973 4282 2362 4354 spiritualium
2417 4281 2545 4351 ejus
2593 4280 2899 4345 bonorum,
2949 4277 3172 4333 etiamsi
3221 4276 3383 4333 nulla
3427 4277 3563 4343 sint,

1863 4381 2151 4443 quantum
2181 4385 2287 4427 sua
2325 4370 2574 4434 interest,
2610 4382 2731 4423 sese
2764 4366 3070 4423 homicidio
3119 4366 3365 4437 obligat;
3412 4364 3562 4421 idem

1866 4478 2003 4519 sane
2032 4461 2311 4516 veraciter
2340 4459 2489 4514 bono
2519 4457 2755 4514 cuilibet
2785 4456 2949 4512 facile
2983 4456 3283 4527 irrogaret,
3331 4455 3434 4525 qui
3485 4454 3567 4510 illi

1866 4550 2154 4623 incognito
2225 4549 2527 4604 indiscrete
2606 4546 2925 4603 convitium
3010 4545 3198 4600 infert.
3275 4546 3569 4612 Posuitque

1868 4642 2124 4696 Dominus
2156 4641 2290 4695 Cain
2322 4640 2560 4704 signum,
2593 4641 2653 4689 ut
2704 4651 2810 4690 non
2839 4651 2960 4689 eum
3009 4635 3338 4688 interﬁceret
3392 4637 3567 4687 omnis

1866 4732 1964 4799 qui
1992 4731 2284 4783 invenisset
2322 4741 2459 4779 eum.
2506 4725 2667 4780 Ponit
2713 4724 2991 4779 Dominus
3018 4725 3250 4793 signum
3292 4723 3353 4777 in
3401 4722 3566 4787 Cain,

1866 4820 2007 4875 dum
2039 4833 2227 4887 neque
2259 4816 2561 4872 hominum
2608 4816 2865 4885 signatas
2903 4812 3153 4874 interim,
3193 4812 3247 4866 id
3292 4819 3378 4866 est
3425 4826 3570 4867 con-

1867 4917 2044 4965 tectas
2102 4907 2321 4978 patitur
2364 4919 2484 4961 esse
2542 4902 2852 4973 nequitias,
2913 4908 2977 4958 ut
3032 4915 3067 4956 a
3114 4901 3340 4956 nemine
3391 4900 3572 4971 digna

1869 5005 2051 5054 morte
2071 5004 2284 5053 aeterna
2313 5008 2514 5051 eorum
2560 4992 2617 5047 in
2664 4992 2773 5048 hoc
2800 4990 3011 5048 saeculo
3055 4989 3361 5061 aliquoties
3404 4990 3570 5061 judi-

1868 5086 1988 5143 cari
2020 5085 2195 5156 possit
2225 5084 2518 5154 iniquitas.
2556 5081 2610 5138 Si
2656 5081 2810 5138 enim
2860 5081 3104 5150 abrupte
3144 5080 3569 5150 judicaremus,

1869 5175 2113 5241 dignum
2148 5173 2266 5229 vita
2300 5170 2591 5227 multoties
2621 5169 2793 5226 morti
2826 5169 3247 5225 addiceremus.

1946 5264 2116 5320 Vsus.
2150 5265 2234 5316 16,
2281 5290 2350 5301 -
2388 5262 2759 5329 Egressusque
2805 5259 2941 5315 Cain
2970 5273 3005 5311 a
3041 5259 3187 5324 facie
3217 5259 3437 5312 Domini
3466 5258 3573 5311 ha-

1873 5353 2068 5407 bitavit
2089 5352 2357 5421 profugus
2387 5352 2447 5402 in
2477 5354 2625 5402 terra
2652 5347 2727 5402 ad
2769 5348 3086 5403 orientalem
3126 5347 3351 5417 plagam
3395 5346 3569 5401 Eden.

1871 5439 2018 5506 Quia
2047 5439 2244 5509 itaque
2274 5437 2332 5493 in
2366 5451 2473 5493 sua
2502 5436 2640 5493 Cain
2678 5436 2747 5490 ad
2782 5443 3009 5505 tempus
3039 5435 3175 5491 latet
3201 5434 3576 5497 conscientia,

1873 5542 2114 5584 securus
2142 5526 2439 5596 egreditur
2468 5538 2501 5580 a
2535 5524 2678 5580 facie
2706 5525 2955 5590 Domini,
2998 5524 3054 5581 id
3099 5533 3183 5580 est
3215 5524 3440 5579 favores
3473 5538 3573 5593 per

1876 5618 2162 5673 humanos
2217 5628 2453 5684 sparsus
2500 5629 2615 5670 non
2667 5614 2909 5668 aestimat
2961 5613 3131 5677 mala,
3180 5626 3313 5681 quae
3362 5612 3584 5667 occulte

1811 5753 1822 5762 .
1876 5706 2015 5777 agit,
2067 5706 2245 5761 Deum
2282 5704 2494 5759 habere
2542 5703 2599 5759 in
2630 5703 2911 5765 notitiam,
2946 5708 3047 5756 aut
3076 5702 3196 5756 haec
3219 5700 3585 5755 dissimulare
