3956 6458
347 445 415 500 83
1245 446 1304 498 ν.
1346 443 1674 501 GUIBER'I'I
1713 443 2002 500 ABBATIS
2036 443 2099 498 S.
2147 442 2384 500 IMRle
2425 441 2518 499 DE
2557 440 2948 500 NOVIGENTO
3812 444 3884 496 88

349 576 622 634 scientem
670 575 875 648 pieque
930 576 1242 647 ignoscere,
1294 576 1564 634 habitans
1608 575 1668 633 in
1711 584 1863 633 terra
1912 589 2037 647 pro-
2073 578 2118 631 A
2149 581 2378 632 vocatos
2414 575 2506 632 sui
2557 575 2854 632 occasione
2902 575 3182 634 devocare
3220 577 3378 634 solet.
3437 579 3696 646 Uxorem,
3768 576 3882 642 ait,

349 663 544 734 fugus,
606 663 788 735 figens
850 664 1065 720 scilicet
1137 665 1194 721 in
1269 665 1510 722 terrenis
1579 665 1861 732 animum,
1933 681 2039 722 nec

355 751 509 808 illam
569 766 836 823 quaerens
883 752 1194 820 civitatem,
1252 753 1424 824 cujus
1486 755 1679 824 opifex
1745 763 1826 808 est
1891 755 2045 811 Deus

354 841 542 910 (Hebr.
575 855 654 908 xt,
694 844 800 909 l0),
831 840 1058 898 uerens
1097 841 1328 908 inlimis,
1373 843 1470 897 sed
1515 843 1731 912 ubique
1773 841 2043 900 vitiorum

354 928 684 1001 diﬂugiens,
757 945 874 1000 quo
933 930 1175 986 seminat
1237 929 1496 995 affectus,
1566 937 1835 986 versatur
1892 931 2046 986 circa

355 1017 686 1074 orientalem
719 1018 948 1088 plagam
994 1019 1174 1086 Eden,
1231 1018 1385 1088 quod
1447 1020 1857 1088 interpretatur
1901 1019 2042 1073 deli-

357 1107 586 1161 ciarum.
637 1106 763 1162 Non
807 1106 986 1177 igitur
1038 1106 1097 1162 in
1146 1106 1382 1172 oriente,
1435 1113 1500 1162 ut
1563 1107 1632 1162 de
1671 1107 2048 1163 orientalibus

357 1201 526 1262 esset,
557 1194 710 1250 inter
751 1208 899 1264 quos
946 1207 1195 1264 magnus
1241 1201 1363 1250 erat
1409 1193 1532 1261 Job,
1567 1200 1622 1250 et
1652 1195 1772 1250 veri
1803 1194 2048 1251 Orientis

359 1282 577 1339 lumine
601 1282 966 1346 lustraretur,
998 1283 1094 1338 sed
1124 1282 1200 1336 ad
1228 1284 1541 1336 orientalem
1570 1283 1814 1352 plagam,
1869 1283 1922 1338 id
1965 1290 2050 1340 est

361 1370 435 1426 ad
483 1370 906 1426 simulationem
955 1370 1288 1426 intentionis
1332 1384 1554 1438 eorum,
1613 1385 1862 1442 quorum
1907 1385 2049 1427 con-

360 1459 609 1514 versatio
640 1459 697 1514 in
746 1459 902 1514 cmlis
938 1465 1022 1514 est
1063 1459 1283 1528 )Philip.
1333 1473 1416 1523 tu,
1461 1459 1569 1524 l0),
1603 1459 1820 1529 quibus
1857 1459 2052 1515 vivere

361 1545 624 1602 Christus
655 1553 740 1602 est
771 1547 991 1616 (Philip.
1024 1561 1061 1613 ι,
1093 1546 1202 1611 2|).
1237 1545 1461 1602 Deliciae
1499 1553 1689 1602 autem
1719 1554 2050 1604 sanctorum

360 1641 498 1690 sunt
536 1647 703 1690 sacra
743 1634 997 1705 eloquia,
1040 1634 1097 1690 in
1143 1634 1360 1705 quibus
1394 1649 1453 1690 se
1504 1635 1862 1704 potissimum
1909 1635 2056 1692 dele-

362 1721 526 1789 ctari,
561 1735 739 1792 seque
775 1735 847 1777 ea
892 1729 1138 1778 tractare
1185 1722 1430 1778 libenter
1474 1729 1780 1790 ostentant,
1831 1731 1886 1780 et
1925 1723 2055 1779 inde

363 1810 678 1881 hypocrita;
720 1810 1123 1880 spiritualibus
1175 1826 1236 1868 se
1293 1810 1602 1881 Scripturte
1652 1811 1837 1878 dictis,
1887 1811 2052 1882 quasi

365 1871 620 1968 quadam
660 1871 923 1954 orientali
955 1899 1080 1956 luce
1121 1871 1458 1956 clariﬁcant.
1506 1900 1570 1956 In
1615 1899 1704 1956 his
1749 1871 1966 1956 deliciis
1997 1903 2057 1956 in
2097 1871 2136 1925 Β

365 1985 602 2044 Cantico
662 1986 874 2043 amoris
927 2001 1136 2057 sponsa
1187 1987 1514 2042 charissima
1572 1995 1814 2044 vocatur
1864 1989 2051 2056 (Cant.

367 2090 464 2140 vn,
509 2075 586 2146 6).
640 2075 800 2133 Unde
846 2076 995 2132 idem
1045 2090 1180 2132 cum
1228 2083 1456 2132 terrena
1499 2090 1736 2146 prorsus
1783 2083 1840 2133 et
1885 2089 2060 2147 opera

365 2163 541 2220 totius
599 2163 968 2221 obscuritatis
1037 2163 1322 2232 affectent,
1391 2165 1462 2220 de
1526 2164 1774 2222 videndo
1833 2167 1944 2222 Deo
2005 2172 2060 2222 et

366 2250 845 2320 contemplatione
875 2251 1187 2307 cmlestium
1232 2251 1519 2308 subtiliter
1545 2252 1884 2322 eloquendo,
1917 2267 1983 2309 ac
2013 2253 2060 2308 si

367 2339 673 2409 cujusdam
730 2339 1086 2408 voluptuosae
1113 2339 1476 2396 claritudinis
1517 2340 1701 2411 gloria
1727 2341 2058 2398 circumfusi

369 2427 572 2482 intima
623 2441 725 2482 sua
768 2427 1005 2497 palliare
1039 2428 1242 2494 solent,
1289 2436 1345 2484 et
1394 2429 1568 2485 verbo
1612 2429 1877 2499 praeferre
1927 2429 2062 2487 libet

368 2515 524 2586 quod
557 2516 848 2573 mentibus
871 2517 1012 2574 atris
1037 2530 1408 2588 nequaquam
1440 2517 1714 2587 sapiendo
1744 2508 1916 2587 patet.

443 2603 614 2660 Vnus.
652 2606 736 2659 l7.
783 2636 852 2645 —
899 2606 1167 2674 Cognovit
1205 2610 1387 2661 autem
1429 2607 1575 2660 Cain
1616 2621 1839 2660 uxorem
1885 2621 2059 2672 suam,

371 2709 490 2763 qua
517 2693 776 2763 concepit,
808 2698 860 2748 et
891 2696 1106 2764 peperit
1133 2695 1362 2749 Henoch.
1415 2694 1568 2750 Licet
1616 2695 1688 2750 ad
1729 2695 2060 2750 orientalem

372 2781 710 2838 deliciarum
783 2790 1000 2852 partem
1055 2782 1194 2838 Cain
1251 2782 1501 2838 habitari
1551 2783 1837 2848 videatur,
1895 2783 2065 2839 habet

373 2876 567 2926 tamen
609 2884 872 2939 uxorem,
941 2870 1096 2927 illam
1144 2870 1359 2928 scilicet
1405 2885 1539 2942 quae
1577 2871 1650 2927 ad
1694 2885 1915 2928 uenam
1965 2871 2062 2926 Dei

2148 664 2315 730 duxi;
2373 669 2424 718 et
2479 665 2600 719 ideo
2657 681 2762 719 non
2825 681 3042 734 possum
3097 670 3282 721 venire
3352 668 3497 733 (Luc.
3558 667 3806 734 xxv,20)
3865 683 3880 720 :

2153 754 2310 809 Uxor
2341 761 2532 809 autem
2566 753 2688 808 haec
2715 762 2798 808 est
2831 754 3091 822 γιιιψιεε
3121 769 3240 824 qua
3269 754 3326 810 in
3363 754 3705 811 transitoria
3745 769 3886 824 pos-

2150 841 2398 896 sessione
2426 849 2481 896 et
2507 841 2676 896 laude
2721 842 3107 909 convolxitur,
3161 843 3288 898 licet
3333 842 3445 898 alia
3492 843 3765 908 simulet,
3827 849 3888 897 et

2151 928 2461 985 sinceriora
2489 927 2754 984 affectam
2794 929 3078 986 videatur.
3131 930 3292 986 Unde
3332 938 3387 986 et
3437 930 3608 1000 paulo
3653 929 3888 986 subter

2151 1017 2410 1087 ejusdem
2455 1017 2594 1073 Cain
2653 1018 3020 1088 generatione
3066 1025 3335 1074 contexta
3381 1017 3593 1075 Noema
3645 1017 3890 1074 mulier

2151 1113 2416 1161 extrema
2444 1106 2741 1172 attexitur,
2769 1120 2900 1176 quae
2917 1107 3170 1176 voluptas
3201 1106 3628 1177 interpretatur,
3655 1107 3720 1162 in
3749 1119 3888 1176 qua

2156 1193 2344 1248 ﬁnalis
2377 1193 2747 1264 reproborum
2783 1194 3022 1250 intentio
3063 1195 3390 1251 denotatur.
3440 1195 3601 1250 Hanc
3629 1209 3887 1264 cogno-

2155 1282 2259 1338 scit
2301 1282 2569 1352 quisquis
2615 1296 2716 1352 pro
2773 1281 3076 1339 dulcedine
3140 1283 3505 1352 praesentium
3558 1282 3888 1354 postponit

2159 1371 2568 1426 beatitudinem
2639 1371 2990 1438 futurorum,
3064 1372 3212 1428 hanc
3272 1372 3586 1443 cognoscit,
3647 1371 3888 1427 misere

2160 1459 2360 1530 utique
2387 1459 2703 1529 experitur,
2737 1459 2838 1529 qui
2881 1459 2927 1514 si
2961 1474 3184 1530 semper
3228 1460 3439 1516 durare
3469 1461 3664 1530 possit,
3701 1473 3884 1515 nun-

2159 1561 2335 1618 quam
2367 1547 2522 1602 aliud
2554 1547 2832 1603 szeculum
2871 1561 2930 1603 se
2960 1549 3102 1603 velle
3139 1548 3365 1604 fatetur.
3402 1549 3538 1604 [nde
3579 1548 3883 1618 concipit,

2159 1646 2214 1690 et
2256 1636 2406 1706 parit
2455 1635 2706 1703 Henoch,
2750 1635 2805 1691 id
2845 1644 2952 1705 est,
2993 1635 3405 1705 dedicationem,
3441 1637 3582 1708 quia
3634 1643 3882 1699 tantus,

2160 1731 2215 1779 et
2239 1731 2355 1780 tam
2390 1724 2658 1794 pestilens
2696 1724 2897 1780 mundi
2929 1738 3091 1780 amor
3115 1725 3320 1781 mentis
3363 1725 3419 1780 in
3467 1725 3634 1781 nobis
3679 1724 3884 1780 efficit

2162 1811 2631 1881 obstinationem;
2665 1811 2908 1868 facimus
2949 1813 3102 1869 enim
3136 1812 3566 1879 dedicationem,
3617 1826 3764 1868 cum
3804 1809 3883 1866 ad

2165 1901 2360 1957 saeculi
2408 1901 2821 1956 oblectamenta
2863 1909 3297 1970 perseveranter
3362 1901 3612 1957 amanda
3676 1899 3886 1956 animi

2166 1988 2523 2044 ostendimus
2580 1989 3058 2045 obtirmationem.
3095 1992 3163 2044 Et
3204 1989 3501 2057 zdiﬁcavit
3538 1991 3881 2049 civitatem;

2169 2080 2222 2131 et
2256 2080 2468 2132 vocavit
2499 2092 2686 2132 nomen
2715 2079 2835 2146 ejus
2871 2093 2939 2132 ea:
2969 2080 3182 2132 nomine
3208 2079 3316 2146 ﬁlii
3360 2080 3449 2132 sui
3490 2078 3726 2132 Henoch.
3781 2076 3889 2133 Ci-

2171 2165 2318 2221 vitas
2346 2164 2683 2231 aediﬁcatur,
2714 2180 2848 2222 cum
2896 2165 3002 2221 sibi
3044 2164 3319 2221 similium
3363 2163 3580 2220 homini
3625 2163 3890 2220 cuilibet

2172 2268 2421 2324 nequam
2451 2253 2915 2310 conventiculum
2961 2261 3330 2324 aggregatur.
3382 2255 3468 2309 Ex
3500 2269 3713 2308 nomine
3765 2253 3888 2316 ﬁlii

2172 2349 2358 2408 vocat,
2400 2355 2532 2397 cum
2581 2343 2649 2396 ad
2692 2343 2949 2399 eamdem
3005 2342 3232 2412 pessimi
3290 2342 3563 2412 propositi
3606 2340 3890 2397 destina-

2171 2430 2381 2486 tionem
2418 2430 2780 2500 impmnitens
2817 2430 3157 2502 sequacium
3200 2445 3298 2486 cor
3337 2437 3630 2500 provocat.
3685 2430 3890 2486 Multa

2172 2533 2343 2588 super
2388 2519 2475 2574 his
2535 2526 2591 2574 et
2638 2519 2988 2589 quibusdam
3038 2534 3170 2589 quae
3216 2526 3548 2589 sequuntur
3591 2519 3886 2581 dicerem,

2171 2608 2283 2663 nisi
2331 2609 2561 2663 beatum
2612 2608 3005 2678 Augustinum
3055 2616 3110 2664 et
3177 2608 3413 2664 Patrum
3461 2607 3691 2678 aliquos
3739 2607 3888 2662 inde

2174 2703 2445 2753 tractasse
2475 2696 2695 2752 scirem.
2726 2697 2828 2752 Hic
2857 2705 3049 2752 autem
3079 2703 3134 2753 et
3165 2695 3307 2752 alias
3347 2695 3561 2752 evitavi
3592 2695 3889 2752 Hebraeo-

2174 2798 2305 2842 rum
2337 2785 2634 2841 nominum
2658 2785 3004 2856 congeriem.

1451 3038 1755 3081 EXPLICIT
1801 3038 1992 3081 LIBER
2034 3037 2384 3082 SECUNDUS
2430 3039 2805 3082 MORALIUM.

1561 3352 1915 3426 INCIPIT
1971 3353 2253 3427 LIBER
2308 3352 2713 3426 TERTIUS

1181 3550 2034 3656 MORALIUM
2132 3551 2292 3654 IN
2391 3549 3087 3654 GENESIN.

1067 3893 1301 3950 CAPUT
1333 3891 1398 3946 V.

457 4025 557 4077 39
587 4019 760 4075 Vnus.
791 4017 882 4074 3i.
913 4045 982 4057 -—
1020 4017 1130 4071 Noe
1163 4030 1282 4070 cum
1331 4019 1746 4084 quingentorum
1789 4021 1927 4070 esset
1973 4031 2079 4070 an-

387 4123 598 4175 norum,
657 4107 843 4174 genuit
901 4105 1040 4170 Sem,
1107 4104 1294 4168 Citam,
1344 4108 1396 4158 et
1457 4103 1712 4172 Japhelh.
1783 4103 1900 4160 Noe
1973 4101 2082 4158 fuit

391 4197 544 4254 ﬁlius
564 4193 826 4251 Lamech.
853 4191 1096 4248 Lamech
1118 4191 1418 4260 disciplina
1441 4191 1682 4261 dicitur;
1705 4191 1822 4248 Noe
1846 4193 2076 4260 requies.

392 4285 474 4340 Ex
508 4281 812 4352 disciplina
841 4295 978 4350 ergo
1029 4279 1253 4349 requies
1283 4279 1488 4346 oritur,
1521 4293 1653 4350 quae
1695 4279 1799 4335 etsi
1830 4279 1886 4334 in
1928 4293 2080 4348 prae-

392 4371 537 4429 senti
573 4370 832 4427 maeroris
869 4375 972 4432 est,
1007 4367 1433 4438 pacatissimam
1466 4374 1655 4424 tamen
1701 4367 1954 4423 fructum
1983 4365 2079 4436 ju-

392 4458 558 4516 stitite
603 4457 799 4514 reddet
843 4455 1168 4512 exercitatis
1215 4455 1274 4512 in
1327 4469 1396 4512 ea
1443 4455 1628 4524 (Hebr.
1679 4469 1778 4521 xn,
1825 4453 1932 4516 11).
1981 4454 2081 4509 Iu-

395 4545 728 4606 tellectualis
752 4545 903 4601 enim
947 4545 1050 4602 iste
1079 4545 1324 4602 Lamech
1370 4544 1450 4601 sic
1499 4543 1570 4599 de
1615 4543 1731 4600 Noe
1773 4556 1906 4598 cum
1949 4555 2082 4597 eum

395 4640 629 4704 generat
675 4633 798 4690 ait:
863 4635 969 4688 Iste
1025 4633 1392 4688 consolabitur
1443 4646 1539 4686 nos
1593 4631 1662 4684 ab
1713 4629 1986 4699 operibus,
2034 4634 2085 4682 et

395 4723 676 4778 laboribus
722 4737 982 4777 manuum
1024 4727 1334 4778 nostran
1378 4723 1438 4775 in
1483 4725 1648 4785 terra,
1679 4721 1769 4774 cui
1794 4717 2086 4773 maledixit

402 4813 663 4866 Dominus
697 4813 856 4878 (Gen.
886 4827 938 4878 v,
959 4809 1064 4878 29).
1098 4810 1242 4866 Nam
1275 4822 1407 4865 cum
1439 4821 1540 4877 per
1574 4806 1914 4862 exercitium
1957 4819 2086 4860 cer-

397 4899 630 4955 taminis
657 4899 962 4956 devehitur
989 4899 1160 4954 etiam
1203 4898 1262 4952 in
1312 4897 1418 4953 hoc
1465 4894 1672 4950 saeculo
1716 4895 1786 4949 ad
1829 4893 2084 4964 requiem

397 4987 773 5058 aliquantulm
799 4985 1292 5058 impassibilitatis,
1323 4992 1462 5039 tunc
1509 4995 1711 5038 revera
1741 4981 1878 5048 Noe,
1911 4996 2086 5052 quem

396 5075 700 5147 complexu
759 5075 1073 5146 disciplinas
1141 5071 1470 5144 genuimus,
1519 5069 1849 5126 consolatur
1895 5085 1998 5126 nos
2049 5083 2085 5126 a
2127 5063 2154 5147 n'

398 5129 679 5234 perpressis
725 5129 1040 5229 laboribus,
1093 5129 1254 5225 dum,
1307 5171 1422 5212 non
1463 5169 1652 5212 aerem
1692 5156 2080 5224 verberantes,
2124 5129 2168 5184 ί)

397 5251 470 5308 ad
499 5251 719 5323 aliquid
741 5250 986 5322 imperii,
1015 5248 1103 5304 vel
1137 5245 1349 5316 quietis
1377 5243 1734 5315 pertigimus,
1766 5247 1824 5300 et
1862 5245 2086 5300 exube-

398 5340 589 5410 rantia
615 5338 816 5410 gratiae
851 5345 1018 5394 terrae
1060 5331 1394 5397 maledictis,
1441 5332 1497 5388 id
1553 5339 1638 5387 est
1676 5332 2086 5390 defectionibus

395 5427 684 5497 corporeis
737 5420 1296 5495 superexcrevimus.
1360 5420 1465 5476 Sed
1523 5419 1739 5490 gradus
1803 5421 2084 5490 quosdam

397 5513 570 5569 habet
599 5513 720 5567 haec
744 5509 991 5579 requies.
1026 5505 1246 5562 Dicitur
1287 5515 1480 5563 autem
1533 5506 1799 5574 Lamech,
1848 5509 2085 5578 quando

398 5613 501 5670 per
521 5601 588 5656 rh
624 5597 916 5662 scribitur,
958 5593 1234 5650 Hebraicc
1269 5610 1602 5664 percussum,
1651 5595 1740 5652 vel
1777 5597 2084 5666 percutien-

395 5692 502 5743 tem
531 5697 764 5749 sonare;
794 5682 1145 5753 disciplinam
1173 5695 1310 5739 vero
1347 5691 1596 5751 tantum,
1650 5698 1784 5741 cum
1826 5698 1930 5754 pro
1969 5685 2082 5742 eie-

2115 3839 2156 3892 C
2188 3844 2378 3894 mento
2407 3837 2658 3906 ponitur,
2701 3843 2756 3892 et
2797 3837 3068 3893 scribitur
3098 3835 3344 3894 ﬁualiter
3385 3852 3484 3908 per
3531 3839 3588 3894 d.
3641 3840 3889 3897 Percus-

2188 3939 2287 3982 sus
2339 3932 2530 3981 autem
2589 3923 2885 3980 rationalis
2937 3933 3022 3982 est
3078 3925 3326 3993 animus,
3389 3927 3488 3997 qui
3557 3928 3616 3983 in
3666 3930 3784 3985 Job
3843 3938 3893 3984 et

2190 4013 2427 4084 psalmis
2445 4013 2684 4084 sagittas
2711 4013 2816 4068 sibi
2851 4013 3060 4069 inﬁxas
3102 4014 3542 4084 passibilitatum
3593 4019 3890 4086 queritur,

2188 4110 2244 4158 et
2268 4102 2648 4158 tentationum
2688 4101 2898 4172 iaculis
2946 4109 3280 4172 penetratur
3322 4103 3442 4174 (Job
3473 4118 3550 4170 vr,
3598 4104 3662 4175 4;
3718 4107 3891 4161 Psal.

2190 4205 2406 4256 xxxvn,
2439 4192 2515 4257 3).
2549 4189 2735 4245 Isdem
2766 4203 3002 4260 quoque
3032 4191 3295 4261 percutit,
3321 4206 3454 4248 cum
3481 4192 3894 4262 ingruentibus

2190 4277 2410 4334 fortiter
2458 4291 2661 4334 earum
2721 4277 2992 4334 molestiis
3048 4279 3426 4348 repugnando
3473 4281 3703 4336 resistit.
3776 4283 3894 4340 Noe

2190 4373 2406 4433 autem,
2453 4365 2608 4434 quod
2670 4373 2754 4422 est
2797 4365 3047 4436 requies,
3103 4366 3307 4437 gignit,
3348 4382 3482 4424 cum
3513 4367 3584 4423 ad
3631 4367 3892 4426 victoriae

2193 4453 2667 4524 tranquillitatem
2725 4453 3002 4522 pervenit.
3065 4454 3264 4521 Habet,
3343 4455 3604 4525 inquam,
3657 4459 3894 4526 requies

2193 4541 2300 4596 ista
2333 4540 2579 4610 gradus;
2608 4540 2772 4610 prius
2815 4555 3021 4610 nempe
3067 4543 3328 4598 exterius
3379 4543 3452 4598 ab
3499 4557 3666 4613 opere
3709 4559 3890 4613 pravo

2193 4628 2545 4700 quiescimus
2589 4629 2844 4694 demum,
2910 4629 3007 4684 sed
3059 4628 3229 4685 valde
3274 4629 3568 4687 difficilius
3609 4639 3810 4689 tamen
3860 4647 3890 4686 a

2195 4730 2464 4786 perversa
2511 4717 2858 4787 cogitatione
2895 4729 3204 4772 cessamus.
3263 4717 3425 4775 Unde
3472 4722 3890 4789 quingentorum

2193 4821 2459 4860 annorum
2487 4806 2594 4861 Noe
2624 4805 2978 4874 perhibetur.
3033 4805 3142 4861 Per
3189 4805 3527 4876 quinarium
3574 4821 3886 4864 numerum

2193 4891 2555 4950 exterioritas
2571 4893 2644 4949 ob
2673 4893 2938 4964 quinque
2963 4907 3168 4949 sensus
3214 4895 3519 4964 accipitur,
3560 4909 3661 4964 per
3705 4905 3889 4952 cente-

2195 4981 2426 5038 narium
2477 4981 2744 5052 perfectio
2776 4981 3088 5053 ﬁguratur,
3135 4982 3291 5052 quod
3338 4989 3424 5038 est
3465 4983 3770 5039 exterioris
3805 4985 3887 5040 be-

2199 5070 2387 5127 neﬁcii
2417 5069 2773 5142 plenitudine
2822 5085 2857 5126 a
2893 5084 3146 5140 nequam
3194 5069 3400 5126 studiis
3447 5082 3687 5126 cessare.
3735 5070 3884 5128 Anni

2199 5166 2391 5214 autem
2431 5159 2762 5215 divinorum
2813 5157 3054 5234 lumina,
3097 5165 3154 5214 et
3202 5158 3522 5215 hilaritates
3563 5157 3883 5217 ofﬁciorum

2193 5255 2350 5313 sunt,
2405 5247 2622 5318 quibus
2672 5247 2777 5303 iste
2832 5247 3040 5302 mentis
3097 5253 3300 5314 status,
3363 5245 3462 5316 qui
3520 5247 3580 5302 in
3640 5248 3884 5304 Canticis

2194 5334 2432 5392 ﬂoridus
2489 5335 2702 5392 dicitur
2757 5335 3024 5391 Ecclesia:
3093 5333 3293 5403 lectus,
3365 5333 3636 5404 impletur
3693 5335 3876 5404 (Cant.

2192 5437 2234 5492 ι,
2263 5423 2364 5492 l5).

2264 5511 2330 5566 ln
2368 5512 2472 5568 hoc
2527 5512 2721 5582 itaque
2768 5510 3016 5567 Sabbato
3069 5509 3332 5582 gignitur
3385 5509 3533 5579 Sem,
3579 5511 3780 5580 Cbam,
3829 5518 3878 5567 et

2190 5598 2455 5669 Japbeth.
2489 5599 2614 5655 Sem
2650 5599 3060 5668 interpretatur
3080 5600 3422 5663 nominatus;
3457 5597 3512 5652 in
3559 5613 3680 5669 quo
3727 5596 3878 5654 intel-

2193 5686 2394 5758 ligitur
2437 5686 2596 5752 ﬁdes,
2654 5685 2756 5742 ubi
2813 5699 3025 5742 nomen
3093 5685 3249 5757 quod
3299 5685 3670 5743 benedicetur
3715 5698 3877 5758 super
