3956 6426
100 415 163 470 85
1292 414 1660 474 HORALIUM
1720 416 1789 473 IN

1996 418 2147 476 ESIN
2197 419 2325 476 LIB.
2363 419 2456 476 ΙΠ.
3559 426 3626 480 86

100 558 325 619 terram,
358 557 417 608 et
458 551 521 609 in
553 567 673 625 quo
710 551 829 609 solo
852 558 1111 623 oporteat
1142 565 1245 608 nos
1274 552 1464 609 salvos
1493 553 1616 610 fieri
1646 553 1801 610 acci-
1831 556 1877 609 Α
1917 563 2113 612 nostra
2177 556 2494 615 obtinuisse
2538 560 2917 629 putabamus,
2990 561 3346 631 experientia
3403 562 3629 619 media-

99 641 283 712 pimus
310 642 457 708 (Act.
507 656 587 709 tv,
637 642 745 711 t2.)
778 641 894 697 Hoc
929 655 1003 696 ex
1046 640 1244 698 usuris
1276 649 1330 698 et
1378 641 1682 713 iniquitate
1726 656 1809 699 re-

97 730 465 800 demptorum
527 728 864 786 honorabile
921 744 1130 785 nomen
1184 744 1380 786 coram
1444 730 1568 801 ipso
1637 731 1801 801 (Psal.

100 834 244 885 LXII,
286 818 393 888 l4)
427 834 440 873 :
474 818 531 875 Si
576 819 729 875 enim
768 818 827 873 lti
870 821 969 888 qui
1004 821 1063 873 in
1107 818 1332 874 Christo
1375 824 1504 875 sunt
1530 825 1810 887 resurgent

96 910 264 978 primi
289 908 349 974 (ι
387 909 571 963 Thess.
622 922 697 975 tv,
750 908 859 975 l5),
902 906 973 963 ob
1025 906 1362 978 dignitatem
1404 907 1667 964 videlicet
1705 922 1810 964 no-

102 996 270 1052 minis
298 996 639 1064 Christiani,
675 1004 737 1052 ut
769 995 910 1067 quid
938 995 1281 1066 ambiguum
1317 996 1621 1064 habeatur,
1654 997 1809 1068 quod

98 1093 150 1142 et
189 1085 297 1156 ipsi
342 1085 644 1156 quoddam
686 1084 975 1155 potentius
1028 1084 1329 1156 praemium
1375 1085 1433 1142 in
1474 1085 1629 1142 emiis
1664 1086 1809 1142 obti-

100 1182 270 1231 neant
315 1189 389 1231 ex
442 1174 743 1246 participio
807 1174 1065 1245 insignes
1112 1174 1257 1231 tanti
1310 1175 1607 1231 nominis?
1650 1175 1812 1232 Unde

104 1265 160 1321 in
196 1263 487 1334 baptismo
530 1278 741 1320 nomen
790 1263 1042 1334 quisque
1085 1262 1267 1319 tldelis
1308 1263 1536 1334 accipit,
1585 1263 1645 1320 in
1695 1279 1813 1335 quo

103 1353 172 1409 ad
192 1353 571 1424 exsequenda
602 1351 811 1409 Christi
843 1352 1012 1424 signa
1057 1351 1374 1423 spiritualis
1412 1352 1629 1409 militia:
1676 1367 1812 1424 pro-

106 1442 338 1500 fessione
371 1442 708 1498 subscribit.
758 1441 866 1498 Sed
913 1440 1014 1512 qui
1057 1441 1140 1498 sic
1167 1441 1235 1498 de
1268 1440 1585 1514 ignominia
1623 1442 1813 1512 Baby-

105 1531 246 1587 lonis
264 1529 503 1601 fugiens
532 1530 888 1598 nominatur,
932 1529 1040 1586 sibi
1079 1530 1255 1586 Cham
1302 1545 1452 1600 opus
1483 1538 1567 1587 est
1605 1531 1815 1587 fmdere

104 1620 506 1693 germanitatis
543 1618 812 1687 addatur,
862 1618 966 1690 qui
1006 1618 1219 1675 calidus
1260 1620 1676 1689 interpretatur
1716 1618 1812 1676 ubi

103 1724 225 1780 spes
254 1723 376 1765 non
408 1708 752 1765 inconcinne
791 1715 1049 1766 notatur.
1084 1708 1142 1763 Si
1173 1708 1327 1765 enim
1363 1708 1519 1766 calor
1556 1708 1630 1765 ab
1668 1708 1817 1780 ignis

105 1805 315 1855 natura
373 1796 651 1866 trahitur,
712 1804 768 1854 et
820 1796 971 1869 ignis
1023 1796 1382 1869 originaliter
1436 1797 1509 1853 ad
1563 1810 1817 1867 superna

1917 643 2055 701 trice
2098 645 2361 717 loquitur
2404 647 2570 704 nobis
2619 647 2934 706 introrsum
2983 650 3153 717 Deus,
3188 664 3304 706 non
3354 665 3626 721 perman-

1916 744 2121 786 surum
2157 732 2418 790 videlicet
2463 734 2728 805 spiritum
2773 751 2944 792 suum
2991 738 3045 793 in
3090 737 3318 793 homine
3366 739 3421 795 in
3452 747 3625 795 aeter-

1917 833 2083 884 num,
2142 821 2198 877 id
2240 829 2326 878 est
2379 823 2497 880 vim
2563 825 2803 881 rationis
2855 825 2912 881 in
2974 825 3231 882 humano
3278 827 3447 883 corde
3501 842 3616 883 non

1918 921 2437 983 perseveraturam,
2486 930 2591 972 nec
2636 915 2792 971 enim
2836 916 3129 985 expedire,
3177 920 3312 986 quia
3355 932 3480 971 caro
3522 923 3619 980 est,

1918 1004 1975 1061 id
2005 1006 2090 1060 est
2117 1001 2359 1074 fragilis,
2409 1010 2464 1060 et
2493 1004 2562 1060 de
2594 1018 2700 1060 suo
2740 1011 2893 1061 statu
2932 1004 3040 1060 sibi
3093 1005 3320 1074 pariens
3358 1020 3432 1061 ex
3463 1009 3622 1077 inge-

1919 1093 2042 1149 nita
2095 1092 2480 1150 mutabilitate
2528 1092 2780 1149 ruinam.
2832 1093 3099 1164 Superbit
3135 1093 3289 1150 enim
3343 1094 3390 1150 si
3448 1095 3624 1164 probe

1918 1182 2244 1254 quidquam
2301 1181 2412 1237 sibi
2466 1182 2650 1252 egisse
2708 1182 2994 1249 videatur,
3056 1182 3205 1238 sicut
3278 1196 3500 1253 pauper
3574 1182 3622 1237 si

1918 1270 2108 1328 subito
2150 1270 2224 1326 ad
2271 1270 2658 1327 inelaboratas
2721 1271 3041 1341 pervenerit
3088 1285 3241 1340 opes.
3292 1270 3624 1327 Necessaria

1920 1373 2059 1432 ergo
2102 1366 2188 1416 est
2233 1360 2474 1430 spiritus
2533 1360 2641 1415 ista
2701 1360 2966 1426 desertio,
3025 1360 3071 1415 si
3118 1367 3311 1416 tamen
3366 1374 3483 1414 non
3549 1359 3625 1416 sit

1917 1448 2174 1516 omnino,
2203 1449 2395 1520 juxta,
2429 1448 2583 1519 quod
2615 1448 2796 1504 David
2818 1463 2935 1504 non
2959 1463 3019 1504 se
3047 1446 3371 1519 derelinqui
3411 1460 3622 1517 usque-

1923 1551 2159 1608 quaque
2191 1544 2353 1607 rogat
2386 1537 2441 1592 in
2485 1537 2704 1606 psalmo
2749 1538 2925 1602 (Psal.
2974 1552 3167 1601 cxvm,
3202 1535 3281 1605 8).
3336 1535 3624 1602 Erantque

1922 1626 2037 1681 dies
2071 1627 2221 1681 illius
2249 1635 2461 1680 centum
2496 1627 2699 1694 viginti
2731 1641 3016 1679 annorum.
3071 1626 3175 1680 Per
3224 1622 3619 1680 centenarium

1922 1728 2102 1785 supra
2148 1713 2405 1770 diximus
2453 1712 2866 1783 plenitudinem
2917 1712 3177 1783 ﬁgurari,
3233 1726 3331 1782 per
3388 1710 3625 1766 vicena-

1924 1802 2077 1858 rium
2136 1815 2448 1858 numerum
2495 1800 2801 1871 duplicitas
2853 1800 3214 1871 designatur,
3274 1806 3338 1854 ut
3384 1805 3512 1854 est:
3563 1797 3625 1853 Si

107 1886 498 1959 progreditur.
549 1900 650 1957 per
686 1885 934 1942 calorem
975 1900 1115 1956 ergo
1160 1886 1295 1957 jure
1340 1900 1468 1956 spes
1508 1884 1809 1956 accipitur,
1845 1861 1885 1916 Β
1917 1894 2093 1962 possit
2124 1906 2244 1945 cum
2271 1890 2449 1945 decem
2480 1861 2726 1945 millibus
2746 1861 3021 1945 occurrente
3048 1891 3099 1945 ei
3141 1890 3385 1959 quicum
3422 1886 3627 1954 viginti

105 1990 232 2047 qua:
267 1973 504 2032 fervore
550 1973 847 2030 charitatis
895 1973 967 2029 ad
1002 1974 1182 2030 Deum
1224 1973 1515 2030 inhianter
1565 1973 1813 2030 intendi-

106 2073 214 2121 tur.
277 2063 391 2131 Qui
440 2063 685 2133 Japbeth
732 2062 1097 2135 adjungitur,
1153 2062 1254 2133 qui
1300 2063 1531 2118 latitudo
1581 2062 1811 2131 dicitur,

109 2168 199 2225 per
249 2152 411 2224 quod
462 2151 759 2208 evidenter
801 2151 1053 2207 cbaritas
1100 2150 1462 2222 intelligitur,
1513 2166 1644 2222 quae
1699 2166 1813 2207 non

110 2242 298 2299 minus
326 2255 432 2313 per
472 2239 735 2296 inimicos
763 2253 940 2310 quam
971 2253 1073 2310 per
1097 2239 1312 2296 amicos
1337 2240 1637 2309 spatiatur.
1683 2240 1816 2296 Haec

109 2331 300 2402 itaque
349 2328 486 2395 tria,
536 2342 667 2399 qua:
716 2327 979 2395 latitudo,
1011 2326 1334 2400 longitudo,
1380 2328 1707 2385 sublimitas
1742 2329 1815 2385 ab

111 2418 370 2489 Apostolo
440 2424 840 2473 memorantur
911 2417 1136 2487 (Ephes.
1207 2432 1286 2484 ιιι,
1358 2417 1467 2487 l2),
1543 2431 1578 2472 a
1651 2416 1816 2473 nobis

110 2521 235 2562 cum
287 2506 416 2562 veri
477 2505 593 2562 Noe
650 2519 770 2562 esse
819 2506 1183 2575 cmperimus,
1234 2506 1288 2561 id
1346 2512 1430 2561 est
1488 2520 1622 2562 cum
1680 2505 1814 2562 boni

109 2595 462 2652 exhibitione
490 2601 654 2650 actus
692 2594 766 2650 ab
812 2593 1004 2650 inutili
1032 2594 1570 2665 conquieverimus;
1617 2594 1814 2651 feriari

109 2688 253 2743 enim
285 2700 321 2742 a
351 2683 527 2751 malo,
559 2699 664 2741 nec
686 2691 877 2740 tamen
916 2684 1132 2741 bonum
1167 2682 1422 2755 aggredi,
1458 2683 1646 2753 ipsum
1687 2698 1815 2740 ma-

113 2775 225 2831 lum
252 2781 360 2842 est,
396 2780 541 2829 tunc
571 2786 703 2829 vere
747 2772 1053 2843 prodeunt,
1091 2772 1231 2844 quia
1271 2785 1373 2828 nec
1414 2773 1635 2843 absque
1664 2772 1815 2830 bono

111 2877 289 2934 opere,
322 2862 467 2918 ﬁdes
512 2868 644 2929 stat,
697 2875 801 2917 nec
839 2862 962 2918 sine
1001 2861 1110 2917 lide
1150 2876 1295 2932 spes,
1338 2876 1444 2918 nec
1482 2862 1604 2918 sine
1648 2868 1813 2918 utro-

114 2967 222 3023 que
240 2951 499 3009 cbaritas
531 2958 782 3021 praestat.

785 3056 1016 3113 CAPUT
1054 3057 1143 3114 VI.

1925 1980 2163 2034 millibus
2210 1982 2356 2033 venit
2411 1978 2485 2031 ad
2531 1995 2585 2033 se
2642 1980 2793 2047 (Luc.
2845 1993 2960 2045 xw,
3003 1977 3114 2047 3t).
3171 1978 3241 2034 Et
3290 1975 3349 2031 in
3398 1977 3621 2045 Apoca-

1924 2068 2119 2139 lypsi:
2186 2070 2364 2135 Vigies
2417 2068 2633 2129 millies,
2699 2066 2839 2120 dena
2895 2067 3073 2121 millia
3128 2065 3327 2135 (Apoc.
3389 2078 3468 2131 ιχ,
3514 2063 3623 2131 16).

1926 2156 2241 2228 Duplicitas
2273 2165 2466 2212 autem
2497 2170 2609 2211 non
2643 2154 2953 2225 hypocrisis
2992 2154 3083 2210 hic
3113 2168 3147 2209 a
3186 2168 3275 2209 me
3320 2151 3624 2222 accipitur,

1925 2247 2023 2304 sed
2081 2246 2180 2302 illa
2238 2246 2490 2301 violenta
2534 2244 2859 2314 intpuritas,
2910 2258 3042 2314 quae
3081 2257 3183 2313 per
3230 2241 3627 2298 necessitatem

1927 2334 2199 2408 peccandi
2245 2349 2316 2391 ex
2358 2334 2656 2390 'malorum
2704 2333 3051 2390 irruentium
3096 2330 3441 2387 admistione
3480 2344 3624 2385 con-

1926 2426 2196 2493 trahitur,
2227 2424 2547 2480 secundum
2577 2438 2753 2493 quam
2786 2438 2898 2478 non
2933 2421 3205 2477 habitura
3223 2427 3306 2476 est
3338 2416 3395 2474 in
3427 2418 3623 2474 futuro

1927 2515 2180 2573 Ecclesia
2223 2512 2531 2579 maculam,
2578 2520 2680 2568 aut
2735 2525 2942 2581 rugam
2975 2511 3191 2581 (Ephes.
3225 2524 3278 2575 ν,
3329 2509 3441 2574 27),
3505 2519 3622 2562 non

1923 2604 2080 2675 quod
2141 2604 2199 2658 in
2254 2600 2517 2674 praesenti
2575 2615 2783 2671 rugam
2853 2598 3168 2669 hypocrisis
3215 2597 3443 2663 habeat,
3504 2595 3626 2650 haec

1923 2693 2078 2751 enim
2128 2692 2188 2748 tit
2230 2692 2463 2763 penitus
2503 2690 2751 2747 extorris
2796 2689 2870 2746 ab
2924 2688 3066 2759 ipsa,
3116 2687 3215 2743 sed
3261 2685 3418 2757 quod
3466 2698 3626 2740 nunc

1923 2781 2298 2854 occupatione
2331 2781 2713 2837 tentationum
2760 2788 2813 2835 et
2841 2778 3053 2841 carnis,
3096 2775 3460 2842 contractior,
3511 2772 3627 2829 mi-

1926 2886 2152 2943 nusque
2185 2871 2365 2927 libera
2412 2868 2681 2925 vidratur
2723 2867 2796 2924 ad
2846 2869 3046 2925 Deum.
3098 2866 3336 2920 Centum
3368 2876 3508 2933 ergo
3552 2859 3625 2915 ad

1928 2960 2312 3033 integritatem
2351 2958 2517 3015 bona;
2566 2956 2900 3023 voluntatis,
2950 2954 3157 3025 viginti
3224 2952 3508 3009 habemus
3553 2948 3624 3004 ad

1922 3065 2072 3118 eam,
2100 3063 2279 3121 quam
2333 3046 2711 3119 praetulimus,
2745 3045 3135 3115 impuritatem
3177 3041 3439 3107 actionis,
3481 3039 3622 3112 dum

178 3145 349 3202 Vnus.
388 3149 437 3213 ι,
474 3150 527 3200 2.
566 3175 630 3186 —
660 3148 908 3215 Cumque
936 3148 1219 3215 erepissent
1266 3145 1505 3200 homines
1536 3144 1812 3213 multipli-
1844 3163 1885 3218 ο
1919 3141 2093 3213 juxta
2147 3136 2504 3208 Apostolum,
2557 3135 2712 3206 quod
2754 3134 3029 3190 nolumus
3072 3131 3289 3187 malum
3334 3129 3463 3218 hoc
3496 3126 3622 3218 agi-

116 3237 225 3289 cari
250 3250 415 3305 super
445 3236 671 3302 terram,
699 3238 750 3289 et
779 3235 932 3305 ﬁlios
967 3238 1361 3301 procreassent,
1407 3233 1651 3288 videntes
1682 3234 1811 3303 ﬁlii

120 3325 215 3378 Dei
230 3324 387 3393 ﬁlias
420 3324 724 3391 hominum,
769 3322 917 3393 quod
960 3328 1133 3377 essent
1176 3323 1439 3392 pulchra,
1478 3326 1800 3391 acceperunt

117 3412 217 3467 sibi
242 3428 439 3467 umores
460 3429 531 3467 ea:
554 3412 801 3467 omnibus
832 3426 969 3481 quas
998 3413 1288 3479 elegerant.
1320 3412 1614 3467 Virtutum
1635 3410 1812 3482 igitur

119 3509 504 3558 succrescente
534 3500 724 3556 studio
754 3499 1014 3556 homines
1053 3514 1170 3556 non
1209 3499 1377 3556 modo
1416 3498 1811 3569 multiplican-

121 3599 211 3648 tur
240 3592 296 3647 in
329 3599 505 3657 terra,
549 3590 646 3645 sed
689 3604 866 3659 super
907 3596 1140 3657 terram,
1181 3589 1322 3660 quia
1368 3589 1708 3645 densissima
1752 3588 1811 3644 in

120 3680 360 3736 animam
418 3680 811 3736 humanorum
865 3685 1131 3734 motuum
1192 3677 1463 3734 feruntur
1519 3677 1809 3743 examina,

123 3783 217 3824 nec
243 3769 398 3834 talia,
431 3781 569 3839 qua:
599 3766 764 3823 facile
805 3766 1051 3822 rationis
1092 3766 1501 3836 deprimantur
1536 3766 1811 3836 potentia,

122 3856 211 3911 sed
239 3870 367 3926 qua;
396 3863 634 3920 terram,
664 3854 716 3910 id
757 3862 841 3910 est
878 3853 1093 3910 mentis
1136 3853 1466 3910 ﬁrmitatem
1495 3853 1815 3924 subjugare

126 3944 324 4014 possint
347 3944 421 3999 ad
465 3943 621 3998 vitia.
664 3945 765 3996 39
803 3940 1002 3998 Virtus
1052 3954 1307 4010 namque
1344 3955 1458 3996 non
1511 3942 1809 4011 probatur,

127 4032 224 4087 nisi
250 4032 409 4089 hoste
438 4031 651 4087 vicino.
680 4029 784 4087 Sed
816 4029 987 4085 iidem
1019 4029 1281 4086 homines
1315 4028 1461 4086 tilias
1490 4038 1811 4099 procreant,

128 4135 248 4177 cum
324 4119 623 4192 fragilium
713 4116 1009 4175 mollitiem
1089 4118 1505 4189 cogitationum
1577 4119 1817 4175 internis

128 4208 436 4279 aspectibus
469 4208 806 4277 frequenter
860 4205 1169 4276 objectant.
1233 4204 1359 4261 Filii
1409 4205 1503 4261 Dei
1559 4206 1665 4262 has
1725 4207 1815 4262 vi-

131 4296 271 4363 dent,
324 4311 458 4353 cum
513 4294 990 4351 intellectualium
1036 4294 1374 4350 excellentia
1418 4308 1694 4350 sensuum
1744 4293 1815 4349 ad

131 4386 555 4457 suggestionum
624 4382 936 4439 illationem
1018 4381 1188 4453 quasi
1262 4382 1335 4439 ad
1412 4382 1813 4448 meretriciam,

1921 3243 2072 3297 mus,
2106 3226 2195 3282 vel
2234 3224 2443 3296 viginti
2494 3224 2667 3279 etiam
2713 3222 2786 3278 ob
2849 3218 3366 3291 transgressionem
3410 3214 3624 3272 divinas

1920 3318 2083 3390 legis,
2107 3316 2247 3371 dum
2290 3326 2620 3384 operamus,
2658 3310 2814 3381 quod
2853 3325 2970 3365 non
3010 3307 3421 3379 approbamus,
3459 3318 3627 3373 repu-

1919 3414 2133 3476 gnante
2200 3404 2322 3475 lege
2388 3402 2780 3458 membrorum
2847 3400 2955 3470 legi
3019 3397 3225 3454 mentis
3286 3397 3458 3465 (Rom.
3520 3408 3620 3460 vn,

1924 3494 2137 3562 19-23).
2190 3494 2261 3549 Et
2308 3492 2520 3548 aliter:
2565 3490 2751 3547 Octies
2801 3486 3081 3561 quindeni
3138 3494 3370 3541 centum
3418 3482 3624 3553 Viginti

1921 3584 2223 3654 complent.
2276 3582 2383 3638 Per
2430 3579 2813 3647 octonarium,
2865 3576 3276 3648 temporalitas,
3337 3587 3435 3643 per
3488 3570 3626 3643 qui-

1921 3674 2154 3730 narium
2188 3669 2580 3741 corporalitas,
2606 3682 2709 3739 per
2727 3666 3051 3734 denarium,
3077 3663 3458 3735 spiritualitas
3477 3657 3624 3715 acci-

1923 3764 2100 3834 pltur.
2146 3760 2416 3828 Quandiu
2466 3758 2647 3830 igitur
2694 3755 3082 3827 temporaliter
3133 3753 3407 3817 vivimus,
3448 3747 3621 3819 spiri-

1922 3851 2077 3909 tuale
2106 3849 2362 3906 studium
2402 3855 2661 3903 nostrum
2703 3846 2985 3902 forinseca
3027 3842 3399 3899 sensualitate
3442 3838 3623 3907 depri-

1922 3939 2119 4003 mitur,
2152 3936 2320 4008 quasi
2349 3934 2625 3991 denarius
2669 3933 2939 4005 quinario
2965 3940 3298 4001 superatur,
3333 3934 3623 3999 quatenus

1924 4027 2067 4099 quid
2126 4026 2199 4082 sit
2252 4026 2393 4093 dies,
2452 4024 2509 4080 id
2560 4031 2644 4080 est
2691 4022 2879 4078 virtus
2945 4022 3204 4077 humana
3260 4018 3332 4074 ab
3392 4014 3623 4072 homine

1923 4123 2305 4188 agnoscatur;
2338 4128 2470 4184 qum
2500 4113 2742 4169 altitudo
2780 4111 2891 4168 diei
2929 4112 3001 4167 ob
3048 4109 3385 4167 brevitatem
3428 4103 3623 4178 glorim

1925 4204 1984 4260 in
2015 4204 2233 4273 psalmo
2257 4201 2685 4272 vocatur(Psul.
2715 4216 2804 4267 LV,
2832 4200 2906 4269 4).

1996 4293 2169 4350 Vsus.
2200 4294 2254 4348 4.
2289 4321 2359 4333 -
2390 4295 2654 4360 Gigantes
2699 4296 2877 4345 autem
2926 4294 3082 4344 erant
3123 4303 3288 4357 super
3325 4292 3529 4342 terram
3570 4286 3625 4336 in

1925 4382 2115 4437 diebus
2154 4383 2284 4437 illis.
2316 4382 2382 4437 In
2413 4381 2500 4438 his
2526 4381 2811 4436 virtutum
2839 4378 3147 4443 exercitiis,
3177 4390 3327 4447 quas
3366 4389 3467 4444 per
3507 4373 3626 4429 dies

135 4473 570 4531 lenocinantium
658 4471 903 4542 speciem
988 4470 1487 4543 contemplationis
1570 4472 1817 4528 declinat
1846 4466 1889 4521 Ι)
1929 4470 2327 4542 intelligimus,
2367 4471 2635 4538 gigantes,
2678 4468 2737 4524 id
2783 4475 2869 4524 est
2916 4466 3152 4537 superbi
3204 4472 3395 4521 motus
3424 4460 3623 4525 animi,

134 4562 316 4619 aciem.
345 4562 498 4630 Quid
519 4574 775 4631 namque
806 4566 943 4617 sunt
972 4558 1457 4631 imaginationum
1488 4559 1819 4616 delectatio-

133 4666 239 4719 nes,
271 4652 377 4709 nisi
406 4650 679 4723 quaedam
710 4648 986 4720 pulchrae,
1021 4663 1154 4720 quae
1184 4663 1287 4705 nos
1319 4648 1582 4717 illiciunt,
1607 4648 1818 4707 facies?

136 4741 238 4798 Has
263 4741 405 4798 tilias
433 4753 541 4797 rex
575 4739 795 4795 Pharao
829 4737 1016 4794 tovere
1047 4737 1190 4806 vult,
1224 4752 1357 4794 cum
1381 4738 1550 4810 jubet
1580 4738 1819 4796 interfici

136 4844 305 4887 mares
324 4828 532 4900 (Exod.
579 4843 617 4897 ι,
672 4828 775 4896 17)
809 4827 895 4883 Ex
931 4826 1203 4883 omnibus
1250 4827 1359 4894 his,
1410 4840 1560 4899 quas
1595 4827 1821 4899 eligunt

140 4918 227 4974 lilii
271 4918 363 4975 Dei
420 4917 531 4974 sibi
582 4915 907 4972 sortiuntur
954 4929 1187 4983 uxores,
1233 4914 1395 4986 quia,
1451 4917 1626 4988 juxta
1664 4916 1819 4987 quod

137 5005 504 5077 eonspersioni
533 5011 636 5060 aut
675 5002 900 5060 libidini
946 5004 1196 5075 propriae
1232 5004 1474 5075 adjacet,
1515 5003 1823 5061 rationales

140 5103 307 5152 motus
333 5093 626 5166 appositas
669 5092 865 5149 animo
914 5092 1241 5162 petulanter
1290 5092 1662 5164 agglutinant
1716 5108 1822 5149 vo-

142 5181 331 5253 luptas,
361 5184 430 5240 de
459 5182 676 5255 quibus
721 5180 952 5238 infamis
1006 5180 1263 5252 prodeat,
1310 5182 1560 5239 obscena
1609 5182 1823 5238 scilicet

141 5282 314 5339 opera,
362 5271 582 5341 proles;
646 5269 774 5324 aliis
828 5269 982 5325 enim
1039 5269 1303 5337 avaritia,
1349 5269 1479 5325 aliis
1526 5269 1819 5340 superbia,

146 5356 409 5431 plerisque
437 5357 683 5416 luxuria
712 5357 786 5413 ad
818 5371 1059 5414 manum
1091 5356 1279 5429 magis
1315 5365 1418 5414 est.

207 5446 362 5505 Vnus.
395 5450 446 5503 3.
480 5476 552 5489 —
584 5448 841 5515 Dixitque
872 5448 1007 5501 Deus
1035 5460 1049 5499 :
1086 5447 1203 5501 Non
1230 5447 1567 5516 permanebit
1590 5448 1823 5516 spiritus

148 5548 274 5588 metu
301 5537 356 5589 in
392 5536 609 5591 homine
633 5534 693 5587 in
733 5539 1012 5599 zternum,
1065 5536 1200 5603 quia
1242 5550 1368 5589 caro
1408 5539 1509 5590 est.
1544 5534 1820 5605 Bequiem

150 5630 375 5679 nostram
434 5623 712 5681 vitiorum
762 5622 1036 5679 turbante
1089 5636 1424 5695 congressu.
1472 5636 1651 5694 quam
1721 5637 1825 5678 nos

150 5707 336 5781 gladio,
376 5720 429 5768 et
476 5726 646 5773 arcu,
702 5709 758 5767 id
806 5718 911 5767 est
942 5711 1307 5776 discretione,
1371 5718 1428 5769 et
1462 5710 1825 5784 providentia

1927 4560 1987 4617 in
2032 4559 2400 4615 mirabilibus
2441 4571 2618 4628 super
2664 4572 2724 4614 se
2768 4555 3152 4622 ambulantes,
3207 4568 3372 4624 super
3424 4558 3627 4606 terram

1926 4654 2103 4716 eram,
2146 4648 2287 4719 quia
2328 4648 2386 4703 in
2428 4646 2732 4718 superﬁcie
2763 4645 3021 4716 corporis
3069 4644 3221 4700 bona
3250 4640 3625 4702 exhibentur,

1928 4752 2062 4810 qua;
2093 4737 2268 4793 menti
2302 4735 2549 4792 inaniter
2577 4735 2740 4792 elata
2778 4742 2943 4805 typos
2979 4733 3050 4789 de
3097 4731 3340 4788 laudum
3385 4742 3626 4787 suarum

1928 4824 2416 4899 gratulationibus
2489 4824 2758 4880 inferant.
2842 4826 3140 4892 Postquam
3185 4823 3330 4876 enim
3394 4820 3630 4888 ingressi

1927 4920 2055 4970 sunt
2081 4913 2192 4986 ﬁlii
2230 4916 2329 4968 Dei
2365 4913 2441 4968 ad
2481 4912 2630 4984 ﬁlias
2680 4914 2981 4979 hominum,
3033 4911 3247 4981 illaque
3294 4912 3626 4979 genuerunt;

1928 5008 2027 5061 isti
2053 5009 2180 5061 sunt
2204 5009 2447 5075 potentes
2478 5019 2514 5057 a
2538 5004 2730 5058 seculo
2758 5005 2869 5058 viri
2894 5004 3115 5070 famosi.
3146 4998 3272 5057 Ftlii
3315 4999 3409 5055 Dei
3440 5000 3629 5070 ingre-

1929 5094 2175 5150 diuntur
2203 5092 2275 5148 ad
2304 5092 2449 5147 tilias
2478 5091 2802 5160 hominum,
2832 5105 2966 5147 cum
2996 5090 3176 5147 nostri
3219 5087 3633 5145 intellectuales

1929 5188 2144 5248 motus,
2207 5194 2357 5251 quos
2410 5180 2514 5237 Job
2589 5188 2759 5236 vorat
2819 5181 3064 5236 robustos
3109 5178 3440 5246 fortitudine
3516 5176 3632 5242 (Job

1930 5284 2125 5337 xxxvi,
2196 5268 2307 5339 l9),
2374 5269 2478 5340 qui
2534 5283 2570 5325 a
2629 5271 2738 5325 Deo
2801 5269 2862 5325 in
2928 5268 3090 5325 nobis
3148 5273 3523 5339 generantur,
3576 5279 3633 5320 se

1929 5358 2286 5429 immergunt
2314 5357 2386 5413 ad
2418 5356 2794 5424 experiendos
2829 5357 3029 5414 ﬂuxus
3054 5355 3379 5412 carnalium
3411 5353 3633 5409 deside-

1930 5446 2172 5502 riorum.
2222 5444 2328 5501 Sed
2368 5447 2465 5500 isti
2506 5451 2635 5500 sunt
2672 5451 2915 5515 potentes
2961 5460 2997 5499 a
3047 5444 3262 5512 seculo,
3310 5443 3450 5513 quia
3487 5444 3635 5512 post-

1931 5549 2109 5605 quam
2140 5533 2430 5604 spurcitiae
2465 5535 2639 5591 totius
2672 5533 2852 5603 illapsi
2893 5533 3108 5590 fuerint
3139 5532 3434 5596 barathro,
3470 5530 3639 5600 potis-

1930 5623 2145 5679 simum
2180 5623 2238 5677 in
2267 5634 2469 5678 eorum
2495 5622 2766 5677 cordibus
2795 5629 2998 5693 regnat
3044 5620 3342 5676 saecularis
3387 5619 3634 5681 devotio,

1931 5719 1998 5768 ut
2027 5709 2172 5767 nulli
2203 5708 2517 5768 videantur
2552 5709 2979 5780 desperationes
3015 5709 3074 5765 in
3106 5708 3325 5769 mundo
3366 5718 3546 5780 quam
3572 5704 3637 5761 .bi
