3956 6440
279 454 342 505 87
1190 453 1245 505 V.
1285 453 1614 508 (HIIBEBTI
1648 453 1841 508 ABBA'

2247 455 2320 509 [ΑΞ
2363 455 2449 511 DE
2494 454 2875 511 λονιιλεκτο
3730 457 3809 510 88

277 589 382 661 qui
403 589 716 662 aliquando
743 590 846 646 visi
869 595 1006 646 sunt
1025 589 1238 647 vixisse
1261 591 1391 646 Deo.
1424 592 1604 648 Tanto
1641 589 1792 648 enim
1812 590 1971 648 dete-
2010 595 2055 647 Α
2085 606 2120 648 a
2183 591 2438 663 pristinis
2504 598 2721 649 semota
2797 591 3165 660 tumultibus,
3237 591 3524 664 spirituali
3593 606 3818 650 coram

281 677 530 736 rioribus
561 679 715 735 vitiis
741 695 800 736 se
831 679 1112 746 inserunt,
1144 687 1364 750 quanto
1395 680 1465 735 de
1507 679 1747 736 arctiore
1777 694 1968 750 prop”.

282 767 389 823 sito
418 767 488 823 ad
519 767 714 824 saeculi
745 767 924 824 luxus
947 767 1177 824 avidius
1207 775 1582 838 proruerunt;
1602 771 1839 823 istisunt
1867 772 1976 822 tiri

281 857 502 922 famosi,
552 856 694 927 quia
745 856 1062 912 humanam
1117 857 1470 922 excedentes,
1518 856 1975 927 dizibolicamque

285 943 572 1000 imitantes
600 943 936 1014 nequitiam,
970 951 1025 999 et
1059 943 1126 999 de
1168 943 1410 999 crimine
1451 951 1743 999 sumentes
1789 945 1977 1000 auda-

286 1033 455 1098 ciam,
491 1031 644 1088 unde
671 1040 723 1087 et
754 1033 1013 1102 gigantes
1043 1032 1341 1096 dicuntur,
1382 1039 1682 1102 postquam
1733 1031 1872 1102 lapsi
1919 1034 1976 1089 in

289 1120 595 1190 reprobum
652 1134 885 1176 sensum
943 1119 1175 1186 fuerint,
1241 1134 1432 1190 pravze
1495 1120 1782 1190 opinionis
1814 1121 1978 1192 p»-jus

287 1221 462 1279 quam
495 1205 588 1262 alii
621 1222 872 1278 nequam
905 1208 1076 1264 fetore
1106 1207 1444 1278 vulgantur.

361 1295 529 1352 Vsus.
560 1299 616 1361 5,
662 1299 714 1361 6,
745 1300 799 1350 7.
843 1326 907 1335 —
967 1295 1163 1351 Videns
1214 1301 1392 1350 autem
1444 1299 1578 1351 Deus
1627 1298 1773 1367 quod
1809 1300 1980 1353 multa

289 1384 502 1439 malitia
556 1385 830 1438 hominum
885 1388 1020 1439 esset
1073 1385 1132 1438 in
1179 1389 1347 1450 terra,
1388 1389 1438 1439 et
1487 1391 1681 1440 cuncta
1726 1389 1981 1454 cogitatio

290 1472 466 1527 cordis
511 1488 693 1526 eorum
735 1475 945 1526 intenta
985 1477 1120 1526 esset
1166 1472 1242 1526 ad
1282 1473 1486 1528 malum
1531 1477 1686 1528 omni
1727 1480 1978 1543 tempore,

291 1563 542 1630 paenituit
568 1576 707 1626 eum,
741 1561 886 1630 quod
921 1563 1136 1626 fecisset
1178 1561 1444 1615 hominem
1474 1563 1533 1614 in
1564 1567 1710 1615 terra
1771 1563 1836 1618 In
1879 1563 1984 1618 hac

292 1648 748 1718 desperatissima
803 1648 1091 1718 Babylone
1136 1648 1461 1704 constitutis
1508 1648 1662 1705 videt
1707 1650 1879 1717 Deus,
1927 1650 1983 1706 id

288 1745 370 1793 est
400 1736 592 1792 videre
623 1750 718 1792 eos
746 1735 900 1804 facit,
945 1749 1125 1806 quam
1171 1736 1438 1806 nequiter
1481 1736 1802 1793 carnalium
1845 1737 1986 1795 effe-

292 1824 478 1882 ctibus
543 1838 784 1894 operum
845 1823 1057 1880 instent
1108 1824 1386 1891 exterius,
1435 1839 1731 1896 quamque
1771 1824 1988 1897 jugiter

296 1887 617 1984 proponant
663 1913 948 1983 nequiora
1007 1912 1266 1968 interius.
1317 1887 1483 1969 Videt
1539 1887 1873 1984 itaque-id
1905 1921 1990 1969 est
2023 1887 2060 1941 Β

295 2001 582 2067 discernit,
622 2001 975 2072 demumque
1014 2001 1249 2072 pmnitet
1287 2001 1456 2057 Deus.
1507 2001 1561 2057 Si
1609 2003 1761 2057 enim
1802 2001 1989 2073 ι)ωηί-

297 2090 472 2147 tentia
506 2089 721 2146 bonum
770 2099 874 2156 est,
914 2098 968 2146 et
1016 2089 1268 2161 idipsum
1303 2091 1517 2146 bonum
1563 2105 1678 2146 non
1727 2105 1762 2146 a
1807 2091 1986 2158 nobis,

297 2179 393 2235 sed
423 2193 495 2235 ex
543 2180 658 2235 Deo
703 2186 808 2235 est.
844 2179 996 2249 Ergo
1035 2193 1150 2235 non
1193 2179 1266 2234 ab
1323 2193 1384 2236 re
1422 2177 1680 2236 dicitur:
1733 2180 1991 2235 Pwnituit

297 2283 438 2332 eum,
505 2282 640 2323 cum
705 2281 818 2322 non
888 2267 1000 2322 nisi
1067 2282 1172 2323 nos
1214 2267 1506 2337 poeniteat,
1576 2269 1722 2338 quod
1777 2272 1992 2336 fecisset

300 2357 564 2410 hominem
608 2371 770 2424 super
814 2361 1210 2422 terram;eum
1259 2355 1361 2426 qui
1412 2342 1652 2428 resipuit
1703 2359 1990 2428 ptenituit.

301 2441 441 2512 quia
477 2441 717 2498 interius
759 2456 931 2498 suum
977 2457 1111 2498 cum
1157 2443 1452 2511 exteriori,
1502 2445 1658 2515 quod
1708 2453 1793 2502 est
1842 2453 1994 2503 totus

300 2530 492 2596 homo,
519 2530 658 2586 dum
689 2530 779 2586 bis
815 2545 947 2602 quae
973 2531 1277 2602 superficie
1325 2539 1492 2589 tenus
1522 2533 1796 2591 videntur
1824 2535 1995 2592 rebus

301 2618 596 2690 applicuit,
631 2619 700 2675 de
743 2619 1012 2676 exteriori
1053 2621 1125 2676 ad
1171 2620 1434 2688 interius,
1483 2621 1538 2677 id
1581 2629 1664 2678 est
1713 2623 1781 2678 ad
1835 2623 1996 2695 spiri-

305 2717 427 2764 tum
479 2721 742 2763 reversus
784 2708 1084 2779 ingemuit.
1135 2712 1206 2764 Et
1246 2715 1419 2764 tactus
1467 2710 1647 2766 dolore
1690 2712 1868 2767 cordis
1917 2715 1996 2767 in-

303 2800 586 2864 trinsecus,
616 2811 1062 2867 praecavensque
1095 2797 1152 2852 in
1203 2796 1488 2864 futurum,
1534 2799 1743 2858 Dclebo.
1794 2802 1992 2869 inquit,

303 2887 586 2953 hominem,
617 2901 775 2955 quem
823 2889 1003 2940 creavi
1038 2902 1073 2940 a
1102 2888 1245 2951 facie
1283 2896 1439 2940 term
1467 2887 1535 2940 ub
1579 2887 1788 2942 homine
1815 2905 1998 2962 .usque

303 2975 378 3028 ad
401 2973 639 3028 volucres
671 2976 787 3028 coeli
812 2971 928 3046 [a|.,
951 2974 1028 3028 ad
1041 2973 1397 3045 animantia],
1433 2991 1466 3028 a
1495 2977 1683 3044 reptili
1712 2981 1811 3030 so
1829 2992 1998 3046 usque

305 3062 380 3118 ad
415 3065 745 3116 animantem
780 3062 894 3134 [ειη
943 3063 1183 3117 volucres
1232 3062 1399 3135 creti].
1440 3063 1622 3134 Tangi
1672 3063 1888 3133 dolore,
1939 3066 1996 3121 in

304 3150 568 3207 futurum
616 3165 956 3220 praecavere,
992 3158 1047 3208 et
1083 3150 1196 3207 alia
1237 3165 1351 3207 non
1397 3151 1491 3207 Dei
1531 3151 1842 3221 passiones,
1899 3153 1996 3210 sed

305 3240 403 3296 Dei
463 3240 519 3295 in
583 3240 742 3296 nobis
795 3247 930 3296 sunt
993 3239 1262 3296 actiones.
1311 3239 1420 3307 Qui
1467 3241 1664 3310 itaque
1711 3241 1996 3311 poenituit,

308 3327 654 3385 intrinsecus
677 3329 940 3398 tangitur
963 3327 1156 3384 dolore
1194 3328 1403 3396 cordis,
1438 3335 1500 3384 ut
1527 3342 1642 3384 non
1674 3338 1998 3387 momenta-

307 3431 454 3473 neus
503 3417 591 3472 vel
639 3416 712 3471 ad
769 3416 1000 3472 oculum
1050 3416 1122 3472 sit
1168 3415 1328 3472 dolor
1379 3417 1854 3486 compunctionis,
1905 3419 1998 3476 sed

311 3511 567 3576 penetret
619 3503 899 3559 medullas
944 3503 1170 3570 animae,
1227 3503 1422 3559 abdita
1471 3503 1681 3560 scilicet
1726 3505 2000 3562 intentio-

311 3593 420 3660 nis,
461 3599 517 3648 et
563 3591 791 3647 futuras
837 3598 1156 3660 praecaveat
1197 3589 1593 3662 obligationes,
1645 3607 1718 3649 ne
1760 3594 1999 3651 verbum

307 3682 472 3739 iteret
509 3679 802 3736 orationis.
853 3679 904 3734 Si
933 3678 1088 3734 enim
1137 3679 1268 3736 ﬂeat
1311 3680 1464 3750 quis,
1519 3695 1621 3736 nec
1651 3682 1806 3752 quod
1844 3683 2003 3739 ﬂevit

311 3769 582 3840 corrigat,
621 3781 679 3824 se
723 3767 913 3837 potius
960 3767 1157 3824 ludere
1201 3781 1380 3839 quam
1422 3767 1612 3824 dolere
1665 3768 2005 3824 intrinsecus

312 3863 609 3913 monstrat.
653 3855 951 3912 Hominem
983 3869 1081 3926 pro
1119 3855 1456 3912 carnalitate
1489 3855 1617 3926 poni
1664 3871 1806 3912 usus
1851 3855 1995 3912 Scri-

313 3953 500 4018 ptura;
546 3951 649 4000 est.
700 3944 857 4000 Delet
902 3959 1040 4016 ergo
1084 3944 1395 4012 hominem,
1441 3946 1541 4016 qui
1591 3959 1691 4014 per
1730 3944 2004 4016 imagina-

315 4035 496 4090 tiones
541 4032 647 4089 sibi
717 4032 1064 4103 insculptum
1141 4032 1433 4089 carnalem
1497 4029 1784 4102 afl‘eétum,
1836 4035 2003 4105 quasi

315 4123 661 4179 charaxatas
718 4121 945 4178 tabulas
998 4121 1310 4178 obliterans
1355 4121 1563 4191 deplet,
1618 4136 1788 4193 quem
1839 4136 2004 4179 crea-

317 4211 418 4277 vit,
450 4210 508 4265 id
550 4217 635 4266 est
664 4223 837 4280 quem
883 4209 955 4264 ad
996 4209 1176 4265 robur
1211 4209 1628 4278 explendarum
1673 4211 2005 4281 passionum

317 4299 385 4354 de
415 4297 607 4354 carnis
651 4297 902 4352 motibus
939 4297 1238 4353 excitavit.
1279 4300 1449 4354 Creas
1476 4298 1649 4365 enim,
1700 4306 1764 4355 ut
1795 4299 2007 4355 dicitur

315 4386 528 4450 Graece,
555 4397 687 4440 caro
715 4390 818 4450 est,
853 4383 1005 4440 unde
1036 4397 1230 4440 creare
1271 4383 1589 4452 derivatur,
1631 4393 1686 4442 et
1734 4394 2005 4443 artocreae

2082 681 2342 746 Domino,
2388 681 2493 737 hoc
2529 689 2614 737 est
2663 681 2719 737 in
2752 680 2986 748 intimis,
3057 681 3154 738 ubi
3214 682 3371 738 solus
3419 683 3570 738 Deus
3610 682 3816 748 videt,

2083 769 2385 825 serenitate
2413 770 2795 839 perfunditur.
2847 770 2948 822 l'hi
2998 769 3150 825 enim
3193 769 3498 841 requiescit
3542 769 3824 841 Spiritus

2087 858 2205 926 Dei,
2231 857 2339 914 nisi
2367 871 2544 929 super
2586 857 2870 928 quietum,
2913 857 3083 930 cujus
3131 873 3294 915 mens
3335 857 3608 915 vitiorum
3639 865 3820 914 stre-

2089 947 2210 1017 pitu
2268 961 2382 1002 non
2437 946 2762 1013 obsurduit,
2817 953 2873 1003 et
2941 944 3242 1012 humilem,
3309 945 3411 1018 qui
3465 947 3534 1002 de
3585 960 3818 1004 eorum

2087 1035 2328 1091 victoria
2354 1049 2469 1090 non
2503 1034 2801 1105 superbit?
2830 1036 2961 1099 (lsa.
2993 1049 3146 1100 vat,
3179 1036 3253 1102 2.)

2157 1123 2330 1180 Vnus.
2359 1125 2414 1189 9,
2454 1123 2536 1191 l0,
2573 1125 2656 1180 ll.
2705 1153 2774 1162 —
2823 1124 2914 1178 Hae
2956 1125 3324 1191 generationes
3354 1124 3507 1179 Noe:
3555 1123 3665 1178 Noe
3713 1123 3827 1176 vir

2082 1213 2284 1281 iustus,
2309 1217 2470 1280 atque
2495 1215 2764 1280 perfectus
2794 1213 2907 1279 fuit
2959 1214 3016 1266 in
3055 1212 3494 1279 generationibus
3545 1213 3684 1267 suis.
3729 1212 3818 1266 Et

2088 1303 2274 1369 genuit
2300 1307 2406 1355 tres
2439 1301 2603 1365 ﬁlios,
2638 1302 2778 1365 Sem,
2813 1301 2984 1358 Citam
3007 1305 3056 1354 et
3101 1301 3352 1370 Japhcth.
3385 1299 3820 1356 Generationes

2091 1396 2297 1444 nostra:
2341 1397 2479 1444 sunt
2519 1388 2910 1459 cogitationes,
2974 1388 3338 1453 intentiones,
3379 1394 3436 1444 et
3494 1401 3688 1458 opera,
3746 1395 3818 1443 et

2089 1476 2135 1532 si
2167 1490 2284 1547 qua
2322 1483 2458 1532 sunt
2498 1491 2629 1546 quae
2661 1477 2810 1532 intro
2856 1476 3146 1532 oriuntur.
3189 1477 3251 1533 In
3301 1477 3391 1533 his
3433 1476 3628 1548 justus
3675 1483 3804 1536 est.

2090 1564 2192 1635 qui
2225 1564 2304 1619 sic
2333 1563 2649 1620 secundum
2691 1564 2986 1620 scientiam
3035 1564 3372 1621 humanitus
3399 1565 3471 1622 ad
3502 1581 3580 1633 se,
3629 1572 3685 1622 et
3720 1565 3811 1620 ad

2096 1651 2423 1724 proximum
2477 1652 2728 1723 gerenda
2784 1653 3058 1722 disponit,
3124 1661 3189 1710 ut
3258 1668 3480 1720 eorum,
3531 1668 3663 1725 quae
3725 1652 3815 1708 ad

2098 1743 2272 1797 Deum
2305 1739 2761 1811 dignoscendum
2792 1741 3334 1812 observandumque
3366 1742 3629 1808 attinent,
3676 1755 3817 1797 me-

2100 1829 2348 1894 minerit,
2395 1829 2611 1900 quibus
2652 1829 2948 1899 sapientiae
2987 1829 3217 1886 habitus
3263 1830 3547 1901 congruit.
3602 1829 3820 1886 Perfe-

2098 1925 2226 1974 ctus
2255 1925 2357 1981 est,
2404 1917 2506 1988 qui
2555 1916 2656 1973 etsi
2693 1917 2964 1974 universa
3008 1919 3294 1988 complere
3340 1933 3456 1974 non
3509 1916 3685 1989 possit
3723 1918 3819 1974 ad

2101 2007 2410 2077 integrum,
2443 2020 2540 2062 cor
2565 2013 2752 2062 tamen
2798 2006 3185 2062 benevolendo
3231 2007 3301 2062 ad
3348 2020 3417 2062 ea
3453 2005 3818 2076 capessenda

2103 2094 2270 2150 habet
2299 2093 2554 2160 plenum,
2599 2094 2877 2165 nullaque
2919 2109 2990 2150 ex
3035 2101 3196 2164 parte
3241 2094 3602 2162 mutilatum;
3662 2108 3815 2149 cum

2102 2183 2215 2239 Deo
2264 2182 2545 2251 ambulat,
2600 2182 2703 2252 qui
2755 2183 2828 2238 ab
2871 2183 2961 2238 his
3003 2184 3150 2253 'qute
3199 2182 3474 2238 irradiata
3515 2180 3820 2237 divinitus

2099 2270 2245 2327 ratio
2293 2271 2515 2342 agenda
2561 2271 2838 2341 suggerit,
2886 2270 3046 2326 nullo
3100 2269 3267 2327 modo
3314 2270 3630 2331 discordat;
3659 2277 3820 2325 tunc

2101 2359 2330 2415 demum
2396 2365 2507 2413 tres
2566 2356 2716 2413 ﬁlios
2778 2365 3034 2427 generat,
3097 2372 3230 2414 cum
3283 2358 3426 2414 liber
3486 2371 3522 2413 a
3585 2357 3814 2413 forensi

2103 2447 2294 2503 labore
2334 2447 2447 2502 Deo
2501 2459 2599 2516 per
2639 2445 2828 2513 fidem,
2878 2461 3056 2516 spem,
3109 2445 3565 2516 charitatemque
3607 2454 3811 2501 vocat.

2101 2537 2369 2604 Corruptu
2415 2539 2492 2588 est
2535 2539 2714 2588 autem
2763 2538 2908 2587 terra
2958 2549 3138 2588 coram
3183 2537 3307 2600 Deo,
3358 2539 3409 2588 et
3457 2534 3663 2603 repleta
3722 2539 3814 2588 est

2101 2625 2413 2692 iniquitate.

2173 2711 2344 2767 Vens.
2393 2712 2477 2778 12,
2515 2710 2595 2764 l3.
2625 2739 2694 2750 --
2745 2711 2980 2779 Cumque
3025 2709 3252 2764 vidisset
3298 2710 3446 2764 Deus
3487 2715 3817 2780 corruptam

2105 2803 2330 2863 terram;
2364 2799 2536 2852 omnis
2566 2799 2766 2866 quippe
2793 2813 2918 2851 caro
2947 2803 3266 2867 corruperat
3302 2803 3447 2851 ciam
3486 2813 3652 2868 super
3683 2803 3816 2851 ter-

2104 2901 2244 2952 ram,
2296 2886 2443 2939 dixit
2507 2885 2582 2938 ad
2639 2887 2796 2941 Noe:
2861 2888 3013 2940 Finis
3079 2888 3344 2940 universae
3402 2891 3584 2940 carnis
3655 2890 3819 2940 venit

2105 2991 2282 3029 coram
2310 2990 2420 3040 me;
2451 2975 2656 3043 repleta
2699 2978 2779 3028 est
2817 2978 2964 3028 terra
3008 2976 3302 3043 iniquitate
3333 2989 3366 3027 a
3412 2977 3558 3042 facie
3581 2990 3770 3029 eorum
3798 2991 3814 3040 ;

2104 3067 2154 3116 et
2189 3078 2283 3130 ego
2329 3061 2643 3131 disperdam
2689 3075 2775 3115 eos
2823 3076 2943 3115 cum
2990 3066 3154 3115 terra.
3200 3061 3286 3118 Ab
3330 3062 3560 3118 homine
3610 3076 3820 3132 usque

2050 3183 2067 3234 λ
2105 3151 2174 3206 ad
2202 3150 2574 3216 animantem,
2599 3163 2633 3204 a
2662 3148 2847 3218 reptili
2881 3163 3063 3220 usque
3092 3148 3164 3204 ad
3196 3149 3460 3206 volucres
3491 3149 3613 3205 coeli
3647 3157 3818 3206 terra

2103 3246 2188 3295 est
2226 3245 2516 3308 corrupta.
2571 3237 2625 3292 id
2676 3244 2760 3293 est
2803 3251 2837 3292 a
2893 3237 3124 3308 propria
3171 3237 3479 3294 stabilitate
3527 3237 3818 3294 distracta

2107 3341 2266 3382 mens
2306 3327 2377 3380 ad
2425 3324 2726 3395 voragines
2764 3326 2936 3381 totius
2983 3325 3254 3395 nequitiae
3299 3329 3603 3396 prostituta
3655 3325 3824 3381 dela-

2105 3415 2280 3471 bitttr.
2314 3415 2498 3469 Omnis
2537 3413 2690 3469 enim
2722 3429 2847 3468 caro
2892 3419 3210 3484 corruperat
3255 3416 3403 3468 viam
3442 3430 3617 3478 suam,
3660 3413 3820 3484 quia.

2107 3501 2369 3559 mollities
2421 3501 2668 3558 carnalis
2715 3501 3000 3571 appetitus
3055 3501 3364 3572 dissiparat
3415 3501 3820 3572 infeceratque

2108 3590 2263 3648 illam
2310 3590 2383 3646 ad
2429 3590 2598 3661 cujus
2643 3589 2809 3646 debet
2841 3589 3008 3661 dirigi
3064 3589 3348 3660 regulam,
3395 3596 3449 3645 et
3478 3605 3610 3660 qua:
3660 3604 3816 3647 vera.

2108 3687 2258 3735 recte
2282 3677 2458 3734 eundi
2492 3678 2585 3732 via
2623 3684 2725 3744 est,
2781 3677 2994 3733 scilicet
3038 3677 3336 3743 rationem,
3387 3685 3442 3733 et
3487 3677 3592 3734 hoc
3639 3693 3824 3748 super

2109 3773 2331 3832 terram,
2368 3766 2422 3821 id
2447 3772 2530 3822 est
2563 3780 2675 3821 non
2707 3765 2893 3821 solum
2934 3766 3083 3822 inter
3128 3766 3332 3822 mentis
3377 3765 3592 3832 abdita,
3623 3767 3720 3822 sed
3756 3775 3826 3823 et

2109 3869 2296 3926 usque
2325 3853 2397 3910 ad
2425 3853 2731 3920 evidentia,
2765 3868 2898 3924 quas
2938 3868 3038 3924 per
3067 3869 3295 3924 corpus.
3343 3861 3550 3910 terram
3593 3853 3826 3910 scilicet

2111 3950 2386 4008 nostram,
2434 3941 2915 3998 administrantur
2979 3943 3278 4012 pravitatis
3332 3942 3614 4012 exempla.
3661 3941 3820 4001 Cum

2110 4047 2245 4104 ergo
2293 4030 2413 4087 haec
2462 4031 2613 4086 Deus
2665 4029 2916 4096 vidisset,
2971 4029 3025 4086 id
3066 4038 3151 4086 est
3202 4031 3448 4086 vivenda
3488 4031 3546 4086 in
3593 4031 3823 4102 quibus

2110 4127 2442 4176 versaretur
2498 4118 2652 4174 mala
2699 4133 2848 4174 caeco
2889 4116 3168 4188 peccatori
3231 4117 3636 4188 proposuisset.
3707 4133 3823 4190 per

2114 4209 2350 4264 internae
2373 4206 2735 4277 aspirationis
2757 4206 3038 4262 monitum
3071 4205 3153 4260 illi
3175 4205 3434 4276 suggerit
3479 4206 3620 4276 quid
3659 4206 3816 4264 facto

2111 4311 2257 4367 opus
2291 4303 2456 4362 esset,
2509 4295 2556 4350 si
2613 4295 2730 4352 Noe
2783 4293 3183 4349 intellectualis
3243 4294 3364 4348 ﬁeri
3418 4295 3618 4365 vellet;
3675 4295 3815 4366 linis

2111 4388 2252 4440 enim
2290 4387 2552 4438 universa
2579 4382 2766 4438 carnis
2807 4384 2954 4435 venit
3003 4375 3184 4436 coram
3223 4397 3326 4448 me,
3380 4385 3811 4441 consummatio

315 4482 370 4530 et
399 4485 651 4544 creagraa
689 4479 990 4528 vocantur.
1025 4471 1130 4528 Sed
1174 4471 1286 4540 hic,
1331 4489 1367 4526 α
1415 4476 1560 4539 facie
1607 4479 1784 4538 terra,
1834 4475 1888 4530 id
1921 4481 2006 4530 est
2037 4480 2080 4533 1)
2115 4471 2318 4542 utique
2341 4471 2662 4540 omnigenus
2691 4469 2945 4538 corporis
2985 4469 3296 4539 voluptatis
3325 4470 3404 4533 ﬁt,
3451 4469 3496 4526 si
3537 4471 3814 4528 veniatur

317 4563 390 4618 ab
433 4559 765 4626 intentione,
809 4567 865 4616 et
903 4574 1096 4616 amore
1137 4567 1493 4617 terrenorum
1541 4562 1858 4619 abolendus
1900 4570 2002 4622 est.

315 4651 384 4704 ab
405 4651 635 4714 homine,
668 4647 740 4703 ab
775 4647 864 4703 his
887 4647 1098 4704 scilicet
1129 4649 1338 4704 animae
1387 4649 1654 4716 motibus,
1697 4665 1828 4720 quae
1871 4658 2006 4706 sunt

317 4738 482 4810 quasi
531 4736 808 4794 rationem
859 4736 1144 4803 habentia,
1199 4745 1260 4794 ut
1311 4745 1448 4793 sunt
1478 4739 1761 4805 honestas,
1793 4747 1848 4794 et
1879 4753 2006 4794 mo-

316 4827 494 4883 destia
520 4840 634 4881 non
675 4839 779 4895 pro
818 4825 932 4880 Deo
964 4825 1061 4880 sed
1091 4825 1444 4881 saeculariter
1476 4826 1687 4894 habita,
1719 4841 1889 4896 usque
1933 4826 2008 4880 ad

315 4917 663 4979 animantem,
705 4927 890 4983 usque
939 4913 1009 4970 ad
1061 4913 1495 4984 exstirpandam
1529 4913 1789 4970 videlicet
1837 4914 2007 4984 cupi—

315 5003 569 5068 ditatem,
631 5015 761 5070 qme
832 5000 904 5055 ad
960 5007 1171 5056 terram
1233 5001 1467 5072 quidem
1537 5001 1868 5067 inclinatur,
1909 5001 2004 5057 sed

315 5103 490 5147 causa
546 5087 947 5144 necessitatum
999 5095 1332 5156 excusatur,
1384 5096 1439 5144 et
1499 5089 1667 5160 quasi
1713 5089 2009 5158 suspendi-

317 5186 431 5244 tur,
482 5192 518 5230 a
580 5176 768 5244 reptili
817 5174 1167 5246 llagitiorum
1211 5176 1356 5232 caeni
1402 5175 1678 5232 fetoribus
1721 5175 2008 5230 immerso-

319 5281 446 5322 rum
473 5278 643 5332 usque
685 5262 760 5314 ad
791 5264 1023 5316 volucres
1067 5265 1203 5327 caeli,
1239 5263 1290 5318 id
1322 5271 1406 5318 est
1435 5262 1754 5332 hypocrisis
1803 5261 2002 5329 fastus,

316 5352 417 5425 qui
465 5350 720 5407 vanitate
770 5349 1058 5419 feruntur,
1109 5349 1574 5419 pessumdandos,
1629 5349 1684 5404 in
1732 5362 1852 5418 qua
1891 5362 2007 5404 om-

317 5441 478 5496 nium
555 5439 934 5494 exstinctione
996 5439 1423 5508 comprobatur,
1483 5431 1636 5507 qqu
1693 5435 2002 5506 sequitur:

313 5529 534 5582 Paenitet
563 5529 702 5580 enim
733 5542 814 5580 me
839 5528 1034 5592 fecisse
1057 5541 1161 5580 eos.

384 5615 556 5672 νεεδ.
584 5617 636 5670 8.
681 5643 754 5656 —
801 5617 910 5670 Noe
951 5628 1076 5668 vero
1124 5613 1330 5666 invenit
1365 5614 1606 5678 gratiam
1652 5628 1832 5666 eorum
1878 5617 2000 5668 Deo.

314 5702 413 5758 His
439 5705 631 5774 itaque
661 5703 826 5758 malis
851 5697 1240 5764 cessantibus;
1279 5705 1464 5768 coepta
1509 5699 1714 5756 mentis
1757 5701 2000 5770 requies,

2113 4575 2293 4615 coram
2344 4574 2445 4624 me,
2495 4559 2602 4614 hoc
2649 4565 2733 4614 est
2774 4557 2834 4612 in
2877 4556 3084 4627 placito
3139 4571 3284 4613 meo.
3343 4559 3501 4624 Quod
3550 4573 3812 4630 namque

2114 4647 2255 4703 mihi
2311 4647 2503 4703 animo
2539 4647 2708 4708 sedet,
2771 4646 2876 4702 hoc
2944 4659 3134 4701 coram
3186 4659 3298 4712 me,
3348 4653 3404 4702 et
3462 4661 3580 4717 prae
3626 4649 3814 4706 oculis

2115 4735 2323 4791 habere
2353 4735 2498 4790 volo.
2533 4734 2658 4800 Quo
2685 4741 2885 4790 contra
2916 4748 2929 4788 :
2963 4735 3244 4801 Quoniam,
3279 4734 3489 4805 inquit,
3521 4751 3684 4804 pones
3721 4753 3812 4794 eos

2113 4825 2334 4878 dorsum
2363 4823 2531 4889 (Psal.
2563 4836 2659 4886 xx,
2707 4823 2815 4890 13).
2847 4821 2993 4879 Cum
3040 4822 3237 4894 itaque
3269 4823 3340 4878 ad
3385 4823 3483 4878 Dei
3531 4823 3808 4893 placitum

2112 4910 2362 4976 venitur,
2394 4909 2682 4981 quidquid
2713 4909 2907 4965 carnis
2937 4909 3116 4966 luxus
3153 4911 3479 4981 expostulat
3519 4913 3810 4983 extemplo

2114 4997 2422 5067 respuitur.
2512 5002 2558 5052 Α
2625 4999 2770 5064 facie
2837 5014 3038 5063 eorum,
3097 4999 3481 5056 animantium
3573 4999 3809 5068 scilicet,

2115 5085 2410 5143 hominum
2443 5093 2618 5158 atque
2658 5087 2969 5156 reptilium,
3015 5086 3070 5143 id
3115 5093 3200 5143 est
3239 5087 3550 5144 intentione
3579 5089 3812 5158 cupidi-

2113 5181 2318 5239 tatum,
2361 5180 2536 5246 atque
2582 5173 2910 5241 libidinum,
2951 5174 3093 5231 facie
3133 5173 3286 5230 enim
3335 5181 3390 5230 et
3440 5173 3810 5245 intendimus,

2113 5269 2289 5332 atque
2343 5261 2720 5319 intendimur.
2773 5263 3044 5332 Repletur
3091 5269 3244 5318 terra
3291 5261 3613 5332 iniquitate,
3671 5264 3814 5335 quia

2112 5351 2250 5406 dum
2316 5351 2483 5406 homo
2545 5351 2781 5407 interior
2848 5349 3144 5406 desideriis
3210 5349 3479 5420 turpibus
3545 5350 3813 5410 innititur

2116 5440 2283 5495 homo
2308 5438 2559 5495 exterior
2598 5445 2748 5495 terra
2798 5439 3059 5494 videlicet
3103 5438 3371 5506 operibus
3415 5435 3651 5495 nefariis
3680 5440 3810 5496 effi-

2112 5527 2324 5582 ciendis
2364 5526 2752 5584 indifferenter
2802 5526 3132 5596 exponitur.
3162 5524 3458 5596 {Disperdit
3490 5535 3683 5582 autem
3713 5543 3809 5584 eos

2112 5628 2242 5670 cum
2269 5621 2438 5682 terra,
2466 5615 2992 5677 dum'mansorem,
3027 5613 3238 5669 scilicet
3265 5613 3538 5675 animam.
3579 5622 3634 5669 et
3681 5631 3805 5670 cor-

2113 5717 2239 5772 pus,
2281 5710 2566 5758 terrenam
2619 5702 2817 5771 procul
2867 5701 3042 5758 dubio
3095 5701 3469 5766 mansionem,
3521 5711 3807 5772 quantum
