3966 6424
95 467 152 519 89
1226 461 1581 519 MOBAIJUH
1626 464 1691 519 IN
1730 462 2033 520 GENESIN
2081 460 2209 517 LIB.
2256 462 2356 517 Ill.
3520 466 3585 515 90

93 614 187 657 sua
212 606 593 670 utrorumque
651 597 904 665 interest,
966 610 1001 654 a
1058 596 1300 655 terrenis
1364 598 1608 672 negotiis
1658 599 1768 656 eli-
1807 604 1847 658 Α
1878 612 2049 670 opere
2078 597 2469 670 quiescamus,
2502 606 2557 656 et
2600 606 2839 669 septem,
2876 597 2931 654 id
2959 606 3045 655 est
3089 612 3320 670 corpus,
3362 605 3419 656 et
3456 599 3583 656 ani-

96 690 275 747 minat.

157 778 317 834 Vens.
374 777 459 831 14.
508 805 582 818 -
619 778 723 831 Fac
771 777 874 830 tibi
906 791 1092 831 arcam
1140 775 1207 830 de
1261 776 1426 843 lignis
1472 777 1768 845 laevigatis,

96 866 482 922 mansiunculus
529 868 587 920 in
614 880 745 920 arca
780 867 952 931 facies
1004 869 1056 919 et
1082 865 1348 919 bitumine
1377 867 1536 920 linies
1563 867 1766 921 intrin-

93 973 225 1013 secus
258 960 306 1009 et
347 957 699 1008 extrinsecus.
755 955 904 1009 Area
946 953 1160 1009 dicitur
1207 953 1280 1010 ab
1318 954 1571 1021 arcendo,
1622 955 1770 1011 sicut

94 1054 142 1102 et
168 1059 261 1100 arx
286 1043 457 1098 arcis.
492 1043 758 1098 Facimus
787 1042 963 1113 igitur
1008 1057 1216 1109 arcam,
1238 1056 1370 1097 cum
1399 1041 1571 1098 talem
1601 1055 1766 1111 para-

95 1147 209 1189 mus
261 1130 690 1198 conscientiam,
764 1146 895 1201 quae
952 1144 987 1186 a
1051 1145 1109 1187 se
1168 1130 1430 1200 impuros
1484 1130 1771 1201 appetitus

95 1228 285 1286 arceat,
333 1228 388 1276 et
436 1221 541 1290 piae
600 1219 914 1276 voluntatis
970 1220 1233 1291 operisve
1282 1221 1620 1289 mysterium
1660 1221 1770 1277 sub

97 1310 210 1367 fidei
263 1310 430 1381 signo
475 1310 734 1366 retineat.
812 1309 916 1366 Sed
982 1310 1101 1366 haec
1151 1309 1218 1363 de
1274 1311 1441 1377 lignis
1503 1311 1771 1378 laci'gatis

98 1400 405 1463 instruitur,
447 1414 579 1454 cum
650 1399 964 1455 virtutibus
1030 1407 1271 1455 terrenae
1321 1399 1509 1455 laudis
1554 1414 1767 1468 amore,

96 1488 443 1558 carnalisque
492 1487 808 1543 affectionis
856 1487 1002 1544 mole
1049 1487 1241 1543 exutis
1269 1487 1616 1544 conscientia
1658 1489 1771 1543 suf-

98 1577 331 1634 fulcitur.
388 1578 810 1631 Mansiunculas
859 1576 914 1631 in
965 1590 1100 1632 arca
1150 1576 1413 1637 facimus,
1446 1591 1577 1632 cum
1632 1591 1773 1646 qua-

97 1680 326 1737 rumque
349 1672 684 1722 sanctarum
726 1664 1142 1735 professionum
1180 1664 1470 1735 proposita
1513 1665 1772 1722 institui-

97 1770 228 1823 mus,
261 1770 391 1811 cum
446 1769 700 1825 namque
745 1754 801 1810 in
832 1754 1074 1810 adversa
1110 1754 1513 1824 prae-struimus
1561 1753 1775 1823 patien-

98 1845 237 1912 tiam,
260 1849 347 1899 41
370 1844 444 1900 ad
469 1842 735 1900 libidines
747 1841 1205 1907 sanctimoniam,
1222 1843 1419 1913 sicque
1437 1842 1689 1913 quibusq
1701 1857 1771 1898 ue

99 1947 243 1989 suam
268 1933 518 2003 profecto
551 1932 883 1988 invenimus
930 1932 1081 1987 intra
1115 1947 1216 1988 nos
1246 1931 1317 1987 ad
1355 1931 1605 2002 singula,
1639 1946 1771 2001 tune

100 2037 188 2078 nos
243 2022 429 2079 foveat
485 2021 789 2093 fugientes,
848 2021 1083 2077 domum
1160 2021 1391 2077 factam.
1440 2020 1771 2077 Notandum

98 2126 216 2167 vero
235 2111 385 2183 quod
422 2118 477 2167 et
505 2110 923 2167 mansiunculze
952 2125 987 2166 a
1031 2110 1316 2176 manendo,
1349 2118 1405 2166 et
1430 2110 1774 2166 diminutive

100 2198 371 2255 dicuntur.
421 2199 489 2254 In
522 2198 816 2254 mansione
857 2213 992 2269 ergo
1024 2205 1179 2254 certa
1211 2198 1547 2268 stabilisque
1580 2211 1775 2268 perse-

102 2288 357 2353 verantia,
418 2290 476 2343 in
535 2287 917 2343 diminutione
994 2287 1292 2343 humilitas
1351 2287 1654 2357 accipitur,
1719 2286 1776 2341 in

102 2377 295 2447 quibus
337 2376 408 2432 ad
442 2390 615 2433 omne
654 2375 938 2448 ingruens
987 2376 1311 2447 periculum
1342 2382 1605 2431 constant
1653 2375 1776 2431 dis-

102 2474 234 2522 creta
298 2465 589 2537 profugia.
670 2467 938 2520 Bitnmine
1022 2464 1227 2521 linitur
1302 2464 1647 2529 intrinsecus,
1723 2472 1778 2521 et

104 2558 431 2619 extrinsecus,
480 2555 619 2625 quia
684 2554 981 2610 charitatis
1033 2554 1223 2625 gratia
1258 2554 1360 2609 etsi
1393 2554 1652 2610 exterius
1681 2554 1774 2609 be-

106 2645 283 2700 neﬁcia
322 2644 606 2715 proximis
654 2644 991 2713 impertitur,
1045 2657 1160 2698 non
1214 2650 1404 2699 tamen
1462 2641 1776 2699 introrsum

105 2732 207 2801 ipso
271 2733 622 2789 charismate
702 2740 1034 2788 sanctorum
1105 2731 1337 2787 animus
1406 2732 1776 2802 exinanitur;

106 2821 456 2879 beneficentia
489 2822 724 2892 quippe,
749 2821 921 2892 juxta
965 2821 1322 2891 Apostolum,
1373 2820 1648 2887 exterius,
1693 2821 1778 2875 in-

106 2910 260 2966 terius
313 2919 604 2982 quantum
665 2911 733 2965 ad
793 2910 1244 2966 'unanimitatem
1320 2909 1522 2965 attinet
1597 2909 1777 2979 (Hebr.

106 3013 206 3065 xm,
242 3002 337 3067 16),
373 3001 457 3056 uti
498 2999 906 3056 communione
946 3013 1059 3055 non
1104 2998 1548 3065 obliviscuntur,
1602 2998 1778 3054 alter-

108 3096 283 3146 utrum
322 3102 583 3159 namque
638 3088 762 3144 sine
818 3088 1018 3157 altero,
1071 3095 1171 3144 aut
1203 3101 1431 3158 parum,
1485 3094 1587 3144 aut
1638 3087 1780 3143 nihil

106 3183 191 3230 est.
232 3176 493 3234 Bitumen
558 3184 753 3233 autem
783 3177 999 3232 tenacis
1056 3176 1366 3231 admodum
1398 3184 1624 3264 naturae
1675 3184 1778 3264 est,
1821 3209 1862 3264 ο

105 3271 152 3319 et
177 3265 313 3321 inter
340 3280 533 3336 aquas
576 3265 999 3335 indissolubile;
1049 3265 1393 3335 obsequium
1426 3263 1580 3320 enim
1632 3263 1783 3333 parit

107 3360 153 3407 et
177 3354 450 3410 contrahit
490 3353 603 3410 sibi
634 3354 867 3420 amicos,
926 3361 981 3409 et
1011 3353 1265 3409 charitas
1304 3367 1436 3408 cum
1471 3351 1783 3408 terribilem

110 3441 256 3498 faciat
288 3450 625 3498 sanctorum
674 3448 941 3509 mentem,
1004 3448 1065 3497 ut
1096 3441 1414 3497 ordinatam
1465 3447 1794 3497 castrorum,

112 3529 287 3597 aciem,
319 3531 479 3586 nullo
512 3530 787 3586 vitiorum
834 3530 1111 3600 impulsu,
1152 3529 1245 3585 vel
1279 3530 1449 3586 ﬂuxu
1504 3529 1786 3598 irrumpi-

112 3625 208 3686 tnr,
239 3618 372 3689 quia
408 3633 550 3675 vero
596 3626 652 3675 et
697 3619 957 3676 bitumen
992 3634 1065 3675 ex
1112 3619 1248 3675 limo
1289 3625 1394 3686 est,
1445 3618 1788 3675 humilitatis

113 3706 274 3776 gratia
304 3708 616 3779 figuratur,
652 3722 771 3778 qua
792 3708 987 3764 omnia
1007 3708 1151 3764 bene
1179 3716 1306 3763 acta
1338 3708 1712 3763 condiuntur.

171 3797 329 3854 Vens.
375 3801 459 3853 l5.
496 3829 568 3838 ——
602 3800 976 3853 Trecentorum
1018 3799 1319 3852 cubitorum
1352 3800 1459 3852 erit
1507 3797 1788 3865 longitudo

114 3901 250 3951 arca,
284 3887 694 3959 quinquaginta
744 3888 1051 3942 cubitorum
1083 3887 1338 3954 latitudo,
1382 3889 1616 3954 triginta
1643 3886 1789 3941 cubi-

115 3980 264 4029 torum
319 3975 563 4031 altitudo
602 3977 771 4031 illius.
836 3976 941 4031 Per
988 3976 1303 4031 ternarium
1354 3974 1633 4043 Trinitas;
1691 3988 1790 4045 per

113 4065 482 4121 centenarium
523 4064 856 4135 integritas;
889 4079 987 4134 per
1015 4064 1274 4120 cubitum
1298 4064 1487 4134 operis
1520 4063 1787 4132 firmitas;

119 4163 200 4217 per
242 4152 660 4224 longitudinem
692 4152 1035 4223 intelligitur
1083 4152 1416 4208 intentionis
1465 4151 1787 4222 prolixitas.

117 4237 219 4293 Non
262 4255 393 4313 ergo
440 4241 597 4298 male
639 4242 858 4313 agendo
894 4242 962 4297 de
1010 4242 1106 4297 Dei
1159 4239 1544 4296 misericordia
1597 4254 1791 4309 spere-

118 4339 244 4393 mus,
273 4329 363 4384 Sed
412 4329 598 4385 firmis
663 4329 1017 4401 integrisque
1064 4330 1336 4401 operibus
1405 4329 1667 4385 innixam
1718 4327 1789 4383 ad

122 4414 295 4482 Deum,
325 4419 424 4488 qui
454 4418 710 4475 Trinitas
731 4427 833 4487 est,
896 4420 1264 4476 intentionem
1300 4419 1477 4474 animi
1525 4418 1791 4489 porriga-

121 4516 240 4560 mus.
289 4506 534 4563 Possunt
587 4507 757 4563 etiam
806 4522 906 4578 per
938 4514 1221 4564 trecentos
1277 4506 1503 4563 cubitos
1550 4514 1666 4561 tres
1709 4504 1788 4560 illi

121 4592 363 4662 praecipui
415 4592 773 4665 perfectique
820 4607 1121 4664 processus
1158 4594 1361 4664 accipi,
1414 4607 1563 4665 quos
1603 4592 1790 4648 Domi-

122 4691 215 4733 nus
252 4681 416 4738 dicit:
466 4683 666 4747 Petite,
725 4686 970 4752 quaerite,
1024 4684 1241 4752 pulsate
1282 4684 1496 4752 (Matth.
1557 4697 1657 4748 vn,
1704 4684 1789 4751 7);

119 4772 276 4835 Mite,
338 4771 557 4827 scilicet
624 4771 872 4840 orando;
910 4774 1153 4841 querite,
1212 4772 1505 4844 legendo;
1556 4771 1790 4840 pulsate,

123 4858 396 4922 operando.
430 4859 575 4927 Quae
635 4858 772 4914 dum
822 4860 1099 4916 continuo
1156 4859 1360 4916 effectu
1393 4858 1791 4929 exsequimur,

125 4954 229 5009 5983
268 4947 515 5015 profecto
569 4953 765 5003 nostro
815 4946 885 5003 ad
937 4962 1070 5004 eum
1127 4962 1229 5018 pro
1290 4948 1342 5003 id
1395 4947 1591 5018 agitur
1641 4947 1795 5018 juste

124 5026 428 5091 intenditur.
525 5034 1084 5106 Quinquagenarius
1173 5050 1475 5098 numerus,
1577 5041 1793 5105 septem

125 5120 299 5188 septies
349 5124 562 5193 ductis,
622 5138 858 5193 unoque
896 5123 1089 5180 addito
1130 5139 1265 5181 cum
1309 5130 1548 5192 constet,
1605 5137 1709 5193 per
1736 5137 1795 5178 se

126 5212 284 5266 tamen
326 5214 591 5284 requiem
622 5212 851 5283 signare
897 5214 1216 5280 consuevit,
1262 5220 1327 5269 ut
1377 5221 1462 5269 est
1492 5212 1794 5279 luhilzeus,

130 5300 354 5357 utetiam
375 5302 534 5372 quod
578 5300 984 5372 quinquageni
1023 5301 1095 5357 ad
1125 5316 1289 5357 esum
1332 5309 1545 5371 septem
1578 5314 1794 5370 panum

130 5381 533 5454 dispertiuntur.
570 5390 677 5445 Per
704 5388 1064 5445 latitudinem
1112 5397 1306 5446 autem
1363 5389 1795 5459 contemplatio-

134 5485 237 5529 nem
266 5478 600 5549 accipimus,
637 5477 840 5549 quain
879 5478 974 5534 Dei
1009 5477 1227 5534 visione
1271 5477 1798 5548 quantulacunque

132 5562 430 5627 3Patiamur.
506 5590 528 5616 ι
622 5567 881 5639 Angusta
928 5573 1013 5622 est
1064 5566 1218 5622 enim
1274 5565 1464 5621 omnis
1531 5573 1798 5621 creatura

138 5648 316 5710 videnti
368 5655 699 5713 Creatorem
753 5654 1021 5723 (Gnncon.
1085 5655 1235 5710 Dial.
1296 5654 1395 5710 lib.
1428 5669 1488 5720 ιι,
1520 5668 1571 5709 c.
1632 5655 1735 5722 35).
1771 5674 1792 5701 ι

140 5734 222 5792 Sed
242 5744 282 5796 si
309 5744 378 5799 ad
403 5745 558 5800 hanc
591 5744 872 5816 attingere
918 5744 1207 5814 cupimus,
1264 5757 1299 5799 a
1329 5755 1508 5813 pravo
1537 5755 1684 5813 opus
1714 5749 1799 5797 est

1879 702 2030 744 mam
2064 694 2316 744 nostram
2349 687 2665 758 septiformi
2698 687 2897 759 gratiae
2947 686 3328 759 subigamus;
3371 702 3585 758 corpus

1878 776 2054 843 enim,
2117 784 2180 833 ut
2210 776 2353 832 alias
2386 777 2663 843 diximus,
2725 783 2984 846 quatuor
3009 776 3326 844 elementis,
3385 776 3585 833 anima

1881 865 2069 922 tribus
2118 866 2539 937 principalibus
2593 865 2848 922 motibus
2887 873 3131 934 constat,
3195 880 3330 937 quae
3361 865 3584 922 faciunt

1879 961 2115 1024 septem.
2157 954 2299 1010 Cum
2354 954 2532 1026 igitur
2581 969 2684 1010 nos
2734 953 2911 1021 intus,
2965 961 3021 1010 et
3066 961 3230 1010 extra
3289 953 3580 1024 spirituali

1879 1039 2079 1111 gratiae
2099 1040 2517 1105 addixerimus,
2546 1048 2685 1098 tunc
2713 1042 2946 1096 demum
2969 1041 3041 1096 ad
3065 1040 3228 1096 illum
3263 1055 3444 1097 unum
3468 1048 3584 1096 toto

1878 1143 2072 1185 amore
2098 1130 2496 1186 contuendum
2521 1144 2734 1201 magna
2754 1130 2940 1185 cordis
2960 1130 3365 1201 amplitudine,
3401 1130 3583 1186 Deum

1879 1218 2091 1274 scilicet
2125 1218 2438 1274 veniemus.
2479 1219 2786 1289 Postquam
2817 1219 3014 1290 itaque
3037 1219 3093 1274 in
3119 1220 3217 1275 Dei
3260 1218 3586 1290 cognitione

1882 1306 2357 1375 laboraverimus,
2399 1308 2788 1363 necessarium
2863 1314 2967 1375 est,
3004 1314 3066 1363 ut
3115 1307 3290 1364 etiam
3348 1306 3587 1377 triginta

1880 1396 2203 1452 altitudinis
2240 1396 2466 1453 cubitus
2532 1396 2590 1451 iu
2641 1395 2820 1452 nostri
2871 1396 3329 1452 consideratione
3376 1395 3586 1451 metia-

1881 1498 2040 1551 mur;
2073 1485 2256 1540 sexies
2285 1485 2449 1555 quiui
2475 1484 2714 1555 triginta
2742 1485 2908 1540 ﬁunt.
2947 1486 3052 1541 Per
3080 1486 3374 1540 senarium
3449 1498 3587 1540 vero

1881 1588 2213 1641 numerum,
2245 1572 2511 1641 perfectio
2541 1574 2846 1643 accipitur,
2880 1574 3023 1644 quia
3048 1575 3200 1629 Deus
3242 1589 3341 1635 sex
3384 1573 3589 1629 diebus

1881 1676 1993 1718 sua
2024 1662 2258 1732 perfecit
2288 1676 2500 1732 opera;
2532 1669 2587 1717 et
2617 1662 2731 1717 hoc
2763 1661 2887 1733 ipso
2919 1662 3089 1717 homo
3133 1661 3350 1733 signari
3384 1669 3584 1731 potest,

1882 1750 1984 1821 qui
2018 1750 2320 1806 diefactus
2347 1757 2431 1805 est
2458 1756 2620 1805 sexta
2654 1763 2666 1802 :
2705 1762 2805 1819 per
2856 1747 3197 1819 quinarium
3248 1747 3591 1819 intelligitur

1886 1838 2112 1895 forense
2156 1837 2456 1909 ingenium
2535 1837 2608 1893 ob
2661 1837 2925 1894 notitiam
2967 1836 3232 1909 quinque
3277 1829 3586 1904 sensuum;

1881 1927 2209 1984 continetur
2237 1931 2429 1983 autem
2484 1933 2569 1983 ter
2601 1928 2658 1982 in
2719 1926 3031 1999 trigenario
3074 1924 3367 1982 denarius.
3428 1924 3587 1991 Quod

1884 2024 2065 2072 totum
2113 2023 2196 2073 est
2254 2031 2356 2072 nos
2410 2016 2623 2072 debere
2703 2015 3007 2072 exterioris
3092 2014 3343 2071 hominis
3408 2014 3587 2070 nostri

1881 2106 2177 2163 scientiam
2209 2106 2280 2162 ad
2336 2105 2659 2162 contuitum
2707 2104 2909 2175 primae
2967 2111 3175 2160 nostrae
3231 2102 3492 2175 originis,
3526 2116 3594 2158 ac

1882 2195 2178 2267 dignitatis
2233 2202 2565 2251 convertere
2613 2201 2668 2250 et
2743 2193 3171 2265 cogitationem,
3246 2192 3589 2248 locutionem

1885 2284 2393 2355 operationemque
2441 2283 2655 2339 divinae
2689 2282 2832 2354 legis
2882 2281 3197 2353 praeceptis,
3233 2294 3366 2351 quae
3395 2280 3591 2337 decem

1885 2374 2181 2441 dicuntur,
2242 2372 2560 2429 instituere.
2634 2371 2895 2428 Altitudo
2956 2385 3094 2443 ergo
3171 2371 3293 2426 haec
3363 2383 3593 2426 summa

1888 2470 2095 2519 nostra:
2126 2461 2469 2518 conditionis
2508 2468 2616 2531 est,
2663 2461 2754 2518 cui
2813 2461 3014 2516 crebro
3069 2460 3344 2517 debemus
3398 2459 3592 2514 inten-

1886 2551 2038 2618 dere,
2065 2564 2243 2621 quam
2275 2550 2525 2620 perfecta
2554 2563 2589 2604 a
2634 2550 2751 2606 Deo
2791 2549 2941 2606 facta
2966 2549 3056 2605 sit.

1959 2640 2131 2696 Vens.
2171 2642 2253 2694 l6.
2286 2669 2356 2680 —
2390 2640 2702 2693 Fenestram
2744 2641 2802 2694 in
2831 2654 2963 2693 arca
2989 2640 3182 2704 facies,
3215 2640 3266 2691 et
3298 2638 3358 2690 in
3413 2635 3593 2690 cubito

1888 2731 2282 2786 consummabis
2323 2732 2687 2785 summitatem
2746 2730 2884 2799 ejus.
2944 2730 3215 2786 Fenestra
3284 2727 3344 2783 in
3392 2726 3592 2782 domos

1889 2819 2112 2876 admitti
2165 2826 2221 2875 et
2274 2818 2505 2875 excludi
2549 2819 2690 2875 solet
2741 2818 2968 2886 lumen;
3051 2830 3154 2888 per
3199 2815 3355 2887 quod
3413 2821 3594 2885 potest

1889 2907 2153 2965 discretio
2185 2922 2300 2963 non
2327 2907 2577 2963 absurde
2606 2906 2870 2979 intelligi,
2901 2921 3019 2977 qua
3044 2913 3099 2962 et
3139 2905 3359 2961 malum
3410 2903 3593 2959 ratio-

1890 2997 2137 3054 cinando
2167 2996 2516 3066 repellimus,
2552 2996 2888 3067 bonumque
2946 2995 3127 3067 digna
3154 2993 3428 3050 electione
3460 2991 3595 3047 reci-

1893 3087 2102 3157 pimus.
2142 3086 2260 3141 Hac
2290 3100 2404 3141 non
2433 3086 2619 3141 solum
2650 3084 2935 3151 tenebras,
2982 3084 3078 3139 sed
3105 3090 3161 3139 et
3190 3082 3407 3147 lumen,
3459 3093 3592 3136 cum

1891 3175 2086 3241 officit,
2109 3187 2393 3240 arcemus,
2427 3174 2567 3243 quia
2590 3189 2720 3229 cum
2744 3188 2817 3228 ex
2842 3172 3119 3229 memoria
3146 3171 3431 3227 bonorum
3463 3183 3594 3238 qua)

1891 3263 2117 3334 egimus
2150 3261 2338 3330 inepta
2367 3260 2581 3326 laetitia,
2636 3275 2739 3316 seu
2780 3259 2992 3315 fiducia
3025 3259 3191 3315 nobis
3246 3256 3589 3324 innascitur,

1892 3357 2262 3420 peccatorum
2285 3356 2545 3405 veterum
2579 3349 2650 3404 ad
2678 3349 2941 3405 animum
2977 3348 3195 3403 mentio
3233 3346 3399 3417 quasi
3432 3360 3591 3417 quae-

1892 3440 2025 3495 dam
2057 3438 2266 3494 umbra
2298 3438 2498 3494 merito
2529 3447 2853 3494 revocatur.
2889 3439 3061 3500 Pone,
3094 3436 3175 3493 ait
3203 3436 3402 3502 Isaias,
3434 3436 3596 3503 quasi

1891 3534 2097 3583 noctem
2155 3527 2405 3582 umbram
2455 3532 2604 3581 tuum
2657 3527 2788 3597 (fsa.
2861 3540 2977 3589 XVI,
3038 3526 3112 3595 3).
3174 3523 3341 3581 Creat
3416 3522 3591 3577 etiam

1894 3631 2068 3687 super
2098 3630 2326 3672 omnem
2365 3615 2555 3672 locum
2615 3614 2825 3671 montis
2871 3614 3006 3671 Sion
3048 3613 3262 3671 nubem
3310 3625 3412 3682 per
3438 3610 3592 3666 diem

1895 3708 2066 3772 Deus,
2102 3705 2161 3761 in
2207 3703 2401 3761 cubito
2431 3705 2735 3761 summitas
2782 3704 2989 3760 horum
3021 3702 3282 3759 omnium
3316 3714 3595 3757 consum—

1896 3801 2109 3859 matur,
2145 3792 2287 3863 quia
2326 3792 2383 3847 in
2414 3794 2615 3863 requie
2644 3792 2995 3863 sempiterna
3044 3791 3368 3856 summitas,
3407 3789 3462 3844 id
3510 3794 3595 3845 est

1897 3881 2028 3938 finis
2053 3882 2360 3938 elaboratae
2391 3882 2769 3952 perfectaeque
2798 3881 3161 3938 conscientiae
3189 3879 3410 3951 sperari
3437 3878 3599 3949 jube-

1899 3978 2023 4041 tur;
2064 3985 2099 4026 a
2152 3971 2347 4028 cubito
2413 3971 2568 4027 enim
2623 3969 2951 4027 accubitare
3009 3970 3278 4026 dicimus.
3330 3968 3491 4024 Unde
3538 3967 3598 4023 in

1895 4060 2146 4117 Canticis
2192 4061 2601 4115 reclinatorium
2654 4074 2879 4113 aureum
2930 4059 3109 4128 (Cant.
3168 4072 3248 4124 ιιι,
3303 4056 3409 4125 lO),
3452 4054 3598 4110 etin

1898 4148 2255 4220 Evangelio.
2332 4150 2512 4203 Faciet
2568 4148 2690 4202 illos
2765 4147 3104 4201 discumbere
3188 4143 3401 4201 dicitur
3446 4144 3595 4212 (Luc.

1898 4252 1999 4305 xu,
2023 4239 2152 4307 3'7);
2187 4237 2264 4293 ibi
2291 4236 2445 4293 enim
2479 4235 2893 4306 perficiendum
2924 4236 3049 4291 sine
3089 4233 3283 4290 labore
3306 4240 3410 4298 est,
3442 4230 3597 4302 quod

1902 4329 1993 4384 hic
2018 4334 2348 4397 exercetur;
2385 4326 2443 4381 in
2478 4323 2834 4381 Hierusalem
2861 4325 3016 4381 enim
3069 4330 3270 4379 votum
3303 4321 3595 4378 reddetur.

1901 4417 2110 4473 Ostium
2164 4420 2341 4470 autem
2402 4429 2542 4469 arcae
2574 4428 2739 4483 pones
2794 4429 2862 4468 ea:
2891 4413 3062 4468 latere
3112 4414 3381 4473 deorsum,
3432 4424 3602 4464 ccena~

1833 4511 1875 4565 D
1902 4507 2025 4560 cula
2043 4510 2094 4559 et
2124 4506 2351 4572 tristega
2380 4506 2551 4571 facies
2571 4505 2631 4555 in
2676 4517 2759 4556 ea.
2792 4502 3004 4558 Ostium
3051 4517 3191 4556 arca
3236 4515 3300 4556 os
3341 4507 3601 4555 nostrum

1901 4594 2178 4650 debemus
2215 4592 2490 4663 accipere,
2525 4605 2643 4661 quo
2670 4590 3015 4660 panduntur
3052 4597 3270 4645 secreta
3303 4587 3604 4645 conscien-

1903 4681 2032 4751 tiae;
2088 4680 2301 4737 ostium
2357 4694 2612 4750 namque
2664 4680 2738 4735 ab
2780 4678 3106 4734 ostendendo
3155 4677 3388 4744 dicitur,
3450 4674 3605 4732 unde

1897 4770 2138 4841 iubetur
2167 4784 2279 4825 non
2311 4770 2443 4839 poni
2476 4768 2586 4825 sub
2612 4768 2802 4825 modio
2856 4768 3053 4823 lumen
3108 4766 3327 4832 (Matth.
3381 4779 3434 4832 v,
3493 4764 3600 4831 15),

1904 4866 1969 4916 ut
1999 4858 2099 4929 qui
2140 4856 2575 4929 ingrediuntur,
2625 4856 2728 4927 qui
2790 4855 3005 4911 scilicet
3052 4852 3479 4910 confabulando
3533 4852 3605 4908 ad

1903 4947 2081 5003 nostri
2111 4945 2369 5002 notitiam
2402 4945 2809 5009 admittuntur,
2851 4942 3101 5007 videant,
3138 4942 3191 4997 id
3225 4949 3311 4998 est
3355 4941 3608 4997 docean-

1906 5044 2001 5093 tur
2032 5035 2184 5092 unde
2205 5042 2331 5091 est:
2392 5036 2512 5089 Non
2558 5048 2763 5087 omnem
2805 5034 3072 5087 hominem
3118 5032 3351 5086 inducas
3396 5033 3457 5086 in
3510 5031 3608 5085 do-

1902 5141 2050 5179 mum
2106 5129 2257 5179 tuam
2302 5125 2493 5189 (Eccli.
2549 5137 2628 5188 xu,
2687 5122 2797 5191 3|),
2853 5122 3011 5193 quod
3064 5127 3296 5177 estnon
3337 5120 3610 5177 omnibus

1908 5214 2115 5284 prodas
2142 5220 2391 5270 mentem
2448 5219 2628 5268 tuam.
2674 5211 2794 5268 Hoc
2834 5210 3047 5266 ostium
3104 5225 3174 5264 ea:
3226 5209 3396 5263 latere
3438 5209 3610 5278 poni-

1906 5317 2056 5368 mus,
2084 5302 2224 5358 dum
2263 5308 2462 5358 contra
2512 5300 2899 5369 subripientes
2927 5297 3185 5354 fallacias
3214 5298 3367 5354 cauti
3421 5297 3610 5353 unde-

1905 5406 2136 5461 cunque
2167 5390 2564 5460 prospicimus,
2618 5402 2750 5459 quaa
2792 5395 2995 5452 tacere,
3024 5400 3157 5456 quae
3215 5384 3369 5456 loqui
3402 5385 3610 5440 debea-

1906 5493 2069 5544 mus;
2121 5478 2369 5532 deorsum
2390 5490 2627 5547 quoque
2657 5475 2944 5546 ponimus,
2973 5474 3114 5529 dum
3145 5481 3247 5529 aut
3278 5472 3451 5528 nimis
3495 5472 3612 5528 alta

1907 5566 2151 5622 scrutari
2189 5565 2529 5635 refugimus,
2570 5571 2671 5620 au:
2719 5577 2853 5634 quas
2872 5562 3114 5618 dicenda
3143 5570 3300 5631 sunt,
3350 5576 3611 5630 congrua

1908 5652 2115 5710 mentis
2142 5661 2199 5709 et
2225 5653 2438 5723 linguae
2494 5651 2818 5708 humilitate
2882 5649 3260 5721 proferimus;
3342 5650 3615 5703 cenacula

1909 5742 2171 5805 facimus,
2227 5747 2326 5796 ιιι
2381 5741 2520 5799 dum
2576 5748 2697 5797 tota
2728 5746 2919 5796 nostra
2969 5737 3252 5795 desideria
3307 5750 3342 5792 a
3386 5744 3615 5792 terrena
