3956 6422
331 448 390 500 9|
1231 445 1288 498 ν.
1325 442 1666 501 GUIBERTI
1707 441 1998 499 ABBATIS
2047 441 2104 499 S.
2145 441 2383 498 ΙΔΒΙᾹΞ
2419 440 2514 498 DE
2555 441 2941 499 NOVIGENTO
3771 440 3856 493 92-

331 580 703 639 delectatione
751 580 1181 652 suspendimus.
1241 581 1488 646 Tristega
1555 592 1691 635 vero
1742 592 1777 634 a
1834 578 2024 635 tribus
2057 575 2106 631 Δ
2135 576 2364 634 duobus
2415 577 2713 647 discipulis
2774 577 2851 634 ad
2896 583 3338 634 monumentum
3393 589 3564 633 mane
3603 574 3844 631 venisse

331 669 604 726 videntur
651 669 765 726 dici
820 669 1094 735 statibus;
1154 676 1340 724 status
1398 675 1593 724 autem
1655 667 1834 724 nostri
1908 673 2024 722 tres

333 772 532 815 revera
557 766 713 814 sunt.
775 759 1004 815 Primus
1051 758 1108 814 in
1142 757 1360 813 visione
1403 770 1701 827 corporea;
1737 754 2026 812 secundus

333 843 814 914 imaginationum
841 844 1144 913 memoria;
1191 847 1393 901 tertius
1442 843 1812 900 intellectuali
1880 857 2020 914 pru-

332 931 548 988 dentia.
611 932 682 987 Et
737 932 949 988 habent
1003 933 1266 1002 proprias
1307 933 1591 989 trinitates
1634 932 1827 996 etiam,
1877 946 2026 1002 quas

335 1019 605 1090 prosequi
638 1021 875 1091 longum
905 1029 1008 1088 est,
1035 1021 1240 1077 horum
1280 1021 1530 1090 singula,
1562 1034 1813 1090 quorum
1828 1020 2023 1090 quali-

335 1107 552 1163 tatibus
577 1107 826 1178 quisque
883 1107 1188 1176 diligenter
1239 1108 1512 1178 pensatis,
1543 1107 1659 1163 duo
1705 1107 1891 1177 prima
1923 1120 2026 1176 pro

333 1193 422 1251 sui
451 1194 694 1251 utilitate
754 1202 1074 1265 postponat,
1124 1202 1179 1251 et
1235 1209 1369 1251 cum
1422 1195 1599 1251 Paulo
1655 1195 1912 1265 apostolo
1951 1195 2022 1250 ad

336 1282 569 1338 tertium
600 1282 832 1349 caelum,
861 1283 1240 1339 intellectuale
1292 1283 1506 1340 scilicet
1536 1283 1872 1354 mysterium
1904 1298 2027 1338 sese

336 1371 613 1441 proripiat
643 1372 729 1438 (ll
765 1373 885 1426 Cor.
947 1386 1046 1436 xu,
1104 1375 1178 1439 2).
1209 1372 1433 1428 Dicitur
1487 1372 1641 1428 enim
1702 1385 1736 1427 a
1765 1371 2028 1440 plurimis

337 1458 393 1514 in
440 1460 607 1514 tertia
642 1458 898 1515 homines
931 1459 1218 1516 habitasse
1243 1473 1494 1526 camera,
1551 1474 1658 1515 nec
1686 1459 1742 1515 id
1777 1459 2022 1530 injuria;

282 1539 292 1550 ’
338 1560 468 1602 nam
502 1553 557 1602 et
603 1547 871 1614 visiones,
923 1554 980 1602 et
1031 1547 1474 1616 imaginationes
1527 1561 1836 1617 corporum
1893 1561 2025 1602 cum

335 1633 528 1690 bestiis
553 1633 835 1690 habemus
865 1634 1219 1700 communia,
1272 1635 1369 1690 sed
1422 1648 1554 1690 cum
1589 1635 1698 1690 Deo
1721 1642 1777 1691 et
1806 1634 2028 1705 angelis

337 1721 754 1792 participamur
783 1721 1022 1778 rationis
1064 1721 1266 1792 gloria.
1301 1722 1525 1779 Dicitur
1575 1737 1810 1794 quoque
1843 1723 2028 1793 prima

335 1809 504 1866 statio
555 1809 733 1866 fuisse
780 1811 1139 1874 stercoraria.
1200 1825 1318 1880 quo
1369 1810 1542 1866 limus
1594 1810 1806 1867 scilicet
1880 1809 2018 1866 inibi

339 1897 670 1968 degentium
723 1897 1063 1955 animalium
1107 1906 1163 1955 et
1228 1898 1528 1954 hominum
1583 1899 2020 1969 exponebatur;

335 1985 587 2042 secunda
615 1986 1002 2057 apothecaria,
1030 2001 1147 2057 quo
1179 1986 1358 2042 victui
1390 1987 1653 2057 utrisque
1681 1995 1815 2058 apta
1845 2001 2030 2043 serva-

336 2069 580 2140 bantur;
607 2071 774 2128 tertia
804 2073 1214 2138 mansionaria,
1249 2086 1366 2142 quo
1390 2071 1494 2127 soli
1544 2072 1802 2128 homines
1825 2087 2026 2128 versa-

337 2156 570 2214 bantur.
619 2159 846 2215 Primus
898 2160 1072 2216 etiam
1125 2168 1320 2216 uoster
1360 2166 1544 2216 status
1601 2161 1662 2216 in
1733 2161 2028 2217 vocatione

335 2245 610 2302 confessio
679 2248 893 2316 peccati
965 2256 1076 2315 est;
1127 2248 1436 2316 secundus,
1483 2249 1542 2304 in
1620 2249 2028 2319 justilicatioue

335 2335 628 2390 exsecutio
649 2335 912 2391 vitalium
945 2349 1188 2406 operum
1224 2343 1338 2401 est;
1397 2337 1600 2393 tertius
1625 2331 1718 2396 fin’
1738 2337 2028 2409 gloriﬁca-

336 2421 508 2486 tione,
541 2423 777 2492 quando
800 2422 1083 2480 solielecti
1116 2423 1175 2479 in
1207 2438 1384 2495 regno
1407 2425 1642 2492 erimus,
1673 2433 1776 2482 est.

410 2509 581 2566 Vnus.
636 2515 720 2566 l7.
777 2540 848 2552 —
922 2515 1055 2567 Ecce
1129 2527 1226 2580 ego
1292 2513 1564 2568 adducam
1597 2514 1798 2568 diluvii
1855 2529 2028 2584 aquas

335 2611 500 2668 super
544 2603 766 2664 terram,
811 2605 871 2655 ut
928 2603 1250 2670 inter/icium
1277 2617 1482 2657 omnem
1533 2618 1768 2668 carnem,
1815 2605 1874 2656 in
1919 2619 2030 2672 qua

336 2688 570 2755 spiritus
615 2690 742 2742 vita
790 2693 867 2742 est
900 2689 1083 2744 subter
1111 2691 1329 2755 calum;
1357 2694 1612 2744 universa
1648 2706 1768 2760 qua
1795 2693 1852 2744 in
1883 2696 2030 2745 terra

336 2779 465 2828 sunt
488 2780 881 2832 consumentur.
916 2778 1101 2846 Aquae
1133 2777 1338 2833 diluvii
1367 2777 1611 2834 celestis
1650 2787 1734 2834 est
1793 2779 2030 2834 scientia

336 2863 703 2932 sacramenti,
765 2877 885 2936 qua
931 2864 1242 2921 diluuntur
1269 2880 1448 2936 super
1478 2874 1711 2934 terram,
1769 2866 1824 2922 id
1855 2874 1940 2922 est
1971 2867 2030 2923 in

338 2964 574 3021 corpore
604 2959 797 3008 nostro
828 2952 1139 3024 cujuslibet
1165 2954 1412 3010 obscena
1444 2955 1673 3025 peccati.
1709 2955 2027 3022 EVundam,

338 3039 548 3110 inquit,
596 3055 762 3110 super
788 3057 880 3096 vos
937 3058 1145 3112 aquam
1201 3043 1483 3106 mundam.
1521 3052 1572 3098 et
1627 3044 2032 3098 mundabimini

337 3127 552 3197 (Ezech.
583 3143 779 3198 xxxvr,
810 3128 928 3200 25.)
964 3131 1096 3186 Haec
1125 3145 1302 3202 aqua,
1337 3131 1391 3186 id
1419 3139 1504 3188 est
1531 3132 1811 3202 sapientia
1841 3133 2028 3188 addu—

337 3216 491 3273 citur
513 3232 678 3288 super
707 3223 929 3285 terram,
951 3219 1184 3290 quando
1211 3219 1532 3290 spiritualis
1559 3220 1810 3292 dignitas
1835 3229 2031 3277 tenore

332 3305 572 3375 justitiie
611 3313 918 3376 exsuperat
945 3321 1209 3377 carnem;
1253 3307 1442 3364 omnis
1483 3322 1638 3376 caro,
1682 3311 1741 3364 in
1765 3325 1877 3378 qua
1915 3313 2032 3380 spi.

337 3394 481 3447 ritus
509 3396 634 3448 vitae
662 3399 740 3447 est
769 3395 953 3448 subter
988 3394 1175 3448 caelum
1214 3393 1576 3462 interficitur,
1611 3411 1747 3453 cum
1775 3398 2036 3454 membra

340 3487 556 3548 nostra,
617 3495 749 3552 quae.
799 3488 937 3537 sunt
973 3495 1149 3552 super
1199 3489 1430 3549 terram,
1489 3490 1544 3540 et
1569 3484 1772 3540 'adhuc
1828 3486 2034 3543 vivunt

340 3567 654 3640 vigentque
709 3568 769 3624 in
795 3569 977 3635 nobis,
1050 3569 1474 3626 mortificamur
1525 3572 1656 3641 (Col.
1717 3587 1796 3641 ιιι,
1839 3575 1913 3641 5),
1973 3582 2036 3630 ut

340 3656 528 3713 dicere
567 3657 851 3726 possimus
891 3671 1026 3713 cum
1075 3657 1252 3714 Paulo
1308 3658 1597 3728 apostolo:
1670 3663 1802 3715 Vivo
1857 3667 2036 3718 autem

336 3747 457 3814 jam
495 3760 603 3798 non
629 3760 754 3812 ego;
803 3747 941 3800 vivit
995 3761 1118 3800 vero
1149 3749 1206 3801 in
1233 3762 1316 3801 me
1353 3749 1601 3804 Christus
1646 3748 1799 3818 (Gal.
1833 3765 1890 3818 ιι,
1924 3753 2031 3819 20).

343 3834 635 3889 Hactenus
680 3841 874 3890 autem
923 3847 991 3890 ea
1048 3834 1487 3904 mortificamur,
1521 3851 1634 3893 non
1690 3845 1753 3894 ut
1803 3853 2037 3909 prorsus

343 3921 772 3992 interimantur,
829 3930 1119 3992 quatenus
1155 3923 1212 3978 in
1247 3923 1408 3980 nullo
1463 3938 1708 3997 regnare
1747 3927 2030 3984 feruntur.

343 4011 538 4067 Subter
566 4012 753 4066 calum
773 4020 965 4068 autem
1023 4011 1260 4082 spiritus
1308 4013 1468 4081 vivit,
1503 4029 1636 4070 cum
1691 4015 1819 4072 licet
1873 4031 2036 4087 pres-

340 4113 438 4155 sus
486 4100 723 4156 rationis
753 4099 1009 4170 imperio,
1076 4115 1210 4171 quae
1245 4100 1454 4157 caelum
1513 4102 1586 4158 ob
1616 4103 1834 4171 divina,
1903 4119 2036 4176 quae

342 4187 614 4258 continet,
670 4188 944 4258 mysteria
1005 4197 1264 4255 vocatur,
1330 4191 1660 4248 tentationis
1713 4207 1817 4249 nos
1862 4194 2036 4250 ﬂatus

345 4275 598 4346 impellit.
635 4275 741 4332 Per
777 4275 937 4333 hunc
994 4276 1191 4348 itaque
1247 4292 1507 4348 saporem
1561 4280 1856 4352 sapientia!
1898 4283 2034 4338 uni-

345 4377 512 4421 versa
541 4378 674 4434 quae
704 4364 764 4420 in
794 4371 949 4421 terra
977 4374 1113 4421 sunt
1129 4376 1569 4434 consumuntur,
1601 4369 1742 4426 dum
1775 4371 2038 4426 mundia-

2130 666 2477 723 describitur
2517 667 2706 736 (Joan.
2756 680 2855 730 xx,
2917 667 3083 734 1-3):
3132 679 3285 722 uxor
3320 673 3514 720 nostra
3558 663 3846 720 voluntas

2131 763 2234 822 est,
2267 770 2399 826 qua:
2439 769 2670 811 annexa
2735 754 2975 810 ﬁdeliter
3024 753 3232 810 rationi
3283 753 3505 822 pietatis
3557 752 3846 823 operibus

2133 844 2506 910 fecundatur;
2539 858 2750 899 uxores
2780 843 3027 898 filiorum
3058 849 3194 898 sunt
3221 841 3350 908 illae,
3392 856 3524 912 quin
3567 840 3842 912 singula-

2134 947 2264 990 rum
2286 946 2659 1004 quarumque
2692 931 3103 1002 professionum
3133 929 3613 986 destinationibus
3631 929 3843 1016 subja-

2132 1028 2262 1077 cent
2288 1019 2628 1077 voluntates.
2663 1020 2788 1076 Una
2814 1027 2899 1075 est
2938 1018 3209 1083 Ecclesia,
3242 1017 3370 1074 licet
3399 1017 3595 1074 multa)
3622 1017 3846 1073 dican-

2135 1116 2231 1165 tur
2258 1109 2332 1164 ob
2370 1107 2583 1176 situm;
2643 1107 2723 1162 ita
2763 1107 3026 1177 plurimze
3077 1113 3215 1162 sunt
3261 1105 3428 1161 dictas
3481 1105 3842 1168 voluntates,

2135 1197 2262 1253 licet
2291 1211 2410 1252 una
2441 1196 2512 1252 sit
2538 1196 2612 1252 ob
2642 1195 3043 1257 diliereutiam.
3100 1207 3250 1264 quas
3288 1192 3558 1249 volumus
3596 1206 3841 1259 rerum;

2133 1284 2414 1340 distinctae
2442 1292 2636 1339 autem
2665 1291 2961 1354 ponuntur
3009 1297 3109 1352 per
3134 1298 3193 1337 se
3223 1281 3359 1348 Noe,
3409 1289 3464 1336 et
3497 1281 3618 1348 lilii,
3669 1279 3844 1336 scili-

2133 1379 2220 1428 cet
2251 1386 2421 1439 uxor,
2469 1379 2524 1429 et
2573 1386 2785 1430 uxores
2832 1371 3105 1436 filiorum,
3159 1370 3301 1441 quia
3331 1369 3529 1426 subtili
3588 1369 3842 1425 omnino

2134 1469 2263 1516 astu
2299 1460 2674 1517 discernenda
2704 1467 2838 1516 sunt
2867 1459 3106 1530 spiritus
3136 1467 3348 1525 noster,
3372 1472 3439 1514 ac
3464 1457 3592 1528 ejus
3627 1469 3838 1526 opera,

2135 1556 2273 1605 tunc
2323 1550 2555 1605 demum
2605 1548 2872 1604 voluntas
2925 1548 3052 1618 ejus
3101 1546 3431 1616 principalis
3485 1546 3559 1602 ad
3620 1547 3837 1610 Deum,

2136 1637 2713 1708 promiscuarumque
2761 1637 3128 1694 voluntatum
3167 1636 3469 1702 examina;
3502 1643 3641 1691 sunt
3672 1633 3840 1691 enim

2135 1725 2194 1781 in
2225 1725 2442 1795 quibus
2485 1723 2925 1781 confunduntur
2978 1723 3202 1790 omnia;
3245 1724 3365 1779 haec
3400 1723 3595 1792 omnia
3627 1723 3838 1794 igitur,

2136 1811 2482 1879 voluntates,
2528 1811 2788 1867 videlicet
2834 1811 3270 1867 exsecutionum
3311 1825 3381 1866 ac
3430 1811 3844 1868 exsecutiones

2136 1899 2517 1966 voluntatum,
2546 1898 2697 1955 intra
2754 1906 3000 1954 mentem
3024 1898 3146 1970 jam
3190 1897 3470 1968 placidam
3503 1899 3840 1955 recondun-

2136 1997 2252 2055 tur,
2284 2004 2415 2059 quae
2446 2003 2559 2044 non
2591 1988 2842 2044 inaniter
2873 1988 3021 2044 foras
3063 1987 3380 2058 spargitur,
3426 1988 3523 2043 sed
3552 1986 3839 2044 intrinse-

2135 2093 2239 2134 cus
2266 2079 2325 2133 in
2357 2077 2598 2133 Domino
2620 2077 2919 2148 gloriatur.

2209 2167 2377 2223 Vsus.
2435 2169 2517 2220 l9.
2551 2195 2618 2206 —
2664 2167 2742 2220 Et
2772 2183 2840 2220 ea:
2899 2168 3106 2220 cunctis
3155 2165 3528 2220 animantibus
3560 2167 3842 2220 universa

2136 2257 2317 2310 carnis
2347 2255 2476 2309 bina
2505 2255 2723 2308 induces
2755 2258 2812 2308 in
2841 2271 3045 2320 arcam,
3093 2259 3155 2309 ut
3183 2258 3374 2310 vivant
3405 2259 3576 2309 tecum
3622 2269 3842 2308 mascu-

2138 2343 2242 2398 lini
2293 2358 2474 2408 sexus,
2526 2348 2576 2396 et
2626 2344 2838 2409 femini.
2890 2343 2978 2398 Ex
3027 2343 3384 2413 quibuslibet
3442 2341 3840 2412 cupiditatum

2136 2430 2463 2499 generibus,
2493 2444 2566 2486 ex
2593 2445 2946 2500 quacunque
2965 2430 3150 2502 fragili
3171 2431 3578 2487 allectualitate
3597 2444 3836 2486 nascen-

2137 2519 2292 2575 tibus
2321 2519 2456 2575 bina
2480 2519 2539 2574 in
2571 2532 2765 2575 arcam
2797 2519 3148 2585 inducimus,
3180 2519 3238 2574 in
3259 2519 3476 2590 quibus
3501 2526 3586 2575 est
3617 2519 3842 2574 femina

2135 2615 2192 2664 et
2219 2607 2532 2673 masculus,
2564 2621 2697 2664 cum
2750 2607 2940 2662 ﬂuxos
2984 2614 3039 2663 et
3103 2608 3268 2678 quasi
3321 2607 3591 2663 femineos
3637 2607 3841 2662 carnis

2139 2703 2328 2752 motus
2353 2709 2427 2752 ex
2468 2696 2800 2752 necessitate
2851 2695 3143 2764 peccandi,
3185 2695 3433 2751 velimus
3485 2695 3841 2766 plerumque

2139 2785 2408 2851 nolimus,
2463 2783 2657 2840 animo
2709 2783 3107 2849 admovemus,
3166 2783 3262 2838 sed
3312 2791 3501 2838 tamen
3533 2782 3683 2838 illico
3710 2782 3838 2853 juri

2138 2873 2266 2930 illos
2297 2871 2536 2929 masculi
2571 2872 2988 2942 mancipemus,
3048 2871 3285 2927 rationis
3334 2870 3614 2938 videlicet,
3663 2872 3845 2942 cujus

2139 2961 2195 3016 vi
2229 2961 2301 3017 ad
2330 2958 2589 3032 regulam
2623 2959 3116 3030 constringantur,
3162 2966 3225 3015 ut
3273 2959 3464 3015 vivere
3503 2957 3840 3027 nobiscum,

2140 3049 2196 3106 id
2222 3057 2306 3106 est
2337 3057 2400 3106 ut
2453 3048 2576 3105 vitii
2633 3048 2799 3104 virus
2863 3062 2979 3104 non
3033 3046 3356 3113 infundere,
3391 3047 3590 3103 sedad
3648 3048 3842 3103 vitam

2067 3165 2106 3220 ς
2141 3137 2499 3209 pertinentia,
2530 3144 2587 3193 et
2616 3136 2826 3193 sentire
2868 3135 3164 3192 nobiscum
3213 3144 3270 3192 et
3299 3150 3469 3206 agere
3524 3143 3841 3206 cogantur.

2143 3227 2232 3283 Sic
2258 3227 2410 3283 enim
2435 3227 2618 3282 Adam
2647 3233 2703 3282 et
2732 3226 2855 3281 Eva
2883 3225 3262 3281 connectitur.

2214 3315 2385 3371 Vnus.
2418 3317 2507 3368 20.
2553 3344 2609 3355 -
2643 3317 2717 3370 De
2747 3313 3074 3380 volucribus,
3102 3313 3274 3381 juxta
3312 3327 3478 3380 genus
3532 3326 3714 3379 suum,
3776 3310 3844 3367 id

2140 3411 2224 3460 est
2274 3403 2344 3460 de
2397 3401 2680 3472 superbiae
2758 3401 3025 3468 motibus,
3084 3415 3437 3471 quocunque
3487 3399 3670 3463 modo,
3731 3407 3846 3456 aut

2142 3491 2514 3558 saeculariter,
2547 3498 2648 3546 aut
2677 3488 2787 3545 sub
2825 3497 2957 3559 typo
2987 3488 3280 3559 religionis
3314 3488 3704 3558 superbiatur,
3769 3487 3845 3542 de

2136 3581 2397 3649 jumentis
2417 3581 2475 3632 in
2506 3593 2694 3646 genere
2732 3593 2850 3645 suo,
2879 3577 2950 3633 de
2997 3577 3410 3647 cupiditatibus
3446 3576 3664 3632 scilicet
3693 3589 3847 3646 qua-

2143 3681 2375 3736 cunque
2415 3666 2857 3736 concupiscatur
2909 3665 2968 3720 in
3014 3679 3211 3732 causa,
3243 3670 3292 3718 et
3357 3680 3425 3719 ea:
3463 3667 3610 3719 omni
3645 3666 3848 3732 reptili

2143 3761 2298 3811 terrae
2319 3753 2608 3810 secundum
2651 3767 2818 3820 genus
2847 3769 3026 3821 suum,
3085 3753 3140 3809 id
3193 3761 3380 3808 estex
3430 3751 3587 3807 omni
3631 3751 3847 3823 ﬂagitii

2143 3857 2371 3915 genere,
2403 3856 2520 3913 quo
2570 3854 2672 3912 per
2717 3841 2911 3897 carnis
2939 3849 3210 3911 peccatur
3252 3839 3566 3907 desideria;
3599 3839 3739 3896 bina
3768 3840 3850 3897 de

2143 3931 2414 3988 omnibus
2468 3929 2882 3999 ingrediuntur
2926 3930 3247 3985 nobiscum.
3281 3933 3342 3982 ut
3389 3931 3597 3997 possint
3634 3931 3847 3994 vivere,

2144 4019 2315 4076 luxui
2361 4017 2608 4088 profecto
2655 4017 2926 4087 quaelibet
2961 4024 3116 4087 apta,
3166 4023 3224 4073 et
3268 4015 3454 4086 culpae
3501 4031 3634 4072 cum
3683 4016 3850 4072 intra

2145 4122 2249 4164 nos
2279 4107 2582 4178 cogitando
2610 4105 2860 4161 admissa
2911 4105 3144 4172 fuerint,
3195 4104 3340 4176 jugo
3391 4104 3586 4161 statim
3646 4104 3844 4174 depri-

2145 4199 2388 4248 muntur
2420 4189 2604 4246 virilis
2633 4187 2834 4255 animi,
2899 4196 2963 4244 ut
2999 4187 3071 4244 ad
3122 4187 3298 4244 vitam
3357 4187 3523 4243 nobis
3580 4185 3845 4255 valeant,

2143 4281 2284 4338 dum
2340 4279 2482 4336 bene
2533 4278 2772 4346 utimur,
2829 4277 3142 4333 tentatione
3195 4277 3481 4347 prodesse.
3542 4275 3674 4332 Haec
3727 4276 3851 4331 tria

2145 4368 2414 4442 peccandi
2449 4381 2661 4438 genera
2691 4371 2790 4422 4³
2815 4365 2986 4422 etiam
3007 4365 3254 4420 Joannes
3303 4365 3592 4434 apostolus
3623 4377 3845 4420 memo-

346 4451 414 4508 lis
433 4451 622 4508 fervor
647 4451 886 4509 affectus
922 4453 1159 4524 superni
1189 4456 1401 4511 amoris
1432 4457 1589 4512 unda
1631 4458 2028 4530 restinguitur,
2071 4456 2114 4510 D
2140 4465 2249 4523 rat,
2288 4469 2357 4513 ac
2409 4456 2458 4512 si
2489 4455 2891 4511 universorum
2947 4452 3254 4508 criminum
3294 4451 3613 4517 materiam,
3669 4465 3849 4508 omne

346 4536 404 4595 in
425 4547 714 4608 quantum
737 4541 899 4596 carni
929 4541 1164 4612 spiritus
1182 4545 1494 4613 przevalere
1519 4547 1889 4616 permittitur.

419 4625 589 4682 Vsus.
620 4629 704 4682 18.
738 4656 806 4669 -
835 4630 1141 4700 Ponamque
1163 4632 1344 4697 [trdus
1385 4648 1558 4686 meum
1605 4638 1795 4703 tecum,
1835 4640 1886 4689 et
1941 4639 2036 4690 in-

344 4715 610 4784 gredieris
658 4731 862 4785 arcam,
923 4722 1004 4786 tu,
1059 4724 1110 4774 et
1137 4722 1246 4789 ﬁlii
1277 4723 1380 4788 tui,
1409 4736 1550 4776 uxor
1600 4727 1716 4791 tua,
1753 4729 1806 4778 et
1842 4740 2037 4780 iaceres

345 4803 586 4874 ﬁliorum
614 4809 828 4860 tuorum
855 4811 1039 4862 tecum.
1066 4807 1275 4864 Fmdus
1303 4822 1478 4865 suum
1535 4810 1832 4868 nobiscum
1858 4813 2035 4883 ponit,

347 4906 480 4948 cum
509 4891 789 4949 exstincta
809 4894 1182 4952 oblectatione
1211 4896 1405 4953 saeculi
1436 4897 1598 4954 docet
1655 4899 1898 4956 interius
1936 4915 2040 4956 nos

349 4987 602 5051 gustare,
630 4989 686 5037 et
715 4981 927 5050 videre,
988 4984 1128 5054 quia
1169 4984 1464 5041 adhaerere
1521 4985 1738 5043 bonum
1793 4996 1876 5045 est
1931 4989 2036 5046 sibi

351 5070 514 5138 (Psal.
571 5085 738 5140 Lxxu,
772 5074 891 5143 28);
948 5086 1051 5142 per
1105 5072 1332 5130 foederis
1399 5074 1576 5145 hujus
1629 5077 1746 5134 vim
1800 5078 1858 5133 in
1894 5095 2037 5150 quo-

349 5158 616 5214 rumdam
648 5159 708 5216 lit
747 5169 1076 5218 sanctorum
1109 5161 1380 5218 cordibus
1406 5169 1565 5219 tanta
1593 5166 1915 5224 constantia
1954 5174 2036 5234 ut,

349 5247 398 5303 si
450 5247 612 5303 nulla
658 5257 845 5306 essent
895 5249 1106 5306 inferni
1147 5249 1450 5320 supplicia,
1501 5266 1806 5323 nunquam
1849 5262 2040 5310 tamen

349 5343 580 5405 accepta
644 5335 913 5393 desistere
971 5337 1184 5392 vellent
1219 5337 1473 5407 'justitia.
1540 5340 1871 5412 Ingreditur
1923 5343 2043 5399 Noe

351 5430 562 5489 noster,
607 5431 664 5479 et
709 5423 811 5479 ﬁlii
855 5423 984 5493 ejus
1013 5437 1232 5490 arcam,
1270 5424 1410 5481 dum
1457 5426 1638 5484 libera
1686 5443 1720 5484 a
1769 5428 2040 5486 vitiorum

351 5511 751 5580 inquietudine
780 5526 942 5567 mens
968 5525 1100 5567 cum
1131 5525 1370 5568 suarum
1406 5515 1560 5582 prole
1592 5515 1874 5573 virtutum
1909 5520 2045 5574 inte-

350 5597 489 5654 riori
519 5605 786 5654 contenta
825 5598 1144 5654 testimonio
1179 5599 1333 5656 intra
1359 5602 1718 5659 conscientia;
1752 5603 1945 5660 abdita
1984 5619 2044 5662 se

349 5685 676 5748 abscondit;
705 5685 802 5742 cui
833 5685 978 5742 miro
1014 5685 1264 5744 concinit
1291 5688 1461 5746 modo
1489 5689 1646 5761 quod
1700 5690 1881 5746 Maria
1909 5705 2043 5748 cum

2142 4546 2298 4618 quod
2357 4545 2416 4600 in
2463 4543 2680 4599 mundo
2732 4549 2818 4598 est
2871 4554 3148 4609 asserens,
3183 4547 3286 4597 aut
3317 4539 3843 4610 concupiscentiam

2143 4634 2354 4700 carnis,
2370 4640 2474 4688 aut
2496 4629 3022 4700 concupiscentiam
3041 4628 3364 4695 oculorum,
3388 4636 3489 4685 aut
3507 4628 3844 4700 superbiam

2145 4723 2278 4778 vitae
2303 4723 2353 4788 (Ι
2374 4723 2532 4776 Joan.
2555 4734 2614 4786 ii,
2644 4721 2754 4788 l6).

2215 4811 2388 4868 Vnus.
2443 4811 2534 4876 21,
2582 4810 2672 4862 2'2.
2730 4837 2798 4848 —
2849 4808 3022 4862 Tolles
3066 4808 3239 4874 igitur
3268 4810 3437 4861 tecum
3471 4821 3540 4860 ea:
3591 4805 3845 4862 omnibus

2144 4902 2278 4955 escis
2308 4913 2430 4970 qua
2467 4895 2661 4952 mandi
2709 4899 2956 4966 possunt,
3000 4901 3049 4950 et
3091 4895 3455 4964 comportabis
3501 4894 3653 4964 apud
3693 4899 3763 4960 te,
3793 4902 3844 4950 et

2145 4991 2302 5043 erunt
2338 4991 2451 5040 tam
2483 4986 2586 5040 tibi
2627 4999 2792 5054 quam
2824 4985 2936 5039 illis
2979 4986 3038 5038 in
3067 4983 3266 5038 cibum.
3322 4985 3407 5038 Ea:
3434 4983 3680 5037 omnibus
3710 4987 3842 5038 escis

2146 5090 2266 5145 qua
2322 5073 2512 5128 mandi
2561 5078 2787 5142 possunt
2832 5071 2988 5142 apud
3032 5085 3136 5126 nos
3193 5077 3658 5139 comportamus,
3706 5085 3840 5128 cum

2150 5160 2523 5220 multifariam
2577 5161 2893 5231 multisque
2949 5159 3132 5214 modis
3177 5171 3214 5212 a
3275 5157 3542 5214 Patribus
3591 5157 3745 5214 dicta
3788 5167 3842 5214 et

2149 5252 2298 5306 facta
2333 5250 2404 5306 ad
2452 5250 2782 5320 exemplum
2848 5249 2979 5304 vita;
3027 5247 3560 5317 institutionemque
3596 5246 3840 5302 conferi-

2149 5353 2300 5406 mus,
2324 5338 2542 5410 quibus
2569 5353 2636 5394 ac
2672 5338 2716 5394 si
2742 5336 2955 5408 pabulo
2984 5350 3087 5392 nos
3119 5332 3400 5401 fovemur,
3471 5342 3527 5390 et
3578 5334 3677 5390 illa
3711 5350 3841 5406 qua

2151 5442 2255 5484 nos
2311 5433 2522 5498 urgent
2577 5425 2878 5496 pravitatis
2942 5423 3232 5480 incentiva
3303 5422 3740 5492 compescimus,
3788 5432 3842 5480 et

2151 5516 2273 5572 haec
2301 5515 2477 5571 veluti
2511 5515 2800 5584 pascimus
2841 5513 2984 5569 dum
3013 5513 3218 5568 horum
3249 5509 3603 5582 suggestioni
3645 5511 3844 5568 vitalia

2150 5611 2482 5660 sanctorum
2529 5603 2682 5658 dicta
2731 5603 2951 5658 factave
3030 5599 3417 5670 rependimus.
3486 5599 3639 5654 Fecit
3719 5617 3844 5670 ergo

2149 5695 2262 5750 Noe
2287 5694 2473 5747 mia
2497 5693 2961 5764 quapracepcrat
2987 5689 3074 5744 illi
3107 5689 3272 5744 Deus.
