3956 6422
137 449 201 502 93
1341 444 1708 503 ιιοιιΑιιυΜ
1748 445 1814 502 IN
1846 451 1851 489 l

2033 445 2149 502 LSIN
2179 445 2316 502 LIB.
2360 444 2455 501 Ill.
3586 450 3654 503 94

794 576 1022 635 CAPUT
1061 578 1187 636 VII.

205 667 369 725 Vsus.
400 670 451 722 l.
482 696 558 710 —
590 668 855 738 Dixitque
904 667 980 722 ad
1025 683 1146 723 eum
1193 669 1454 725 Dominus
1486 684 1499 723 :
1550 669 1842 735 Ingredere

139 761 214 823 tu,
249 761 301 810 et
346 759 529 812 omnis
575 756 762 812 domus
816 763 910 811 tua
937 759 996 811 in
1037 773 1262 825 arcam;
1309 763 1357 813 te
1400 760 1541 813 enim
1584 758 1705 813 vidi
1737 761 1837 827 ju-

137 850 275 898 stum
306 860 494 899 coram
539 861 621 899 me
648 848 705 899 in
753 849 1098 911 generatione
1137 848 1257 901 hac.
1296 846 1607 917 Postquam
1657 847 1839 904 multo

138 932 343 988 sudore
376 933 716 990 thesaurum
744 929 1134 997 eﬁodérimus,
1163 936 1334 1007 juxta
1377 936 1516 992 illud
1568 936 1695 998 Job,
1744 951 1839 993 se-

141 1020 407 1092 pulcrum
451 1037 553 1078 nos
583 1022 841 1079 invenire
889 1024 1212 1095 gaudemus
1258 1025 1391 1093 (Job
1432 1028 1653 1095 nt,22),
1698 1026 1840 1096 quia

137 1125 266 1167 cum
317 1126 561 1182 corpora
607 1112 936 1169 omnimodo
974 1114 1261 1171 cruciatui
1292 1115 1366 1171 ob
1409 1115 1508 1172 Dei
1538 1116 1839 1171 servitium

135 1201 593 1269 exposuerimus,
637 1202 715 1257 nil
759 1203 949 1273 majus
991 1216 1026 1258 a
1076 1204 1189 1259 Deo
1239 1203 1297 1260 in
1329 1204 1438 1260 hoc
1491 1205 1701 1261 saeculo
1738 1220 1841 1262 nos

137 1289 395 1345 obtinere
427 1305 588 1359 posse
620 1298 893 1361 putamus
926 1307 1104 1362 quam
1144 1299 1208 1349 ut
1238 1294 1309 1349 ad
1347 1293 1607 1365 aliquam
1636 1296 1843 1352 mentis

138 1375 654 1447 impassibilitatem
688 1380 1104 1451 pertingamus,
1141 1390 1205 1437 ut
1248 1382 1462 1438 scilicet
1517 1398 1652 1453 quae
1691 1384 1842 1440 Deus

140 1466 259 1523 ﬁeri
294 1467 483 1537 jubet,
517 1483 651 1525 cum
678 1483 746 1525 ex
760 1469 1124 1538 pleverimus,
1156 1470 1307 1527 intra
1323 1472 1554 1539 lmentis
1583 1472 1842 1543 requiem

139 1570 171 1611 a
224 1556 435 1611 forensi
488 1571 683 1629 pugna
740 1558 901 1613 liberi
949 1573 1080 1615 cum
1128 1560 1285 1615 omni
1328 1568 1525 1616 nostro
1555 1561 1841 1630 spirituali

141 1644 363 1715 peculio
424 1646 866 1703 abscondamur.
940 1648 1005 1704 In
1063 1648 1171 1705 hac
1231 1649 1387 1706 enim
1449 1650 1841 1720 spiritualium

141 1734 509 1804 generatione
565 1735 838 1805 ﬁliorum,
891 1750 1010 1807 qua
1037 1745 1093 1794 et
1137 1738 1435 1795 mulierem
1493 1738 1704 1796 salvari
1756 1738 1842 1795 di-

140 1821 213 1878 cit
242 1822 551 1893 Apostolus
598 1827 644 1893 (ι
672 1827 810 1880 Tim.
846 1841 902 1890 ιι.
949 1828 1055 1894 l5),
1097 1841 1212 1884 non
1252 1827 1375 1884 sola
1421 1827 1678 1899 corporis
1714 1842 1843 1884 ma-

139 1912 428 1969 ceratione
456 1914 628 1982 videt,
679 1915 737 1971 id
766 1923 852 1971 est
903 1916 1184 1987 approbat
1227 1918 1380 1974 Deus
1420 1918 1707 1989 justitiam
1738 1932 1842 1974 no-

138 2008 313 2057 stram
322 2041 336 2055 .

207 2087 380 2145 Vsus.
416 2091 472 2143 2.
506 2119 567 2130 —
609 2093 697 2146 Em
744 2092 991 2148 omnibus
1028 2094 1406 2150 animantibus
1456 2094 1676 2150 mundis
1724 2096 1847 2151 tolle

138 2181 357 2246 septena
403 2183 457 2233 et
508 2184 746 2248 septena,
802 2183 1102 2237 masculum
1148 2188 1198 2237 et
1245 2185 1539 2250 feminam;
1601 2184 1669 2238 de
1720 2188 1845 2239 ani-

139 2266 416 2320 montibus
457 2282 583 2321 vero
611 2282 718 2322 non
746 2270 987 2338 mundis,
1019 2270 1126 2325 duo
1174 2275 1224 2325 et
1271 2271 1397 2337 duo,
1445 2274 1748 2327 masculum
1796 2277 1848 2327 et

140 2356 423 2419 feminam.
477 2355 718 2425 Septena
752 2364 808 2413 et
845 2366 1079 2428 septena
1111 2360 1549 2429 quatuordecim
1579 2360 1800 2418 faciunt
1828 2378 1843 2431 ;

142 2451 351 2512 septem
394 2453 588 2500 autem
646 2460 747 2516 pro
786 2446 1071 2517 spirituali
1128 2448 1335 2519 gratia.
1394 2456 1498 2505 aut
1552 2464 1655 2519 pro
1710 2458 1843 2518 toto,

147 2532 400 2588 interiori
479 2534 693 2590 scilicet
746 2543 803 2591 et
863 2536 1154 2602 exteriori,
1207 2537 1439 2594 homine
1487 2539 1620 2607 poni
1668 2539 1845 2605 solet;

143 2635 310 2690 opera
346 2636 492 2693 ergo
520 2631 717 2680 nostra
746 2625 975 2682 subdito
1022 2640 1278 2697 corpore,
1325 2635 1382 2683 et
1426 2627 1621 2683 anima
1651 2628 1849 2683 divino

145 2709 373 2777 spiritui
420 2725 521 2779 per
570 2712 834 2783 Deealogi
866 2713 1315 2781 observantiam,
1372 2715 1706 2787 evangeliea
1764 2723 1848 2772 at-

146 2800 378 2871 tingunt
411 2799 660 2872 fastigia,
695 2809 752 2859 et
780 2802 1056 2858 animalia
1086 2803 1234 2859 ﬁunt
1258 2804 1498 2870 munda,
1528 2805 1624 2861 sed
1658 2813 1849 2861 tamen

148 2903 370 2946 necesse
417 2896 505 2946 est
560 2897 623 2946 ut
669 2890 783 2946 sint
821 2893 1117 2948 masculus
1145 2900 1200 2948 et
1257 2892 1489 2961 femina,
1538 2901 1847 2963 quatenus,

149 2978 201 3034 in
228 2985 522 3049 quantum
578 2979 896 3036 animantia
953 2987 1010 3037 et
1065 2980 1355 3039 feminina;
1414 2982 1668 3039 mollitiei
1716 2990 1851 3039 sunt

148 3065 216 3122 ad
271 3067 584 3124 ambienda
624 3069 979 3140 temporalia,
1031 3070 1177 3128 adsit
1240 3078 1447 3142 praesto
1486 3072 1653 3142 quasi
1684 3086 1852 3142 quie-

1885 579 1927 637 A
1957 577 2329 636 versitatibus
2385 586 2626 647 constat,
2685 593 2803 650 quo
2860 578 3057 635 anima
3104 579 3214 636 sub
3262 578 3363 638 Dei
3419 581 3544 653 lege
3593 594 3653 636 se

1944 674 2194 735 exercet,
2244 667 2575 739 signiﬁcat;
2617 668 2738 738 ipsa
2774 666 2928 723 enim
2967 667 3040 723 ob
3079 667 3270 726 decem
3313 669 3655 740 principalia

1947 758 2222 813 mandata
2262 758 2580 829 Decalogus
2617 756 2962 827 appellatur.
3005 756 3135 812 Post
3175 758 3502 827 praelibatas
3541 758 3649 815 ita-

1948 861 2064 917 que
2104 847 2387 904 virtutum
2427 848 2703 913 dationes,
2746 846 2939 902 adhuc
2985 860 3047 902 se
3082 846 3235 903 Deus
3276 856 3400 918 post
3437 855 3651 919 septem

1949 936 2085 1002 dies,
2120 935 2172 991 id
2217 944 2303 992 est
2352 944 2477 1007 post
2531 938 2924 1007 spiritualium
2983 937 3399 1012 plenitudinem
3432 936 3653 1008 gratia-

1950 1039 2103 1093 rum,
2144 1025 2537 1097 quadraginta
2567 1028 2772 1084 diebus
2820 1038 2877 1087 et
2927 1030 3191 1087 noctibus
3217 1026 3458 1097 spondet
3510 1025 3655 1096 plui~

1949 1121 2151 1171 turum
2199 1128 2375 1186 super
2406 1124 2640 1184 terram,
2691 1118 2747 1173 in
2782 1118 2889 1175 hac
2939 1119 3153 1175 scilicet
3199 1117 3339 1183 vita,
3396 1128 3515 1185 qua
3555 1114 3654 1171 Dei

1951 1205 2248 1274 praeceptis
2305 1205 2572 1262 obeditur
2613 1207 2759 1264 inter
2804 1208 3051 1265 adversa
3086 1216 3141 1264 et
3188 1218 3481 1277 prospera,
3522 1218 3655 1273 quae

1950 1292 2152 1349 diebus
2180 1308 2248 1350 ac
2298 1296 2560 1352 noctibus
2613 1296 2963 1367 tlgurantur,
3006 1297 3182 1353 nostri
3215 1292 3466 1351 carnalis
3510 1291 3655 1349 alle-

1950 1389 2079 1437 ctus
2107 1382 2308 1438 divina
2337 1384 2622 1441 inlusione
2652 1400 2712 1441 se
2761 1386 3119 1443 molliturum
3166 1382 3481 1451 duritiam;
3511 1388 3568 1437 et
3596 1380 3654 1436 in

1950 1470 2071 1540 ipso
2137 1471 2284 1527 delet
2343 1486 2570 1529 omnem
2638 1476 3045 1541 substantiam,
3116 1487 3296 1545 quam
3368 1470 3520 1534 fecit,
3586 1468 3657 1524 de

1951 1560 2255 1629 superﬁcie
2296 1568 2486 1629 terrae,
2515 1562 2655 1617 dum
2683 1563 2888 1619 animae
2920 1563 3272 1619 voluntatem
3322 1557 3657 1617 carnalibus

1952 1648 2265 1716 desideriis,
2325 1650 2494 1720 quasi
2547 1650 2896 1719 quibusdam
2944 1651 3336 1707 accidentibus
3379 1647 3658 1704 substan-

1953 1744 2088 1804 tem,
2124 1737 2181 1793 in
2207 1746 2495 1808 quantum
2534 1738 2735 1806 ﬂuida,
2765 1748 2820 1796 et
2867 1739 3069 1796 talium
3096 1752 3281 1809 capax
3311 1744 3415 1804 est,
3456 1750 3491 1789 a
3519 1735 3660 1802 facie

1956 1828 2130 1894 terra,
2195 1839 2229 1881 a
2282 1826 2624 1897 cogitatione
2685 1826 2950 1883 videlicet
3011 1826 3220 1882 mentis
3279 1825 3401 1896 jam
3467 1820 3659 1879 solidae

1952 1913 2237 1971 obliterat.
2290 1916 2449 1971 Hanc
2476 1924 2671 1973 autem
2706 1914 3090 1972 substantiam
3140 1913 3291 1981 fecit,
3340 1911 3482 1984 quia
3508 1910 3660 1966 malo

1955 2012 2148 2059 nostro
2179 2004 2381 2060 merito
2415 2004 2538 2061 ﬁeri
2569 2004 2847 2075 permisit.

2028 2092 2198 2149 Vsus.
2251 2098 2303 2161 5,
2346 2096 2397 2160 6,
2428 2098 2479 2148 7.
2515 2123 2580 2134 —
2626 2096 2772 2149 Fecit
2802 2108 2928 2162 ergo
2974 2094 3081 2149 Noe
3108 2093 3295 2147 omnia
3333 2100 3662 2159 quaecunque

1954 2182 2313 2245 mandaverat
2342 2184 2392 2236 ei
2421 2185 2577 2237 Deus.
2613 2182 2924 2253 Postquam
2977 2194 3227 2252 praesens
3274 2177 3553 2234 saeculum
3584 2174 3662 2230 ita

1958 2270 2207 2338 viluerit,
2277 2280 2341 2327 ut
2404 2273 2545 2327 sicut
2585 2271 2812 2326 tenebrae
2861 2271 3000 2339 ejus,
3062 2273 3148 2325 ita
3211 2273 3263 2323 et
3324 2268 3502 2322 lumen
3545 2262 3662 2334 ejus

1955 2359 2119 2431 (Psal.
2159 2374 2433 2425 cxxxvm,
2502 2359 2587 2429 ll)
2653 2359 2749 2425 sit,
2791 2366 2932 2414 tunc
2971 2357 3087 2414 Noe
3136 2363 3329 2412 noster
3368 2354 3531 2425 plene
3568 2360 3661 2408 at-

1955 2449 2179 2519 tingere
2229 2448 2426 2519 incipit
2484 2463 2615 2519 quae
2669 2448 2821 2504 Deus
2883 2445 3217 2515 mandavit;
3274 2443 3664 2515 quadraginta

1954 2536 2109 2592 enim
2151 2537 2356 2594 diebus
2389 2545 2445 2593 et
2489 2537 2757 2594 noctibus
2786 2537 2953 2608 pluit,
3001 2539 3246 2604 Eratque
3292 2538 3662 2588 semcentorum

1957 2641 2242 2692 annorum,
2298 2627 2518 2696 quando
2566 2627 2767 2681 diluvii
2832 2641 2990 2696 aquae
3043 2624 3451 2679 inundaverant
3500 2635 3663 2690 super

1959 2719 2179 2770 terram.
2213 2716 2472 2773 Concinit
2493 2716 2740 2773 statibus
2768 2715 2979 2771 nostris
3022 2727 3188 2770 sacra
3219 2712 3475 2778 historia,
3521 2710 3661 2765 dum

1958 2819 2107 2874 quos
2138 2806 2515 2862 tentationum
2548 2812 2724 2861 aestus
2771 2813 2896 2875 post
2940 2803 3289 2874 quingentos
3335 2813 3520 2855 annos
3547 2797 3663 2855 Noe

1960 2893 2065 2949 iste
2104 2907 2309 2964 passus
2358 2894 2429 2950 sit
2460 2900 2783 2962 enumerat,
2830 2900 2886 2949 et
2934 2892 3153 2963 quibus
3192 2888 3450 2952 ﬂoruerit
3499 2886 3665 2943 bonis

1954 2983 2073 3054 jam
2107 2996 2223 3039 non
2251 2983 2447 3039 minus
2477 2981 2792 3039 introrsum
2842 2996 3020 3054 quam
3052 2980 3282 3037 videtur
3304 2977 3665 3035 extrinsecus

1961 3070 2186 3143 integra
2236 3071 2438 3142 requie
2492 3071 2800 3142 perfectus,
2841 3070 2997 3141 quod
3036 3068 3323 3140 signiﬁcat
3364 3072 3664 3122 sexcente-

148 3154 271 3212 dam
324 3156 574 3213 rationis
609 3158 938 3226 auctoritas,
994 3174 1128 3230 quas
1181 3160 1458 3230 reprimat
1507 3160 1847 3217 masculina.
1888 3188 1928 3243 ρ
1958 3160 2141 3217 simus
2200 3167 2393 3229 notat;
2459 3158 2563 3215 etsi
2618 3159 2772 3215 enim
2838 3156 3192 3230 quiescimus
3254 3154 3570 3226 aliquando
3609 3167 3666 3243 Aa

151 3243 301 3301 Bona
338 3244 542 3316 itaque
571 3254 768 3303 nostra
821 3247 1080 3318 quolibet
1136 3250 1303 3306 modo
1351 3257 1498 3317 acta,
1554 3250 1653 3305 vix
1705 3250 1849 3306 inte-

151 3346 250 3403 gra
307 3333 567 3404 puritate
616 3334 835 3405 nitent;
883 3344 939 3393 et
982 3336 1124 3407 quid
1173 3338 1409 3405 mirum,
1451 3338 1496 3393 si
1550 3337 1851 3393 immunda

151 3422 469 3479 animantia
500 3423 682 3480 multo
715 3424 900 3497 magis
924 3426 1030 3482 hoc
1055 3426 1297 3482 masculi
1330 3426 1612 3495 regimine
1638 3426 1847 3496 egent?

153 3525 277 3581 quae
306 3511 426 3568 duo
456 3519 617 3579 sunt,
648 3513 787 3584 quia
816 3528 949 3584 qua:
993 3514 1053 3570 in
1085 3514 1191 3571 hoc
1228 3515 1446 3571 mundo
1474 3514 1745 3585 cupimus
1777 3515 1849 3570 ab

154 3601 367 3657 unitate
396 3601 523 3668 Dei,
582 3609 638 3657 et
672 3602 971 3659 hominum
1020 3617 1124 3660 nos
1168 3604 1454 3665 dividunt.
1504 3612 1608 3661 aut
1652 3605 1768 3661 duo
1798 3612 1854 3661 et

154 3688 281 3753 duo,
322 3688 376 3745 id
416 3698 504 3746 est
541 3698 815 3761 quatuor.
860 3692 1001 3763 quia
1044 3693 1446 3763 temporalium
1486 3707 1681 3750 amore
1711 3693 1855 3750 desi-

155 3777 306 3834 deria
354 3786 555 3836 nostra
599 3780 857 3836 carnalia
926 3781 1246 3838 animantia
1303 3797 1415 3839 non
1478 3783 1701 3839 munda
1750 3783 1855 3839 de-

159 3865 361 3935 ﬂuunt,
425 3868 539 3925 nisi
570 3883 639 3924 ea
683 3869 756 3925 ad
790 3870 998 3926 lineam
1030 3871 1351 3939 munditiae,
1407 3872 1619 3928 scilicet
1669 3873 1853 3929 Deum

158 3954 546 4027 intelligentize
572 3957 737 4013 frena
757 3958 1078 4015 reﬂectunt.

224 4043 394 4101 Vnus.
425 4049 479 4101 3.
540 4076 610 4086 —
640 4047 747 4103 Sed
781 4053 832 4102 et
888 4050 955 4102 de
1003 4048 1320 4103 volatilibus
1369 4051 1499 4104 cali
1539 4055 1759 4119 septena
1805 4055 1857 4105 et

158 4140 388 4203 septena,
441 4136 743 4190 masculum
814 4141 867 4191 et
919 4138 1195 4207 feminam.
1257 4144 1320 4193 ut
1375 4140 1618 4195 salvetur
1679 4155 1855 4195 semen

158 4235 311 4292 super
338 4226 544 4290 faciem
593 4228 857 4281 universae
904 4231 1079 4281 terra.
1140 4226 1194 4282 Si
1256 4241 1358 4297 per
1402 4229 1726 4285 animantia
1753 4242 1855 4285 ac-

159 4311 322 4367 tualis
373 4312 512 4368 vita:
571 4312 739 4380 bona,
796 4328 898 4384 per
927 4315 1228 4371 immunda
1270 4329 1403 4371 vero
1433 4323 1622 4372 motus
1651 4316 1852 4383 illiciti,

158 4398 247 4454 sed
291 4400 610 4457 salubriter
661 4402 881 4459 ratione
919 4402 1197 4474 correcti;
1260 4417 1363 4474 per
1416 4404 1674 4461 volatilia
1729 4405 1852 4461 coeli

160 4500 263 4544 non
294 4488 619 4561 incongrue
672 4491 1116 4562 contemplativa
1163 4492 1434 4564 signatur
1466 4493 1853 4563 excellentia;

161 4590 282 4646 quae
324 4592 427 4648 per
478 4578 726 4648 gratiam
755 4579 943 4635 evicta
989 4582 1247 4651 corporis
1304 4582 1541 4638 lascivia
1593 4583 1706 4639 Deo
1756 4583 1853 4639 de-

161 4666 441 4733 gustando
492 4666 743 4723 libratur
793 4681 970 4737 super
1015 4667 1249 4723 aethera.
1311 4672 1380 4724 At
1424 4683 1545 4740 qua
1582 4669 1651 4726 de
1680 4684 1857 4726 causa

163 4752 275 4808 haec
303 4754 678 4811 intellectuali
706 4754 957 4811 dominio
1004 4756 1443 4825 submittantur,
1501 4759 1755 4827 additur,
1795 4765 1859 4815 ut

161 4843 390 4898 minetur
423 4858 606 4899 semen
645 4858 818 4915 super
869 4847 1070 4911 faciem
1113 4847 1286 4900 omnis
1331 4851 1505 4914 terra,
1556 4848 1697 4918 quia
1749 4846 1855 4904 nisi

165 4928 249 4987 ille
292 4932 536 5003 imperet
564 4932 854 4993 voluntas,
906 4948 1040 5004 quae
1069 4947 1262 4990 semen
1305 4942 1360 4990 et
1395 4934 1557 5005 origo
1606 4941 1691 4991 est
1720 4934 1856 4991 boni

162 5020 352 5088 operis,
414 5021 568 5076 illico
615 5020 916 5091 deperiens
952 5021 1182 5078 nullum
1234 5022 1585 5092 prtbabilem
1643 5023 1859 5094 profert

165 5109 400 5167 fructum
423 5110 486 5166 in
518 5110 822 5180 superﬁcie
879 5118 1065 5175 terrae,
1104 5110 1157 5167 id
1190 5118 1297 5167 est.
1321 5111 1626 5169 exterioris
1665 5112 1857 5170 homi-

167 5197 280 5267 nis;
318 5197 560 5255 seminis
575 5211 713 5268 ergo
739 5197 898 5254 salus
924 5213 998 5255 ex
1033 5199 1274 5270 imperio
1303 5200 1561 5257 rationis.

229 5287 393 5343 Vens.
421 5287 479 5341 4.
515 5315 585 5325 -
631 5286 829 5342 Adhuc
878 5290 1022 5342 enim
1074 5293 1127 5342 et
1171 5292 1294 5357 post
1335 5288 1451 5344 dies
1508 5294 1711 5359 septem
1764 5305 1859 5359 ego

166 5375 339 5444 pluom
374 5391 545 5446 super
588 5379 791 5430 terram
840 5376 1215 5446 quadraginta
1269 5377 1460 5432 diebus
1506 5383 1559 5433 et
1613 5378 1857 5448 quadra-

169 5467 308 5529 ginta
358 5466 631 5528 noctibus,
685 5469 737 5519 et
782 5466 963 5520 delebo
1005 5481 1212 5521 omnem
1261 5467 1626 5522 substantiam
1694 5484 1859 5537 quam

170 5555 266 5617 feri
310 5570 343 5606 α
371 5556 522 5619 facie
568 5558 745 5607 terrae.
800 5553 1168 5624 Septenarius
1212 5568 1316 5624 pro
1370 5554 1728 5625 plenitudine
1759 5570 1860 5613 ac-

173 5639 405 5711 cipitur;
441 5641 966 5712 quadragenarius,
1002 5641 1143 5713 quia
1169 5656 1241 5698 ex
1269 5646 1523 5713 quatuor
1559 5652 1614 5700 et
1664 5644 1859 5701 decem

173 5728 480 5797 conﬁcitur,
543 5729 912 5799 temporalem
961 5743 1299 5799 excursum,
1348 5730 1450 5802 qui
1482 5739 1736 5801 quatuor
1773 5732 1860 5789 di-

1960 3262 2143 3320 pravo
2170 3261 2361 3319 opere,
2414 3246 2564 3303 bella
2618 3254 2811 3303 tamen
2844 3252 2943 3302 44
2987 3244 3194 3317 gravia
3246 3243 3559 3299 toleramus
3605 3240 3665 3298 in
3737 3265 3747 3275 ·

1959 3344 2191 3406 mente;
2223 3336 2324 3392 sed
2381 3335 2668 3407 perfectus
2731 3334 2835 3406 qui
2901 3323 3147 3401 senario,
3212 3339 3269 3388 et
3333 3329 3666 3387 centenario

1959 3426 2097 3484 satis
2143 3425 2430 3481 astruitur
2459 3424 2665 3495 plenus
2702 3424 3011 3487 virtutmn,
3044 3436 3176 3492 quae
3222 3433 3513 3476 annorum
3552 3418 3665 3475 col-

1961 3514 2202 3573 lectione
2232 3520 2668 3581 monstrantur;
2699 3511 2906 3567 diluvii
2939 3510 3269 3567 illustratur
3305 3508 3496 3579 aquis,
3528 3507 3669 3578 quia

1960 3605 2021 3657 in
2066 3602 2386 3657 malevolam
2437 3603 2681 3656 animam
2737 3616 2844 3655 non
2900 3600 3150 3653 introibit
3206 3598 3519 3668 sapientia;
3576 3611 3668 3650 nec

1960 3690 2178 3747 habitat
2232 3693 2290 3745 in
2339 3705 2563 3761 corpore
2618 3689 2837 3746 subdito
2874 3690 3108 3759 peccatis
3163 3687 3314 3756 (Sap.
3367 3700 3403 3752 ι,
3450 3686 3541 3754 4);
3590 3684 3670 3740 ait

1960 3780 2156 3837 enim:
2215 3778 2549 3850 Concupisti
2600 3778 2944 3850 sapientiam
2994 3778 3179 3847 (Eccti.
3228 3790 3267 3842 ι,
3310 3778 3418 3838 33),
3477 3772 3533 3828 id
3586 3777 3672 3827 est

1961 3868 2460 3939 contemplationis
2542 3866 2988 3924 excellentiam?
3081 3865 3261 3921 Serva
3349 3860 3669 3929 mandata;

1963 3956 2144 4014 bestia
2168 3970 2423 4027 namque
2450 3963 2695 4027 tangens
2724 3962 2974 4011 montem
2999 3953 3167 4010 obrui
3193 3952 3436 4023 jubetur
3466 3948 3667 4020 (Exod.

1964 4048 2248 4116 x1x.l3);
2291 4053 2356 4103 ut
2406 4059 2547 4117 ergo
2592 4044 2947 4116 justiﬁcetur
3001 4042 3194 4098 adhuc
3252 4042 3468 4113 justus,
3516 4051 3675 4109 aqua

1963 4135 2297 4193 infunditur
2337 4133 2716 4201 lustrationis,
2770 4140 2835 4190 ut
2889 4131 3262 4202 aliquatenus
3306 4128 3672 4186 altitudinem

1961 4223 2174 4279 divinae
2223 4224 2471 4295 attingat
2524 4222 2781 4289 visionis,
2842 4229 2897 4277 et
2946 4220 3207 4278 subsidat
3253 4217 3482 4290 spiritui
3521 4224 3674 4273 terra

1965 4312 2218 4369 carnalis
2279 4312 2617 4369 aﬂectionis.
2694 4314 2766 4368 Et
2824 4314 3101 4380 ingressus
3162 4314 3243 4363 est
3299 4308 3426 4373 Noe,
3475 4310 3525 4361 et
3569 4306 3676 4375 ﬁlii

1963 4404 2105 4471 ejus,
2151 4418 2294 4457 umor
2348 4402 2487 4471 ejus,
2535 4405 2587 4455 et
2638 4416 2835 4456 umores
2891 4399 3135 4467 ﬁliorum
3184 4398 3302 4467 ejus
3352 4412 3474 4452 cum
3510 4410 3569 4450 eo
3614 4398 3674 4447 in

1898 4487 1941 4543 D
1965 4506 2152 4546 arcam
2199 4496 2426 4561 propter
2461 4504 2637 4558 aquas
2690 4489 2908 4544 diluvii.
2953 4487 3005 4544 Si
3065 4487 3230 4554 ﬁlios,
3284 4485 3337 4541 id
3390 4491 3476 4541 est
3522 4483 3675 4540 bona

1963 4593 2139 4650 Opera
2177 4593 2567 4649 procreamus,
2630 4578 2944 4634 videndum
2979 4576 3143 4633 nobis
3197 4583 3283 4631 est
3339 4582 3404 4630 ut
3462 4586 3675 4629 uxores

1968 4670 2302 4736 habeamus,
2336 4668 2393 4724 id
2426 4676 2510 4724 est
2558 4668 2857 4725 voluntate
2882 4667 3024 4723 bene
3055 4665 3261 4736 agendi
3308 4678 3423 4721 non
3475 4675 3674 4719 carea-

1965 4772 2117 4826 mus,
2152 4772 2222 4815 ne
2254 4772 2389 4814 cum
2442 4757 2693 4813 multum
2724 4755 3223 4814 seminaverimus.
3275 4766 3480 4822 parum
3523 4750 3674 4808 infe-

1966 4860 2186 4913 ramus,
2220 4846 2328 4902 boc
2355 4853 2439 4902 est
2466 4859 2600 4901 cum
2630 4859 2733 4915 pro
2778 4845 2891 4901 Deo
2947 4842 3264 4914 plurimum
3315 4840 3674 4896 laboraveri-

1967 4949 2119 5003 mus,
2172 4949 2380 5006 parum
2441 4934 2720 4990 mercedis
2779 4933 3164 4995 obtineamus,
3217 4930 3357 5001 quia
3424 4944 3540 4986 non
3598 4942 3672 4985 ex

1965 5037 2182 5092 amore,
2214 5025 2310 5081 sed
2340 5023 2627 5080 serviliter
2655 5023 2909 5081 timendo
2948 5021 3004 5078 id
3042 5021 3289 5093 egimus.
3330 5020 3403 5075 Et
3429 5018 3672 5075 volando

1965 5127 2105 5185 ergo
2160 5120 2480 5184 operantes,
2531 5119 2586 5169 et
2643 5112 2936 5183 operando
3002 5110 3261 5166 volentes
3315 5108 3472 5166 intra
3529 5121 3672 5164 con-

1966 5201 2265 5259 scientiam
2286 5217 2391 5258 nos
2420 5210 2701 5274 tegamus,
2726 5201 2825 5258 ubi
2857 5214 2893 5257 a
2915 5200 3157 5270 strepitu
3189 5197 3382 5255 inutili
3409 5196 3670 5269 quiesca-

1969 5305 2122 5356 mus,
2154 5298 2208 5348 et
2237 5290 2409 5362 aquis
2447 5289 2744 5362 sapientiae
2797 5297 3081 5361 potemus,
3115 5287 3335 5359 quibus
3368 5293 3426 5342 et
3475 5284 3672 5365 dilua-

1966 5393 2121 5438 mur.

2039 5469 2213 5523 Vsus.
2248 5471 2300 5535 8,
2333 5470 2385 5535 9,
2445 5471 2528 5524 l0.
2559 5497 2633 5511 —
2661 5471 2735 5525 De
2775 5466 3148 5522 animantibus
3195 5477 3407 5535 quoque
3450 5459 3671 5516 mundis

1967 5563 2019 5613 et
2046 5557 2366 5623 immundis,
2419 5563 2470 5611 et
2523 5557 2590 5613 de
2639 5556 2946 5612 volucribus
3000 5561 3052 5609 et
3092 5569 3161 5608 ea:
3204 5553 3352 5608 omni
3381 5549 3529 5618 quod
3556 5564 3671 5603 mo-

1966 5650 2123 5702 uetur
2149 5661 2314 5716 super
2340 5650 2564 5714 terram,
2601 5645 2729 5714 duo,
2769 5651 2821 5699 et
2871 5643 2980 5699 duo
3005 5644 3253 5707 ingressa
3276 5642 3405 5696 sunt
3433 5637 3511 5692 ad
3562 5638 3672 5692 Noe

1968 5737 2028 5790 in
2057 5750 2263 5802 arcam,
2303 5736 2579 5790 masculus
2617 5739 2668 5791 et
2703 5734 2933 5799 femina,
2981 5734 3125 5786 sicut
3171 5729 3501 5800 praceperat
3551 5724 3671 5780 Do-
