3956 6422
273 452 339 502 95
1157 446 1224 501 V.
1271 445 1602 509 GUIBEBTI
1642 448 1933 504 ABBATIS
1970 449 2026 504 S.
2069 445 2310 503 MAIIH‘I
2353 445 2442 504 DE
2485 445 2888 503 NOVIGENTO
3710 449 3790 500 96

275 586 455 641 minus
485 585 609 640 Noe.
662 586 900 654 Cumque
949 586 1272 640 transissent
1318 589 1519 654 septem
1564 584 1700 654 dies,
1732 586 1970 640 inunda-
2008 585 2054 639 Α
2083 591 2266 642 tatum
2320 583 2577 640 tenebras
2625 581 2998 648 aestimamus,
3055 581 3361 651 lucemque
3417 582 3789 639 arbitramur

279 678 468 728 verunt
499 689 656 743 aquae
677 673 880 728 diluvii
924 685 1088 743 super
1123 679 1344 728 terram.
1377 674 1509 730 Hec
1549 675 1817 745 superius
1858 679 1972 731 tota

279 769 518 819 tractata
548 768 703 826 sunt,
735 767 974 831 excepto
1001 775 1069 816 eo
1100 761 1255 832 quod
1285 761 1517 832 dicitur,
1546 779 1614 816 ea-
1658 766 1806 818 omni
1829 765 1974 833 quod

278 856 521 905 movetur
564 865 728 918 super
763 854 1005 916 terram;
1047 849 1202 919 quod
1249 849 1305 905 in
1351 851 1501 906 malo
1553 851 1634 906 sic
1670 851 1969 922 accipitur,

281 946 346 993 ut
375 944 562 994 motus
597 937 777 993 nostri
838 937 1119 1003 carnales,
1171 937 1274 1007 qui
1323 954 1486 1008 super
1533 943 1753 1008 terram,
1806 940 1975 996 idest

283 1025 518 1081 rationis
567 1033 782 1080 statum
831 1026 1097 1096 progredi
1148 1026 1371 1093 volunt,
1432 1026 1846 1099 intelligantur,
1905 1029 1974 1086 de

280 1113 494 1183 quibus
545 1121 653 1168 est:
713 1115 851 1170 Caro
896 1115 1226 1182 concupiscit
1282 1115 1544 1171 adversus
1597 1119 1876 1186 spiritum,
1924 1124 1973 1172 ct

279 1203 508 1268 spiritus
564 1201 826 1257 adversus
873 1218 1107 1266 carnem,
1164 1208 1224 1257 ut
1278 1220 1384 1258 non
1436 1221 1765 1276 quaecunque
1807 1209 1973 1260 vultis

282 1291 379 1343 illa
404 1291 628 1356 faciatis
659 1291 800 1359 (Gal.
853 1306 906 1356 v,
959 1294 1079 1359 l7);
1119 1300 1223 1348 aut
1262 1293 1318 1348 in
1350 1293 1515 1360 bono,
1549 1301 1613 1350 ut
1659 1295 1976 1365 spiritualis

280 1377 548 1434 alacritas
593 1387 788 1433 nostra
843 1379 1184 1448 accipiatur.
1251 1396 1371 1451 qua
1429 1397 1594 1452 super
1640 1389 1861 1448 terram,
1917 1385 1968 1440 id

279 1473 363 1520 est
421 1465 835 1521 animalitatem
894 1476 1148 1524 nostram
1211 1484 1636 1538 promovemur,
1704 1487 1855 1542 quas,
1914 1472 1972 1528 in

281 1560 566 1621 quantum
624 1568 816 1609 coram
862 1555 995 1622 Deo,
1038 1556 1234 1612 minus
1292 1557 1460 1627 plena
1505 1561 1853 1622 sentiuntur.
1899 1561 1970 1616 ad

282 1641 490 1697 lineam
545 1649 800 1698 correcta
856 1639 1246 1716 intelligentia
1299 1659 1472 1716 penes
1537 1647 1716 1703 Deum
1775 1663 1971 1705 recon-

279 1728 398 1784 dita
449 1728 603 1785 intra
673 1743 866 1786 arcam
933 1739 1242 1789 servantur
1309 1734 1542 1796 cordis;
1587 1743 1642 1791 et
1706 1737 1787 1792 sic
1849 1747 1974 1807 post

283 1816 563 1873 indultam
619 1817 938 1888 plenariam
989 1820 1320 1878 divinorum
1371 1824 1613 1892 gratiam
1665 1839 1972 1882 munerum

283 1905 512 1961 venitur
534 1905 606 1962 ad
635 1905 876 1978 gloriam
896 1909 1459 1980 contemplationum.

353 2010 520 2067 Vens.
575 2015 660 2078 ll,
715 2015 796 2068 l2.
861 2044 928 2054 —
980 2017 1140 2071 Anno
1195 2021 1573 2073 sexcentesimo
1644 2022 1790 2088 vitae,
1848 2021 1972 2087 Noe,

283 2113 456 2152 mense
478 2101 729 2167 secundo,
761 2105 990 2172 septimo
1035 2103 1238 2160 decimo
1266 2107 1357 2161 die
1391 2109 1610 2173 mensis,
1644 2112 1800 2178 rupti
1851 2114 1978 2164 sunt

281 2201 457 2240 omnes
483 2188 660 2252 fontes
709 2189 893 2254 abyssi
935 2205 1167 2256 magnas,
1211 2196 1261 2246 et
1289 2197 1578 2248 cataracta:
1623 2195 1740 2248 cali
1776 2200 1977 2265 apertae

281 2277 425 2340 sunt,
465 2278 517 2328 et
543 2276 706 2340 facta
733 2280 862 2330 sunt
909 2278 1109 2346 pltwia:
1131 2293 1293 2347 super
1326 2284 1547 2346 terram,
1603 2281 1977 2352 quadraginta

282 2361 470 2415 diebus
515 2366 566 2415 et
618 2363 990 2430 quadraginta
1045 2366 1308 2420 noctibus.
1366 2367 1504 2423 Tres
1545 2367 1710 2425 isthic
1762 2371 1978 2440 gradus

281 2449 379 2504 sed
427 2463 541 2505 non
571 2449 783 2506 sinere
835 2451 998 2521 positi
1028 2460 1182 2520 sunt,
1235 2453 1373 2521 dies,
1423 2455 1634 2511 mensis
1661 2464 1716 2512 et
1741 2470 1974 2528 annus;

283 2550 318 2590 a
344 2536 434 2592 die
463 2550 600 2607 ergo
643 2538 1006 2609 incipiamus.
1043 2541 1324 2598 Denarius
1352 2543 1423 2598 ad
1457 2551 1757 2614 praecepta,
1790 2553 1977 2616 septe-

285 2623 505 2693 narius,
535 2625 676 2696 quia
709 2634 922 2698 septem
953 2629 1229 2686 saeculum
1277 2631 1480 2687 diebus
1515 2631 1791 2696 volvitur,
1839 2633 1976 2690 atti-

285 2719 379 2767 net
434 2713 507 2768 ad
565 2715 921 2784 temporalia.
974 2716 1287 2787 Septimum
1333 2719 1619 2776 decimum
1667 2722 1815 2778 diem
1869 2722 1976 2778 ha-

285 2800 506 2868 bemus,
558 2817 691 2858 cum
739 2803 1140 2862 desiderabilia
1177 2821 1353 2877 super
1381 2821 1594 2865 aurum
1625 2809 1721 2866 Dei
1753 2810 1975 2866 haben-

283 2897 366 2946 tes
420 2891 690 2948 mandata
761 2893 932 2962 (Psal.
992 2910 1150 2961 xvm,
1211 2897 1317 2965 11),
1375 2897 1569 2954 saeculi
1626 2900 1818 2954 omnia
1879 2914 1979 2970 per

289 2977 410 3033 haec
452 2981 932 3050 transcendimus,
964 2991 1021 3040 et
1060 2983 1223 3040 bonze
1274 2985 1588 3042 voluntatis
1615 2987 1706 3043 die
1755 2987 1824 3043 ad
1860 3002 1974 3043 me-

285 3065 429 3144 liora
501 3068 923 3126 contendimus.
1003 3071 1210 3128 Mensis
1266 3073 1490 3144 primus
1565 3075 1838 3145 professio
1893 3084 1979 3132 est

2080 673 2490 729 adversitatum
2516 679 2723 728 noctes.

2153 762 2324 818 Vsus.
2378 763 2463 828 l3,
2531 764 2608 828 14,
2668 762 2749 826 15,
2808 762 2890 814 l6.
2949 790 3017 799 —
3069 759 3142 813 In
3187 759 3419 814 articulo
3464 757 3577 813 diei
3623 760 3788 813 illius

2083 853 2356 918 ingressus
2415 854 2494 904 est
2544 850 2668 915 Noe,
2731 862 2916 918 usque
2981 847 3052 903 ad
3123 847 3175 902 id
3230 846 3327 902 ubi
3404 846 3560 912 dicit,
3636 850 3787 901 sicut

2081 943 2408 1008 praeceperat
2462 941 2512 991 ei
2541 938 2705 992 Deus.
2763 938 2829 993 In
2865 938 3095 991 articulo
3131 937 3246 990 diei
3297 938 3470 1004 illius,
3507 936 3561 992 id
3592 945 3679 991 est
3721 938 3786 990 in

2081 1026 2272 1081 subtili
2307 1025 2567 1081 custodia
2603 1025 2766 1080 bona;
2811 1024 3130 1080 voluntatis
3160 1032 3414 1094 expertae
3443 1038 3512 1080 ac
3541 1024 3786 1080 nutritas

2081 1113 2423 1184 antiquitus,
2458 1115 2566 1168 Noe
2605 1113 2817 1183 quietis
2845 1113 3032 1169 cultor
3083 1113 3346 1177 internae,
3403 1126 3538 1168 cum
3589 1112 3788 1168 tribus

2085 1201 2496 1272 principalibus
2563 1201 2888 1271 ingreditur
2965 1199 3281 1256 virtutibus
3342 1201 3782 1260 conscientiam.

2080 1305 2214 1346 cum
2253 1303 2360 1345 sua
2387 1297 2441 1346 et
2497 1290 2743 1344 liliorum
2799 1289 3099 1350 uxoribus.
3157 1288 3212 1343 id
3267 1296 3351 1344 est
3403 1302 3536 1344 cum
3588 1301 3696 1343 suo
3725 1294 3788 1343 et

2081 1377 2338 1434 omnium
2369 1391 2607 1434 suorum
2637 1391 2876 1448 operum
2909 1376 3242 1448 proﬁciendi
3273 1377 3533 1448 appetitu
3562 1392 3576 1446 ;
3624 1376 3788 1432 lilius

2079 1465 2232 1521 enim
2289 1465 2412 1520 sine
2469 1479 2652 1520 uxore
2714 1472 2815 1529 est,
2876 1463 3046 1533 cujus
3102 1464 3356 1519 studium
3416 1463 3486 1518 ad
3541 1462 3788 1518 meliora

2083 1553 2365 1608 intentum
2411 1559 2467 1607 et
2523 1551 2794 1621 cupidum
2852 1565 2964 1606 non
2997 1559 3100 1606 est.
3162 1552 3470 1621 Animalia,
3513 1553 3789 1623 jumenta

2080 1650 2135 1698 et
2162 1641 2438 1706 volatilia,
2462 1641 2546 1696 uti
2579 1639 2637 1696 in
2657 1640 2840 1710 primo
2864 1646 3131 1702 tractatu.
3155 1647 3212 1695 et
3237 1640 3292 1694 in
3318 1641 3422 1695 isto
3448 1640 3787 1711 expositum
3859 1644 3876 1654 ‘

2065 1737 2182 1786 est.
2217 1732 2286 1786 Et
2315 1731 2536 1784 inclusit
2579 1744 2699 1783 eum
2747 1731 3003 1783 Dominus
3046 1728 3113 1782 de
3141 1731 3302 1796 foris,
3333 1729 3387 1784 id
3417 1736 3500 1784 est
3528 1729 3788 1784 circum-

2083 1819 2278 1874 scribit
2305 1833 2409 1874 nos
2457 1817 2888 1888 Scripturarum
2940 1817 3156 1888 ubique
3193 1817 3378 1884 dictis,
3427 1833 3498 1873 ne
3533 1831 3635 1887 pro
3667 1815 3788 1872 ali-

2085 1907 2301 1978 quibus
2331 1906 2566 1962 forsitan
2599 1906 2771 1976 probe
2797 1905 2970 1976 gestis
2999 1906 3254 1962 feramur
3281 1913 3446 1962 extra
3478 1919 3579 1961 nos
3609 1914 3789 1960 vento

2083 1995 2410 2066 cujuspiam
2441 1994 2752 2062 vanitatis;
2794 1993 2858 2047 de
2881 1995 3022 2059 foris
3051 2002 3265 2060 autem,
3297 1993 3438 2064 quia
3467 1993 3540 2049 ab
3577 2007 3788 2048 eorum

2083 2084 2365 2150 omnium,
2418 2097 2550 2154 quae
2587 2082 2769 2138 oculis
2796 2081 3163 2138 materialiter
3199 2081 3521 2153 subjaeent,
3559 2095 3790 2138 concu-

2088 2171 2364 2242 piscentia
2391 2185 2494 2228 nos
2523 2178 2696 2226 arcet.

2157 2260 2326 2316 Vnus.
2358 2263 2441 2325 t7,
2490 2263 2568 2314 l8.
2617 2289 2684 2298 —-
2725 2259 3061 2328 Factumque
3098 2263 3178 2314 est
3221 2259 3494 2314 diluvium
3539 2259 3790 2328 quadra-

2084 2352 2240 2417 ginta
2269 2348 2478 2414 diebus,
2499 2352 2600 2402 45
2627 2352 2678 2400 et
2706 2347 3080 2416 quadraginta
3100 2349 3339 2402 noctibus
3361 2361 3525 2416 super
3553 2353 3784 2412 terram,

2085 2442 2136 2492 et
2185 2437 2561 2507 multiplicatae
2612 2441 2741 2491 sunt
2787 2452 2964 2506 aquae,
2995 2441 3046 2490 et
3090 2437 3430 2490 elecacerunt
3481 2452 3666 2490 aream
3725 2439 3790 2490 in

2083 2526 2311 2581 sublime
2363 2542 2398 2579 a
2446 2531 2625 2592 terra;
2656 2525 2989 2579 vehementer
3045 2525 3469 2589 inundaverunt,
3513 2531 3562 2578 et
3599 2527 3792 2578 omnia

2083 2617 2424 2683 repleverunt
2473 2615 2531 2667 in
2584 2615 2865 2680 superficie
2937 2619 3115 2666 terrae.
3193 2611 3336 2668 Cum
3419 2611 3478 2666 in
3551 2619 3788 2668 tantum

2087 2717 2250 2759 mens
2281 2709 2478 2757 nostra
2506 2701 2802 2772 sapientia:
2855 2700 3084 2756 fluentis
3135 2695 3396 2768 alluitur,
3458 2705 3588 2756 uta
3616 2699 3794 2754 nobis

2085 2791 2472 2862 compleatur:

3372 2876 3592 2932 Gaudia
3625 2876 3788 2944 pelle.

2091 2970 2252 3038 [Pelle
2283 2971 2549 3034 timorem,
2571 2981 2670 3020 nec
2695 2965 2850 3020 dolor
2879 2966 3047 3031 adsit,
3078 2980 3332 3034 spemque
3357 2961 3601 3036 fugata]

2156 3057 2317 3124 Quod
2363 3070 2513 3125 saepe.
2551 3054 2808 3110 diximus
2863 3053 3028 3108 innui
3064 3067 3164 3123 per
3215 3052 3606 3122 quadraginta
3664 3051 3796 3108 dies

281 3141 516 3210 evidens
569 3155 903 3228 religionis;
939 3139 1583 3230 secundusiasseeutio'
1632 3173 1734 3232 est,
1795 3169 1976 3220 tnter—
2014 3175 2056 3228 c
2085 3154 2142 3203 θῐ
2172 3153 2407 3210 “Caesi
2456 3141 2919 3232 multiplicantur
2975 3141 3270 3196 inferiores
3315 3153 3383 3196 ac
3438 3139 3787 3232 ειιυὲῐξίοιίθεν

281 3255 487 3312 nasque
542 3245 744 3302 habitu
814 3248 1190 3316 praetenditur
1250 3251 1518 3321 virtutis;
1571 3253 1854 3322 senarius,
1913 3260 1977 3308 ut

281 3329 554 3398 diximus,
589 3334 660 3388 ad
709 3333 1041 3403 hominem;
1091 3338 1181 3392 die
1207 3339 1359 3394 enim
1391 3349 1554 3395 sexta
1587 3341 1751 3396 homo
1792 3341 1977 3397 factus

282 3424 408 3487 est;
442 3420 826 3487 centenarias,
859 3421 963 3490 qui
1006 3423 1213 3479 transit
1259 3424 1319 3479 in
1365 3427 1680 3493 dexteram,
1733 3427 1978 3497 pertinet

283 3504 355 3559 ad
420 3506 978 3578 contemplationem.
1053 3510 1170 3566 Nisi
1246 3513 1398 3568 enim
1485 3516 1979 3585 transgrediamur

285 3594 594 3661 hominem,
626 3609 741 3650 non
776 3597 1156 3668 pertingimus
1206 3600 1278 3655 ad
1311 3600 1522 3656 divinae
1575 3602 1978 3672 speeulationis

285 3681 676 3738 subtilitatem.
739 3683 819 3740 De
869 3684 959 3742 die
1013 3685 1194 3757 igitur
1230 3687 1303 3744 ad
1356 3703 1626 3758 mensem,
1688 3691 1757 3746 de
1788 3705 1979 3748 mense

287 3769 518 3824 venitur
563 3769 635 3824 ad
688 3784 929 3837 annum.
979 3773 1122 3844 quia
1178 3783 1303 3846 post
1331 3778 1721 3834 conversionis
1750 3779 1976 3836 initium

289 3870 695 3926 promovemur
750 3859 822 3914 ad
854 3858 1207 3918 incrementa
1240 3863 1545 3930 virtutum,
1597 3879 1670 3920 ex
1725 3881 1978 3935 quarum

288 3957 492 3999 rursus
523 3944 854 4002 collectione
903 3949 1278 4020 aggredimur
1307 3950 1477 4008 finem
1504 3953 1762 4008 omnium
1801 3957 1977 4010 Deum

286 4033 694 4090 contuendum.
756 4034 842 4090 Ad
915 4038 1069 4108 quod
1132 4053 1266 4095 cum
1321 4041 1589 4097 devenire
1653 4041 1977 4113 contigerit,

289 4133 512 4189 magna;
585 4121 767 4178 fontes
823 4133 1182 4196 rumpuntur
1242 4127 1452 4197 abyssi,
1513 4129 1652 4200 quia
1725 4145 1982 4186 recessus

287 4209 738 4266 conversationis
767 4211 1039 4268 humanas
1073 4215 1146 4270 ad
1191 4214 1478 4286 liquidum
1508 4219 1855 4288 aperiuntur
1881 4233 1980 4289 per

288 4296 502 4352 donum
559 4297 828 4366 scientiae,
869 4309 924 4356 et
975 4301 1144 4358 homo
1195 4304 1303 4360 sibi
1361 4305 1580 4375 pridem
1630 4306 1977 4378 incognitus,

287 4384 426 4440 dum
458 4385 570 4440 vim
594 4385 952 4444 discretionis
979 4391 1203 4461 accipit,
1236 4393 1402 4463 quasi
1435 4394 1647 4451 fontem
1678 4396 1746 4450 de
1775 4397 1979 4464 abysso

287 4471 563 4528 altissima
603 4473 976 4544 multiplicem
1008 4477 1248 4545 invenit,
1294 4480 1433 4537 dum
1478 4490 1718 4539 naturas
1772 4485 1980 4554 passio-

289 4570 428 4612 num
459 4565 514 4614 et
553 4559 942 4620 humanorum
972 4578 1198 4623 morum
1246 4569 1440 4625 abdita
1477 4569 1800 4628 discernere
1837 4586 1977 4642 pru-

289 4644 486 4702 denter
535 4655 590 4704 et
654 4651 966 4720 perspicere
1031 4656 1188 4712 novit
1217 4671 1234 4726 ;
1295 4657 1522 4726 abyssus
1589 4659 1762 4726 enim,
1807 4661 1978 4730 juxta

292 4733 600 4804 l’salmum,
649 4738 904 4808 abyssum
943 4744 1157 4798 invocat
1203 4747 1372 4811 (Psal.
1431 4761 1542 4815 xu,
1601 4750 1674 4814 8),
1723 4757 1778 4804 et
1825 4748 1979 4804 Scri-

293 4829 460 4889 ptura
497 4838 647 4894 saepe
702 4842 801 4883 cor
831 4829 1074 4886 hominis
1121 4831 1195 4888 ita
1226 4834 1531 4904 significat.
1591 4836 1739 4892 Fons
1785 4836 1980 4906 itaque

292 4908 371 4963 Illi
423 4910 611 4980 abyssi
663 4928 886 4985 magna:
937 4920 1246 4989 rumpitur,
1279 4921 1374 4976 cui
1413 4923 1505 4978 sui
1551 4921 1730 4993 ipsius
1782 4923 1982 4980 notitia

295 5013 394 5068 per
415 4999 844 5070 intelligentiam
868 5005 1143 5074 aperitur.
1169 5009 1498 5076 Cataraclae,
1533 5009 1588 5065 id
1613 5019 1696 5066 est
1725 5010 1981 5067 fenestra:

291 5087 412 5142 caeli
446 5087 527 5143 illi
561 5097 775 5158 patent,
807 5093 898 5147 cui
943 5093 1013 5148 ad
1045 5095 1390 5164 capiendum
1437 5097 1752 5166 spiritualis
1783 5101 1982 5170 gratiae

294 5175 485 5232 lumen
545 5178 842 5235 oculorum
903 5175 1376 5240 iutellectualium
1435 5191 1706 5242 acumina
1765 5190 1978 5259 vigent.

294 5264 378 5319 Ex
439 5265 527 5320 bis
557 5267 828 5336 fontibus,
865 5269 916 5324 id
965 5278 1048 5326 est
1077 5271 1330 5327 scienlize
1377 5273 1717 5344 originibus,
1748 5286 1802 5332 et
1855 5277 1980 5332 coeli

291 5354 611 5418 cataractis,
641 5354 893 5412 luciﬂuis
933 5357 1146 5414 scilicet
1177 5359 1416 5416 internas
1459 5363 1751 5432 sapientia:
1782 5365 1980 5435 rimis;

291 5457 454 5510 super
513 5448 712 5498 terram
787 5447 847 5501 llt
913 5446 1124 5502 inlusio
1184 5448 1534 5518 pluviarum,
1597 5467 1982 5524 supernarum

292 5529 504 5586 scilicet
553 5531 785 5588 ubertas
841 5535 1183 5605 gratiarum,
1234 5538 1450 5609 quibus
1501 5554 1534 5595 a
1567 5541 1802 5598 denario
1845 5542 1986 5611 legis

295 5617 589 5688 Evangelii
638 5623 1077 5691 quaternarium
1131 5625 1494 5698 attingentes,
1549 5628 1669 5685 dies
1709 5628 1986 5700 prosperi-

2087 3233 2302 3306 quibus
2333 3232 2547 3289 scimus
2583 3239 2638 3288 et
2683 3230 2961 3300 sapimus,
3021 3243 3226 3299 aquae;
3285 3237 3340 3285 et
3378 3243 3452 3284 ex
3482 3227 3571 3283 sui
3603 3227 3794 3298 ipsius

2084 3323 2286 3378 notitia
2309 3320 2381 3376 ad
2411 3319 2660 3375 videnda
2687 3319 2884 3374 divina
2921 3332 3303 3388 progressam,
3356 3316 3524 3386 quasi
3553 3315 3794 3372 duabus

2085 3408 2210 3476 alis,
2251 3408 2453 3464 timore
2483 3405 2744 3462 videlicet
2797 3407 2911 3471 sui,
2958 3412 3010 3460 et
3065 3419 3260 3460 amore
3302 3404 3416 3472 Dei,
3450 3405 3520 3460 ad
3567 3412 3787 3460 aeterna

2085 3495 2400 3567 quaerenda
2444 3493 2601 3550 omni
2645 3493 2971 3564 posthabita
3025 3493 3354 3548 terrenitate
3423 3491 3791 3561 suspendunt

2086 3584 2337 3638 animam
2361 3597 2376 3652 ;
2397 3589 2452 3638 et
2483 3582 2540 3637 in
2570 3589 2795 3637 tantum
2827 3595 2940 3636 usu
2969 3580 3350 3650 cogitationis,
3385 3587 3440 3636 et
3467 3579 3792 3635 dilectionis

2084 3673 2428 3739 exuberant,
2461 3678 2524 3726 ut
2553 3668 2839 3740 quidquid
2871 3669 3184 3737 loquimur,
3217 3668 3502 3738 quidquid
3532 3669 3792 3739 denique

2086 3764 2146 3816 in
2213 3761 2493 3828 superﬁcie
2545 3763 2721 3823 terra,
2783 3757 2838 3812 id
2895 3763 2978 3812 est
3033 3757 3424 3812 sensualitatis
3480 3756 3789 3820 efficimus,

2088 3849 2167 3906 nil
2200 3849 2358 3904 aliud
2407 3859 2582 3918 quam
2617 3845 2780 3901 illum
2835 3845 3066 3901 vitalem
3107 3845 3424 3915 spiritualis
3463 3845 3792 3916 prudentiae

2087 3950 2341 3993 succum.
2377 3933 2548 4004 cujus
2577 3947 2769 3989 amore
2796 3931 3125 4002 fragramus
3156 3933 3424 3988 redoleat.

2160 4025 2328 4081 Vens.
2367 4026 2449 4077 l9.
2485 4051 2550 4063 —
2583 4025 2749 4076 Porro
2797 4039 2928 4076 arca
2967 4023 3246 4089 ferebatur
3283 4038 3445 4092 super
3473 4037 3667 4093 aquas.
3714 4025 3793 4077 Et

2087 4129 2244 4183 aquae
2303 4112 2707 4181 precatum-unt
2753 4113 2919 4164 nimis
2965 4125 3128 4179 super
3199 4115 3437 4164 terram:
3497 4112 3792 4179 opertique

2087 4207 2212 4258 sunt
2241 4215 2419 4255 omnes
2465 4204 2667 4254 montes
2719 4201 2913 4253 excelsi
2965 4200 3064 4252 sub
3105 4201 3355 4254 universo
3399 4200 3542 4253 ca'lo.
3598 4198 3792 4268 Aquis

2088 4289 2445 4359 superfertur
2503 4301 2657 4354 arca,
2706 4287 2845 4343 dum
2907 4303 3086 4353 mens,
3137 4302 3240 4358 pro
3287 4288 3661 4343 fundamento
3703 4299 3792 4341 sa-

2089 4377 2312 4449 pientiae
2363 4376 2632 4441 innitens,
2667 4375 2738 4431 ad
2784 4375 3119 4432 instinctum
3156 4375 3284 4446 ejus
3316 4375 3481 4445 quasi
3534 4375 3606 4430 ad
3646 4388 3790 4430 nor-

2018 4467 2240 4522 Dmam
2291 4465 2490 4535 dirigit
2534 4478 2707 4534 opera
2753 4479 2902 4533 sua;
2936 4472 2992 4520 et
3044 4479 3214 4534 aquae
3251 4463 3564 4533 praevalent
3617 4478 3791 4532 super

2089 4562 2310 4620 terram,
2359 4553 2500 4624 quia
2545 4553 2616 4608 ad
2647 4561 2853 4608 nutum
2905 4568 3025 4608 sum
3079 4552 3472 4622 inspirationis
3537 4557 3786 4608 matrem

2086 4657 2324 4712 operum
2377 4641 2545 4711 quasi
2593 4641 2932 4710 discipulam
2993 4647 3222 4710 regunt,
3261 4647 3317 4695 et
3371 4639 3787 4709 constringunt

2088 4731 2194 4787 sibi
2233 4730 2659 4786 conscientiam.
2691 4730 2982 4798 Opertique
3017 4733 3144 4783 sunt
3197 4743 3375 4782 omnes
3421 4732 3622 4782 montes
3678 4744 3784 4780 ea:-

2088 4822 2216 4874 celsi
2269 4819 2367 4873 sub
2422 4821 2672 4872 universo
2717 4819 2860 4883 caelo,
2897 4817 3036 4886 quia
3087 4829 3220 4872 cum
3276 4815 3334 4871 in
3385 4815 3528 4872 illud
3579 4815 3781 4871 lumen

2091 4908 2400 4972 luminum,
2433 4907 2732 4977 Deumque
2782 4905 3064 4960 virtutum
3114 4903 3532 4974 aliquantisper
3569 4902 3784 4959 scintil-

2089 4994 2207 5052 lare
2231 4994 2634 5064 permittimur,
2667 4992 2952 5062 quidquid
2989 4991 3047 5046 in
3079 4992 3396 5048 virtutibus
3427 4991 3786 5048 celsitudinis

2091 5085 2300 5140 habere
2329 5096 2434 5138 nos
2457 5081 2824 5152 putabamus,
2859 5079 3121 5136 contuitu
3160 5087 3333 5136 tanta;
3363 5080 3577 5151 gloriae,
3611 5087 3782 5149 quasi

2091 5173 2329 5228 lucerna
2379 5171 2435 5225 in
2509 5169 2625 5225 sole
2675 5167 2822 5223 illico
2872 5168 3164 5236 operitur;
3231 5175 3286 5224 et
3340 5167 3480 5238 quid
3533 5167 3660 5223 dico
3715 5168 3786 5222 de

2091 5260 2308 5316 visione
2338 5256 2669 5328 majestatis,
2701 5269 2834 5310 cum
2867 5256 3018 5310 dicat
3056 5255 3155 5310 sub
3187 5258 3434 5310 universo
3477 5255 3646 5310 caelo?
3675 5257 3787 5312 sub

2091 5347 2231 5404 C(BIO
2263 5340 2483 5402 montes
2511 5343 2872 5412 operiuntur.
2899 5359 3032 5399 cum
3063 5358 3150 5410 ea,
3201 5359 3332 5414 quae
3365 5344 3475 5399 sub
3517 5345 3647 5408 Deo,
3681 5348 3786 5414 qui

2092 5437 2300 5492 cmlum
2330 5442 2432 5500 est,
2488 5439 2642 5498 sunt,
2684 5432 3166 5498 considerantur;
3209 5442 3262 5488 et
3291 5447 3362 5487 ex
3417 5447 3617 5488 eorum
3647 5448 3786 5502 pro-

2092 5531 2289 5594 spectu
2341 5521 2625 5592 quidquid
2695 5535 2919 5586 sumus,
2987 5521 3077 5575 vel
3131 5535 3253 5576 esse
3312 5536 3618 5590 possumus
3678 5523 3788 5579 vile

2097 5613 2341 5667 videtur.
2377 5609 2516 5676 Quis
2543 5609 2719 5675 enim,
2771 5617 2832 5664 ut
2864 5610 2934 5666 de
2965 5609 3094 5664 aliis
3124 5618 3361 5678 taceam,
3409 5624 3481 5664 ex
3523 5611 3786 5668 contuitu

2097 5697 2419 5769 perminimi
2474 5697 2814 5768 angelorum
2871 5696 2977 5752 sibi
3033 5697 3138 5766 ipsi
3195 5712 3306 5753 non
3349 5699 3632 5754 sordeat?
3679 5701 3784 5756 Sed
