3956 6428
293 462 364 516 99
1196 458 1258 511 V.
1299 457 1634 514 GUIBERTI
1672 456 1960 514 ABBATIS
1997 456 2055 511 S.
2098 455 2338 513 ΜΔΗΙᾸΞ
2379 457 2468 513 DE
2509 455 2901 514 NOVIGENTO

3699 463 3803 515 100

290 589 438 645 riam
490 601 770 658 persensm
843 585 1012 643 semel
1079 585 1401 643 dulcedinis
1452 586 1977 658 speculationisque
2014 589 2059 642 Α
2089 587 2270 643 Adam
2321 594 2376 642 et
2427 587 2629 654 Evam,
2679 587 2782 658 qui
2840 587 2939 642 Dei
2999 587 3348 646 fruebantur
3402 590 3686 662 alloquio,
3744 601 3806 649 et

291 676 433 733 dum
491 689 660 747 sapor
710 675 1025 743 reducitur,
1099 674 1312 745 saepius
1363 675 1768 746 ingemiscant,
1831 675 1988 732 unde

289 765 518 820 cuidam
550 765 762 821 dicitur
793 779 806 820 :
839 767 1040 820 Memor
1067 769 1178 819 esto
1201 764 1345 818 unde
1400 765 1665 818 excideris
1689 764 1880 834 (Apoc.
1927 779 1986 831 ιι,

292 853 366 924 5),
397 861 454 910 et
498 859 621 924 post
665 860 875 909 centum
903 855 1310 925 quinquaginta
1339 854 1451 907 dies
1482 855 1656 906 minui
1676 853 1982 924 incipiunt,

291 943 433 1012 quia
458 943 568 998 nisi
592 950 693 998 aut
723 942 950 999 indulta
1002 943 1074 998 ad
1125 942 1324 998 horam
1354 941 1580 997 silentia
1631 942 1988 1013 contempla-

291 1030 463 1086 tionis
485 1031 834 1098 transierint,
886 1038 989 1086 aut
1029 1029 1295 1100 perfectio
1342 1030 1555 1101 quietis
1603 1043 1677 1085 ex
1739 1029 1980 1086 incursu

291 1118 562 1174 molestia;
617 1119 866 1190 alicujus
915 1118 1211 1184 exciderit,
1248 1117 1347 1174 ubi
1387 1132 1446 1173 se
1499 1117 1823 1189 immergat,
1853 1135 1984 1188 qua:

290 1213 544 1262 nostram
589 1206 893 1263 imminuat
966 1207 1356 1277 prudentiam,
1442 1206 1681 1263 tentatio
1735 1209 1986 1277 reperire

290 1306 406 1348 non
437 1295 660 1364 poterit.

361 1382 520 1439 Vnus.
564 1384 614 1438 4.
657 1411 728 1425 -
770 1383 1165 1453 Requievitque
1211 1399 1345 1438 arca
1390 1398 1568 1438 mense
1613 1386 1864 1453 septimo,
1913 1386 1987 1438 vi-

288 1467 485 1520 cesima
523 1470 575 1521 et
622 1469 853 1536 septima
882 1467 970 1521 die
1019 1469 1217 1522 mensis
1245 1482 1410 1537 super
1455 1472 1657 1522 montes
1682 1467 1980 1522 Armenias.

289 1554 437 1609 Dum
461 1567 630 1625 aqua:
679 1563 800 1624 post
827 1554 1277 1624 dispensativam
1306 1554 1669 1610 amissionem
1713 1555 1985 1611 rediviva:

287 1642 452 1698 nobis
478 1642 748 1712 spiritum
781 1643 1228 1714 recogitationis,
1258 1658 1326 1700 ac
1350 1642 1744 1713 castigationis
1783 1643 1985 1700 infun-

287 1730 452 1796 dunt,
485 1729 698 1786 mensis
722 1730 999 1800 septimus
1027 1731 1239 1802 agitur,
1281 1731 1423 1802 quia
1457 1731 1788 1788 divinarum
1859 1745 1985 1787 me-

288 1817 468 1874 moria
497 1817 969 1886 illustrationum,
1003 1819 1060 1873 in
1092 1819 1308 1889 quibus
1329 1819 1622 1890 quondam
1657 1819 1984 1876 sabbatiza-

287 1905 499 1971 vimus,
532 1905 878 1977 interimque
916 1907 1056 1963 dum
1119 1907 1511 1975 recordamur,
1562 1908 1984 1979 aliquantisper

287 1993 730 2058 sabbatizamns,
789 1996 861 2050 ad
916 2009 1016 2051 cor
1060 2003 1401 2067 revocatur;
1471 1998 1685 2053 mensis
1729 2011 1982 2068 namque

285 2081 508 2137 dierum
539 2081 794 2138 collectio
822 2090 927 2150 est,
973 2090 1029 2138 et
1060 2083 1341 2154 septimus
1394 2084 1702 2140 sabbatum
1733 2093 1850 2154 est;
1884 2085 1982 2141 sed

285 2184 330 2224 Si
371 2171 584 2226 mensis
625 2171 908 2241 septimus
932 2171 1148 2226 bonum
1181 2171 1326 2242 quid
1357 2171 1603 2239 insonat,
1627 2171 1900 2228 vicesima
1927 2179 1984 2229 et

284 2259 524 2329 septima
579 2259 700 2315 dies
751 2259 961 2315 mensis
1009 2259 1296 2330 quidquid
1381 2259 1515 2316 boni
1569 2261 1983 2330 praecinuimus

284 2347 509 2415 turbat;
558 2361 660 2418 per
689 2347 897 2418 viginti
925 2348 1080 2404 enim
1132 2347 1460 2417 duplicitas,
1509 2363 1612 2419 per
1681 2349 1981 2420 septimam

231 2475 238 2486 .
286 2435 590 2492 identidem
624 2436 877 2507 requies,
927 2450 1028 2506 per
1069 2435 1218 2492 diem
1254 2436 1406 2492 bona
1459 2437 1732 2493 voluntas
1777 2439 1980 2508 expri-

284 2524 491 2594 mitur;
535 2525 786 2596 suppetit
813 2539 951 2596 ergo
981 2525 1130 2581 bona
1158 2526 1230 2581 ad
1263 2526 1737 2584 sabbatizandum
1767 2528 1980 2584 volun-

285 2620 391 2680 tas,
450 2612 590 2668 dum
643 2625 821 2684 quam
871 2613 943 2669 sit
999 2613 1213 2670 bonum
1267 2627 1528 2670 securam
1587 2615 1797 2672 habere
1837 2630 1981 2672 con-

283 2701 579 2757 scientiam
631 2701 955 2766 recolimus.
989 2701 1085 2758 sed
1134 2716 1269 2758 cum
1303 2702 1375 2758 ad
1423 2703 1740 2774 appetitum
1789 2704 1981 2760 carnis

285 2789 642 2860 respicimus,
675 2789 782 2846 hoc
839 2789 990 2846 illico
1033 2791 1342 2861 dupliciter
1389 2807 1506 2848 non
1561 2792 1782 2848 sincere
1833 2793 1980 2850 velle

284 2877 630 2949 probamur;
694 2880 826 2934 Vult
875 2879 1050 2941 enim,
1118 2878 1200 2935 ait
1257 2879 1544 2949 Salomon,
1589 2885 1640 2936 et
1707 2897 1813 2936 non
1859 2880 1980 2937 vult

279 2967 645 3037 piger-(Prov.
677 2981 803 3034 xm,
856 2969 936 3036 Ii),
987 2967 1128 3024 dum
1159 2967 1376 3024 bonum
1405 2969 1647 3040 exsequi
1679 2969 1868 3036 vellet,
1927 2969 1976 3025 si

283 3055 408 3112 sine
435 3055 556 3111 ulla
583 3055 775 3113 carnis
813 3055 1167 3112 continentia
1197 3056 1318 3113 ﬁeri
1346 3064 1554 3126 posset,
1607 3072 1740 3114 cum
1771 3072 1977 3114 secun-

2096 675 2260 732 nulla
2297 689 2416 731 suae
2473 677 2666 732 carnis
2719 677 3006 732 incentiva
3037 678 3426 746 patiebantur,
3487 681 3804 736 attendunt

2095 779 2273 837 quam
2369 765 2529 821 facile
2589 765 2833 832 ruerint,
2879 773 2933 821 et
2988 765 3110 821 haec
3160 767 3375 821 damna
3423 768 3803 824 excusatione

2094 853 2271 924 digna
2295 867 2394 923 pro
2451 853 2704 908 naturali
2754 853 3060 923 fragilitate
3118 855 3504 924 praetendunt.
3564 855 3619 911 Si
3691 857 3798 924 illi,

2095 942 2307 1013 inquit,
2345 942 2470 1006 hoc,
2523 948 2625 997 aut
2679 941 2819 997 illud
2871 941 3114 1012 egerint.
3147 956 3254 1012 ego
3303 943 3604 1000 homuntio
3675 959 3803 1015 quo

2095 1029 2296 1086 robore
2329 1028 2690 1085 resisterem?
2742 1028 2889 1084 Dum
2945 1043 3082 1100 ergo
3131 1045 3406 1099 mensem,
3461 1031 3514 1087 id
3545 1039 3630 1088 est
3683 1047 3804 1088 nu-

2093 1132 2315 1174 merum
2366 1117 2534 1188 quasi
2596 1117 2818 1173 dierum
2873 1117 3188 1173 claritatem
3272 1119 3330 1174 in
3405 1119 3626 1175 decimo
3699 1121 3800 1176 illo

2091 1216 2402 1276 peccatore,
2462 1205 2644 1261 Adam
2697 1205 2927 1273 scilicet,
2983 1206 3366 1273 considerant,
3435 1207 3544 1263 sub
3616 1208 3800 1265 tantis

2090 1296 2425 1352 auctoribus
2451 1310 2507 1350 se
2560 1309 2719 1364 posse
2767 1308 3018 1364 peccare,
3060 1309 3192 1350 cum
3251 1304 3306 1350 et
3333 1295 3452 1366 ipsi
3513 1310 3797 1366 peccave-

2091 1383 2226 1451 rint,
2255 1383 2660 1440 excusabiliter
2690 1389 2913 1453 putant.
2946 1385 3157 1437 Decimo
3203 1385 3343 1437 enim
3373 1399 3569 1452 mense,
3607 1387 3799 1454 prima

2089 1473 2178 1527 die
2221 1477 2415 1527 mensis
2459 1477 2836 1542 apparuerunt
2885 1473 3168 1525 cacumina
3219 1475 3500 1526 montium.
3560 1473 3627 1528 In
3669 1473 3797 1544 ipso

2090 1576 2344 1632 namque
2369 1560 2555 1632 primo
2586 1566 2760 1628 statu,
2802 1573 2976 1629 quem
3007 1559 3294 1615 decimum
3339 1560 3598 1617 diximus
3622 1574 3790 1617 men-

2090 1665 2231 1717 sem,
2265 1649 2450 1721 prima
2478 1651 2591 1715 die,
2637 1648 2691 1704 id
2741 1655 2825 1704 est
2885 1647 2943 1704 in
3004 1648 3124 1718 ipso
3181 1648 3467 1704 felicitatis
3522 1649 3791 1716 introitu,

2091 1743 2467 1810 apparuerunt
2521 1739 2800 1792 cacumina
2842 1740 3127 1805 montium,
3175 1736 3235 1793 id
3285 1739 3380 1805 )est
3424 1737 3657 1808 superbi
3709 1738 3796 1793 fa-

2092 1837 2215 1884 stus
2244 1827 2472 1883 illorum
2508 1825 2734 1895 generis
2766 1825 2942 1880 nostri
3002 1825 3360 1896 principum;
3415 1825 3598 1881 solent
3648 1839 3794 1882 sane

2025 1889 2063 1944 Β
2093 1916 2274 1986 aliqui
2325 1914 2405 1969 sic
2451 1889 2683 1968 dicere:
2739 1911 2793 1967 Si
2854 1911 2934 1967 illi
2983 1889 3040 1967 in
3097 1889 3366 1982 superbia
3414 1927 3484 1968 ac
3515 1915 3785 1982 avaritia,

2089 2018 2222 2076 quas
2242 2001 2534 2058 naturalia
2566 2015 2684 2056 non
2728 2007 2863 2056 sunt
2911 2000 3052 2056 vitia
3098 2001 3487 2072 deliquerunt,
3548 2016 3652 2058 nos
3683 2003 3788 2072 qui

2092 2095 2148 2150 in
2179 2093 2326 2157 cibo,
2373 2105 2441 2146 ac
2473 2098 2634 2161 potu,
2663 2089 2918 2159 corporis
2949 2088 3260 2159 voluptate,
3293 2104 3426 2160 quae
3481 2091 3791 2160 originali-

2093 2191 2176 2239 ter
2231 2179 2499 2237 medu'lis
2545 2177 2754 2235 nostris
2825 2178 2998 2234 insita
3049 2185 3207 2245 sunt,
3263 2192 3590 2249 peccamus,
3639 2179 3789 2250 quid

2087 2271 2302 2327 mirum
2331 2267 2619 2324 facimus?
2645 2268 2926 2321 cacumina
2953 2266 3130 2337 igitur
3161 2269 3424 2322 montium
3475 2269 3557 2323 sic
3608 2275 3791 2324 atten-

2089 2359 2256 2426 dunt,
2311 2357 2448 2413 dum
2481 2355 2710 2411 illorum
2740 2354 2892 2410 vitiis
2921 2369 2979 2410 se
3005 2354 3342 2411 defendunt.

2162 2449 2331 2504 Vens.
2393 2449 2449 2514 6,
2504 2451 2556 2500 7.
2631 2475 2685 2486 —
2741 2445 2977 2514 Cumque
3029 2447 3353 2497 transissent
3405 2442 3787 2512 quadraginta

2087 2536 2224 2604 dies,
2280 2538 2526 2606 aperiens
2585 2535 2694 2589 Noe
2742 2534 3040 2600 fenestram
3095 2547 3235 2585 arce
3265 2531 3477 2585 dimisit
3530 2546 3776 2586 corvum.

2088 2628 2193 2694 Qui
2211 2624 2603 2693 egrediebatur,
2643 2627 2693 2676 et
2721 2637 2827 2675 non
2857 2621 3246 2684 revertebatur,
3279 2619 3444 2674 donec
3495 2621 3783 2675 siccaren-

2089 2721 2179 2769 tur
2206 2729 2362 2782 aquz
2385 2727 2548 2782 super
2577 2717 2798 2764 terram.
2847 2707 3230 2775 Quadraginta
3283 2707 3400 2762 dies
3453 2714 3787 2776 transeunt,

2086 2803 2228 2860 dum
2252 2799 2648 2871 intelligentia,
2688 2812 2864 2869 quam
2925 2811 2998 2853 ex
3055 2795 3319 2867 Decalogi
3363 2795 3789 2866 Evangeliique

2086 2891 2453 2948 observantia
2498 2887 2771 2944 habentes
2808 2885 3144 2952 claruimus,
3199 2883 3642 2956 superveniente
3691 2899 3790 2940 ne-

2086 2981 2284 3053 quitia:
2313 2987 2476 3036 nocte
2502 2977 2820 3048 privamur.
2863 2976 2932 3032 Et
2963 2982 3104 3031 tunc
3137 2976 3246 3031 Noe
3301 2977 3598 3042 fenestram
3637 2989 3787 3028 arcae

2087 3070 2292 3142 aperit,
2318 3082 2449 3124 cum
2477 3066 2709 3122 animus
2751 3064 3182 3121 sensualitatem
3231 3063 3484 3132 corporis
3531 3061 3790 3133 pessima

281 3143 420 3199 dum
451 3143 560 3200 hoc
613 3157 748 3200 eum
778 3144 927 3200 nolle
979 3145 1208 3214 penitus
1241 3153 1478 3201 constet.
1546 3146 1721 3215 Super
1773 3151 1977 3202 montes

2157 3165 2346 3215 pertate
2401 3155 2474 3212 ad
2520 3156 2793 3212 haustum
2875 3152 3184 3225 cujuslibet
3240 3151 3557 3220 voluptatis
3605 3151 3786 3221 quasi

282 3240 475 3289 autem
522 3233 796 3290 Armeniae
840 3249 972 3288 arca
1001 3235 1328 3306 requiescit,
1361 3235 1503 3306 quia
1549 3236 1610 3292 in
1639 3246 1973 3294 sanctorum

279 3320 575 3390 exemplis,
631 3321 734 3391 qui
786 3335 918 3378 vere
965 3337 1068 3392 pro
1158 3323 1498 3379 excellentia
1543 3331 1598 3380 et
1669 3324 1974 3382 stabilitate

279 3412 482 3462 montes
531 3407 825 3476 dicuntur,
873 3416 929 3466 et
980 3409 1232 3466 maxime
1301 3409 1358 3465 in
1417 3410 1645 3467 illorum
1687 3413 1788 3482 qui
1849 3419 1974 3483 post

281 3492 508 3564 lapsum
539 3494 763 3565 aliquid
788 3495 1106 3552 sanctitatis
1165 3496 1502 3568 attigerunt,
1551 3499 1756 3555 talium
1802 3501 1973 3570 torpi-

281 3583 486 3638 dorum
520 3583 869 3640 conscientia
917 3598 978 3640 se
1034 3584 1290 3642 reﬂectit.
1325 3586 1389 3641 In
1435 3587 1548 3643 alia
1601 3587 1975 3646 translatione

279 3685 442 3741 super
466 3676 668 3726 montes
695 3675 903 3728 Ararat
934 3672 1170 3744 legitur;
1232 3675 1443 3732 Ararat
1483 3676 1636 3732 enim
1697 3677 1974 3734 Hebraice

279 3761 552 3813 Armenia
575 3767 835 3830 vocatur,
865 3769 920 3818 et
949 3761 1056 3818 hoc
1109 3761 1297 3832 ipsum
1363 3779 1514 3820 mons
1560 3766 1744 3820 vulsus
1796 3766 1970 3822 inter-

281 3854 570 3918 pretatur;
601 3862 766 3904 mons
791 3856 983 3906 autem
1013 3850 1216 3907 vulsus
1257 3852 1533 3909 sanctitas
1559 3861 1644 3910 est
1674 3852 1970 3910 destituta.

279 3933 424 3991 Cum
455 3935 651 4008 itaque
704 3944 960 3994 tentatur
1005 3939 1333 4010 cujuspiam
1385 3940 1636 4012 religiosi
1719 3943 1970 4009 animus,

279 4033 595 4082 occurrunt
650 4026 826 4083 menti
903 4028 1191 4084 montium
1268 4029 1583 4098 vulsiones,
1637 4037 1970 4087 sanctorum

279 4112 494 4170 scilicet
521 4113 740 4185 lapsus,
776 4115 878 4187 qui
910 4123 1102 4172 tamen
1148 4117 1220 4172 ad
1253 4117 1381 4184 hoc,
1438 4125 1504 4175 ut
1555 4127 1776 4176 montes
1795 4133 1972 4176 voca-

278 4209 502 4270 rentur,
532 4205 719 4261 redire
753 4205 1108 4262 studuerunt
1137 4206 1417 4276 reparatis
1471 4206 1730 4279 viribus;
1785 4207 1844 4262 in
1884 4208 1973 4264 his

279 4303 415 4348 arca
445 4292 807 4362 immoratur,
853 4292 994 4364 quia
1023 4293 1228 4351 horum
1275 4309 1463 4364 casus,
1493 4303 1548 4352 et
1606 4295 1972 4367 postmodum

277 4380 742 4449 resurrectiones,
772 4381 940 4452 quasi
969 4381 1041 4438 ad
1072 4382 1418 4442 imitandum
1466 4385 1759 4456 possibilia
1813 4385 1969 4456 cogi-

277 4477 402 4528 tare
438 4471 772 4529 delectatur.

349 4559 502 4618 Vens
544 4563 597 4616 5.
655 4589 726 4604 —
780 4564 854 4618 At
895 4578 1020 4618 vero
1066 4579 1224 4634 aquae
1261 4565 1436 4630 ibant,
1496 4568 1548 4618 et
1601 4563 1974 4622 decrescebant

275 4663 445 4720 usque
469 4648 546 4704 ad
583 4649 848 4706 decimum
903 4667 1152 4708 mensem.
1213 4655 1388 4724 Aquae
1444 4659 1584 4708 eunt
1638 4659 1693 4708 et
1737 4653 1971 4723 decres-

275 4746 434 4804 cunt,
458 4739 598 4796 dum
647 4740 960 4810 spiritualis
1005 4755 1040 4798 a
1096 4741 1264 4798 nobis
1316 4741 1638 4812 prudentiae
1689 4742 1972 4813 cogitatus

277 4827 568 4894 recedunt,
602 4829 696 4884 sed
727 4828 870 4898 quia
895 4831 1129 4899 spiritus
1156 4829 1360 4884 vadens
1390 4829 1562 4898 (Psal.
1615 4844 1824 4899 LXXVII,
1882 4833 1972 4901 39‘)

275 4913 507 4984 quidem
541 4927 640 4982 per
669 4929 967 4978 sesumns,
1001 4916 1099 4972 sed
1133 4931 1232 4986 per
1257 4930 1316 4972 se
1352 4931 1461 4970 non
1488 4917 1704 4972 rediens
1760 4919 1968 4989 (Ibid),

274 5001 347 5056 ad
397 5000 681 5057 decimum
739 5017 992 5059 mensem
1041 5003 1388 5060 intendenda
1430 5004 1724 5062 deﬁciunt.
1761 5008 1972 5064 Mensis

275 5087 554 5154 decimus,
587 5088 716 5145 licct
740 5089 935 5146 minus
993 5091 1204 5148 usitata
1252 5091 1374 5148 haec
1422 5093 1816 5164 interpretatio
1874 5097 1970 5153 ha-

273 5176 500 5244 beatur,
532 5176 804 5234 humanae
843 5178 1184 5235 conditionis
1209 5184 1302 5234 4!
1360 5181 1500 5236 ordo
1553 5196 1668 5238 non
1713 5183 1966 5240 absurde

272 5263 576 5334 accipitur,
617 5265 721 5336 qui
767 5279 980 5322 novem
1027 5267 1234 5324 creatis
1285 5268 1608 5339 angelorun
1663 5271 1970 5328 ordinibus

274 5352 530 5409 decimus
559 5361 644 5409 est
685 5360 945 5424 creatus;
1003 5369 1134 5412 cum
1178 5371 1314 5428 ergo
1373 5357 1652 5414 illecebrae
1705 5361 1968 5416 animum

272 5441 533 5497 carnales
581 5450 812 5513 urgent,
869 5457 985 5498 non
1046 5445 1212 5501 modo
1239 5461 1352 5514 eos,
1387 5446 1492 5516 qui
1517 5461 1619 5518 per
1645 5446 1785 5503 Adae
1815 5461 1969 5516 prte-

270 5529 682 5586 varieationem
717 5529 866 5586 facta
897 5533 1232 5590 necessitate
1259 5535 1538 5605 peccandi
1568 5547 1746 5605 grave
1795 5535 1966 5605 quid-

271 5618 425 5688 piam
452 5619 885 5690 oommiserunt,
918 5620 976 5678 in
1022 5623 1350 5692 exemplum
1416 5623 1785 5678 admittenda;
1841 5636 1969 5692 pra-

275 5704 470 5763 vitatis
513 5705 764 5775 adhibet,
833 5707 928 5765 sed
984 5709 1104 5780 ipso
1165 5709 1454 5780 principes
1509 5708 1753 5780 genesis
1786 5707 1968 5764 nostri

2083 3252 2363 3308 fenestras
2401 3243 2696 3316 expandit.
2733 3244 2963 3300 Corvum
2994 3240 3247 3306 dimittit,
3280 3255 3412 3295 cum
3440 3239 3786 3310 ‘appetitum

2082 3333 2154 3388 ad
2183 3330 2454 3402 quaelibet
2482 3327 2674 3396 turpia
2696 3325 2969 3382 etfrenem
3000 3324 3082 3380 ire
3129 3323 3284 3379 sinit.
3318 3323 3428 3380 Iste
3455 3323 3783 3394 egreditur,

2083 3420 2138 3476 id
2163 3428 2248 3476 est
2277 3417 2532 3474 extraria
2577 3411 3032 3484 concupiscendo
3079 3419 3348 3484 vagatur,
3405 3419 3461 3468 et
3513 3425 3627 3468 non
3677 3425 3786 3468 re-

2082 3508 2346 3575 vertitur,
2388 3505 2551 3559 donec
2593 3518 2751 3572 aquae
2807 3502 3094 3557 siccentur
3138 3501 3198 3556 id
3251 3508 3335 3556 est
3392 3513 3697 3570 nunquam
3731 3501 3783 3556 si

2081 3596 2189 3652 sibi
2215 3595 2380 3650 liceat
2421 3590 2661 3648 rationis
2711 3589 2848 3660 jura
2903 3588 3214 3660 colligitur,
3271 3589 3452 3644 donec
3485 3587 3784 3658 quidquid

2083 3683 2307 3756 pietatis
2343 3695 2412 3738 ac
2462 3679 2662 3752 gratim
2717 3685 2939 3735 constat
2989 3677 3256 3745 interius,
3304 3677 3407 3748 qui
3456 3677 3666 3733 humor
3715 3677 3784 3734 in

2080 3771 2246 3829 nobis
2273 3777 2356 3827 est
2411 3768 2648 3824 divinus
2699 3768 2933 3824 omnino
2975 3767 3299 3822 exsiccetur
3345 3765 3403 3821 in
3437 3772 3609 3832 terra,
3667 3763 3786 3822 hoc

2079 3869 2166 3918 est
2199 3859 2254 3915 in
2272 3859 2580 3914 mentibus.

2152 3949 2322 4006 Vsus.
2356 3951 2409 4014 8,
2459 3951 2512 4002 9.
2543 3975 2610 3988 —
2664 3948 2861 4002 Emisit
2891 3961 3103 4015 quoque
3125 3943 3428 4000 columbam
3479 3948 3604 4014 post
3649 3958 3784 3999 eum

2081 4039 2264 4094 videre
2316 4039 2366 4092 si
2402 4037 2524 4106 jam
2565 4039 2860 4091 cessassent
2914 4049 3072 4104 aqua;
3129 4049 3292 4103 super
3329 4035 3530 4098 faciem
3588 4036 3776 4089 terra.

2079 4129 2212 4196 Quae
2253 4141 2374 4180 cum
2422 4141 2528 4179 non
2587 4125 2880 4178 invenisset
2937 4123 3035 4177 ubi
3087 4125 3441 4190 requiesceret
3496 4135 3590 4190 pes
3646 4119 3775 4190 ejus

2080 4228 2296 4270 reversa
2319 4217 2397 4269 est
2425 4211 2500 4265 ad
2528 4211 2635 4266 Noe
2679 4213 2738 4264 in
2784 4225 2989 4264 arcam.
3041 4208 3195 4264 Licet
3242 4206 3492 4263 carnalis
3534 4203 3784 4263 aﬂ‘ectus

2080 4302 2244 4360 facile
2270 4301 2388 4357 huc
2416 4299 2669 4370 illucque
2697 4298 2946 4365 labatur,
2975 4296 3122 4353 ratio
3165 4303 3355 4352 tamen
3409 4293 3783 4365 gemebunda

2079 4388 2450 4462 prosequitur
2484 4394 2539 4443 et
2596 4393 2816 4456 pensat,
2877 4384 3008 4441 licet
3057 4383 3206 4439 male
3254 4381 3527 4452 implicita
3591 4380 3778 4438 obniti

2004 4485 2048 4540 Ι)
2075 4491 2191 4534 non
2221 4475 2426 4541 valeat,
2455 4487 2555 4545 per
2574 4487 2706 4544 quae
2731 4470 2953 4528 affectio
2981 4483 3089 4526 sua
3126 4468 3399 4525 vitiorum
3466 4467 3782 4524 volutabra

2079 4563 2453 4632 distrahatur,
2506 4569 2562 4618 et
2614 4567 2902 4632 quantum
2957 4557 3148 4614 cordis
3192 4557 3362 4613 facies
3411 4556 3485 4612 ab
3546 4555 3781 4614 interna

2078 4651 2463 4710 teneritudine
2525 4648 2690 4720 quasi
2766 4646 2888 4703 sine
2945 4644 3156 4716 pluviis
3218 4652 3369 4702 terra
3425 4644 3775 4701 obduretur.

2078 4743 2185 4800 Sed
2232 4754 2365 4798 cum
2449 4739 2642 4795 adhuc
2712 4735 3009 4806 religionis
3056 4734 3310 4791 fervente
3364 4733 3662 4801 memoria,
3716 4743 3778 4792 et

2079 4831 2315 4902 pudoris
2348 4828 2588 4886 humani
2620 4827 2927 4883 obsistente
2983 4824 3280 4894 repagulo,
3316 4837 3410 4892 pes
3464 4821 3776 4892 columba,

2079 4919 2134 4976 id
2189 4926 2274 4976 est
2327 4917 2567 4975 affectus
2638 4914 2876 4971 rationis
2932 4911 3206 4982 peccandi
3261 4910 3774 4982 opportunitatem,

2076 5008 2248 5062 locum
2281 5005 2562 5070 videlicet,
2622 5017 2740 5074 quo
2787 5001 3112 5070 requiescat
3158 5013 3271 5056 non
3336 4997 3556 5055 invenit
3619 4997 3777 5055 intra

2076 5095 2436 5151 conscientiae
2457 5107 2669 5159 arcam,
2731 5089 2898 5162 quasi
2955 5087 3436 5159 concupiscentiae
3490 5085 3781 5156 paenitens

2076 5198 2135 5240 se
2165 5183 2382 5252 recipit,
2434 5179 2588 5236 unde
2626 5179 2929 5249 sequitur:
2985 5179 3159 5246 Aqua
3204 5179 3345 5231 enim
3389 5180 3546 5230 erant
3611 5189 3780 5244 super

2074 5273 2388 5325 universam
2443 5272 2665 5321 terram.
2733 5265 3101 5334 Extenditque
3147 5279 3400 5329 manum;
3459 5269 3510 5318 et
3566 5277 3780 5332 appre-

2079 5360 2298 5413 hensum
2318 5357 2507 5411 intulit
2528 5357 2588 5410 in
2621 5371 2826 5410 arcam.
2870 5353 3202 5426 Spiritualis
3255 5352 3484 5422 pondus
3513 5351 3779 5422 pruden-

2078 5445 2171 5501 tiae
2195 5445 2336 5499 solet
2389 5443 2700 5512 reprimere
2757 5442 2958 5499 diutus
3011 5441 3234 5511 ineptos
3295 5448 3485 5496 motus
3540 5439 3774 5498 animae.

2079 5535 2258 5601 Aquae
2301 5545 2439 5600 ergo
2484 5530 2677 5586 adhuc
2718 5530 3020 5586 imminent
3051 5536 3238 5594 terrae,
3281 5541 3414 5598 qua
3463 5534 3660 5583 vetant
3686 5530 3782 5586 sui

2081 5619 2398 5676 reverentia
2469 5618 2762 5676 hominem
2847 5617 2920 5673 ad
3005 5617 3202 5673 illicita
3267 5616 3449 5672 exire.
3511 5617 3782 5674 Eztendit

2078 5722 2316 5772 manum,
2359 5709 2544 5763 exerit
2609 5706 3000 5764 fortitudinem
3058 5719 3324 5775 operum,
3393 5711 3448 5760 et
3494 5703 3779 5764 rationem
