3956 6430
94 450 172 501 101
1264 442 1631 501 MORAIJUM
1670 444 1737 498 ΙΝ

1948 444 2074 501 εδιΝ
2119 446 2249 501 LIB.
2291 446 2390 503 III.

3495 455 3597 506 1οὲ

89 582 320 655 quadam
385 580 571 637 animi
662 579 911 636 novitate
988 586 1304 635 correctam
1384 579 1648 648 intrudit,
1708 586 1773 636 ut
1811 582 1856 634 A
1890 580 2111 638 imbuta
2135 589 2237 648 est,
2267 596 2369 652 per
2396 595 2455 638 se
2480 596 2595 638 non
2632 582 2891 641 reditura
2939 584 3191 655 amplius
3227 599 3327 642 cor
3356 586 3589 658 depres-

88 672 196 729 sola
252 671 480 726 interna
536 677 716 736 curet,
787 668 844 724 in
913 681 1131 735 arcam,
1206 668 1313 723 hoc
1363 676 1450 724 est
1502 670 1770 739 seipsam.

88 762 223 817 Dum
268 759 420 815 enim
485 766 731 814 mentem
820 757 995 827 pudet
1047 757 1352 827 aliquoties
1414 759 1774 829 evagationis

87 864 215 915 sure,
264 848 514 904 instituit
561 848 709 903 irata
764 845 870 903 sibi
933 847 1197 902 arctioris
1275 848 1631 917 propositum
1682 847 1772 903 vi-

86 948 169 1005 tae,
211 938 313 994 hoc
353 944 443 994 est
496 935 655 1008 quod
704 934 841 991 dicit
878 949 1014 992 eum
1062 935 1390 992 columbam
1443 936 1773 1007 apprehen-

87 1028 242 1084 disse.

147 1116 307 1173 Vens.
364 1116 449 1170 10.
510 1118 596 1170 11.
646 1145 714 1155 -
757 1115 1104 1184 Exspectatis
1158 1119 1338 1169 autem
1375 1116 1526 1169 ultra
1574 1119 1776 1185 septem

85 1206 203 1259 aliis
225 1203 432 1272 diebus,
460 1218 678 1258 rursum
710 1203 921 1257 dimisit
957 1202 1256 1257 columbam
1284 1218 1353 1257 ex
1376 1218 1526 1258 arca.
1562 1205 1640 1258 At
1678 1204 1775 1258 illa

84 1296 219 1347 venit
244 1292 317 1346 ad
349 1308 472 1347 eum
499 1292 575 1347 ad
616 1307 912 1361 vesperam,
959 1297 1187 1362 portans
1237 1307 1453 1346 ramum
1498 1293 1654 1347 olivae
1683 1295 1775 1346 υἱ-

84 1382 312 1437 rentibus
373 1382 527 1449 foliis
558 1382 618 1436 in
655 1396 746 1435 ore
782 1396 898 1437 suo.
962 1382 1239 1437 Intellexit
1282 1395 1414 1450 ergo
1453 1383 1581 1449 Noe,
1631 1380 1776 1450 quod

85 1474 362 1525 cessassent
410 1484 569 1538 aqua:
606 1484 771 1539 super
817 1474 1040 1524 terram.
1087 1469 1280 1525 Pudor
1329 1469 1626 1525 humanus
1657 1483 1773 1525 non

88 1568 163 1615 est
185 1558 490 1616 exstinctio
509 1557 788 1626 criminis,
819 1558 917 1615 sed
948 1558 1164 1614 dilatio.
1206 1557 1324 1614 Etsi
1355 1559 1511 1614 enim
1544 1558 1776 1614 animo-

86 1647 211 1703 sitas
262 1647 335 1703 ad
383 1646 591 1704 horam
656 1646 886 1703 videtur
952 1646 1236 1713 contrahi,
1288 1645 1527 1702 intentio
1582 1653 1773 1703 tamen

87 1736 460 1806 prxstolatur,
514 1735 628 1791 imo
692 1736 848 1792 ultra
905 1750 964 1791 se
1012 1734 1273 1805 providet
1318 1735 1775 1805 opportunitates

88 1825 362 1894 peccandi.
415 1825 628 1895 Septem
664 1824 852 1879 diebus
886 1838 1137 1895 praesens
1180 1823 1458 1880 sxeulum
1504 1822 1771 1892 deﬂuxit,

85 1914 284 1984 quibus
317 1913 637 1985 intelligere
677 1927 985 1983 possumus
1024 1912 1252 1969 ﬂuxum
1283 1912 1521 1978 mentis;
1554 1920 1770 1982 septem

84 2002 190 2056 dies
228 2009 681 2071 exspectantur;
738 2000 981 2056 defectui
1033 2000 1263 2069 scilicet,
1316 2008 1372 2057 et
1437 2000 1534 2055 alii
1592 2014 1771 2070 quam

85 2089 155 2144 illi
201 2091 611 2161 quadraginta,
661 2090 877 2161 quibus
944 2104 1129 2145 mores
1175 2089 1455 2161 legaliter,
1519 2096 1575 2145 et
1612 2088 1771 2145 Novo

82 2186 128 2232 et
173 2178 357 2235 Veteri
398 2178 793 2246 instruuntur,
829 2179 969 2249 quia
1009 2178 1350 2234 remissioris
1386 2178 1769 2245 conscientix,

82 2280 199 2321 cum
244 2267 525 2323 memoria
575 2267 895 2323 caelestium
944 2266 1209 2336 intepuit,
1266 2275 1522 2337 tempora
1570 2267 1769 2337 provi-

82 2355 292 2419 dentur,
334 2365 400 2413 ut
459 2357 530 2412 ad
588 2357 872 2426 patranda
928 2355 1149 2426 ﬂagitia
1203 2356 1400 2412 nullus
1450 2356 1548 2411 Dei
1599 2356 1771 2412 timor

83 2444 408 2513 refragetur.
457 2444 738 2501 Columba
773 2446 985 2514 itaque,
1019 2444 1075 2499 id
1101 2452 1185 2500 est
1211 2444 1373 2509 ratio,
1408 2458 1541 2515 quae
1572 2459 1771 2501 revera

82 2533 187 2588 sine
216 2533 339 2589 felle
390 2534 667 2604 nequitiae
714 2542 816 2600 est,
861 2533 910 2588 si
966 2533 1114 2589 ratio
1142 2540 1247 2598 est,
1295 2533 1369 2588 ab
1412 2546 1547 2589 arca
1595 2534 1768 2590 emit-

82 2621 221 2686 titur.
246 2637 378 2679 cum
426 2622 903 2679 irrationabiliter
932 2621 989 2676 in
1022 2620 1291 2678 allectum
1337 2621 1524 2678 cordis
1564 2621 1770 2678 transi-

82 2717 181 2765 tur.
210 2711 400 2767 Prima
428 2711 658 2768 emissio
687 2710 984 2767 delectatio
1009 2718 1113 2777 est,
1146 2711 1402 2766 secunda
1431 2725 1764 2778 consensus,

81 2800 228 2854 tertia
270 2800 491 2869 peccati
536 2798 792 2855 effectus.
847 2798 1119 2866 Quandiu
1161 2798 1317 2853 enim
1372 2812 1531 2854 mens
1573 2798 1630 2852 in
1667 2813 1768 2853 co-

80 2886 333 2956 gitatione
392 2888 660 2956 ﬂuctuat,
732 2901 940 2958 pravos
1020 2902 1157 2943 suos
1219 2893 1432 2954 motus,
1493 2892 1595 2942 aut
1664 2885 1765 2942 Dei

77 2984 237 3043 metu,
276 2985 380 3033 aut
429 2978 690 3033 humano
739 2976 958 3047 pudore
1000 2976 1255 3046 quadam
1297 2976 1539 3032 rationis
1586 2976 1763 3031 redu-

77 3066 243 3121 ctione
322 3066 679 3134 reverberat,
758 3066 940 3122 donec
1015 3064 1499 3136 imaginationum
1577 3064 1765 3121 illecta

79 3152 352 3252 blanditiis
401 3155 589 3211 cedat.
623 3155 787 3212 Redit
830 3168 996 3252 ergo,
1022 3169 1137 3211 non
1170 3158 1235 3210 ut
1258 3162 1450 3211 errata
1488 3153 1760 3252 corrigat,
1803 3197 1841 3252 α

78 3243 161 3297 sed
188 3244 260 3298 ad
306 3260 614 3314 vesperam,
647 3252 711 3301 ut
767 3244 865 3300 Dei
912 3243 1120 3311 calore,
1172 3257 1238 3299 ac
1271 3244 1397 3299 luce
1431 3250 1631 3313 sponte
1661 3242 1765 3298 de-

76 3330 231 3399 ﬁciat,
261 3340 315 3389 et
344 3349 566 3388 ramum
609 3334 763 3388 olivae
798 3335 857 3387 in
885 3349 976 3387 ore
1019 3347 1116 3388 suo
1164 3332 1393 3399 referat,
1424 3331 1480 3388 id
1507 3338 1591 3388 est
1631 3346 1760 3387 sen-

77 3421 294 3478 tentiam
332 3422 550 3478 divinae
596 3421 1001 3478 misericordiae
1031 3421 1395 3492 cogitationis
1436 3419 1763 3493 superﬁcie,

76 3506 169 3562 hoc
237 3517 321 3566 est
402 3524 527 3579 ore,
612 3524 729 3567 non
815 3509 1150 3566 intentionis
1225 3517 1362 3566 voto
1446 3509 1761 3580 promittat,

74 3597 211 3665 quod
244 3598 658 3668 paenitentibus
689 3600 998 3671 plusquam
1018 3597 1337 3669 nonaginta
1360 3612 1566 3654 novem
1591 3598 1767 3668 justis

78 3684 213 3742 Deus
239 3688 567 3761 aggaudeat
588 3689 738 3760 (Luc.
766 3702 862 3756 xv,
897 3689 974 3758 7).
1017 3687 1199 3758 Cujus
1220 3687 1367 3743 rami
1398 3686 1584 3743 virent
1609 3686 1763 3753 folia,

76 3778 202 3846 quia
241 3779 430 3835 cordis
462 3779 791 3850 aspectibus
823 3778 945 3834 haec
980 3777 1161 3833 verba
1205 3777 1479 3834 videntur
1513 3789 1767 3847 superna

78 3865 404 3936 pinguedine
470 3867 687 3935 vivida,
744 3867 845 3923 ubi
921 3866 1097 3937 lapsis
1168 3867 1216 3922 si
1284 3867 1517 3923 redeant
1581 3866 1768 3937 major

77 3967 236 4023 quam
294 3957 472 4028 justis
538 3956 896 4028 promittitur
960 3956 1185 4025 gratia;
1249 3964 1306 4012 et
1360 3955 1517 4026 quod
1584 3968 1767 4026 quos-

80 4041 197 4100 dam
259 4046 557 4116 permittat
622 4046 775 4102 Deus
849 4044 1073 4112 cadere,
1142 4052 1208 4101 ut
1290 4043 1596 4116 gloriosius
1665 4048 1765 4099 48

78 4135 317 4204 exemplo
361 4135 687 4193 multorum
736 4133 906 4190 faciat
944 4147 1283 4204 resurgere;
1326 4133 1473 4189 redit
1525 4132 1705 4205 igitur
1733 4144 1768 4187 a

78 4219 403 4290 dispersione
444 4237 576 4293 sua,
626 4231 689 4280 ut
719 4224 840 4279 haec
885 4224 1079 4279 animo
1119 4237 1251 4279 cum
1302 4222 1475 4279 fuerit
1504 4222 1766 4278 consulta

82 4312 430 4382 respondeat;
461 4321 521 4370 et
563 4312 674 4370 sub
726 4326 824 4382 spe
867 4312 1048 4369 veniae
1096 4311 1169 4368 ad
1211 4310 1431 4383 ﬂagitia
1473 4310 1762 4379 inﬂectat;

83 4396 323 4472 intelligit
345 4415 488 4473 ergo
517 4401 694 4457 miser
724 4400 959 4456 animus
983 4399 1309 4470 spirituales
1353 4398 1409 4455 in
1458 4413 1518 4455 se
1547 4399 1764 4455 aruisse

1882 670 1953 726 sit
1982 670 2340 727 immersam.
2556 690 2561 695 ’
3100 720 3104 725 .

1953 760 2121 817 Vens.
2159 763 2245 827 l3,
2300 762 2383 816 14.
2436 790 2507 802 -
2548 762 2735 828 Igitur
2783 764 3164 817 sexcentesimo
3214 766 3392 833 primo
3442 781 3585 820 anno

1881 850 1941 903 in
1980 850 2160 918 primo
2211 864 2409 916 mense,
2476 852 2661 921 prima
2708 850 2799 904 die
2862 853 3061 906 mensis
3103 854 3406 909 imminuta:
3461 861 3590 910 sunt

1881 952 2040 1006 aqua:
2094 953 2258 1007 super
2309 943 2531 994 terram.
2583 940 2692 995 Per
2755 953 3000 1007 annum,
3070 941 3174 1010 qui
3238 941 3590 1000 universitas

1883 1022 2150 1093 quxdam
2199 1023 2473 1094 temporis
2516 1027 2621 1091 est,
2676 1023 3002 1080 communis
3051 1024 3419 1083 saecularium
3460 1042 3590 1084 con-

1881 1111 2131 1167 versatio
2178 1111 2556 1183 intelligitur;
2629 1126 2731 1182 per
2786 1126 3040 1169 mensem
3099 1121 3303 1183 status,
3358 1123 3415 1171 et
3482 1118 3586 1172 ha-

1884 1199 2039 1255 bitus
2085 1200 2246 1256 vita»
2282 1202 2568 1273 cujusque
2638 1201 2891 1257 hominis
2952 1202 3325 1272 exprimitur.
3398 1204 3591 1261 Prima

1883 1288 2004 1344 dies
2026 1288 2139 1357 illa,
2176 1304 2309 1360 quae
2339 1290 2699 1360 potissimum
2732 1290 2790 1345 in
2822 1289 3043 1346 mundo
3084 1298 3291 1362 regnat
3323 1292 3588 1365 intentio,

1881 1374 2150 1447 voluptas
2205 1378 2417 1434 scilicet
2476 1380 2731 1449 corporis
2798 1378 3100 1449 accipitur.
3160 1378 3305 1435 Cum
3357 1394 3496 1451 ergo
3553 1396 3587 1436 a

1883 1465 2312 1533 sexcentesimo,
2355 1481 2390 1522 a
2439 1466 2669 1536 perfecti
2725 1467 2987 1523 videlicet
3037 1467 3226 1537 operis
3271 1469 3584 1539 proposito,

1884 1554 1943 1609 in
1972 1563 2270 1624 peccatum
2300 1554 2434 1625 quis
2476 1554 2710 1621 labitur,
2760 1556 3011 1625 primum
3062 1556 3349 1627 demigrat
3393 1559 3451 1613 in
3482 1572 3583 1615 an-

1882 1657 2047 1710 num,
2082 1642 2138 1698 id
2167 1649 2251 1699 est
2279 1643 2351 1698 ad
2388 1643 2644 1713 pristinae
2688 1643 3142 1699 conversationis
3183 1659 3252 1700 ac
3282 1646 3586 1703 cohabita-

1882 1730 2054 1787 tionis
2071 1731 2267 1799 ritum,
2304 1745 2477 1802 quem
2500 1730 2772 1802 primitus
2796 1730 3018 1798 habuit,
3041 1745 3159 1801 quo
3177 1731 3328 1789 licite
3352 1748 3586 1803 peccare

1883 1819 2065 1886 licuit,
2131 1828 2536 1892 postremoque
2595 1820 2847 1891 primum
2906 1819 3115 1875 decidit
3176 1819 3233 1875 in
3308 1835 3582 1891 mensem,

1812 1892 2129 1978 Bpriorem
2193 1910 2427 1977 scilicet,
2481 1909 2636 1965 unde
2706 1907 3001 1979 quondam
3049 1906 3291 1976 exierat,
3352 1910 3586 1968 vivendi

1882 1998 2148 2054 habitum
2183 2006 2239 2054 et
2283 2012 2522 2063 morem,
2567 1996 2967 2068 contingitque
3010 1995 3180 2061 diem,
3220 2004 3283 2053 ut
3326 1997 3587 2057 intendat

1881 2087 2094 2154 carnis,
2127 2100 2240 2142 non
2274 2086 2372 2142 Dei
2421 2085 2604 2142 facere
2653 2086 3033 2152 voluntatem,
3065 2092 3119 2140 et
3155 2084 3587 2145 imminuantur

1879 2191 2036 2245 aqua:
2092 2191 2256 2245 super
2302 2180 2525 2243 terram,
2580 2175 2721 2247 quia
2774 2188 2891 2245 quo
2961 2173 3213 2243 amplius
3270 2174 3585 2233 insolentiae

1879 2263 2072 2319 carnis
2094 2271 2456 2328 excrescunt,
2504 2271 2663 2319 tanto
2712 2265 2907 2319 minus
2945 2261 3214 2317 animalis
3238 2262 3359 2333 jam
3401 2265 3584 2323 factus

1882 2352 2050 2409 homo
2097 2353 2248 2424 capit
2277 2367 2364 2422 ea,
2415 2366 2549 2424 quze
2576 2353 2677 2408 Dei
2718 2359 2894 2421 sunt;
2944 2364 3062 2406 non
3108 2357 3302 2407 tamen
3348 2356 3585 2413 omnino

1879 2458 2054 2511 aqux,
2103 2443 2209 2498 etsi
2258 2442 2710 2509 imminuuntur,
2778 2444 3048 2511 cessant,‘
3083 2446 3224 2519 quia
3266 2445 3583 2501 socordiam

1878 2530 2083 2601 iniqua
2108 2531 2359 2603 gerentis
2387 2546 2487 2601 per
2529 2531 2768 2602 spiritus
2816 2533 3095 2604 impetum
3141 2534 3444 2606 aliquoties
3493 2535 3585 2589 in-

1878 2626 2134 2689 crepant.
2194 2623 2264 2675 Et
2292 2622 2543 2689 aperient
2584 2622 2696 2677 Noe
2726 2626 2920 2678 tectum
2959 2641 3100 2680 arcae
3142 2625 3377 2693 aspexit,
3406 2622 3584 2677 cidit-

1878 2725 1981 2778 que
2016 2709 2163 2779 quod
2207 2712 2485 2765 exsiccata
2542 2716 2622 2765 est
2668 2714 2981 2781 superﬁcies
3034 2718 3213 2768 terrae.
3262 2714 3442 2768 Mense
3495 2725 3585 2765 se-

1877 2798 2073 2865 cundo,
2130 2801 2365 2869 septima
2414 2803 2467 2853 et
2513 2801 2770 2855 vicesima
2819 2801 2907 2856 die
2960 2803 3161 2857 mensis
3217 2802 3467 2867 arefacta
3502 2803 3583 2854 est

1880 2900 2047 2943 terra.
2099 2890 2211 2944 Noe
2273 2893 2470 2943 tectum
2531 2904 2673 2944 arex
2727 2891 2929 2961 aperit,
2989 2905 3123 2947 cum
3189 2889 3435 2961 quilibet
3483 2902 3588 2959 per

1874 2978 2112 3034 evidens
2164 2978 2644 3048 pravitatisopus
2695 2980 2839 3050 quid
2889 2980 3165 3051 nequitiae
3211 2980 3371 3035 intus
3424 2986 3587 3049 gerat

1873 3066 2157 3134 ostendit;
2188 3067 2408 3137 aspicit,
2443 3068 2717 3138 videtque
2757 3069 2914 3140 quod
2942 3069 3231 3126 exsiccata
3274 3070 3348 3124 sit
3393 3083 3584 3137 super-

1870 3158 2020 3225 ﬁcies
2062 3161 2238 3223 terrae,
2285 3155 2427 3211 dum
2457 3154 2774 3213 videndum
2814 3159 3312 3235 spectandumque
3366 3156 3583 3226 praebet

1874 3250 2069 3314 aperte
2127 3242 2285 3314 quod
2342 3243 2423 3299 nil
2482 3243 2694 3301 divinae
2760 3245 3084 3302 dulcedinis
3145 3245 3419 3302 resederit
3467 3258 3581 3300 non

1874 3332 2042 3388 modo
2082 3331 2142 3387 in
2189 3330 2526 3401 intentione,
2573 3333 2668 3389 sed
2729 3334 2786 3390 in
2847 3336 2991 3405 ipsa,
3042 3347 3174 3405 quae
3216 3331 3457 3389 rationis
3498 3340 3583 3386 est

1875 3420 2207 3491 superficies
2254 3421 2614 3493 cogitatione.
2665 3421 2720 3477 Si
2769 3436 2906 3479 vero
2950 3422 3165 3479 mensis
3214 3428 3299 3478 est
3336 3421 3578 3490 primus,

1875 3508 2085 3581 prioris
2111 3517 2322 3566 nostrae
2353 3509 2409 3566 in
2454 3510 2665 3567 saeculo
2694 3510 2827 3568 vitae
2873 3511 3100 3580 modus,
3135 3509 3350 3567 mensis
3376 3524 3580 3566 secun-

1873 3598 1986 3655 dus
2034 3598 2338 3666 habeatur,
2381 3607 2689 3671 postquam
2741 3614 2845 3671 per
2885 3600 3231 3671 apostasiam
3281 3599 3351 3655 ad
3400 3598 3458 3654 id
3493 3612 3582 3654 re-

1875 3686 2055 3758 gressi
2078 3687 2381 3755 fuerimus,
2431 3688 2619 3745 cordis
2670 3688 3103 3759 impmnitentia,
3139 3696 3196 3745 et
3238 3687 3581 3754 obduratio;

1875 3775 2119 3845 septima
2146 3775 2433 3832 referatur
2460 3777 2532 3833 ad
2564 3777 2850 3848 gratiam;
2895 3777 3163 3834 vicesima
3208 3777 3280 3833 ad
3311 3775 3583 3847 hypocri-

1873 3862 1953 3918 sis
1980 3862 2373 3933 duplicitatem
2406 3879 2423 3933 ;
2455 3864 2577 3920 dies
2617 3879 2854 3936 quoque
2898 3865 2972 3921 ad
3018 3865 3388 3922 industriam.
3437 3864 3583 3921 Nam

1873 3966 2007 4009 cum
2037 3952 2440 4009 obstinationis
2471 3953 2879 4010 hebetudinem
2931 3954 3328 4023 inciderimus,
3360 3961 3416 4011 et
3447 3967 3581 4009 cum

1875 4041 1990 4097 Deo
2047 4041 2283 4097 inimica
2342 4056 2446 4098 nos
2516 4056 2686 4114 agere
2740 4043 3095 4111 noverimus,
3168 4058 3242 4099 ex
3298 4043 3584 4100 industria

1875 4139 2067 4187 tamen
2117 4132 2437 4188 secundum
2491 4132 2618 4203 ejus
2645 4146 2750 4189 nos
2793 4133 3037 4204 gratiam
3087 4132 3281 4188 vivere
3328 4131 3438 4188 sub
3473 4132 3584 4200 hy-

1875 4220 2112 4291 pocrisis
2140 4219 2537 4292 integumento
2567 4220 3056 4289 simulaverimus,
3091 4229 3233 4279 tunc
3270 4220 3579 4292 reprobum

1875 4322 2111 4365 sensum
2150 4322 2255 4364 nos
2306 4308 2617 4365 incurrisse
2663 4309 2955 4381 sciamus;
2986 4319 3042 4367 et
3087 4311 3228 4367 dum
3275 4310 3585 4381 spurcitias

1875 4398 1967 4468 pio
2008 4396 2213 4453 habitu
2250 4397 2661 4466 subornamus,
2707 4398 2870 4455 nullo
2927 4400 3108 4456 nostri
3171 4399 3243 4455 ad
3292 4397 3582 4470 paeniten-

81 4498 262 4556 aquas,
282 4495 336 4546 et
362 4496 559 4547 tamen
606 4488 863 4557 consilio,
912 4488 1067 4559 quod
1098 4488 1318 4545 malum
1358 4501 1475 4544 non
1513 4487 1760 4555 dubitat,
1804 4500 1848 4555 ι)
1878 4486 2015 4542 tiam
2048 4485 2268 4556 pudore
2321 4486 2636 4557 provocati,
2698 4502 2804 4544 nec
2858 4487 3120 4555 inferius,
3172 4502 3277 4544 nec
3313 4487 3584 4558 superius

83 4586 232 4632 aures
261 4577 543 4648 impendit
570 4576 828 4634 infectas.

142 4663 293 4721 Vens.
330 4670 413 4722 l2.
455 4695 535 4709 —
579 4669 932 4736 Exspectavit
973 4666 1330 4721 nihilominus
1379 4670 1580 4736 septem
1627 4666 1764 4719 alios

85 4751 199 4815 dies,
228 4760 277 4809 et
317 4757 501 4810 emisit
532 4755 852 4823 columbam,
904 4771 1024 4824 quae
1060 4770 1168 4809 non
1218 4758 1298 4810 est
1349 4755 1503 4808 ultra
1545 4768 1764 4809 reversa

86 4839 148 4894 ad
194 4857 322 4898 eum.
389 4843 527 4900 Dies
601 4850 815 4913 septem
865 4842 1190 4913 superiores
1260 4842 1332 4897 ad
1387 4841 1766 4898 defectionem

87 4932 264 4986 mentis
283 4932 612 4989 retulimus.
662 4932 775 4988 Nec
821 4931 1143 4988 absurdum
1191 4945 1400 4988 rursus
1443 4938 1548 4999 est,
1581 4930 1627 4987 si
1662 4944 1763 5001 per

90 5014 174 5073 hos
210 5026 402 5091 septem
450 5027 683 5091 tempus
716 5020 926 5090 ipsum,
969 5020 1024 5076 id
1057 5028 1141 5076 est
1173 5020 1449 5090 temporis
1481 5028 1764 5090 opportu-

89 5106 314 5177 nitatem,
363 5124 483 5180 qno
527 5115 868 5178 conceptum
919 5107 1146 5165 facinus
1187 5108 1508 5179 peragitur,
1548 5108 1763 5165 intelli-

90 5206 281 5261 gamus.
314 5198 383 5255 Et
414 5199 527 5255 hoc
573 5197 770 5269 igitur,
816 5205 872 5253 et
919 5197 1064 5255 illud
1116 5197 1233 5254 Noe
1261 5204 1573 5267 exspectat,
1623 5196 1762 5253 dum

90 5292 170 5338 aut
194 5286 434 5344 deﬂuere
478 5301 540 5344 se
583 5286 902 5342 introrsum
944 5285 1095 5342 male
1139 5286 1361 5357 patiens
1393 5286 1613 5353 tolerat,
1660 5299 1765 5341 nec

89 5370 239 5429 obniti
285 5383 481 5443 tentat,
534 5381 641 5431 aut
687 5374 1051 5430 commodum
1104 5381 1331 5443 tempus
1376 5373 1447 5429 ad
1510 5387 1579 5430 ea
1630 5387 1762 5444 quae

92 5465 343 5534 concupiit
371 5462 749 5535 exsequenda
791 5463 1133 5519 considerat.
1177 5461 1283 5519 Sed
1333 5460 1601 5518 columba
1631 5475 1765 5516 eor-

25 5606 33 5617 ,
90 5559 205 5605 vum
232 5561 418 5610 secuta
450 5567 569 5610 non
603 5551 774 5617 redit,
812 5551 952 5621 quia
979 5550 1183 5608 ducem
1232 5558 1571 5621 praepostere
1615 5550 1763 5605 ratio

92 5636 335 5699 adhibens
377 5643 487 5699 sibi
544 5639 845 5707 allectum,
912 5646 1218 5710 postquam
1258 5637 1319 5694 in
1370 5638 1599 5694 sceleris
1645 5638 1765 5695 ruit

92 5724 341 5798 effectum,
389 5732 462 5789 ad
507 5731 611 5787 illa
649 5728 772 5800 jam
802 5728 1070 5796 amanda,
1115 5726 1332 5799 quibus
1377 5726 1551 5784 semel
1579 5726 1763 5784 libens

1872 4574 2165 4646 irriguum
2216 4576 2340 4646 jam
2396 4575 2715 4645 habemus;
2779 4579 3030 4644 arefacta
3094 4584 3174 4633 est
3222 4577 3379 4633 enim
3436 4582 3584 4631 terra

1872 4665 2143 4735 penitus;
2180 4665 2277 4721 sed
2320 4663 2365 4720 si
2415 4665 2660 4722 miretur
2686 4667 2819 4737 quis
2866 4680 2971 4722 nos
3001 4666 3171 4734 diem,
3220 4679 3497 4733 mensem,
3527 4672 3583 4722 et

1871 4766 2092 4810 annum
2123 4753 2234 4810 sub
2268 4754 2401 4810 mali
2453 4761 2589 4825 typo
2637 4755 2915 4825 posuisse,
2967 4762 3242 4827 agnoscat
3289 4755 3438 4810 diem
3481 4768 3582 4824 pro

1872 4842 2049 4898 noxia
2079 4842 2136 4898 in
2188 4841 2502 4913 Scripturis
2546 4845 2755 4914 sxpius
2799 4850 2905 4900 aut
2931 4843 3189 4911 scientia,
3220 4843 3311 4900 vel
3342 4858 3581 4915 prospe-

1871 4930 2042 4987 ritate
2081 4932 2238 5001 poni,
2272 4939 2328 4987 et
2374 4931 2420 4987 si
2468 4930 2587 4987 dies
2627 4932 2879 5002 ponitur,
2930 4931 3184 4988 collectio
3233 4932 3459 5000 talium,
3491 4932 3579 4989 vel

1871 5020 2045 5076 etiam
2072 5034 2301 5076 summa
2350 5020 2601 5089 dierum,
2656 5021 2809 5091 quod
2845 5029 2931 5077 est
2987 5021 3219 5089 mensis,
3264 5029 3320 5079 et
3366 5035 3577 5089 annus,

1870 5122 2053 5178 quare
2117 5123 2233 5165 non
2294 5109 2485 5165 itidem
2535 5109 2820 5180 ponitur?
2876 5110 3259 5182 Suppeterent
3344 5110 3413 5167 de
3490 5111 3580 5168 his

1870 5197 2136 5267 exempla
2163 5212 2340 5268 quam
2378 5197 2649 5268 plurima.

1944 5286 2112 5342 Vens.
2162 5289 2243 5352 15,
2299 5288 2384 5353 16,
2439 5290 2523 5349 17.
2588 5288 2673 5352 18,
2731 5290 2816 5344 19.
2868 5318 2936 5328 -
2984 5291 3215 5345 Locutus
3270 5295 3349 5344 est
3399 5295 3577 5345 autem

1873 5373 2019 5429 Deus
2073 5374 2150 5429 ad
2188 5377 2298 5431 Noe
2338 5375 2551 5431 dicens:
2597 5378 2870 5443 Egredere
2907 5378 2974 5433 de
3019 5394 3171 5444 arca,
3220 5384 3281 5433 tu
3327 5384 3380 5434 ct
3436 5396 3578 5435 uxor

1872 5468 1988 5527 tua,
2018 5464 2128 5532 filii
2167 5465 2268 5528 tui,
2300 5469 2352 5518 et
2392 5480 2589 5520 uxores
2619 5464 2863 5535 ﬁliorum
2895 5471 3108 5521 tuorum
3146 5472 3335 5522 tecum.
3371 5469 3578 5524 Cuncta

1871 5553 2181 5605 animantia
2218 5567 2339 5621 quae
2378 5557 2508 5606 sunt
2537 5553 2690 5622 apud
2718 5559 2767 5609 te
2824 5570 2893 5608 ex
2943 5557 3091 5609 omni
3142 5570 3324 5622 carne,
3379 5562 3491 5610 tam
3518 5558 3577 5609 in

1870 5640 2184 5694 volatilibus
2215 5655 2381 5710 quam
2410 5642 2470 5694 in
2518 5642 2724 5710 bestiis,
2758 5648 2810 5697 et
2844 5645 3115 5698 universis
3144 5644 3434 5712 reptilibus
3460 5659 3579 5713 qua

1870 5732 2092 5797 reptant
2118 5743 2283 5800 super
2304 5734 2528 5796 terram,
2550 5731 2683 5786 educ
2712 5737 2904 5800 tecum,
2928 5735 2981 5788 et
3008 5731 3370 5799 ingredimini
3412 5746 3576 5800 super
