3956 6444
377 445 474 501 103
1274 442 1336 496 ν.
1377 439 1705 497 GUIBERTI
1747 440 2037 496 ABBATIS
2077 441 2132 498 S.
2178 439 2418 496 MARl/ﬁ
2455 439 2549 496 DE
2587 440 2974 497 NOVIGENTO
3791 445 3881 499 fOi

377 584 620 633 terram:
684 579 923 643 crescite,
982 579 1033 629 et
1075 574 1522 643 multiplicamini
1573 586 1736 640 super
1780 586 1916 625 eam.
1961 571 2068 640 Qui
2105 573 2145 626 Α
2178 570 2538 640 cogitationis
2585 570 2940 641 pervenitur,
2974 564 3042 627 et
3089 571 3161 628 ad
3208 571 3621 630 exhibitionem
3668 573 3878 644 operis,

375 666 553 721 educit
584 667 791 719 cinctos
829 665 887 718 in
935 662 1282 731 fortitudine,
1321 676 1513 730 eosque
1566 662 1664 728 qui
1716 663 2066 728 exasperant,

376 757 474 824 qui
502 755 756 808 habitant
794 756 851 806 in
897 753 1159 820 sepulcris
1209 751 1381 820 (Psal.
1431 763 1562 814 Lvu,
1596 749 1670 817 7).
1716 761 2069 818 quocunque

374 841 543 898 modo
593 854 895 912 peccemus
967 839 1072 910 piis
1121 852 1345 902 semper
1402 836 1662 892 exundat
1727 835 2066 900 visceribus,

374 929 598 1000 lapsum
629 930 807 1000 igitur
829 928 1311 998 desperatumque
1338 925 1457 996 jam
1480 925 1706 980 interna
1727 924 2070 980 allocutione

373 1033 472 1074 cor
497 1019 709 1084 visitat,
739 1025 796 1073 et
836 1025 899 1073 ut
943 1017 1015 1072 ad
1047 1030 1106 1071 se
1142 1016 1336 1071 redeat
1383 1014 1580 1069 incitat
1622 1027 1690 1068 ac
1719 1013 1765 1068 si
1796 1013 1848 1067 ei
1877 1011 2064 1068 dicat:

373 1103 480 1171 Qui
512 1105 568 1159 in
615 1103 826 1173 peccati
879 1101 1034 1173 apud
1089 1109 1141 1158 te
1193 1101 1333 1156 lates
1374 1097 1746 1166 conscientia,
1799 1097 2069 1167 egredi-rc

373 1191 724 1248 confessione
749 1191 896 1246 facta
946 1191 1216 1260 viamque
1262 1196 1419 1244 tuam
1468 1186 1608 1242 mihi
1661 1185 1887 1252 revela;
1938 1202 2070 1255 qua:

371 1280 525 1336 enim
581 1289 934 1350 arguuntur.
995 1277 1436 1334 manifestantur
1479 1275 1553 1331 ab
1598 1275 1706 1340 his,
1761 1273 1862 1345 qui
1923 1273 2070 1328 fiunt

373 1367 595 1424 lumina
624 1369 841 1438 (Ephes.
875 1381 930 1434 v,
962 1368 1070 1435 l3).
1121 1367 1220 1431 Tu,
1254 1363 1464 1434 inquit,
1505 1368 1556 1416 et
1605 1379 1748 1417 umor
1789 1367 1908 1431 tua,
1951 1375 2066 1416 non

372 1456 468 1512 illa
497 1471 628 1527 quae
657 1469 850 1511 arcam
888 1454 1239 1510 intrantibus
1267 1454 1426 1508 adest
1470 1450 1739 1507 voluntas
1769 1451 1937 1517 bona,
1969 1450 2065 1505 sed
2095 1443 2114 1449 ’

369 1543 856 1613 concupiscentia,
910 1557 1042 1613 quae
1083 1555 1158 1597 ex
1203 1542 1454 1610 ingestu,
1497 1539 1804 1595 fecundata
1855 1538 2066 1594 diaboli

371 1631 587 1702 peperit
619 1631 719 1688 tibi
761 1638 1014 1702 peccata.
1077 1633 1180 1692 Tu,
1233 1628 1444 1699 inquit,
1488 1633 1538 1682 et
1567 1643 1709 1682 umor
1751 1632 1865 1695 tua,
1899 1626 1952 1682 id
1984 1635 2068 1682 est

369 1719 440 1775 de
462 1733 629 1775 scena
680 1718 956 1775 vitiorum
1001 1718 1250 1788 teipsum
1289 1716 1474 1787 primo
1525 1716 1778 1784 elimina,
1833 1716 2061 1772 demum

370 1806 441 1862 de
500 1821 588 1872 ea,
643 1807 739 1862 cui
819 1805 1162 1876 suhjacuisti
1234 1805 1504 1861 confitere
1585 1803 2061 1874 concupiscentia.

370 1895 535 1951 Multi
566 1909 820 1966 namque
845 1908 950 1950 sua
983 1894 1144 1949 facile
1174 1895 1428 1949 fatentur
1458 1893 1628 1959 mala,
1675 1893 1770 1948 sed
1803 1892 1909 1963 ipsi
1950 1907 2061 1946 non

369 1991 586 2040 exeunt
617 1997 652 2038 a
679 1982 1098 2039 consuetudine
1146 1995 1346 2052 prava.
1381 1980 1472 2038 Sic
1504 1981 1664 2048 filios,
1701 1981 1754 2037 id
1784 1989 1866 2036 est
1890 1993 2064 2051 opera

370 2086 622 2143 nequam
650 2072 846 2142 prode,
877 2077 941 2127 ut
984 2070 1067 2126 nil
1101 2070 1158 2126 in
1203 2077 1267 2134 te.
1302 2069 1550 2124 residere
1589 2069 1824 2138 patiaris
1853 2068 1922 2124 de
1957 2069 2062 2124 ite-

369 2161 686 2217 randorum
765 2159 1101 2216 eorumdem
1171 2171 1413 2228 operum
1497 2156 1888 2212 delectatione.
1962 2158 2062 2222 Tu,

372 2248 581 2319 inquit,
637 2255 686 2304 et
715 2264 872 2312 umor,
911 2249 1037 2317 ﬁlii,
1087 2260 1155 2303 ac
1183 2260 1426 2312 umores;
1475 2245 1761 2301 accedenti
1807 2243 1958 2301 enim
1991 2243 2060 2299 ad

370 2336 740 2394 confessionis
823 2349 1120 2398 auroram,
1181 2334 1392 2390 veteris
1468 2332 1945 2404 concupiscentiae
2004 2347 2062 2387 se

369 2425 637 2481 nubilum
682 2424 914 2495 ingerit,
958 2432 1013 2480 et
1050 2423 1233 2493 operis
1279 2421 1566 2493 cujusque
1609 2422 1765 2476 noxii
1813 2434 2062 2477 consue-

369 2515 532 2582 tudo,
595 2528 662 2568 ac
719 2514 762 2568 si
823 2513 1090 2584 quaedam
1141 2512 1472 2582 importuna
1523 2510 1740 2582 jugalis
1796 2509 2061 2580 adjungit

369 2602 575 2656 Cuncta
641 2603 965 2667 animantia,
1040 2600 1093 2656 id
1145 2607 1230 2656 est
1297 2599 1680 2668 cupiditatum
1760 2596 2058 2663 desideria,

368 2704 500 2760 quze
539 2703 706 2759 penes
731 2697 779 2744 te
810 2689 985 2744 latent
1013 2702 1082 2744 ex
1125 2686 1379 2758 quolibet
1407 2685 1722 2742 affectionis
1743 2685 1908 2740 modo
1940 2698 2062 2754 pro-

371 2778 586 2848 genita,
613 2785 726 2833 tam
759 2777 814 2832 in
863 2775 1147 2847 superbia:
1180 2775 1473 2832 saecularis
1520 2789 1698 2844 quam
1735 2779 1836 2829 49
1875 2774 2062 2829 inanis

368 2866 663 2936 religionis
688 2865 901 2921 volatili
932 2865 1184 2936 quadam
1215 2863 1566 2929 extollentia,
1601 2871 1656 2920 et
1687 2863 1786 2919 itte
1817 2862 2062 2919 furoris-

367 2969 482 3025 que
531 2954 782 3010 bestialis
823 2953 1064 3019 szevitia,
1095 2967 1200 3008 nec
1231 2967 1343 3007 non
1371 2951 1630 3017 luxuria,
1664 2965 1796 3022 quae
1836 2966 2062 3022 prcho-

366 3050 512 3098 stere
536 3057 668 3098 cum
726 3043 958 3098 subesse
1010 3042 1213 3097 debeat
1271 3053 1444 3110 super
1487 3039 1680 3108 corda,
1714 3047 1797 3095 est
1827 3040 2059 3110 reptilis,

367 3131 518 3187 Educ
560 3137 751 3197 tecum,
806 3139 870 3186 ut
917 3129 1194 3186 confessio
1233 3143 1349 3184 non
1399 3128 1498 3184 fiat
1550 3140 1909 3198 peccatorum
1937 3128 2060 3184 sine

364 3219 710 3275 correctione
769 3226 1054 3284 nostrum,
1124 3232 1230 3272 nec
1293 3224 1553 3272 nostrum
1608 3216 1902 3283 correctio,
1949 3216 2057 3271 nisi

367 3307 719 3378 praevenitur
777 3305 1133 3362 confessione
1208 3305 1514 3360 malorum.
1572 3305 1653 3359 Et
1703 3305 2059 3372 ingredimini

363 3411 525 3465 super
555 3401 776 3462 terram,
809 3401 873 3450 tu
920 3394 1201 3461 videlicet,
1239 3401 1453 3464 tuaque
1505 3393 1696 3450 studia
1732 3393 1854 3463 jam
1895 3406 2056 3464 pror-

365 3499 464 3540 sus
513 3483 568 3539 in
619 3483 902 3554 justitiam
963 3489 1335 3538 commutata.
1393 3482 1702 3552 Postquam
1760 3495 1861 3536 vos
1909 3481 2056 3536 fieda

363 3571 642 3628 exueritis
696 3569 1064 3636 conscientia,
1131 3582 1356 3625 necesse
1400 3577 1483 3624 est
1538 3575 1604 3626 ut
1650 3569 2055 3638 ingrediamini

363 3659 434 3715 ad
469 3659 762 3727 interiora,
809 3672 940 3728 qute
989 3655 1374 3728 projeceratis,
1416 3665 1479 3714 ut
1521 3657 1799 3728 scriptum
1850 3667 1954 3724 est,
1998 3657 2054 3713 in

365 3748 482 3802 vita
530 3754 738 3814 vestra,
787 3753 850 3801 ut
900 3743 1020 3800 sola
1067 3745 1136 3800 de
1188 3745 1428 3801 internis
1483 3745 1713 3817 gaudiis
1768 3745 1838 3801 sit
1893 3745 2057 3802 vobis

363 3849 525 3904 cura,
559 3835 632 3892 ad
662 3835 768 3890 hoc
813 3834 1044 3901 scilicet,
1085 3841 1149 3889 ut
1198 3833 1678 3890 constabiliamini
1721 3834 1840 3904 jam
1881 3848 2056 3905 super

367 3933 600 3988 terram,
647 3937 750 3994 pro
794 3922 1170 3978 fundamento
1211 3922 1470 3978 habeatis
1499 3923 1799 3991 rationem,
1831 3930 1894 3979 ut
1940 3937 2052 3978 non

362 4010 846 4069 eireumferamini
907 4025 1008 4082 per
1085 4011 1340 4081 aliquam
1401 4011 1766 4068 tentationem
1830 4011 2050 4082 (Ephes.

365 4117 437 4169 tv,
470 4101 579 4171 14).
604 4101 844 4154 Crescite
866 4113 1002 4170 ergo
1039 4113 1216 4169 super
1245 4099 1393 4155 hanc.
1423 4099 1660 4155 radicati
1707 4099 1764 4154 in
1794 4107 2054 4154 eontem-

365 4188 648 4258 plationis,
699 4200 876 4256 quam
926 4186 1195 4242 amisistis
1265 4194 1595 4258 reparantes
1641 4201 1745 4242 vos
1794 4187 2053 4242 altitudi—

363 4291 516 4342 nem,
556 4281 606 4331 et
646 4275 1094 4344 multiplicamini
1121 4275 1197 4328 ad
1237 4276 1564 4345 proximum
1615 4289 1714 4346 per
1758 4274 2054 4332 charitatis

361 4363 836 4434 amplitudinem;
863 4363 1209 4420 emittuntur
1240 4363 1420 4435 igitur
1451 4363 1524 4419 ab
1553 4377 1689 4418 arca
1712 4362 2050 4431 animantia,

2177 658 2343 728 quasi
2375 659 2445 713 ad
2469 673 2754 714 summam
2785 659 3093 729 culminis;
3131 675 3244 716 non
3278 668 3469 716 autem
3516 669 3730 717 cuncta
3778 677 3880 732 pe-

2177 759 2329 812 cora,
2381 745 2478 800 sed
2527 746 2592 799 de
2637 751 2844 801 cunctis
2893 747 3023 803 tulit
3087 750 3420 818 pecoribus;
3472 763 3678 818 pecora
3737 751 3880 805 mihi

2179 835 2450 890 videntur
2491 849 2650 904 posse
2688 835 2930 905 intelligi
2977 836 3165 891 activa
3193 850 3364 906 opera
3405 845 3600 892 nostra
3646 853 3784 908 quae
3824 840 3877 892 in

2175 921 2474 978 dilectione
2507 922 2758 979 fraterna
2788 938 3142 991 exercemus,
3185 939 3316 995 quae
3361 926 3615 996 quidem,
3660 941 3780 982 non
3820 937 3884 982 ut

2175 1010 2514 1066 deberemus
2542 1019 2656 1067 tota
2706 1013 3055 1082 peragimus,
3088 1013 3184 1068 sed
3215 1021 3406 1069 tamen
3435 1014 3504 1070 de
3543 1015 3881 1070 omnimodo

2175 1112 2384 1168 genere
2427 1100 2652 1169 pietatis
2693 1102 3064 1170 assumimus,
3117 1102 3257 1172 quia
3303 1103 3652 1159 desiderium
3702 1103 3752 1158 si
3790 1103 3884 1159 fa-

2175 1185 2360 1242 cultas
2407 1196 2733 1256 suppeteret
2764 1189 2880 1256 illa,
2915 1197 2977 1245 ut
3001 1191 3166 1262 jussa
3195 1199 3330 1246 sunt
3351 1191 3644 1260 explendi,
3677 1192 3884 1248 omnia

2177 1273 2476 1330 habemus.
2518 1275 2625 1331 Per
2658 1275 2922 1332 volucres
2965 1277 3254 1348 quidquid
3310 1278 3628 1348 spiritualis
3680 1279 3885 1336 subti-

2175 1360 2350 1418 litatis
2374 1370 2458 1418 est
2489 1361 2544 1418 in
2576 1362 2945 1433 dispiciendis
2990 1365 3226 1434 divinis,
3272 1365 3661 1437 humanisque
3699 1368 3887 1424 rebus

2172 1450 2539 1520 exprimitur.
2591 1451 2663 1506 Et
2705 1451 2827 1507 haec
2867 1458 3006 1508 sunt
3041 1454 3277 1521 munda,
3311 1454 3452 1510 dum
3498 1455 3734 1524 quidem
3780 1457 3888 1512 illa

2173 1538 2296 1593 sine
2330 1538 2542 1594 favoris
2597 1539 2840 1595 humani
2889 1550 3249 1612 peraguntur
3309 1555 3455 1599 aura
3495 1560 3510 1610 ;
3557 1544 3676 1600 haec
3737 1559 3885 1601 vero

2174 1624 2557 1696 inquiruntur
2606 1627 2731 1683 sine
2785 1629 2996 1684 erroris
3070 1630 3318 1684 macula.
3373 1629 3488 1686 Nec
3545 1632 3782 1700 mirum,
3835 1633 3882 1687 si

2173 1713 2412 1780 munda,
2446 1713 2585 1784 quia
2629 1715 2983 1782 holocausta,
3014 1716 3148 1786 igne
3194 1717 3407 1774 scilicet
3447 1718 3685 1776 sincerae
3733 1734 3884 1776 ora-

2174 1801 2346 1855 tionis
2395 1815 2464 1857 ac
2509 1803 2968 1873 compunctionis
3008 1814 3292 1876 excocta;
3344 1806 3400 1861 in
3447 1807 3666 1864 fervore
3713 1810 3881 1864 enim

2173 1889 2412 1959 spiritus
2461 1889 2625 1960 plene
2667 1891 3048 1949 discernimus
3083 1907 3158 1950 an
3206 1908 3355 1965 pura
3396 1896 3529 1964 sint,
3576 1910 3650 1952 an
3693 1905 3883 1966 recta,

2172 1992 2304 2047 quae
2333 1978 2600 2047 agimus;
2633 1979 2708 2034 ibi
2749 1993 2886 2050 ergo
2915 1995 2982 2036 ea
3024 1982 3402 2051 incendimus,
3443 1984 3497 2038 id
3540 1993 3623 2040 est
3654 1985 3886 2054 proba-

2174 2066 2310 2121 bilia
2354 2067 2686 2137 reddimus;
2721 2069 2874 2123 unde
2921 2077 2976 2125 et
3022 2070 3284 2124 Dominus
3333 2072 3545 2128 dicitur
3587 2073 3884 2139 odoratus,

2171 2153 2310 2222 quia
2356 2167 2391 2210 a
2429 2154 2670 2211 Domino
2712 2156 2877 2212 nobis
2903 2166 2986 2212 est
3026 2157 3404 2227 discretionis,
3448 2173 3514 2215 ac
3562 2161 3885 2230 providen-

2174 2243 2263 2296 tize
2316 2243 2538 2312 virtus;
2587 2244 2786 2300 odores
2829 2259 3081 2316 namque
3119 2260 3256 2302 nare
3308 2248 3708 2316 discernimus,
3758 2265 3886 2305 res-

2171 2345 2285 2402 que
2329 2345 2498 2401 porru
2565 2333 2776 2402 positas
2830 2333 3045 2390 olfactu
3112 2337 3534 2406 prmsentimus,
3611 2337 3770 2394 unde
3821 2349 3884 2395 et

2169 2419 2323 2488 apud
2374 2420 2724 2489 Terentium,
2787 2422 3024 2493 quidam
3090 2424 3342 2481 olfecisse
3407 2426 3637 2494 dicitur,
3708 2429 3882 2498 quod

2169 2508 2522 2579 conjiciendo
2567 2510 2927 2579 praeviderat.
2969 2512 3056 2568 Ex
3094 2513 3332 2569 odoratu
3385 2513 3562 2585 igitur
3609 2521 3879 2586 utraque

2170 2596 2407 2665 praefata
2433 2596 2619 2653 virtus
2655 2599 2956 2669 accipitur,
3007 2601 3160 2672 quod
3203 2601 3482 2659 Dominus
3531 2603 3746 2660 dicitur
3777 2605 3874 2660 fe-

2169 2685 2330 2752 cisse,
2361 2683 2501 2755 quia
2531 2685 2678 2741 idem
2710 2686 2767 2742 in
2810 2687 2976 2743 nobis
3025 2688 3158 2744 facit
3189 2689 3326 2759 ipse,
3361 2705 3564 2760 nempe
3595 2705 3730 2746 cum
3765 2706 3880 2761 per

2168 2773 2472 2828 elationem
2526 2786 2593 2827 ac.
2643 2773 3004 2831 securitatem
3059 2777 3116 2832 in
3158 2777 3363 2833 vitium
3408 2777 3570 2862 lapsi,
3618 2779 3740 2850 jam
3794 2780 3878 2835 ad

2169 2861 2349 2916 Deum
2382 2860 2641 2922 redituri.
2674 2861 3013 2918 humilitatis
3054 2864 3110 2920 in
3143 2865 3308 2920 nobis
3334 2860 3513 2921 altare
3560 2867 3878 2937 erigimus,

2167 2957 2223 3004 et
2269 2949 2556 3020 quidquid
2610 2950 2845 3018 durum,
2897 2953 3180 3024 quidquid
3237 2954 3384 3010 male
3446 2954 3752 3011 humidum
3812 2957 3878 3012 in

2168 3038 2456 3094 mentibus
2499 3045 2584 3095 est
2631 3039 2852 3095 timoris
2903 3040 3033 3107 igne
3092 3057 3438 3110 cremamus,
3499 3043 3633 3114 quis
3676 3043 3879 3100 edicat

2096 3158 2136 3214 ο
2167 3127 2308 3198 quid
2357 3126 2734 3195 discretionis,
2792 3130 3130 3197 prudentiae,
3185 3144 3252 3185 ac
3304 3139 3516 3187 sanctae
3561 3132 3880 3189 suavitatis

2165 3229 2238 3272 ex
2295 3215 2571 3272 virtutum
2633 3216 2916 3272 suavitate
2967 3217 3118 3274 intro
3176 3219 3526 3275 haurimus?
3572 3219 3648 3275 ihi
3707 3221 3875 3277 enim

2169 3311 2438 3372 gustatur
2463 3318 2641 3375 quam
2678 3307 2878 3362 suavis
2915 3315 2997 3361 est
3030 3306 3308 3363 Dominus
3343 3307 3518 3379 (Psal.
3554 3323 3754 3374 χχχιιι,
3785 3313 3871 3377 9).

2168 3393 2345 3444 Et'ait
2391 3391 2467 3444 ad
2521 3407 2678 3446 eum:
2731 3393 3089 3463 Nequaquam
3135 3397 3283 3449 ultra
3339 3397 3658 3451 maledicam
3703 3401 3875 3452 terrae

2163 3484 2385 3548 propter
2444 3480 2682 3534 homines
2722 3499 2744 3546 ,'
2796 3496 2981 3536 sensus
3037 3486 3178 3536 enim
3226 3490 3276 3536 et
3316 3485 3542 3539 humani
3599 3488 3873 3552 cogitatio

2164 3566 2342 3622 cordis
2383 3569 2444 3624 in
2488 3569 2696 3622 malum
2720 3585 2896 3638 prona
2924 3575 3052 3624 sunt
3077 3571 3145 3625 ab
3175 3571 3534 3627 adolescentia
3573 3589 3694 3628 sua.
3738 3577 3871 3632 Non

2165 3659 2340 3723 igitur
2364 3656 2512 3710 ultra
2551 3659 2853 3726 percutiam
2893 3675 3100 3713 omnem
3150 3663 3500 3730 animantem,
3555 3665 3698 3718 sicut
3725 3667 3866 3730 feci.

2163 3746 2382 3798 Cunctis
2433 3745 2624 3801 diebus
2666 3751 2822 3800 terra
2880 3751 3151 3810 sementis.
3196 3755 3247 3803 et
3306 3753 3513 3817 messis,
3575 3752 3763 3818 frigus
3808 3762 3870 3809 et

2161 3838 2341 3902 aestus,
2374 3838 2534 3888 aestas
2575 3838 2626 3888 et
2681 3835 2870 3900 hiems,
2921 3851 3032 3890 nea:
3084 3842 3135 3891 et
3163 3837 3278 3892 dies
3332 3853 3440 3892 non
3493 3841 3862 3908 requiescent.

2163 3920 2610 3978 Maledictionem
2663 3935 2768 3992 pro
2811 3921 3034 3978 defectu
3085 3923 3219 3994 poni
3262 3925 3441 3980 solere
3478 3925 3756 3996 diximus,
3801 3937 3868 3986 et

2162 4016 2402 4077 constat,
2433 4023 2502 4065 ac
2529 4010 2576 4065 si
2623 4009 2870 4066 diceret:
2916 4010 3298 4083 Nequaquam
3347 4013 3703 4083 maledicam,
3749 4017 3867 4073 de-

2165 4101 2331 4155 ficere
2373 4099 2620 4168 profecto
2669 4097 2915 4154 ulterius
2960 4114 3072 4155 non
3122 4103 3442 4171 permittam
3503 4111 3737 4169 terram,
3802 4107 3867 4164 id

2160 4195 2246 4242 est
2289 4195 2501 4244 statum
2562 4187 2799 4242 humani
2841 4187 3048 4256 cordis,
3102 4198 3332 4260 propter
3389 4191 3667 4255 homines,
3717 4208 3868 4264 pro-

2163 4283 2288 4346 pter
2343 4275 2736 4346 quorumlibet
2788 4275 2989 4346 utique
3029 4278 3290 4348 exempla
3349 4288 3702 4350 sanctorum,
3751 4286 3866 4354 qui

2163 4363 2440 4431 homines,
2498 4363 2914 4419 rationabiliter
2986 4366 3200 4422 scilicet
3253 4382 3372 4424 sese
3445 4378 3706 4440 regentes
3749 4385 3868 4427 vo-

361 4453 414 4508 id
479 4460 565 4509 est
629 4451 1226 4522 concupiscibilitates,
1295 4452 1512 4524 quibus
1592 4451 1924 4508 animamur
1979 4449 2052 4506 ad
2091 4457 2387 4519 Dcantur,
2427 4459 2493 4507 ut
2539 4459 2664 4520 est;
2713 4453 2966 4522 respiciet
3008 4453 3267 4521 homines,
3311 4463 3361 4511 et
3409 4457 3588 4513 dicet:
3632 4465 3868 4528 peccavi

362 4541 557 4606 noxia,
609 4541 801 4596 anima
845 4541 996 4596 enim
1064 4541 1408 4598 naturaliter
1451 4538 1911 4610 concupiscibilis
1945 4545 2050 4604 est,

359 4638 413 4684 et
465 4630 730 4699 jumenta
809 4629 1207 4687 sensualitates
1286 4629 1568 4697 videlicet,
1659 4642 1792 4700 quae
1862 4634 2053 4683 motus

359 4717 566 4772 animae
598 4717 848 4788 quodam
881 4717 1114 4774 incentu
1145 4717 1216 4774 ad
1249 4717 1466 4774 malum
1519 4717 1820 4787 adjuvant,
1857 4722 1912 4770 et
1953 4729 2052 4769 co-

359 4805 680 4875 gitationes,
722 4820 854 4875 quae
910 4806 1072 4876 quasi
1116 4819 1340 4876 angues
1379 4803 1768 4860 indifferenter
1820 4802 2052 4858 lubricae

360 4907 460 4963 per
517 4893 716 4949 intima
776 4901 1022 4964 reptant,
1067 4901 1120 4949 et
1174 4901 1400 4960 caetera,
1448 4899 1509 4948 ut
1562 4905 1739 4962 supra
1793 4889 2053 4960 exposita

357 4988 639 5037 constant.

429 5069 599 5124 Vens.
640 5072 729 5136 20,
758 5074 849 5131 2i.
901 5073 992 5124 22.
1043 5097 1114 5108 —
1156 5068 1468 5136 [Ediﬁcavit
1497 5072 1676 5120 autem
1737 5069 1846 5122 Noe
1878 5066 2054 5120 altare

363 5158 611 5225 Domino,
639 5164 688 5212 et
737 5159 926 5212 tollens
963 5156 1030 5212 de
1069 5158 1276 5210 cunctis
1315 5155 1596 5224 pecoribus
1647 5160 1696 5208 et
1747 5155 2053 5210 volucribus

359 5247 581 5300 mundis
637 5246 831 5300 obtulit
891 5246 1203 5299 holocausta
1254 5257 1422 5311 super
1469 5243 1676 5296 altare:
1747 5241 2052 5298 Oderatus-

358 5349 460 5402 que
509 5339 586 5387 est
637 5334 895 5388 Dominus
940 5331 1155 5386 odorem
1205 5331 1516 5384 suavitatis.
1573 5331 1768 5386 Altare
1799 5331 1937 5386 illud
1969 5331 2050 5387 nil

357 5421 777 5493 congruentius
801 5420 940 5476 mihi
968 5431 1088 5474 esse
1117 5417 1347 5473 videtur
1374 5431 1550 5487 quam
1575 5418 1905 5475 humilitas:
1941 5419 2048 5476 sic-

357 5517 423 5565 ut
449 5509 601 5564 enim
649 5509 757 5564 nisi
815 5509 874 5563 in
934 5503 1103 5560 altari
1158 5503 1342 5560 hostia
1394 5505 1558 5562 nulla
1605 5507 1775 5573 valet,
1829 5506 1911 5563 sic
1937 5507 2052 5563 Deo

358 5601 564 5658 virtus,
593 5597 700 5650 nisi
743 5609 872 5650 cum
915 5589 1240 5648 humilitate
1288 5592 1446 5649 nulla
1489 5594 1708 5664 placet:
1745 5595 1892 5652 hanc
1919 5597 2051 5652 tedi-

358 5685 618 5749 ticamus,
659 5697 790 5738 cum
820 5695 852 5737 a
899 5677 1272 5736 fundamento
1320 5680 1648 5740 intentionis
1688 5683 1759 5740 ad
1810 5685 2051 5754 parietes

2159 4539 2275 4611 (Job
2324 4553 2520 4607 χχχιιι,
2589 4541 2698 4611 17).
2752 4541 2900 4596 Dum
2947 4541 3098 4597 enim
3149 4558 3324 4614 super
3370 4553 3590 4602 montes
3637 4546 3861 4604 Ararat

2159 4641 2294 4684 arca
2342 4628 2665 4698 requiescit,
2707 4643 2808 4698 per
2865 4644 3104 4686 corvum
3143 4635 3516 4704 suggestorite
3557 4636 3854 4705 evagatio-

2159 4716 2250 4773 nis
2291 4715 2559 4772 columba
2612 4717 2894 4774 emittitur
2959 4718 3015 4774 in
3061 4719 3452 4777 delectationis
3515 4737 3855 4792 excursum,

2155 4804 2462 4875 operisque
2507 4820 2870 4862 consensum.
2941 4808 3056 4864 Deo
3113 4809 3308 4880 itaque
3351 4810 3648 4867 nobiscum
3698 4813 3856 4882 aspi-

2158 4893 2368 4948 ratorie
2436 4891 2722 4963 loquente,
2789 4903 2914 4965 post
2969 4894 3191 4965 lapsum
3258 4899 3536 4955 sentimus
3592 4899 3856 4970 quadam

2160 4980 2386 5036 interna
2434 4979 2740 5036 calliditate
2802 4981 2872 5036 de
2922 4983 3106 5038 ruinae
3163 4987 3554 5054 experimento
3605 4986 3856 5044 similem

2158 5068 2404 5125 ulterius
2428 5083 2536 5124 nos
2565 5067 2784 5125 fortiter
2806 5069 2928 5139 jam
2969 5085 3128 5140 posse
3176 5086 3378 5128 cavere
3421 5073 3744 5144 defectum;
3777 5090 3856 5132 ex

2159 5156 2398 5213 alterius
2447 5171 2721 5227 namque,
2759 5159 3032 5228 quamvis
3061 5160 3270 5227 David,
3299 5164 3570 5232 quamvis
3597 5162 3855 5218 Salomo-

2159 5245 2250 5300 nis
2296 5259 2433 5300 casu
2485 5245 2669 5301 facere
2710 5260 2882 5301 suum
2933 5261 3057 5302 esse
3100 5247 3492 5319 dignoscimus
3536 5265 3605 5306 ex
3655 5250 3857 5308 damni

2158 5347 2387 5390 summa
2432 5334 2732 5390 dementiae
2771 5345 3135 5404 extremum;
3190 5345 3271 5392 est
3301 5339 3562 5408 qumdam
3611 5340 3858 5409 pueritia

2159 5436 2346 5492 nuper
2392 5423 2460 5478 ad
2510 5423 2940 5478 conversionem
2991 5424 3368 5494 venientium,
3419 5442 3566 5496 quos
3613 5428 3669 5482 in
3733 5432 3856 5484 suis

2158 5510 2309 5566 Deus
2340 5511 2666 5580 primordiis
2691 5525 2725 5566 a
2751 5511 2912 5567 bellis
2951 5520 3229 5581 temperat
3270 5514 3563 5584 vitiorum,
3615 5522 3679 5572 ut
3708 5516 3854 5572 filios

2156 5599 2450 5668 quondam
2482 5599 2675 5668 Israel,
2705 5614 2838 5656 cum
2869 5614 2941 5656 ex
2980 5599 3227 5672 Egypto
3258 5604 3528 5670 exissent,
3566 5603 3748 5661 noluit
3769 5607 3852 5662 eis

2159 5686 2308 5743 illico
2353 5687 2610 5744 incutere
2658 5687 2944 5744 molestias
3004 5689 3350 5758 praeliorum,
3407 5691 3652 5760 pueriles
3695 5694 3848 5752 enim
