3956 6430
121 378 210 429 lilii
1219 372 1574 431 MORALIUSI
1620 377 1686 430 IN
1725 373 2049 432 EEXESIN.
2085 406 2151 413 —
2186 374 2314 430 LIB.
2358 374 2462 431 III.

3540 382 3637 435 106

112 518 273 568 erant
300 509 630 567 secundum
664 510 818 565 hunc
864 517 1065 580 typum
1092 509 1272 565 animi
1309 523 1531 566 eorum.
1564 511 1658 577 At,
1690 524 1821 566 cum
1862 512 1907 564 Δ
1938 510 2101 577 vivit,
2143 512 2308 567 vobis
2346 511 2690 582 proponitur
2738 512 3103 570 imitandum.
3152 515 3327 581 Quasi
3363 517 3511 572 olera
3545 521 3637 573 vi-

114 602 183 657 ad
213 600 449 670 aliquod
481 599 721 655 virtutis
764 598 946 654 robur
974 598 1304 655 venerimus
1346 605 1398 654 et
1441 599 1822 655 tentationum

114 690 403 745 caloribus
434 689 638 744 vexari
680 687 1046 757 coeperimus,
1079 687 1476 745 adolescentiae
1506 688 1823 758 spiritualis

115 787 337 848 tempus
391 777 789 847 ingredimur:
868 776 1022 832 unde
1086 776 1343 832 dicitur:
1401 776 1526 842 Fili,
1569 776 1823 833 accedens

113 868 185 921 ad
207 870 526 922 servitutem
559 869 672 933 Dei,
709 870 796 919 sta
827 867 885 918 in
909 865 1137 933 justitia
1168 870 1217 919 et
1247 866 1456 923 timore.
1489 870 1539 919 et
1567 880 1823 934 praepara

113 959 349 1009 animam
394 959 549 1009 tuam
589 955 664 1009 ad
704 956 1053 1008 lentationem
1095 954 1270 1017 (Eccl.
1318 969 1374 1020 Il,
1421 957 1490 1020 l).
1538 953 1823 1009 Cavemus

112 1060 245 1117 ergo
274 1043 589 1109 defectum,
621 1050 675 1098 et
719 1041 1052 1098 defectionis
1096 1041 1451 1111 exemplum,
1500 1042 1639 1112 quia
1688 1056 1819 1097 cum

112 1132 537 1199 colluctatione,
570 1146 702 1202 quae
738 1146 841 1187 nos
872 1131 1177 1201 impugnat
1208 1130 1483 1185 vitiorum
1511 1130 1820 1201 insurgen-

112 1230 218 1278 tem
271 1236 345 1277 ex
405 1222 624 1277 virtute
682 1221 847 1291 quasi
899 1235 972 1276 ex
1020 1220 1402 1276 adolescentia
1441 1220 1827 1290 deprimimus

113 1319 331 1382 typum,
388 1310 534 1366 dum
595 1323 825 1365 sensum
876 1309 1217 1364 exteriorem
1290 1315 1345 1364 et
1404 1309 1820 1379 cogitationum

114 1398 588 1469 imaginationem
629 1411 850 1467 semper
890 1397 999 1452 nisi
1050 1397 1269 1453 ratione
1320 1396 1620 1452 frenentur
1640 1411 1824 1468 prona

112 1488 391 1543 sentimus
452 1487 527 1542 ad
580 1486 834 1556 malum;
892 1486 1152 1556 dumque
1205 1486 1450 1557 propriae
1505 1490 1608 1539 50
1666 1493 1821 1541 metu

112 1576 435 1646 fragilitatis
467 1576 667 1631 anima
713 1582 980 1646 suspecta
1023 1582 1271 1641 tenetur,
1303 1586 1611 1643 nunquam
1664 1574 1735 1629 ad
1765 1574 1821 1630 id

110 1665 438 1721 detrimenti
492 1665 819 1732 deducitur,
873 1671 937 1719 ut
987 1662 1308 1718 animantia
1355 1662 1571 1727 omnia,
1623 1662 1822 1717 vitalia

110 1754 317 1810 scilicet
369 1754 590 1822 studia,
652 1754 709 1809 in
763 1767 823 1809 se
881 1751 1112 1823 penitus
1171 1750 1549 1822 perimantur.
1604 1751 1821 1807 Cunctis

111 1844 301 1913 itaque
348 1842 547 1897 diebus
598 1847 774 1908 terra,
826 1842 881 1897 id
939 1848 1023 1897 est
1072 1840 1402 1896 omnimoda
1446 1839 1821 1910 intelligentia

108 1932 453 1987 terrenitatis
507 1944 574 1985 ac
601 1929 944 1986 inlirmitatis
996 1936 1226 1995 nostrae,
1251 1928 1388 1983 dum
1438 1927 1650 1983 scilicet
1692 1941 1818 1983 eam

110 2019 410 2090 diligenter
500 2018 934 2084 attenderimns,
1016 2020 1286 2086 sementis,
1346 2017 1403 2073 id
1465 2025 1550 2073 est
1610 2025 1819 2073 nostrae

108 2108 504 2163 conversionis
535 2107 716 2175 initia,
761 2113 811 2161 et
841 2108 1050 2173 messis,
1088 2106 1244 2176 quod
1287 2114 1372 2161 est
1415 2119 1644 2162 summa
1683 2120 1816 2176 pcr-

112 2195 382 2263 fectionis,
408 2195 675 2266 aliquam
712 2209 744 2251 a
789 2195 1169 2252 tentationum
1207 2208 1513 2265 nunquam
1555 2194 1813 2265 requiem

114 2285 502 2341 inveniuntur
543 2284 753 2341 habere
796 2284 1073 2351 molestia,
1123 2284 1244 2339 sive
1276 2283 1332 2339 in
1378 2283 1586 2352 frigore
1620 2290 1817 2353 torpo-

113 2374 203 2441 ris,
235 2382 289 2430 et
316 2373 693 2445 negligentiae
723 2372 1072 2437 desidamus,
1104 2386 1203 2427 seu
1248 2372 1322 2427 ab
1357 2372 1527 2442 aquis
1566 2371 1813 2437 nivium,

108 2464 270 2532 juxta
303 2463 451 2519 illud
489 2462 620 2529 Job,
651 2462 723 2518 ad
764 2469 968 2517 aestum
998 2462 1130 2531 (Job
1176 2476 1325 2525 xxrv,
1370 2464 1482 2530 19),
1524 2460 1580 2516 id
1610 2467 1694 2517 est
1741 2460 1813 2518 ad

112 2550 347 2606 calorem
408 2549 709 2621 religionis
751 2549 999 2604 nimium
1056 2549 1366 2604 veniamus
1398 2590 1413 2615 ,
1446 2548 1535 2604 vel
1603 2549 1815 2605 mentis

113 2638 479 2709 aliquantula
527 2639 708 2693 instar
758 2638 973 2693 aestatis
1020 2637 1325 2693 serenitate
1375 2636 1672 2708 pollentes,
1722 2637 1811 2693 vel

112 2728 368 2785 nubilosa
399 2727 586 2783 animi
618 2726 962 2797 aegritudine
991 2725 1063 2781 ad
1104 2725 1339 2781 modum
1382 2726 1583 2782 hiemis
1621 2740 1813 2782 caecu-

111 2816 323 2881 tientes,
358 2824 465 2872 aut
495 2823 661 2871 nocte
691 2815 1102 2871 adversitatum
1139 2815 1338 2885 pressi,
1371 2821 1472 2870 aut
1510 2814 1600 2869 die
1644 2829 1813 2884 pros-

111 2903 360 2973 peritatis
432 2902 607 2959 effusi
654 2917 1007 2973 quocunque
1064 2909 1218 2958 statu
1276 2902 1617 2969 vixerimus,
1690 2903 1812 2957 sine

110 2991 379 3062 maligna,
446 2991 593 3047 dum
642 2990 879 3061 spiritus
927 2991 1028 3046 hos
1071 2990 1219 3061 regit
1250 2997 1433 3058 artus,
1485 2989 1811 3046 titillatione

110 3095 222 3136 esse
261 3095 377 3136 non
417 3094 753 3151 possumus,
804 3085 869 3135 ut
902 3092 1207 3150 nunquam
1240 3079 1309 3134 de
1346 3078 1557 3149 peccati
1592 3079 1810 3134 immu-

110 3169 276 3226 nitate
302 3169 651 3242 gaudentes,
681 3168 889 3225 iterare
917 3174 1149 3239 peccata
1176 3167 1442 3224 velimus.

776 3308 1008 3367 CAPUT
1049 3310 1148 3365 IX.

174 3433 335 3488 Vens.
369 3437 419 3501 l,
455 3436 515 3498 2,
550 3435 601 3486 3.
630 3462 696 3473 —
729 3433 1121 3501 Benedixitque
1141 3435 1279 3487 Deus
1303 3434 1410 3488 Noe
1438 3437 1488 3487 et
1518 3433 1650 3501 ﬁliis
1671 3433 1812 3502 ejus,

113 3521 283 3577 dicens
319 3539 332 3578 :
366 3523 625 3588 Crescite,
666 3526 715 3576 et
755 3523 1219 3591 multiplicamini,
1254 3527 1303 3576 et
1340 3520 1541 3591 replete
1590 3527 1809 3589 terram,

113 3616 158 3663 et
186 3617 354 3664 terror
388 3616 588 3675 vester,
621 3625 683 3664 ac
720 3614 919 3664 tremor
963 3612 1037 3663 sit
1086 3625 1251 3680 super
1276 3617 1468 3665 cuncta
1508 3613 1813 3665 animantia

114 3704 277 3766 terrae,
313 3704 363 3753 et
397 3715 568 3768 super
592 3713 769 3752 omnes
799 3706 1038 3752 volucres
1078 3697 1198 3753 caeli
1225 3715 1343 3753 cum
1370 3700 1661 3765 universis,
1696 3714 1813 3767 quae

112 3793 383 3843 moventur
429 3790 493 3841 in
542 3792 707 3841 terra.
773 3787 964 3843 Omnes
1009 3789 1181 3857 pisces
1211 3789 1381 3841 maris
1404 3789 1597 3841 manui
1624 3792 1814 3841 vestrae

115 3876 302 3931 traditi
322 3882 475 3932 sunt.
529 3878 602 3931 Et
633 3891 783 3931 omne
832 3875 977 3945 quod
1021 3881 1265 3930 movetur
1310 3882 1360 3930 et
1405 3879 1544 3930 vivit
1585 3877 1690 3930 erit
1727 3892 1815 3929 ro-

116 3965 191 4017 bis
218 3969 275 4020 in
315 3967 521 4021 cibum.
561 3964 649 4020 Ad
679 3965 1050 4025 obtinendam
1084 3965 1366 4021 internam
1397 3965 1661 4035 requiem
1708 3966 1814 4019 Noe

118 4052 165 4107 id
218 4062 300 4110 est
354 4053 572 4125 spiritu
627 4062 840 4120 nostro,
902 4060 957 4109 et
1006 4053 1157 4119 ﬁliis,
1216 4052 1491 4123 operibus
1549 4052 1813 4108 videlicet

117 4141 252 4211 ejus,
305 4142 744 4207 benedictionis,
805 4141 858 4197 id
918 4149 1002 4197 est
1060 4141 1454 4197 exuberantiae
1508 4141 1810 4197 consilium

120 4231 300 4298 datur,
336 4233 585 4294 crescite,
628 4230 730 4299 ait,
774 4243 895 4299 spe,
930 4229 1026 4285 sed
1072 4244 1144 4285 ne
1193 4229 1247 4285 id
1290 4229 1537 4286 inaniter
1570 4229 1811 4294 faciatis,

120 4321 565 4390 multiplicamini
620 4318 768 4374 bono
817 4318 978 4389 prius
1012 4333 1202 4388 opere,
1249 4323 1300 4371 et
1341 4320 1537 4388 replete
1589 4324 1810 4384 terram,

120 4409 513 4477 spiritualibus
558 4406 770 4463 scilicet
816 4405 1018 4463 ofliciis
1063 4414 1335 4477 occupate
1384 4406 1813 4463 sensualitatem

124 4503 384 4564 vestram,
418 4502 469 4551 et
519 4502 697 4550 terror
742 4502 935 4556 vester,
979 4512 1041 4550 ac
1076 4500 1273 4550 tremor
1318 4498 1390 4550 sit
1437 4511 1601 4564 super
1628 4500 1820 4550 cuncta

122 4586 377 4639 animalia
414 4590 597 4652 terrae,
648 4584 699 4640 id
730 4591 813 4640 est
860 4598 1034 4655 super
1080 4585 1256 4653 vitia,
1290 4598 1422 4654 quae
1469 4598 1541 4639 ex
1596 4583 1815 4639 anima-

122 4671 265 4729 litate
307 4680 657 4741 nascuntur,
717 4687 831 4729 non
880 4673 1034 4744 quod
1085 4672 1209 4743 ipsa
1258 4658 1641 4729 substan‘tiata
1683 4673 1817 4738 sint,

126 4769 181 4816 ut
207 4763 400 4819 terreri
435 4777 506 4818 ac
556 4769 796 4818 tremere
840 4768 1080 4832 queant,
1128 4761 1224 4817 sed
1273 4761 1426 4832 quod
1467 4761 1537 4817 ad
1584 4760 1822 4831 spiritus

126 4851 512 4907 auctoritatem
566 4851 772 4906 vitiosa
826 4850 1026 4906 terreri
1108 4850 1456 4906 conscientia
1506 4864 1693 4921 usque
1749 4850 1817 4905 ad

126 4943 415 4995 tremorem
467 4938 673 4995 debeat
718 4938 991 5009 corporis,
1040 4944 1092 4992 et
1137 4954 1301 5008 super
1347 4953 1525 4993 omnes
1582 4939 1823 4993 volucres

126 5028 248 5094 cali,
304 5028 359 5084 id
417 5034 506 5085 est
576 5040 750 5097 super
803 5041 1029 5083 omnem
1082 5026 1413 5083 dmmonum
1468 5026 1819 5097 superbiam,

128 5130 235 5170 cum
264 5119 555 5179 universis,
610 5131 728 5184 quae
774 5114 918 5172 laede
944 5128 1011 5171 ac
1056 5114 1364 5171 carnaliter
1438 5122 1720 5170 moventur
1763 5114 1822 5170 in

130 5218 351 5275 corpore
378 5214 592 5261 vestro.
635 5204 842 5260 Omnes
884 5203 1084 5273 pisces,
1136 5203 1239 5275 qui
1291 5204 1696 5274 perambulant
1728 5218 1823 5258 se-

132 5292 284 5347 mitas
334 5294 518 5349 maris
578 5293 744 5362 (Psat.
803 5308 921 5359 vui,
972 5291 1050 5361 9),
1108 5291 1298 5347 omnis
1348 5291 1561 5347 scilicet
1606 5290 1824 5361 ingenii

132 5381 414 5449 sagacitas,
450 5394 589 5451 quae
619 5380 905 5436 discernat
933 5394 1199 5450 quasque
1252 5379 1458 5435 mentis
1514 5379 1821 5437 versutias.

135 5470 338 5535 manui,
374 5470 428 5524 id
457 5475 545 5525 est
573 5467 726 5536 operi
758 5474 947 5524 vestro
984 5468 1153 5539 quasi
1207 5467 1445 5538 quidam
1492 5466 1821 5523 adminicu-

135 5552 248 5609 larii
279 5556 541 5627 adjuncti
573 5563 731 5623 sunt,
764 5557 863 5627 qui
891 5571 1023 5627 quae
1049 5556 1272 5627 agenda
1315 5554 1429 5611 sint
1464 5562 1821 5627 suggerunt;

136 5650 184 5697 et
221 5658 380 5701 omne
423 5643 580 5715 quod
618 5643 698 5713 pii
741 5645 928 5714 operis
977 5644 1148 5700 habet
1191 5651 1431 5709 motum,
1487 5652 1542 5698 et
1578 5657 1651 5698 ex
1716 5642 1824 5696 ﬁde

480 5743 761 5808 Pnaor..
814 5743 1018 5808 CLVI.

1931 603 2109 654 rentia
2137 600 2351 654 tradidi
2372 602 2523 654 vobis
2553 605 2756 656 omnia.

2005 717 2165 770 Vens.
2209 721 2266 779 4,
2321 718 2371 781 5,
2422 718 2475 782 6,
2513 721 2565 770 7.
2624 747 2693 757 —
2749 720 2990 787 Excepto
3042 720 3189 789 quod
3242 738 3460 778 carnem
3516 740 3637 782 cum

1930 807 2194 869 sanguine
2250 821 2357 859 non
2423 806 2673 860 comedis.
2742 807 3073 874 Sanguinem
3126 812 3268 864 enim
3326 814 3636 868 animarum

1929 899 2232 948 vestrarum
2286 897 2562 963 requiram
2611 895 2677 945 de
2732 911 2898 949 manu
2954 903 3273 954 cunctarum
3316 900 3632 970 bestiarum,

1930 987 1979 1036 et
2026 981 2092 1036 de
2138 998 2305 1036 manu
2359 984 2609 1038 hominis.
2668 984 2750 1037 De
2794 1000 2959 1038 manu
3001 987 3114 1039 viri
3164 993 3214 1039 et
3268 990 3469 1054 fratris
3516 992 3634 1057 ejus

1928 1075 2209 1140 requiram
2259 1074 2500 1125 animum
2549 1073 2803 1126 hominis.
2859 1074 3177 1143 Quicunque
3222 1077 3477 1145 effuderit
3527 1081 3634 1132 liu-

1928 1176 2150 1214 manum
2186 1163 2527 1229 sanguinem,
2568 1162 2835 1227 fundetur
2874 1168 3099 1231 sanguis
3146 1165 3317 1219 illius.
3358 1166 3453 1221 Ad
3494 1170 3633 1221 ima-

1930 1252 2108 1316 ginem
2165 1252 2367 1319 quippe
2416 1252 2515 1303 Dei
2570 1253 2754 1317 factus
2807 1255 2885 1303 est
2930 1252 3101 1306 homo.
3154 1253 3314 1308 Olera
3372 1258 3632 1321 virentia,

1931 1337 1986 1393 id
2010 1345 2091 1394 est
2121 1338 2303 1394 cruda
2358 1338 2512 1408 apud
2568 1353 2673 1394 nos
2712 1339 2834 1394 esui
2883 1347 3018 1409 apta
3072 1355 3189 1397 non
3250 1350 3415 1411 sunt;
3464 1347 3633 1415 quasi

1930 1427 2075 1480 olera
2103 1440 2240 1497 ergo
2263 1428 2500 1480 virentia
2530 1426 2804 1496 praedicta
2842 1428 3039 1483 omnia
3076 1443 3110 1484 a
3154 1430 3264 1485 Deo
3304 1431 3471 1487 nobis
3510 1440 3634 1488 tra-

1929 1514 2173 1578 duntur,
2207 1528 2338 1570 cum
2373 1528 2487 1569 non
2525 1528 2626 1583 pro
2657 1514 2919 1569 saeculari
2954 1516 3267 1585 honestate,
3302 1533 3368 1575 ac
3394 1521 3635 1577 scientia

1931 1610 2313 1671 peraguntur,
2383 1617 2488 1657 nec
2550 1603 2821 1657 humanae
2881 1604 3273 1661 delectationis
3341 1601 3517 1678 aqua,
3578 1618 3634 1665 et

1931 1690 2260 1746 ambitionis
2318 1690 2450 1761 igne
2488 1699 2647 1746 cocta
2696 1692 3024 1758 solvuntur,
3076 1694 3174 1748 sed
3220 1708 3321 1763 pro
3373 1696 3492 1751 sola
3540 1697 3633 1752 in-

1863 1815 1902 1869 B
1935 1786 2112 1869 ternae
2166 1779 2285 1850 spei
2320 1778 2621 1869 Aviriditate
2669 1787 2958 1836 tenentur.
3006 1780 3095 1837 Sic
3126 1781 3305 1852 igitur
3334 1783 3635 1855 allegorice

1931 1867 2267 1938 accipiatur.
2302 1867 2529 1924 Carnem
2574 1874 2765 1923 autem
2816 1885 2935 1923 cum
2964 1872 3231 1937 sanguine
3278 1886 3395 1927 non
3441 1888 3634 1930 come-

1929 1957 2141 2022 dimus,
2178 1956 2222 2011 si
2252 1957 2503 2013 carnalis
2532 1957 2841 2028 cujuslibet
2870 1958 3099 2029 culpam
3143 1959 3213 2014 ad
3269 1960 3634 2017 instituendae

1928 2045 2255 2115 exemplum
2280 2045 2413 2101 vitae
2449 2060 2565 2101 non
2616 2046 2994 2111 assumimus;
3044 2048 3283 2118 sanguis
3312 2047 3464 2104 enim
3511 2064 3635 2119 pec-

1928 2142 2118 2190 catum
2152 2142 2234 2190 est
2267 2149 2440 2202 :non,
2494 2135 2755 2206 inquam,
2806 2135 3022 2193 debetis
3069 2136 3282 2192 imitari
3340 2152 3630 2207 perversa,

1927 2236 2059 2278 cum
2092 2222 2160 2278 de
2190 2237 2370 2279 manu
2402 2231 2748 2279 cunctarum
2780 2224 3118 2292 bestiarum,
3150 2224 3203 2280 id
3236 2233 3320 2281 est
3364 2226 3433 2281 de
3463 2241 3634 2297 opere

1926 2318 2269 2367 cunctorum
2324 2311 2678 2379 daemonum,
2715 2312 2814 2382 qui
2849 2313 2919 2368 ad
2977 2314 3331 2383 peccandum
3376 2329 3479 2370 vos
3526 2315 3631 2371 im-

1924 2400 2140 2471 pulere,
2172 2408 2389 2457 constet
2432 2415 2466 2456 a
2496 2416 2585 2457 me
2630 2401 2783 2473 exigi
2835 2402 3139 2473 supplicia,
3183 2411 3238 2459 et
3284 2404 3353 2460 de
3400 2404 3633 2461 homine

1925 2489 2028 2560 qui
2069 2505 2137 2546 ea
2176 2490 2526 2561 perpetravit
2564 2490 2823 2562 exigitur
2865 2505 3066 2562 paena;
3114 2491 3353 2562 sanguis
3400 2493 3632 2549 anima-

1924 2593 2054 2635 rum
2087 2594 2241 2635 mors
2268 2587 2353 2636 εει
2380 2580 2636 2650 ipsarum
2660 2595 2675 2648 ;
2709 2594 2864 2636 mors
2894 2588 3086 2637 autem
3115 2595 3318 2637 earum
3363 2595 3632 2639 assensus

1923 2667 2390 2725 delectationum.
2424 2672 2501 2723 De
2525 2685 2692 2723 manu
2719 2672 2829 2723 viri
2868 2669 2924 2724 id
2971 2678 3054 2725 est
3102 2669 3367 2740 pastoris,
3397 2670 3491 2728 cui
3534 2671 3627 2726 vi-

1923 2756 2045 2813 rilis
2103 2756 2286 2813 inesse
2346 2756 2513 2814 debet
2556 2757 2789 2813 animus
2837 2758 2911 2814 ad
2959 2758 3421 2830 restringendam
3465 2758 3628 2815 femi-

1925 2859 2090 2901 neam
2124 2845 2181 2900 in
2224 2845 2470 2901 subditis
2510 2845 2827 2914 mollitiem,
2873 2846 3026 2903 unde
3062 2853 3118 2902 et
3163 2846 3451 2903 annulum
3491 2847 3631 2917 quia

1920 2947 2184 3002 sponsam
2212 2934 2381 2989 habet
2413 2934 2559 3004 gerit
2606 2934 2924 3004 episcopus,
2968 2935 3255 3005 quaeritur
3294 2934 3492 2991 anima
3530 2934 3630 2990 ho-

1923 3022 2111 3089 minis,
2143 3029 2207 3079 ut
2236 3021 2330 3077 cui
2362 3037 2603 3093 praeesse
2634 3022 3154 3092 impraesentiarum
3192 3022 3496 3090 consensit,
3550 3021 3627 3079 illi

1852 3117 2039 3175 ctam
2095 3110 2153 3165 in
2208 3110 2464 3180 corporis
2523 3124 2699 3181 quam
2761 3110 2816 3165 in
2867 3109 3095 3176 animae,
3165 3116 3445 3179 tanquam
3492 3125 3627 3166 cum

1923 3198 1981 3252 in
2018 3211 2085 3253 eo
2156 3197 2287 3252 inde
2344 3205 2603 3264 acturus,
2660 3198 3101 3254 necessitatibus
3147 3212 3262 3253 non
3314 3198 3495 3266 desit;
3562 3200 3629 3253 de

1921 3302 2089 3340 manu
2133 3288 2332 3354 fratris
2372 3286 2568 3342 anima
2628 3286 2936 3357 quaeritur,
2986 3286 3029 3342 si
3079 3300 3147 3342 ea
3187 3300 3319 3356 quae
3364 3280 3647 3356 proximo

1922 3375 2165 3431 debetur
2188 3375 2363 3446 juxta
2408 3390 2511 3431 nos
2558 3376 2741 3446 posito
2789 3374 3009 3431 homini
3056 3388 3091 3429 a
3120 3374 3283 3430 nobis
3320 3388 3462 3430 cura
3509 3390 3625 3431 non

1924 3464 2305 3534 impenditur;
2363 3463 2408 3519 si
2466 3465 2619 3521 enim
2670 3464 3024 3535 negligentia
3072 3472 3267 3519 nostra
3325 3471 3541 3534 pereat,
3596 3478 3629 3520 a

1924 3553 2086 3609 nobis
2109 3553 2243 3623 jure
2291 3553 2641 3623 requiritur:
2688 3555 3008 3620 sanguinem
3043 3552 3338 3607 humanum
3382 3551 3627 3610 effundit

1924 3640 2024 3712 qui
2055 3640 2307 3712 aliquem
2344 3642 2400 3697 in
2432 3650 2711 3712 conceptu
2745 3640 2960 3713 peccati
2991 3641 3367 3697 ﬂuctuantem
3397 3642 3624 3697 suasio-

1923 3730 2098 3785 nibus
2141 3730 2212 3786 ad
2272 3731 2755 3801 perpetrationem
2797 3730 2980 3800 cogit;
3040 3730 3103 3786 fit
3149 3737 3341 3786 autem
3403 3730 3460 3786 id
3512 3745 3626 3787 non

1922 3819 2105 3875 solum
2153 3819 2471 3885 suadendo,
2520 3820 2615 3875 sed
2648 3827 2702 3875 et
2732 3818 2999 3888 exempla
3045 3818 3350 3888 praebendo
3382 3833 3396 3873 :
3431 3830 3629 3889 penset

1921 3921 2059 3978 ergo
2089 3906 2358 3963 seductor
2381 3922 2558 3977 quam
2611 3907 2725 3962 Deo
2771 3906 3039 3976 supplicii
3086 3906 3289 3963 debeat
3328 3906 3625 3975 ultionem,

1922 3996 2025 4067 qui
2056 3996 2152 4051 Dei
2182 3996 2241 4051 in
2282 3996 2512 4052 homine
2537 3995 2823 4052 destruxit
2854 3995 3191 4065 imaginem.

1993 4111 2175 4168 Aliter
2229 4114 2550 4181 sanguinem
2611 4112 2909 4166 humanum
2977 4108 3241 4178 effundit,
3325 4110 3429 4181 qui
3481 4111 3663 4169 alte-.

1923 4198 2047 4255 rius
2105 4198 2288 4255 latens
2334 4199 2546 4256 vitium
2600 4198 2954 4255 detrahendo
2991 4197 3230 4269 detegit;
3286 4199 3390 4269 qui
3434 4199 3631 4270 itaque

1925 4286 2267 4342 utrumlibet
2318 4286 2521 4357 egerit,
2561 4286 2907 4356 sanguinem
2939 4286 3237 4355 proprium
3268 4286 3628 4344 fundendum

1927 4376 2176 4443 noverit,
2229 4376 2372 4446 quia
2418 4375 2517 4446 qui
2551 4374 2640 4431 vel
2685 4375 2868 4431 alium
2914 4374 3229 4442 seduxerit,
3281 4374 3371 4431 vel
3410 4375 3628 4432 crimen

1928 4464 2257 4535 cujuspiam
2337 4462 2610 4531 emiserit,
2680 4463 2930 4532 idipsum
2997 4462 3308 4533 inﬂigendo
3390 4463 3626 4534 patitur,

1929 4552 2085 4623 quod
2124 4552 2286 4608 alteri
2318 4551 2550 4619 inﬂixit,
2593 4566 2699 4607 nec
2747 4551 2803 4606 id
2847 4550 3083 4621 injuria,
3115 4566 3251 4609 nam
3290 4552 3503 4623 dignus
3548 4559 3634 4609 est

1929 4639 2296 4708 discriminis,
2348 4639 2449 4710 qui
2498 4639 2786 4709 judicium
2837 4638 2948 4694 sibi
3004 4639 3217 4696 divinae
3277 4647 3525 4709 usurpat
3578 4649 3671 4696 et.

1932 4730 2207 4785 honorem
2252 4728 2445 4784 invide
2483 4727 2739 4784 inﬁrmat
2788 4726 3079 4797 imaginis,
3128 4727 3350 4797 quique
3398 4742 3631 4785 naevum

1928 4818 2111 4875 eidem
2172 4818 2394 4889 irrogat
2439 4816 2855 4887 corruptionis;
2913 4816 2989 4869 ad
3028 4817 3320 4882 imaginem
3377 4828 3633 4886 namque

1934 4908 2039 4962 Dei
2065 4909 2247 4975 factus
2294 4911 2373 4961 est
2421 4907 2593 4960 homo.
2654 4907 2753 4959 Vos
2801 4911 2982 4959 autem
3021 4903 3094 4959 ab
3125 4904 3215 4959 his
3248 4911 3509 4961 extorres
3534 4919 3631 4975 pe-

1930 4996 2134 5063 stibus,
2167 4997 2386 5049 crescite
2432 4994 2540 5064 piis
2582 4993 2875 5064 operibus,
2919 4994 3369 5063 multiplicamini
3410 4994 3635 5052 intelle-

1931 5085 2141 5149 ctibus,
2190 5083 2550 5151 ingredimini
2605 5083 2675 5137 ad
2726 5082 2825 5137 Dei
2869 5081 3088 5147 oculos,
3142 5095 3214 5137 ne
3262 5081 3633 5139 mulceamini

1931 5173 2092 5243 vulgi
2147 5172 2445 5229 favoribus
2492 5187 2660 5242 super
2690 5176 2913 5227 terram.
2961 5177 3053 5226 ει
3104 5170 3161 5226 id
3204 5178 3289 5227 est
3336 5170 3633 5228 Christum

1931 5261 2378 5319 constabilimini
2434 5261 2717 5327 funditus,
2744 5264 2794 5314 et
2841 5260 3056 5329 implete
3103 5276 3243 5328 eam,
3290 5259 3475 5329 ipsum
3526 5261 3635 5317 sci-

1933 5350 2064 5406 licet
2092 5350 2307 5406 sanctis
2349 5349 2562 5419 pascite
2606 5348 2849 5413 actibus,
2884 5349 2985 5419 qui
3029 5349 3208 5404 esurit
3254 5349 3496 5405 salutem
3538 5363 3637 5406 ve-

1929 5448 2128 5495 stram.

2005 5555 2176 5609 Vsus.
2210 5556 2261 5619 8,
2295 5555 2348 5617 9,
2390 5554 2475 5620 10,
2532 5556 2615 5607 lt.
2644 5583 2711 5591 —
2746 5553 2869 5607 Haec
2914 5566 3124 5620 quoque
3170 5550 3320 5605 dixit
3370 5551 3516 5605 Deus
3564 5551 3640 5605 att

1934 5644 2062 5710 Noe,
2093 5648 2142 5694 et
2181 5640 2255 5695 ad
2291 5642 2433 5709 ﬁlios
2466 5643 2594 5710 ejus
2638 5656 2755 5694 cum
2800 5656 2858 5694 eo
2891 5654 2903 5694 :
2949 5642 3077 5693 Ecce
3123 5655 3217 5705 ego
3268 5645 3507 5693 statuam
3536 5656 3638 5707 ραι
3675 5636 3683 5646 ’

3287 5744 3326 5799 4
