3956 6416
329 348 426 400 107

1226 346 1286 398 ν.
1327 344 1654 401 GUIBERTI
1697 345 1986 401 ABBATIS
2024 346 2078 401 S.
2123 344 2362 400 HARLE
2400 343 2492 400 DE
2531 345 2916 402 NOVIGENTO

3737 349 3850 404 108

321 482 466 533 clum
507 493 681 532 meum
718 477 1012 542 vobiscum,
1053 482 1104 530 ct
1153 492 1272 532 cum
1312 478 1511 530 semine
1545 480 1722 530 vestro
1737 479 1857 544 post
1901 489 2016 541 vos,
2054 475 2102 529 Λ
2131 489 2246 531 non
2278 475 2612 545 desperatur
2643 475 2822 542 locus,
2855 476 2952 532 ubi
2978 476 3266 546 superbia,
3300 492 3400 534 seu
3431 477 3670 548 ignavia
3704 493 3858 534 con-

320 571 371 620 et
397 565 473 620 ad
498 581 704 620 omnem
733 567 974 618 animum
998 567 1282 630 viventem,
1336 580 1454 634 qua
1488 569 1565 618 est
1602 565 1872 618 vobiscum
1903 565 2015 616 lam

318 658 376 708 in
424 653 731 708 volucribus
771 669 935 724 quam
989 655 1046 707 in
1087 655 1372 721 jumentis,
1423 658 1474 707 et
1520 653 1816 722 pecudibus
1861 655 2016 704 terra:

319 743 546 806 cunctis,
579 756 698 810 qua:
741 755 956 808 egressa
1001 747 1128 795 sunt
1166 741 1232 794 de
1268 756 1416 803 arca,
1460 746 1510 793 et
1537 742 1803 793 universis
1830 741 2016 793 bestiis

321 833 491 888 terra.
549 829 801 884 Statuam
851 834 1075 898 pactum
1129 844 1300 882 meum
1349 828 1641 886 vobiscum.
1696 833 1746 880 et
1808 843 2012 896 nequa-

319 933 479 987 quam
509 918 658 971 ultra
682 919 1033 985 interﬁciatur
1060 916 1226 985 aquis
1253 916 1470 982 diluvii,
1518 931 1688 984 neque
1714 917 1818 969 erit
1867 916 2014 969 dein-

319 1021 439 1074 ceps
469 1005 735 1060 diluvium
759 1005 1036 1074 dissipans
1080 1009 1299 1058 terram.
1348 1003 1492 1060 Cum
1525 1004 1755 1070 talibus,
1805 1003 2012 1074 inquit,

319 1091 521 1148 ofﬁciis
570 1107 672 1148 vos
727 1093 1138 1163 applicueritis,
1199 1109 1328 1159 ecce,
1386 1107 1489 1147 nec
1547 1105 1726 1154 mora,
1777 1097 2015 1146 statuam

313 1188 534 1250 pactum
561 1196 733 1234 meum
762 1183 1056 1246 vobiscum,
1089 1181 1362 1250 peculiari
1409 1194 1509 1233 vos
1549 1180 1689 1234 mihi
1734 1183 1788 1234 in
1823 1194 2015 1236 amore

319 1269 657 1339 astringam.
699 1277 754 1324 et
795 1276 915 1338 post
973 1283 1093 1336 vos,
1141 1269 1194 1324 id
1239 1276 1324 1324 est
1374 1278 1679 1338 postquam
1741 1282 2014 1338 corporea

320 1364 500 1412 morte
529 1357 864 1423 defeceritis,
905 1373 1022 1410 cum
1066 1359 1283 1423 semine,
1327 1356 1476 1411 bono
1515 1355 1772 1410 videlicet
1819 1371 2008 1425 opere.

313 1451 490 1501 vestro
537 1453 758 1516 pactum
819 1447 998 1501 beatas
1046 1446 1421 1516 perennitatis
1477 1444 1794 1514 stabiliam;
1861 1447 2014 1500 unde

315 1535 613 1603 psalmus:
647 1537 715 1590 Et
757 1537 864 1605 filii
909 1551 1090 1589 eorum
1147 1549 1316 1604 usque
1360 1534 1423 1588 in
1457 1535 1710 1587 saeculum
1757 1533 2015 1588 sedebant

313 1637 476 1690 super
517 1623 694 1676 sedem
738 1629 886 1676 tuam
919 1624 1067 1686 (Psal
1128 1636 1328 1689 cvm,
1393 1622 1497 1691 t2),
1541 1621 1820 1676 habemus
1871 1623 2013 1677 tilias

312 1721 508 1776 opera,
559 1708 704 1764 filios
744 1709 993 1764 filiorum
1033 1723 1274 1778 operum
1321 1709 1578 1778 praemia.
1633 1708 1748 1764 Noe
1796 1709 2008 1780 itaque,

316 1795 370 1850 id
402 1803 487 1851 est
512 1795 750 1866 spiritus
791 1805 983 1853 noster
1036 1797 1218 1852 ῐωᾶυε
1257 1797 1519 1852 divinum
1569 1797 1820 1866 suscipit,
1873 1798 2010 1852 dum

314 1897 374 1939 se
398 1884 613 1940 arctius
642 1885 852 1941 divinze
900 1885 1178 1941 voluntati
1213 1885 1536 1956 subjungit,
1571 1899 1704 1941 cum
1741 1885 2013 1954 operibus

314 1972 525 2028 nostris
553 1980 676 2043 post
727 1987 830 2029 nos
877 1981 1109 2044 pactum
1153 1974 1384 2042 stabilit,
1426 1988 1559 2030 cum
1593 1987 1694 2044 per
1739 1988 2012 2029 remune-

311 2060 548 2116 rationis
578 2061 821 2131 gratiam
853 2075 921 2118 ea
955 2063 1060 2118 sibi
1095 2063 1377 2132 placuisse
1409 2062 1462 2118 iu
1507 2063 1706 2118 futuro
1743 2063 2008 2118 ostendit.

311 2147 406 2203 Ad
459 2164 666 2204 omnem
713 2153 955 2206 animam
995 2154 1283 2214 viventem,
1328 2151 1590 2207 volucres
1633 2152 1864 2218 scilicet,
1915 2152 2010 2222 ju-

313 2244 528 2305 menta,
571 2245 626 2292 et
676 2239 942 2308 pecudes,
989 2247 1044 2294 et
1085 2239 1294 2295 bestias
1341 2247 1567 2309 pactum
1617 2238 1818 2307 initur,
1871 2241 2007 2295 dum

313 2336 414 2392 per
459 2337 606 2380 arcae
657 2327 1064 2396 egressionem,
1127 2327 1342 2397 peccati
1391 2327 1653 2383 videlicet
1699 2326 2010 2383 confessio-

311 2425 472 2479 nem;
524 2412 734 2470 Lazaro
777 2415 931 2470 enim
991 2415 1248 2471 dicitur:
1322 2417 1458 2471 Veni
1497 2418 1648 2483 foras
1697 2418 1874 2481 (Joan.
1927 2429 2008 2484 χι,

305 2499 420 2570 43),
489 2515 576 2568 ea,
628 2515 761 2572 quae
793 2499 1026 2559 fuerant
1073 2503 1342 2573 superba,
1404 2503 1616 2574 cupida
1670 2512 1725 2560 et
1773 2503 2006 2572 lasciva,

307 2595 484 2657 atque
530 2590 786 2646 crudelia
833 2591 906 2646 ad
955 2592 1212 2662 regulam
1271 2592 1558 2648 modestiae
1615 2592 1806 2659 ducta,
1865 2591 2010 2647 fiunt

311 2676 501 2743 utilia;
541 2675 672 2733 boni
704 2692 956 2749 namque
995 2683 1288 2750 corruptio
1343 2681 1402 2738 fit
1435 2680 1575 2736 vitia
1617 2685 1708 2750 [f.,
1754 2680 2006 2751 vitium].

308 2762 376 2819 Et
409 2765 528 2820 haec
554 2779 654 2836 per
683 2767 1092 2823 confessionem
1127 2769 1238 2824 Iota
1290 2769 1437 2825 fiunt
1473 2769 1679 2824 iterum
1707 2769 1913 2835 virtus,
1956 2778 2010 2825 et

306 2865 558 2922 superna
622 2854 954 2924 concipiunt
1019 2864 1185 2926 pacta
1241 2871 1372 2927 quae
1449 2858 1678 2928 quidem
1739 2857 2007 2928 praeteriti

306 2938 504 3010 lapsus
567 2955 789 3012 semper
847 2944 1105 2999 animum
1174 2944 1526 3014 deprimente
1569 2945 1842 3000 memoria
1889 2960 2010 3015 per-

305 3033 541 3080 manent
588 3026 900 3091 indivulsa,
950 3036 1014 3084 ut
1058 3043 1172 3084 non
1217 3029 1594 3085 interficiatur
1634 3029 1821 3085 omnis
1871 3044 2005 3087 caro
2044 3065 2084 3121 ρ

304 3110 508 3168 diluvii
541 3127 716 3184 aqua,
760 3114 815 3170 id
849 3123 932 3171 est
979 3131 1095 3172 non
1137 3125 1297 3174 tanta
1327 3117 1610 3174 habeatur
1647 3119 2002 3189 contempla—

304 3201 473 3256 tionis
501 3202 858 3270 excellentia,
892 3219 1024 3276 quae
1059 3206 1332 3263 universa
1369 3208 1440 3262 ad
1491 3206 1724 3277 plenum
1756 3208 2002 3264 subruat

300 3289 490 3344 carnis
519 3291 853 3357 certamina,
881 3300 1192 3362 quatenus,
1234 3293 1372 3350 dum
1404 3295 1619 3350 crebris
1659 3306 2001 3366 perurgetur

300 3377 567 3441 motibus,
611 3391 832 3448 semper
873 3380 1053 3448 seipsa
1101 3381 1378 3436 humilior
1404 3383 1702 3453 confugiat
1749 3384 1859 3438 sub
1900 3384 1998 3438 Dei

303 3465 703 3520 misericordia:
731 3467 852 3520 alas
888 3480 1049 3521 mens
1078 3467 1316 3536 devota;
1363 3469 1649 3525 diluvium
1698 3471 1849 3525 cnim
1877 3471 1998 3527 dis-

300 3549 496 3620 sipans
549 3560 754 3607 terram
807 3560 910 3618 est,
964 3554 1152 3609 virtus
1201 3556 1612 3624 speculationis
1659 3557 2000 3614 humilitatis

300 3647 618 3710 respectum
661 3639 717 3696 in
759 3649 948 3696 mente
991 3642 1309 3699 destruens.
1355 3644 1434 3699 Ne
1479 3646 1819 3716 magnitudo
1859 3661 1997 3703 sane

299 3726 714 3783 revelationum
747 3729 1042 3785 extolleret
1074 3730 1338 3797 Paulum,
1375 3731 1548 3788 datur
1577 3733 1683 3788 sibi
1727 3733 1998 3790 stimulus

303 3815 375 3883 (ll
408 3815 538 3868 Cor.
569 3829 669 3880 xu,
703 3818 782 3884 7.)

373 3902 541 3958 Vens.
579 3905 662 3969 12,
704 3907 788 3969 13,
825 3906 910 3970 llr,
949 3909 1031 3960 l5.
1061 3935 1123 3947 -
1159 3907 1286 3962 Hoc
1313 3909 1528 3976 signum
1570 3909 1818 3977 foederis,
1851 3911 1996 3978 quod

299 3988 367 4042 do
407 3991 550 4044 inter
590 4006 673 4044 me
710 3996 760 4044 et
814 4006 922 4056 vos,
971 3997 1022 4046 et
1061 3993 1136 4047 ad
1193 4009 1398 4048 omnem
1435 3997 1677 4049 animam
1731 3999 1994 4051 viventem

297 4093 415 4144 quas
442 4084 520 4132 est
560 4079 831 4133 vobiscum
861 4083 920 4134 in
959 4084 1328 4147 generationes
1370 4085 1744 4152 sempiternas.
1789 4085 1992 4140 Arcum

295 4181 468 4220 meum
499 4182 698 4236 ponam
728 4171 786 4221 in
828 4169 1090 4235 nubibus;
1135 4175 1186 4224 et
1217 4173 1319 4224 erit
1364 4174 1578 4240 signum
1620 4174 1762 4227 inter
1794 4189 1893 4242 me,
1943 4179 1993 4228 et

295 4255 440 4308 inter
507 4259 726 4309 terram.
806 4259 1051 4325 Cumque
1115 4257 1388 4312 abduxero
1459 4260 1707 4315 mubibus
1779 4261 1989 4327 calum,

289 4344 576 4412 apparebit
605 4359 760 4398 arcus
807 4359 950 4397 meus
991 4347 1049 4398 in
1080 4345 1358 4400 nubibus:
1402 4351 1452 4400 et
1500 4347 1821 4401 recordabar
1867 4349 1982 4414 fae-
2025 4356 2066 4410 ι)

291 4429 438 4486 deris
491 4434 597 4484 mei
638 4431 930 4496 vobiscum,
983 4437 1032 4486 el
1071 4448 1190 4487 cum
1241 4437 1388 4488 omni
1444 4437 1650 4498 anima,
1705 4451 1824 4504 qua
1867 4451 1988 4489 car-

289 4533 410 4571 nem
450 4523 688 4586 vegetat;
733 4523 782 4570 et
822 4533 930 4571 non
967 4525 1126 4573 erunt
1163 4520 1313 4574 ultra
1351 4535 1506 4588 aquae
1553 4521 1754 4576 diluvii
1786 4521 1861 4575 ad
1889 4521 1989 4576 de-

291 4605 508 4659 lendam
548 4608 860 4659 universam
906 4621 1140 4661 carnem.
1192 4607 1381 4662 Arcus
1425 4608 1610 4664 colore
1671 4609 1870 4677 rubeo,
1912 4610 1990 4664 si-

292 4693 531 4764 mulque
593 4693 764 4750 viridi
820 4702 1082 4763 constare
1144 4695 1518 4766 dignoscitur.
1574 4697 1762 4752 Arcus
1824 4711 1988 4752 sacra

289 4779 587 4851 Scriptura
617 4789 719 4848 est,
753 4782 822 4838 de
850 4795 970 4852 qua
995 4783 1232 4854 sagittas
1261 4797 1400 4838 suas
1429 4783 1767 4840 ardentibus
1813 4784 1986 4840 efficit

289 4867 441 4924 Deus
469 4870 634 4936 (Psal.
672 4885 768 4936 vn,
807 4869 909 4941 14).
941 4870 1047 4926 Per
1089 4870 1334 4926 colorem
1377 4871 1609 4942 igneum
1652 4873 1840 4940 timor,
1883 4873 1984 4944 qui

286 4969 393 5011 nos
439 4956 767 5025 discruciat,
868 4972 967 5027 per
1015 4959 1264 5014 virorem
1325 4960 1605 5030 accipitur
1646 4974 1790 5030 spes,
1852 4975 1983 5031 quae

292 5057 520 5113 pascua
563 5045 947 5114 supercaelesti
1001 5047 1212 5115 inhiat;
1265 5061 1396 5116 quae
1441 5048 1556 5103 duo
1601 5063 1733 5104 cum
1782 5050 1984 5106 indesi-

289 5139 491 5188 nenter
549 5141 746 5188 nostra
833 5135 1244 5203 occupaverint
1300 5135 1474 5190 corda
1547 5150 1621 5191 ex
1685 5151 1825 5194 arcu
1882 5138 1978 5194 Dei

283 5219 669 5288 procedentia,
732 5219 791 5275 fit
842 5221 1074 5290 signum
1128 5221 1356 5277 hederis
1407 5225 1464 5276 in
1485 5223 1740 5292 nubibus,
1792 5225 1846 5282 id
1897 5234 1978 5282 est

284 5307 561 5363 indicium
591 5307 774 5363 divini
808 5307 1021 5364 amoris
1062 5308 1121 5364 in
1152 5310 1616 5380 cogitationibus,
1668 5327 1786 5384 quo
1835 5313 1978 5371 bene

281 5396 429 5450 inter
486 5409 612 5462 nos,
668 5409 736 5451 ac
789 5395 970 5452 Deum
1005 5399 1454 5464 ~conveniamus,
1505 5400 1852 5470 proficiendo
1917 5403 1975 5458 in

280 5481 563 5538 virtutum
597 5483 1013 5554 generationes,
1060 5499 1192 5555 quae
1237 5499 1339 5542 nos
1386 5486 1458 5542 ad
1504 5487 1698 5544 beatas
1727 5490 1977 5548 evehant

281 5570 781 5642 sempiternitates;
834 5585 966 5628 cum
1016 5576 1278 5630 enimsic
1347 5574 1596 5645 timetur,
1659 5586 1720 5634 ut
1779 5586 1973 5635 tamen

2121 570 2357 630 crescat,
2400 577 2514 618 non
2547 563 2603 618 in
2629 565 2821 619 animo
2847 564 3150 634 reperitur.
3194 565 3342 620 Dum
3375 565 3571 636 itaque
3604 567 3850 632 caelum,

2122 669 2282 712 mens
2313 649 2592 720 videlicet,
2636 653 2889 717 nubibus,
2919 653 2973 708 id
3005 662 3089 708 est
3133 653 3542 724 cogitationum
3596 655 3854 710 nebulis

2120 745 2446 812 obducitur,
2483 758 2656 800 arcus
2686 745 2785 798 iste
2820 755 2920 811 per
2959 756 3133 811 quem
3177 743 3351 797 corda
3388 743 3666 799 charitate
3707 743 3852 799 vul-

2121 841 2416 902 nerentur,
2449 833 2616 904 quasi
2661 831 2865 888 lucifer
2913 832 2970 886 in
3025 830 3273 886 tenebris
3315 845 3705 902 apparescens
3743 833 3852 888 in-

2121 921 2378 979 ducitur.

2193 1038 2360 1096 Vnns.
2421 1039 2509 1104 16,
2563 1041 2648 1093 17.
2703 1067 2772 1077 —
2831 1038 2902 1092 Et
2954 1035 3300 1102 recordabar,
3355 1036 3546 1106 inquit
3594 1037 3850 1103 [aderis

2121 1131 2226 1181 mei
2257 1129 2548 1192 vobiscum,
2583 1127 2635 1182 id
2667 1133 2752 1181 est
2798 1124 3085 1180 recordari
3125 1138 3226 1178 vos
3263 1123 3465 1179 faciam
3498 1125 3850 1194 sponsionis

2119 1224 2344 1279 vestrae,
2376 1229 2495 1286 qua
2525 1215 2663 1270 mihi
2701 1228 2801 1269 vos
2843 1227 2946 1283 pro
2975 1220 3294 1268 vestrorum
3347 1213 3515 1268 venia
3540 1213 3835 1282 ipeccatoo

2121 1317 2274 1372 rum,
2323 1312 2378 1360 et
2421 1302 2654 1374 prtemio
2708 1302 2839 1357 vitae
2884 1309 3110 1356 internas
3153 1301 3466 1356 servituros
3511 1301 3844 1357 obtulistis.

2123 1393 2237 1448 Hoc
2286 1393 2470 1448 foedus
2511 1392 2716 1447 initum
2765 1398 2849 1446 est
2896 1390 3066 1446 etiam
3113 1405 3232 1443 cum
3269 1388 3416 1443 omni
3456 1392 3662 1458 anima,
3709 1405 3848 1446 non

2120 1494 2296 1550 quam
2353 1494 2486 1536 caro
2525 1487 2732 1550 portat,
2765 1478 2859 1533 sed
2907 1491 3038 1548 quae
3081 1477 3478 1533 carnalitatem
3538 1479 3714 1548 regit,
3786 1486 3850 1532 et

2118 1583 2251 1624 cum
2297 1569 2610 1639 paralytico
2663 1567 2969 1638 grabatum
3023 1565 3261 1636 bajulat,
3289 1572 3344 1620 et
3386 1565 3524 1621 dum
3585 1580 3720 1635 spes
3775 1566 3847 1621 ti-

2119 1656 2294 1711 moris
2389 1656 2749 1726 providentia
2832 1661 3206 1724 temperatur,
3279 1652 3495 1723 siqua
3551 1667 3846 1723 supernae

2053 1744 2482 1822 BaSpirationis
2525 1743 2907 1799 exuberantia
2967 1742 3281 1811 aliquando
3355 1750 3642 1812 suppetat,
3708 1757 3843 1798 non

2121 1831 2332 1886 valebit
2376 1831 2663 1887 intantum
2700 1839 2760 1886 ut
2790 1838 2981 1886 tumor
3014 1831 3144 1884 inde
3190 1838 3481 1896 nascatur,
3515 1833 3658 1901 quia
3701 1845 3848 1886 car-

2121 1919 2340 1975 nalium
2372 1919 2646 1975 memoria
2675 1933 2912 1988 operum
2945 1918 3018 1972 ab
3048 1918 3262 1983 animo,
3297 1918 3412 1972 Deo
3431 1919 3839 1988 dispensante,

2121 2021 2492 2078 nequaquam
2533 2007 2782 2076 deletur;
2813 2008 3022 2074 eritque
3067 2021 3228 2060 arcus
3257 2010 3315 2059 in
3365 2007 3615 2073 nubibus,
3677 2007 3842 2077 quia

2120 2110 2218 2152 cor
2247 2104 2508 2152 nostrum
2542 2096 2688 2150 sacri
2736 2095 2946 2165 eloquii
2998 2102 3083 2150 est
3131 2095 3308 2162 locus,
3341 2101 3391 2148 et
3435 2095 3625 2150 videbo
3672 2112 3838 2163 eum,

2121 2185 2174 2239 id
2223 2193 2306 2241 est
2359 2185 2635 2240 continua
2695 2183 3060 2239 meditatione
3115 2183 3480 2239 versantibus
3527 2198 3840 2254 exponam

2123 2273 2262 2329 illud
2311 2273 2463 2328 clare
2513 2272 2850 2337 vivendum,
2908 2277 2958 2326 et
2995 2272 3319 2326 recordabar
3346 2273 3588 2340 fmderis,
3632 2273 3689 2328 id
3741 2281 3838 2329 est

2121 2361 2408 2417 recordari
2442 2361 2641 2416 faciam
2672 2360 2986 2430 spiritualis
3011 2375 3126 2426 eos,
3161 2373 3281 2430 qua
3324 2360 3458 2415 mihi
3495 2368 3837 2416 annectan-

2119 2457 2234 2517 tur,
2261 2449 2602 2512 dulcedinis,
2633 2449 2855 2516 ﬁnieris
2881 2448 3008 2504 dico
3033 2451 3368 2517 sempiterni,
3395 2448 3550 2519 quod
3583 2449 3832 2505 interim

2119 2537 2258 2593 dum
2288 2538 2540 2593 vivimus
2568 2551 2674 2592 nos
2707 2538 3005 2606 Deumque
3035 2536 3408 2606 constringat,
3459 2536 3552 2592 sed
3606 2536 3664 2592 in
3725 2537 3835 2592 fu-

2119 2633 2249 2683 turo
2297 2627 2618 2696 specialiter
2675 2625 2856 2681 uniat.
2932 2625 3048 2680 Hoc
3090 2630 3309 2694 pactum
3355 2625 3427 2680 ad
3477 2625 3834 2681 universam

2117 2729 2370 2782 carnem,
2405 2714 2458 2770 id
2491 2723 2575 2770 est
2602 2714 3042 2781 humanitatem,
3091 2729 3210 2782 quae
3251 2719 3328 2768 est
3373 2729 3536 2784 super
3588 2719 3829 2778 terram,

2119 2801 2170 2857 id
2204 2810 2287 2858 est
2317 2816 2448 2873 quze
2473 2803 2912 2872 supergreditur
2939 2803 3204 2871 seipsam.

2187 2916 2360 2974 Vsus.
2398 2919 2481 2972 18.
2514 2945 2570 2958 —
2604 2917 2788 2971 Erant
2822 2919 2993 2984 igitur
3021 2917 3131 2978 filii
3161 2917 3287 2982 Noe,
3325 2917 3422 2985 qui
3451 2917 3656 2982 egressi
3686 2920 3834 2970 sunt

2115 3004 2182 3057 de
2225 3020 2375 3068 arca,
2427 3005 2570 3072 Sem,
2622 3007 2808 3071 Cham,
2849 3010 2900 3057 et
2944 3006 3198 3072 Japheth.
3264 3004 3429 3058 Porro
3478 3004 3645 3058 Citam
3695 3007 3832 3074 ipse

2114 3096 2192 3146 est
2218 3099 2379 3162 pater
2408 3093 2692 3148 Chanaan.
2735 3092 2870 3146 Tres
2904 3091 2992 3146 isti
3023 3098 3161 3147 sunt
3205 3090 3305 3146 lilii
3348 3091 3482 3158 Noe,
3525 3099 3580 3146 et
3609 3091 3682 3146 ab
3730 3092 3829 3148 his

2108 3179 2544 3237 disseminatum
2573 3187 2656 3235 est
2687 3193 2854 3235 omne
2882 3179 3179 3234 hominum
3227 3193 3410 3249 genus
3453 3192 3628 3247 super
3671 3179 3828 3234 uni-

2109 3283 2331 3324 versam
2367 3278 2597 3324 terram.
2631 3268 2718 3322 Ex
2754 3276 2949 3323 nostro
2979 3267 3185 3338 spiritu
3239 3266 3614 3336 spiritualiter
3649 3266 3821 3333 fides,

2109 3371 2256 3426 spes,
2306 3358 2558 3412 charitas
2600 3363 2996 3426 procreantur,
3055 3363 3118 3410 ut
3164 3368 3342 3424 supra
3387 3355 3496 3409 sub
3549 3356 3826 3424 personis

2107 3445 2282 3500 trium
2339 3445 2586 3499 filiorum
2669 3444 2972 3498 dissertum
3020 3451 3122 3497 est.
3173 3443 3242 3497 Hi
3317 3441 3698 3511 egrediuntur
3746 3443 3822 3498 de

2107 3547 2260 3600 arca,
2306 3533 2538 3603 quando
2583 3533 2650 3588 de
2705 3531 2924 3602 potenti
3011 3544 3106 3600 per
3142 3530 3548 3586 confessionem
3611 3532 3820 3602 egredi

2107 3633 2209 3674 nos
2239 3619 2985 3689 compelluntconscientia;
3024 3618 3157 3673 talia
3190 3617 3341 3673 dicta
3389 3617 3445 3673 in
3495 3617 3821 3688 Scripturis

2105 3707 2424 3773 abundant,
2459 3716 2522 3763 ut
2548 3717 2632 3763 est
2665 3723 2678 3760 :
2707 3707 2948 3761 Possedit
2973 3721 3167 3774 agrum
3207 3705 3274 3759 de
3315 3706 3552 3760 mercede
3591 3709 3816 3777 iniqui-

2106 3798 2235 3850 tatis
2267 3797 2412 3862 (Act.
2447 3810 2484 3860 ι,
2524 3797 2634 3865 18),
2671 3794 2725 3850 id
2754 3803 2839 3850 est
2891 3793 3164 3864 possideri
3214 3793 3360 3850 fecit.
3411 3793 3584 3849 Porro
3620 3794 3814 3852 Cham

2105 3885 2224 3952 ipse
2253 3891 2337 3938 est
2367 3891 2526 3952 pater
2567 3890 2622 3938 et
2651 3890 2852 3938 auctor
2901 3881 3197 3949 Chanaan,
3239 3882 3338 3952 qui
3391 3883 3818 3953 interpretatur

2102 3974 2274 4022 motus
2301 3984 2502 4022 eorum.
2545 3970 2721 4024 Deum
2752 3967 2904 4022 enim
2956 3967 3284 4023 multotiens
3317 3983 3494 4039 quam
3522 3970 3592 4024 sit
3616 3970 3816 4026 ardua

2103 4056 2280 4112 nostri
2314 4056 2606 4112 exsecutio
2631 4055 2902 4126 propositi
2947 4056 3398 4123 consideramus,
3445 4065 3500 4112 et
3536 4071 3812 4113 necessa-

2103 4145 2244 4199 riam
2299 4151 2610 4214 cceptorum
2663 4145 2943 4200 bonorum
3008 4145 3486 4214 perseverantiam
3546 4147 3811 4201 attendi-

2103 4245 2250 4296 mus,
2309 4245 2380 4286 ex
2434 4231 2666 4298 desidia,
2722 4239 2778 4286 et
2835 4231 3228 4301 desperatione
3309 4232 3524 4288 laboris
3581 4233 3643 4287 fit
3697 4239 3807 4290 ετ

2101 4327 2308 4387 motus,
2364 4333 2431 4374 ac
2489 4319 2728 4374 mutatio
2778 4333 2998 4386 eorum,
3051 4320 3265 4376 scilicet
3313 4335 3602 4389 operum:
3659 4336 3802 4377 nam

2101 4405 2238 4461 fides
2277 4421 2409 4462 cum
2467 4414 2768 4462 exercetur
2816 4421 2917 4476 per
2957 4406 3147 4462 officia
3183 4407 3498 4475 charitatis,
3556 4415 3612 4464 et
3667 4421 3805 4478 Spes

2096 4492 2358 4548 delectari
2391 4494 2598 4550 nititur
2619 4494 3007 4552 invisibilibus
3037 4496 3220 4564 bonis,
3257 4496 3330 4552 ab
3361 4497 3617 4566 ipsorum
3649 4511 3802 4552 con-

2100 4581 2271 4650 tuitu,
2301 4583 2490 4656 operis
2517 4583 2669 4640 victa
2704 4582 2928 4640 fastidio
2966 4584 3312 4650 visibilibus,
3345 4599 3476 4656 qute
3519 4585 3705 4656 magis
3737 4587 3800 4642 in

2098 4677 2362 4740 promptu
2415 4678 2568 4739 sant,
2655 4681 2958 4728 amovetur
3029 4672 3326 4728 illecebris.
3383 4673 3551 4729 Cham
3599 4673 3800 4744 itaque

2089 4763 2250 4828 pater
2297 4764 2376 4813 est
2419 4759 2702 4827 Chanaan,
2757 4762 2898 4831 quia
2944 4775 3073 4830 spes
3119 4760 3347 4831 proprio
3377 4760 3622 4830 defectu,
3673 4776 3794 4817 non

2092 4847 2248 4916 quod
2280 4847 2431 4904 bona
2458 4857 2674 4904 aeterna
2715 4849 3020 4918 discredat,
3060 4850 3156 4905 sed
3207 4849 3360 4920 quod
3401 4864 3469 4906 ea
3511 4850 3792 4922 consequi

2091 4949 2208 5005 prae
2237 4935 2448 4992 laboris
2481 4937 2625 4992 male
2652 4936 2894 5003 diftidat,
2939 4937 3302 5007 potissimum
3351 4938 3556 4994 mentis
3597 4938 3795 4994 studia

2091 5033 2298 5092 movet,
2349 5039 2416 5080 ac
2461 5033 2665 5093 mutat,
2723 5025 2998 5081 Chanaan
3055 5026 3207 5083 enim
3257 5027 3470 5083 dicitur
3525 5032 3788 5081 mutatus.

2090 5112 2177 5168 Ab
2223 5113 2312 5169 his
2352 5113 2558 5181 tribus,
2609 5114 2818 5169 nostris
2865 5113 3262 5184 spiritualibus
3301 5115 3434 5170 [iliis
3480 5130 3649 5172 omne
3693 5115 3794 5170 bo-

2088 5200 2311 5256 minum
2361 5215 2563 5271 genus,
2614 5200 2668 5255 id
2717 5207 2801 5256 est
2847 5201 3034 5256 omnis
3074 5201 3285 5270 species
3326 5201 3789 5258 rationabilitatis

2084 5302 2260 5359 super
2289 5296 2500 5345 terram
2525 5287 2796 5344 humanae
2823 5288 3166 5345 conditionis
3190 5289 3536 5346 infunditur.

2157 5403 2326 5459 Vnus.
2379 5405 2464 5466 20,
2507 5405 2598 5470 2t,
2650 5405 2738 5458 22.
2793 5434 2860 5443 —
2909 5405 3192 5475 Coepitque
3245 5407 3354 5460 Nae
3397 5408 3488 5460 vir
3539 5407 3783 5474 agricola

2083 5507 2326 5544 exercere
2355 5497 2578 5560 terram,
2607 5498 2656 5546 et
2677 5493 2955 5562 plantavit
2992 5497 3222 5548 vineam.
3255 5494 3556 5565 Bibensque
3594 5497 3782 5550 vinum

2082 5578 2386 5634 inebriatus
2431 5586 2532 5648 est,
2575 5585 2627 5636 et
2665 5581 2904 5637 nudatus
2947 5582 3128 5654 jacuit
3173 5585 3232 5637 in
3273 5583 3616 5640 tabernacula
3661 5598 3774 5640 suo.
