3956 6478
199 422 302 474 109

1412 422 1777 478 MORALIUM
1821 423 1885 476 ῐΝ
1926 420 2234 478 GENESIN
2275 422 2404 476 LIB.
2447 420 2541 477 ΙΙΙ.

3642 430 3659 479 l
3680 431 3742 481 ΙΟ

195 557 356 623 Quod
411 573 541 614 cum
595 559 825 615 vidisset
883 558 1075 626 Cham,
1124 562 1286 629 pater
1339 558 1635 626 Chanaan,
1693 556 1927 612 verenda
1968 559 2099 612 Ain
2150 558 2515 613 tabernaculis
2574 560 2694 614 Sem
2717 601 2731 624 ,
2790 561 2867 613 sit
2916 560 3179 617 Chanaan
3233 576 3419 617 servus
3465 562 3603 630 ejus.
3653 567 3741 619 Ea:

198 650 410 703 scilicet
437 651 630 719 patris
661 648 751 704 sui
779 664 890 704 esse
931 649 1164 713 nudata,
1220 650 1501 702 nuntiavit
1550 648 1758 702 duobus
1804 648 1928 713 fra-

206 738 384 792 tribus
440 742 559 795 suis
623 742 797 806 foras.
868 738 1118 808 Spiritus
1174 745 1370 793 noster
1426 737 1647 808 requiei
1705 744 1931 792 amator

208 825 453 883 internze
488 829 581 883 vir
610 830 853 895 agricola
879 835 983 895 est,
1014 842 1145 881 cum
1181 826 1332 881 vires
1364 826 1580 896 ingenii
1611 826 1682 881 ad
1713 824 1927 895 exqui-

213 917 425 972 rendas
447 930 629 972 sacrae
660 915 881 986 pagina;
914 916 1041 985 agri
1087 914 1352 970 videlicet
1408 914 1745 984 spiritualis.
1804 914 1926 969 fru-

212 1019 316 1074 ges
339 1005 558 1076 exerit;
587 1011 788 1058 terram
817 1010 1064 1071 exercet,
1100 1017 1234 1059 cum
1264 1002 1484 1072 corpori
1514 1016 1616 1073 per
1666 1002 1929 1058 exactio-

212 1108 320 1148 nes
349 1094 614 1150 laborum
651 1094 938 1161 imminet;
995 1095 1212 1147 vineam
1271 1091 1512 1161 plantat,
1543 1106 1677 1147 cum
1734 1105 1930 1161 corpo-

213 1183 397 1240 ralem
424 1198 527 1254 per
555 1198 614 1239 se
657 1183 955 1239 attendens
1002 1181 1469 1237 exercitationem
1530 1180 1601 1235 ad
1635 1179 1927 1235 modicum

214 1272 445 1339 utilem,
504 1272 794 1342 pietatem,
855 1270 1179 1340 spiritualia
1236 1268 1450 1325 scilicet
1504 1268 1655 1324 bona
1720 1268 1779 1324 in
1826 1268 1926 1323 Dei

213 1361 522 1417 dilectione
567 1359 794 1428 fundat,
854 1359 1009 1415 unde
1068 1358 1328 1430 palmites
1395 1358 1636 1413 interna;
1695 1358 1928 1415 virtutis

214 1449 482 1507 eﬁundat
517 1465 530 1504 :
564 1448 709 1506 bibit
738 1452 943 1514 vinum,
978 1464 1109 1504 cum
1142 1449 1409 1519 degustat
1450 1446 1674 1503 cmleste
1703 1447 1924 1503 deside-

216 1541 397 1596 rium.
432 1540 566 1606 lloc,
623 1539 796 1610 juxta
847 1536 1203 1605 Zachariam,
1233 1536 1519 1609 germinat
1547 1536 1804 1607 virgines
1832 1526 1925 1591 vi:

215 1644 365 1685 num
402 1630 582 1697 (Zach.
617 1644 694 1694 ix,
724 1629 834 1699 i7).
871 1626 1219 1693 Inebriatur,
1247 1641 1378 1682 cum
1432 1634 1657 1682 terrena
1685 1626 1923 1681 oblivis-

215 1733 359 1773 cens
388 1719 458 1773 ad
491 1732 744 1789 superna
780 1717 900 1773 sola
940 1717 1251 1787 cogitanda
1300 1717 1513 1786 gaudia
1560 1716 1921 1785 extenditur;

216 1807 317 1863 sed
351 1822 482 1863 cum
513 1808 584 1862 ad
631 1807 882 1863 czplestia
937 1806 1212 1876 sapienda
1276 1805 1614 1875 porrigitur,
1668 1819 1799 1874 qua;
1853 1805 1925 1859 sit

217 1898 451 1953 miseria
478 1898 753 1953 humanae
806 1894 1171 1951 mortalitatis
1211 1902 1348 1950 tunc
1381 1900 1566 1964 primo
1620 1894 1924 1964 magisque

218 1986 621 2055 cognoscitur;
647 1989 706 2040 in
737 1985 1081 2042 tabernaculo
1106 1999 1243 2054 ergo
1272 1998 1330 2038 se
1383 1983 1585 2049 nudat,
1623 1982 1725 2053 qui
1782 1982 1925 2038 stola

218 2074 704 2145 impassibilitatis
733 2088 798 2128 ac
828 2072 1273 2129 immortalitatis
1301 2071 1610 2141 spoliatum
1663 2085 1721 2126 se
1751 2070 1920 2126 etiam

216 2163 280 2218 in
314 2163 436 2233 ipso
463 2177 721 2233 corpore,
756 2162 910 2233 quod
946 2160 1386 2217 tabernaculum
1442 2160 1648 2215 usitate
1678 2158 1733 2213 in
1768 2157 1924 2214 Scri-

222 2261 397 2323 ptura
419 2252 646 2315 dicitur,
685 2258 906 2322 pensat,
932 2251 1105 2322 juxta
1171 2248 1437 2317 Paulum,
1473 2248 1625 2304 enim
1659 2247 1924 2318 quandiu

218 2344 282 2395 in
340 2341 436 2395 hoc
482 2356 668 2395 sumus
728 2340 1071 2394 tabernaculo
1130 2339 1535 2405 ingemiseimus
1590 2339 1813 2404 gravati
1846 2337 1923 2404 (Il

221 2431 346 2486 Cor.
369 2432 420 2497 5,
452 2430 531 2497 4),
566 2436 668 2485 aut
704 2444 778 2485 ex
806 2429 925 2499 ipso
974 2435 1151 2500 gustu
1181 2427 1395 2498 gloriae,
1442 2440 1621 2496 quam
1679 2426 1751 2481 sit
1800 2424 1923 2480 vir-

221 2518 365 2575 tutis
393 2532 574 2589 egena
605 2532 770 2573 mens
796 2516 1026 2589 cogitat.
1051 2518 1125 2572 At
1169 2516 1309 2571 dum
1342 2529 1492 2585 smpe
1540 2522 1594 2570 et
1644 2514 1925 2585 fragilitas

221 2608 376 2663 inter
406 2606 629 2662 labores
659 2605 915 2675 corporis
944 2613 999 2661 et
1032 2604 1236 2675 gravia
1273 2603 1346 2658 ad
1383 2602 1737 2673 expiandum
1789 2616 1923 2672 pec-

220 2705 355 2752 cata
381 2703 693 2751 occurrunt
726 2694 918 2762 menti,
952 2708 1194 2764 spesque
1243 2692 1431 2747 minor
1460 2692 1532 2747 ob
1562 2691 1648 2746 sui
1705 2690 1762 2746 in
1815 2691 1924 2746 hac

222 2793 387 2856 parte
419 2783 811 2840 remissionem
874 2782 1051 2838 frater
1076 2780 1422 2852 appellatur,
1477 2780 1713 2833 terenda
1743 2778 1921 2834 animi

212 2876 406 2945 patris
432 2873 646 2929 scilicet
677 2874 765 2926 sui
792 2871 1237 2940 contemplanda
1281 2868 1604 2940 praetendit,
1660 2876 1715 2924 et
1765 2868 1920 2923 difﬁ-

218 2961 520 3027 cultatem,
562 2960 677 3016 imo
708 2959 1219 3030 impossibilitatem
1255 2958 1602 3027 pmnitentim
1659 2956 1923 3013 contuitu

217 3049 630 3117 verendorum,
666 3049 719 3104 id
750 3057 834 3104 est
880 3055 1265 3118 peccatorum,
1326 3046 1602 3118 objiciens
1663 3046 1811 3111 ﬁdei,
1868 3054 1924 3101 et

217 3139 493 3195 eharitati
532 3152 786 3209 quarum
834 3138 979 3193 ratio
1011 3136 1313 3208 aliquoties
1359 3143 1524 3191 extra
1576 3151 1680 3191 nos
1717 3149 1922 3206 evaga-

216 3236 346 3295 tur,
377 3229 540 3298 quasi
598 3228 805 3282 duobus
855 3230 1007 3295 foras
1024 3222 1221 3297 positis
1249 3227 1525 3293 fratribus
1564 3225 1816 3290 nuntiat,
1871 3232 1924 3281 et

218 3323 352 3371 uta
386 3315 679 3386 proposito
709 3315 994 3383 desinant,
1030 3314 1197 3385 quasi
1222 3315 1591 3370 snbsannans
1624 3312 1801 3383 partis
1822 3311 1921 3383 qui

218 3404 525 3474 proposuit
555 3402 847 3475 ignaviam
876 3410 1061 3473 cogat.

295 3493 477 3551 Vens.
527 3495 616 3547 23.
664 3523 735 3532 —
800 3495 877 3547 At
931 3507 1054 3546 vero
1103 3492 1221 3547 Sem
1280 3497 1330 3546 et
1380 3490 1615 3560 Jophcth
1690 3490 1925 3560 pallium

214 3585 564 3652 imposerunt
621 3582 881 3648 humeris,
928 3586 977 3635 et
1050 3581 1351 3635 incedentes
1380 3586 1675 3634 retrorsum
1704 3594 1922 3648 operue-

210 3677 360 3726 runt
413 3671 647 3725 verenda
696 3672 876 3739 patris
933 3672 1055 3735 sui;
1121 3672 1397 3740 faciesque
1467 3685 1649 3723 eorum
1726 3681 1928 3721 aversae

209 3766 405 3829 erant,
454 3767 503 3814 et
551 3763 734 3830 patris
779 3761 867 3814 sui
895 3760 1089 3814 virilia
1129 3774 1235 3812 non
1277 3758 1531 3812 viderunt
1568 3758 1707 3823 Sem,
1742 3761 1792 3809 et
1826 3757 1925 3809 Ja-

206 3850 395 3918 pheth
423 3849 654 3918 pallium
704 3848 1011 3918 imponunt
1062 3848 1319 3911 humeris,
1367 3847 1604 3918 quando
1671 3846 1811 3902 ﬁdes
1875 3854 1930 3902 et

208 3937 484 3993 charitas
516 3937 603 3993 sui
638 3936 858 3992 ratione
887 3936 1297 3993 reviviscentes
1350 3936 1705 3992 nimietatem
1761 3949 1930 3991 vere-

207 4027 479 4095 cundiae,
503 4042 635 4098 quae
662 4033 847 4082 mater
875 4032 960 4082 est
1024 4025 1454 4097 desperationis,
1505 4024 1932 4081 dissimulantes

210 4131 345 4171 non
382 4129 616 4186 prorsus
649 4113 937 4185 rejieiunt,
974 4114 1068 4170 sed
1100 4129 1159 4171 se
1190 4121 1415 4184 ponunt
1445 4127 1479 4169 a
1508 4121 1668 4183 tergo
1700 4114 1927 4170 mentis.

212 4204 397 4259 Unde
417 4203 629 4259 dicitur
662 4218 675 4256 :
720 4202 1054 4259 Incedentes
1104 4211 1276 4270 retro,
1315 4202 1455 4273 quia
1511 4202 1614 4258 etsi
1651 4201 1929 4272 pudorem

212 4295 279 4349 in
320 4299 612 4364 quantum
641 4291 858 4348 nimius
886 4300 971 4348 est
1027 4291 1319 4364 rejieiunt,
1347 4300 1540 4347 tamen
1588 4305 1691 4362 per
1716 4305 1931 4347 memo-

210 4386 381 4439 riam
412 4381 711 4452 przeteritze
742 4381 873 4437 vita;
927 4388 1080 4437 retro
1128 4380 1429 4450 incedunt;
1463 4394 1578 4435 non
1607 4379 1761 4436 enim
1791 4380 1932 4435 abo-

208 4471 405 4529 lenda
433 4479 518 4527 est
546 4469 762 4540 peccati
791 4468 1160 4536 verecundia,
1188 4469 1283 4525 sed
1316 4468 1724 4538 temperanda;
1756 4468 1932 4536 facies

208 4569 432 4618 autem
461 4565 828 4624 avertuntur,
883 4557 1118 4629 quando
1166 4557 1235 4613 de
1283 4556 1678 4627 desperatione
1708 4558 1928 4620 tentati.

207 4651 295 4706 ad
332 4648 650 4709 anteriora,
697 4660 854 4717 spem
887 4646 1101 4702 scilicet
1153 4652 1526 4712 aeternorum,
1589 4660 1721 4716 qua:
1752 4647 1933 4716 paeni-

209 4737 374 4795 tenti
407 4738 845 4807 promittuntur,
904 4733 1315 4791 intellectuales
1365 4732 1515 4788 oculi
1554 4732 1933 4804 |diriguntur;

210 4835 436 4900 operta
483 4826 663 4897 igitur
704 4826 886 4895 patris
942 4825 1134 4879 virilia
1177 4838 1293 4879 non
1353 4822 1659 4878 indiscrete
1716 4819 1938 4892 pudore

214 4915 485 4974 videnda
540 4914 830 4984 operiunt,
894 4926 1027 4969 cum
1073 4912 1232 4977 ﬁdes,
1285 4919 1341 4968 et
1390 4911 1642 4967 charitas
1672 4918 1938 4981 correpta

211 5006 349 5077 jam
374 5003 484 5060 sibi
528 5018 629 5074 spe
671 5001 794 5058 suis
825 5008 1049 5058 utentes
1092 5000 1341 5067 viribus,
1408 4998 1696 5056 fructibus
1752 5000 1935 5070 pinni-

222 5094 426 5152 lentim
482 5090 676 5164 dignis
727 5098 1058 5161 contegunt.
1099 5088 1205 5145 Sed
1264 5088 1585 5145 notandum
1644 5089 1798 5159 quod
1847 5090 1939 5145 hic

228 5192 397 5255 pater
418 5182 694 5240 Chanaan
728 5178 914 5235 solum
937 5178 1104 5235 modo
1134 5185 1371 5234 vocetur
1398 5177 1598 5243 Cham,
1650 5176 1750 5233 ubi
1798 5190 1937 5247 sug-

230 5273 377 5345 gerit
412 5286 608 5344 prava:
640 5268 910 5325 motionis
938 5266 1189 5338 culpam.

303 5363 473 5420 Vens.
511 5363 598 5428 24,
652 5360 748 5418 25.
805 5359 895 5424 26,
947 5359 1036 5411 27.
1069 5386 1138 5397 —
1187 5356 1478 5425 Eorigilans
1507 5360 1686 5409 autem
1734 5356 1842 5410 Noe
1873 5371 1940 5409 ea:

235 5455 370 5519 vino,
402 5468 523 5507 cum
574 5447 863 5503 didicisset
927 5461 1047 5515 qua
1110 5447 1316 5512 fecerat
1386 5445 1531 5513 ﬁlius
1572 5458 1703 5497 suus
1740 5446 1939 5512 minor,

235 5546 342 5598 ait:
371 5539 722 5599 Maledictus
780 5535 1065 5601 Chanaan,
1125 5548 1310 5588 servus
1364 5549 1639 5588 servorum
1665 5536 1770 5587 erit
1815 5535 1938 5599 fra-

232 5634 391 5691 ινίὺιιε
419 5634 573 5693 suis;
613 5624 935 5681 benedictus
998 5623 1262 5677 Dominus
1298 5624 1434 5675 Deus
1495 5623 1634 5683 Sem.
1688 5623 1762 5675 sit
1805 5622 1942 5677 Cha-

229 5742 354 5786 naan
399 5732 604 5783 servus
636 5714 786 5786 ejus.
823 5711 1020 5768 Dilatet
1078 5711 1222 5767 Deus
1264 5710 1519 5783 Japheth,
1565 5717 1613 5765 et
1646 5710 1860 5765 inhabit
1893 5715 1943 5764 et

2038 648 2187 712 vino,
2213 646 2267 702 id
2299 654 2381 702 est
2412 661 2485 703 ex
2516 647 2716 718 gratiae
2761 648 2912 704 dono
2964 651 3071 704 Noe
3109 649 3367 720 evigilat,
3417 666 3550 707 cum
3609 654 3740 708 ani—

2040 749 2171 791 mus
2190 743 2482 806 comperto
2511 737 2897 808 suggestiouis
2935 738 3066 793 dolo
3120 748 3320 795 contra
3375 739 3504 809 ejus
3549 748 3739 797 tenta-

2037 832 2231 881 menta
2274 829 2586 882 restiturus
2671 840 2730 881 se
2783 828 3042 883 suscitat.
3097 830 3277 882 Minor
3338 838 3530 885 autem
3590 832 3740 897 ﬁlius

2037 920 2186 970 recte
2206 913 2438 983 dicitur,
2481 915 2622 986 quia
2655 916 2793 971 ﬁdes
2849 916 2906 971 in
2962 916 3161 988 aliquo
3199 917 3432 975 difﬁcile
3491 918 3735 988 labitur;

2038 1004 2159 1059 haec
2187 1017 2323 1059 vero
2348 1006 2852 1073 perexcusationes
2882 1006 3411 1076 impossibilitatum
3471 1008 3740 1064 citissime

2035 1092 2403 1163 congelascit,
2435 1102 2490 1151 et
2519 1109 2622 1164 per
2666 1095 2847 1165 ipsam
2900 1096 3117 1165 pariter
3145 1096 3418 1160 charitas,
3452 1097 3560 1152 nisi
3592 1098 3740 1153 adsit

2035 1182 2203 1250 ratio,
2262 1182 2607 1254 refrigescit;
2656 1184 3028 1256 congelascit,
3086 1184 3352 1255 inquam,
3408 1186 3530 1242 bzec
3581 1187 3733 1242 enim

2033 1278 2118 1327 est
2176 1285 2352 1327 ovum
2412 1271 2835 1344 evangelicum,
2890 1272 3047 1343 quod
3127 1281 3387 1330 materno
3441 1272 3740 1330 charitatis

2033 1361 2221 1417 calore
2271 1361 2518 1429 fovetur,
2579 1362 2733 1418 unde
2777 1369 2832 1418 et
2884 1361 3062 1419 Cham
3100 1363 3316 1417 calidus
3358 1363 3590 1427 dicitur,
3640 1363 3735 1418 cui

2032 1451 2198 1506 vrius
2258 1449 2466 1520 scorpii
2530 1450 2889 1507 adversatur.
2949 1451 3308 1507 Maledictum
3349 1466 3454 1522 pro
3507 1451 3735 1507 defectu

2033 1539 2212 1594 solere
2262 1538 2399 1607 poni
2451 1553 2601 1608 saepe
2660 1553 2903 1595 numero
2949 1539 3071 1610 jam
3126 1541 3410 1609 divimus;
3458 1541 3734 1597 Chanaan

2032 1641 2170 1698 ergo
2218 1626 2465 1694 deﬁciat,
2519 1627 2577 1683 id
2633 1635 2718 1683 est
2773 1635 2965 1684 motus
3020 1628 3409 1684 instabilitatis
3466 1630 3735 1699 absistat;

2033 1715 2184 1771 servi
2221 1715 2463 1771 fratrum
2496 1722 2632 1770 sunt
2663 1716 2829 1783 ratio,
2877 1716 3165 1784 voluntas,
3215 1726 3270 1771 et
3300 1716 3563 1779 allectus,
3606 1733 3739 1788 quae

2036 1804 2188 1871 ﬁdei,
2246 1803 2384 1874 spei,
2438 1811 2493 1859 et
2568 1803 2835 1860 charitati
2880 1804 3177 1871 obediunt,
3228 1805 3316 1860 vel
3363 1819 3734 1876 quaecunque

2036 1894 2301 1959 interius,
2325 1892 2418 1949 vel
2446 1893 2703 1949 exterius
2732 1893 2883 1949 bona
2913 1906 3090 1963 opera
3145 1893 3313 1950 ﬁunt.
3348 1895 3446 1950 llis
3497 1895 3738 1965 quidam

2036 1982 2317 2038 militibus
2347 1981 2816 2039 succenturietus
2836 1982 3024 2038 aiebat
3057 1998 3070 2038 :
3106 1983 3242 2038 Dico
3268 1983 3394 2037 huic
3427 2000 3440 2037 :
3475 1984 3615 2037 vade
3644 1998 3655 2037 :
3680 1984 3735 2038 in

2033 2071 2429 2127 exhibendum
2493 2070 2720 2126 actuale
2771 2070 3047 2138 ofﬁcium,
3116 2072 3300 2141 vadit;
3383 2074 3528 2126 alii:
3606 2074 3742 2126 Veni

2034 2160 2106 2215 ad
2136 2159 2560 2231 spiritualitatis
2593 2159 2873 2227 studium,
2907 2165 2957 2212 et
2999 2163 3176 2227 venit;
3203 2164 3255 2213 et
3288 2176 3461 2230 servo,
3485 2166 3536 2215 et
3570 2160 3625 2216 id
3657 2168 3739 2216 est

2034 2248 2265 2305 aﬁ'ectui
2322 2262 2508 2319 vago:
2568 2249 2681 2303 Fac
2712 2249 2829 2317 hoc,
2890 2253 2939 2301 et
3006 2251 3148 2314 facit
3180 2248 3398 2319 (Matth.
3466 2264 3589 2317 VIII,
3653 2252 3734 2318 9),

2034 2337 2334 2393 Articulus
2366 2338 2490 2406 iste,
2550 2338 2706 2409 quod
2753 2346 2838 2394 est
2885 2338 3002 2403 hoc,
3032 2338 3100 2393 de
3160 2352 3241 2405 re,
3300 2353 3433 2409 quae
3487 2352 3741 2408 praesens

2032 2434 2137 2494 est,
2170 2427 2310 2483 solet
2335 2425 2468 2481 dici.
2504 2427 2616 2482 Fac
2663 2427 2844 2497 igitur
2876 2428 2993 2495 hoc,
3023 2427 3077 2482 id
3125 2434 3228 2495 est,
3262 2441 3330 2483 ea
3363 2441 3468 2498 age
3517 2428 3737 2499 quibus

2034 2516 2158 2584 tibi,
2196 2516 2252 2571 id
2272 2523 2375 2583 est,
2405 2515 2612 2571 animae
2648 2523 2763 2571 tum
2796 2529 3051 2585 praesens
3081 2515 3178 2581 sis,
3207 2523 3263 2572 et
3291 2515 3432 2587 quia
3455 2516 3739 2573 articulus

2032 2605 2521 2660 demonstrativus
2548 2612 2653 2671 est,
2691 2605 2804 2669 hoc,
2837 2618 2905 2660 ea
2936 2618 3062 2673 age,
3098 2604 3309 2675 inquit,
3370 2620 3502 2675 qua;
3552 2604 3655 2660 tibi
3705 2619 3737 2659 a

2033 2696 2256 2749 ratione
2286 2693 2512 2763 agenda
2551 2707 2665 2747 non
2697 2699 2862 2748 extra
2894 2701 2967 2757 te,
3000 2694 3094 2748 sed
3129 2694 3280 2748 intra
3311 2695 3557 2763 teipsum
3582 2708 3739 2749 mon-

2033 2791 2311 2838 strantur.
2363 2781 2417 2836 Si
2466 2782 2647 2852 igitur
2701 2782 2848 2837 servi
2890 2790 3028 2837 sunt
3067 2782 3147 2848 hi,
3175 2782 3311 2852 quis
3351 2782 3586 2853 dignius
3630 2783 3739 2838 erit

2034 2872 2241 2927 horum
2291 2885 2493 2927 servus
2548 2884 2728 2941 quam
2777 2870 3075 2936 Cabanan,
3133 2870 3188 2925 id
3246 2877 3331 2927 est
3382 2871 3740 2927 mutabilitas

2033 2968 2209 3030 atque
2268 2967 2479 3021 motus,
2531 2973 2648 3014 non
2720 2958 2959 3028 imperet
3009 2967 3112 3016 aut
3181 2960 3237 3015 in
3297 2958 3416 3016 ullo
3489 2961 3733 3029 resistat,

2032 3050 2125 3105 sed
2160 3049 2231 3104 ad
2263 3062 2537 3105 coronam
2571 3048 2785 3104 serviat
2814 3048 3150 3105 virtutibus.

1962 3171 2002 3228 η
2102 3144 2203 3194 53
2232 3139 2405 3194 Vnus.
2465 3141 2554 3192 26.
2612 3166 2684 3179 —
2722 3137 3050 3192 Benedictus
3108 3139 3254 3192 Deus
3301 3139 3455 3205 Sem;
3524 3138 3582 3193 in
3627 3139 3737 3195 ﬁde

2034 3228 2258 3297 utique,
2290 3240 2423 3297 qua:
2459 3240 2561 3296 per
2590 3226 2717 3281 Sem
2771 3225 3075 3295 accipitur,
3121 3225 3215 3281 Dei
3273 3226 3615 3292 benedictio,
3676 3228 3733 3283 id

1984 3356 1989 3361 .
2030 3322 2115 3370 est
2143 3320 2525 3384 augmentum
2552 3313 2763 3369 divinae
2794 3312 3141 3383 cognitionis
3169 3315 3438 3380 emineat,
3501 3321 3559 3369 et
3592 3314 3738 3370 sub-

2027 3404 2264 3475 jiciatur
2317 3404 2371 3458 ei
2401 3416 2596 3473 pravae
2650 3402 3055 3458 mutabilitatis
3102 3410 3312 3459 motus.
3364 3402 3559 3473 (Vnus.
3620 3404 3741 3473 27.)

2033 3496 2234 3549 Dilatet
2262 3495 2400 3547 Deus
2423 3494 2640 3562 Japhet,
2674 3491 2731 3547 id
2777 3491 2949 3559 εειξεὶ
2997 3491 3251 3548 charitas
3298 3493 3514 3549 amicos
3557 3493 3740 3548 attin-

2034 3584 2135 3655 git,
2167 3596 2357 3653 usque
2387 3581 2458 3638 ad
2489 3581 2642 3651 ipsos
2687 3581 2857 3637 etiam
2919 3580 3185 3636 inimicos
3209 3595 3269 3637 se
3318 3581 3434 3637 Deo
3464 3581 3741 3638 dilatante

2035 3671 2754 3743 propaget;tabernacula
2808 3670 3181 3726 militantium
3240 3684 3308 3725 ac
3354 3670 3736 3741 peregrinan-

2034 3762 2179 3817 tium
2209 3760 2436 3831 proprie
2468 3767 2603 3815 sunt
2634 3774 2646 3813 :
2681 3759 2822 3815 fides
2857 3773 2993 3815 vero
3033 3773 3167 3814 cum
3194 3760 3266 3814 sit
3310 3759 3734 3829 sperandarum

2035 3850 2264 3905 interim
2312 3848 2639 3905 substantia
2679 3862 2897 3915 rerum,
2943 3862 3076 3903 cum
3108 3847 3179 3902 ad
3213 3847 3341 3903 illas
3370 3862 3461 3904 res
3498 3855 3737 3905 ventum

2036 3937 2227 4005 fuerit,
2257 3951 2499 4008 prorsus
2528 3937 2770 3993 deﬁciet.
2804 3936 3011 3993 Militat
3074 3936 3290 4007 itaque,
3318 3945 3374 3993 et
3403 3937 3744 4009 peregrina-

2038 4033 2135 4082 tur
2170 4024 2322 4093 Sem,
2352 4025 2493 4082 ﬁdes
2542 4024 2757 4081 scilicet
2793 4025 2850 4079 in
2910 4025 3197 4094 praesenti,
3255 4026 3353 4081 sed
3410 4027 3562 4082 iners
3615 4026 3743 4096 ejus

2038 4115 2242 4171 militia
2267 4115 2590 4186 judicatur,
2618 4115 2664 4170 si
2696 4113 2995 4170 charitatis
3031 4114 3407 4170 contubernio
3456 4114 3741 4183 privetur.

2039 4205 2094 4261 Si
2125 4218 2261 4275 ergo
2290 4202 2565 4260 volumus
2587 4218 2701 4259 non
2742 4203 2890 4259 mori
2932 4202 3123 4271 ﬁdem,
3180 4204 3386 4259 habitet
3431 4203 3627 4273 Japhet
3684 4207 3744 4259 in

2040 4294 2406 4349 tabernaculis
2432 4294 2569 4356 Sem,
2610 4306 2883 4349 ornemus
2940 4292 3153 4349 scilicet
3205 4292 3527 4349 dilectionis
3573 4307 3743 4362 opere

2040 4382 2458 4448 credulitatem,
2490 4390 2543 4438 et
2574 4381 2755 4438 subsit
2815 4381 2982 4437 nobis
3036 4382 3152 4452 spei
3187 4395 3490 4453 nunquam
3524 4380 3745 4438 labefa-

1976 4490 2017 4543 υ
2044 4472 2266 4528 Οῐὲὶῐιάἑθ
2294 4479 2502 4527 motus.

2121 4563 2290 4619 Vnus.
2352 4563 2442 4615 29.
2496 4591 2562 4600 —
2631 4562 2788 4614 Vixit
2842 4565 3021 4615 autem
3072 4563 3183 4617 Noe
3261 4568 3385 4632 post
3466 4561 3740 4617 diluvium

2049 4652 2296 4705 trecentis
2354 4651 2758 4718 quinquaginta
2807 4651 3001 4715 annis;
3047 4655 3098 4703 et
3175 4652 3319 4717 facti
3391 4657 3520 4707 sunt
3567 4667 3747 4706 omnes

2047 4738 2162 4793 dies
2218 4740 2343 4792 vita
2366 4738 2487 4806 ejus
2539 4742 2928 4804 nongentorum
2982 4739 3387 4807 quinquaginta
3454 4755 3747 4806 annorum,

2065 4832 2114 4881 et
2135 4831 2378 4881 mortuus
2405 4831 2501 4879 est.
2556 4826 2661 4881 Per
2702 4839 2886 4882 annos
2928 4827 3288 4883 conversatio
3318 4835 3517 4882 sancta
3544 4828 3750 4898 expri-

2049 4915 2249 4983 mitur,
2278 4928 2411 4985 quaa
2436 4928 2509 4969 ex
2542 4914 2847 4983 virtutum,
2882 4915 3047 4986 quasi
3072 4930 3146 4971 ex
3169 4915 3394 4971 dierum
3423 4916 3753 4974 collectione

2049 5003 2379 5071 conﬁcitur;
2415 5016 2516 5073 per
2545 5009 2829 5059 trecentos
2886 5004 3040 5073 ﬁdei,
3070 5003 3206 5073 spei,
3246 5011 3302 5059 et
3330 5005 3647 5074 charitatis,
3682 5008 3752 5063 de

2051 5092 2270 5163 quibus
2298 5092 2465 5147 modo
2494 5091 2743 5161 egimus,
2776 5093 3045 5162 perfectio
3094 5092 3405 5164 accipitur;
3439 5109 3542 5164 per
3571 5096 3741 5165 quin-

2050 5181 2332 5253 quaginta
2355 5181 2603 5251 requies,
2638 5180 2696 5235 in
2732 5196 2851 5251 qua
2876 5196 2977 5251 per
3007 5182 3216 5238 harum
3244 5183 3524 5239 exercitia
3568 5186 3752 5240 virtu-

2054 5277 2175 5325 tum
2231 5283 2299 5325 ac
2355 5270 2401 5324 si
2446 5269 2698 5339 quadam
2746 5269 2970 5340 jubilazi
3031 5271 3366 5327 remissione
3419 5286 3453 5327 a
3493 5287 3746 5344 nequam

2052 5358 2259 5415 studiis
2281 5366 2568 5428 cessatur;
2609 5366 2664 5413 et
2693 5358 2839 5415 ﬁunt
2866 5367 3054 5415 tamen
3089 5359 3282 5414 omnia
3314 5375 3447 5430 quae
3478 5361 3753 5431 gerimus,

2053 5460 2410 5517 quacunque
2444 5445 2889 5517 religionisluce
2939 5447 3287 5517 fulgeamus,
3346 5447 3675 5519 imperfecte
3721 5464 3755 5505 a

2054 5535 2236 5600 nobis,
2287 5535 2443 5605 quod
2498 5549 2600 5605 per
2650 5544 2972 5607 nongentos
3037 5550 3236 5602 annos,
3300 5536 3403 5607 qui
3450 5537 3756 5594 denarium

2054 5623 2249 5679 minus
2281 5623 2516 5691 habent,
2573 5623 2937 5694 intelligitur,
2990 5624 3130 5694 quia
3186 5625 3241 5679 in
3297 5635 3606 5696 conspectu
3663 5627 3758 5683 Dei

2052 5711 2240 5768 omnis
2298 5712 2498 5771 vivens
2546 5726 2661 5770 non
2724 5711 3140 5785 justiticab.tur
3198 5715 3366 5784 (Psal.
3440 5730 3614 5783 chn,
3682 5720 3763 5785 2),
