3956 6418
303 425 392 476 m
1198 419 1258 472 v.
1293 419 1627 474 omnem!
1674 417 1965 472 ABBATIS
2013 417 2070 472 s.
2114 415 2349 472 κωπῆς
2385 416 2480 472 nn
2522 373 2907 472 novrtmnro

3701 416 3802 470 Il'l

302 557 430 614 licet
463 556 725 614 humano
778 553 996 625 judicio
1046 553 1333 608 videatur.
1396 553 1540 608 Hinc
1620 560 1704 607 est
1755 552 1990 607 forsitan
2029 553 2074 604 Α
2105 549 2161 606 in
2195 552 2392 619 vinea;
2419 550 2573 622 quod
2593 551 2765 607 etiam
2795 550 3820 622 hicintelligiturperquinquaginta

300 646 454 717 quod
485 652 706 714 auctor,
740 643 930 700 nescio
978 644 1130 713 quis,
1165 642 1224 697 in
1268 655 1442 697 versu
1497 640 1766 696 oﬁ‘ertorii
1801 640 1995 696 novies

301 734 524 804 repetit,
557 739 620 787 ut
664 733 880 786 videam
921 733 1079 794 bona.
1136 731 1440 786 denarium
1499 730 1658 785 illum
1726 743 1996 799 quarens

300 837 615 890 summum,
648 822 861 877 bonum
883 820 1218 890 perfectum,
1251 820 1352 890 qni
1379 819 1550 874 datur
1598 817 1998 873 laborantibus

2103 655 2214 696 non
2256 641 2375 710 jam
2413 639 2470 695 in
2551 647 2821 709 tempore,
2885 639 2980 695 sed
3039 639 3267 710 requies
3320 639 3694 709 sempiterna,
3755 645 3805 692 et

2101 732 2344 781 mortuus
2387 733 2485 792 est,
2508 735 2794 797 quantum
2823 727 2894 782 ad
2923 728 3123 783 mundi
3148 728 3324 798 hujus
3352 729 3513 784 vitia.

1601 990 1679 1031 EX
1691 989 1904 1030 PLICIT
1951 989 2144 1030 LIBER
2185 987 2497 1031 TERTIVS.

1082 1175 1117 1180 —
1136 1174 1179 1180 ..-
1196 1173 1261 1178 ——
1292 1173 1361 1178 —
1376 1170 2583 1179 "-———————————_—.__._—————.—__——
2600 1172 2723 1178 —_.__-
2740 1172 2831 1177 ———

1439 1345 1794 1418 INCIPIT
1869 1343 2150 1416 LIBER
2225 1341 2674 1429 QUARTUS

1047 1552 1889 1661 MORALIUM
2030 1504 2187 1654 IN
2330 1551 3050 1654 GENESIM.

1907 1779 2196 1791 ...-

936 2007 1169 2064 CAPUT
1229 2006 1355 2062 XII.

376 2139 548 2194 Vnus.
606 2140 654 2190 l.
697 2165 766 2176 —
813 2136 1047 2188 Locutus
1089 2138 1166 2184 est
1198 2133 1457 2186 Dominus
1503 2129 1576 2182 ad
1633 2127 1860 2190 Abram,
1913 2125 1999 2179 di-

305 2242 424 2280 cens
459 2224 774 2291 :Egredere
811 2223 877 2275 de
931 2226 1076 2275 terra
1112 2225 1226 2284 tua,
1260 2224 1310 2272 et
1366 2219 1432 2271 de
1461 2219 1775 2284 coynatione
1802 2220 1912 2277 tua,
1948 2219 1998 2268 et

305 2315 372 2367 de
402 2315 555 2368 domo
591 2313 771 2382 patris
803 2313 903 2375 tui,
938 2316 986 2363 et
1013 2311 1138 2362 veni
1186 2310 1244 2360 in
1276 2312 1496 2372 terram,
1529 2321 1690 2372 quam
1721 2308 1996 2357 monstra-

304 2419 430 2458 rcro
486 2403 606 2466 tibi,
667 2400 974 2454 benedicam
1049 2397 1170 2459 tibi,
1239 2401 1290 2450 et
1362 2393 1719 2462 magniﬁacbo
1807 2407 1996 2446 nomen

306 2496 476 2545 tuum.
504 2488 656 2545 Patri
681 2487 923 2553 excelso,
955 2486 1108 2556 quod
1172 2486 1581 2554 interpretatur
1633 2481 1870 2544 Abram,
1939 2479 1993 2534 id

303 2588 385 2634 est
413 2577 638 2648 spiritui
674 2584 912 2646 paterna
964 2580 1210 2629 mentem
1259 2571 1598 2626 auctoritate
1649 2575 1896 2631 recturo,
1941 2574 1996 2622 et

304 2683 338 2722 a
370 2677 596 2724 terrena
640 2665 856 2721 vilitate
907 2663 1168 2722 levando.
1243 2659 1608 2729 inspiratoria
1639 2658 1793 2712 Deus
1842 2655 1996 2711 locu-

306 2757 458 2811 tione
487 2755 610 2810 haec
663 2752 960 2823 suggerit:
1019 2749 1290 2819 Egredere
1341 2748 1407 2800 de
1459 2753 1606 2800 terra
1651 2751 1765 2811 tua,
1827 2744 1864 2799 il
1912 2751 1995 2798 est

301 2851 570 2900 excutere
601 2842 670 2897 de
696 2839 1023 2897 terrenitate
1050 2846 1170 2905 tua,
1198 2837 1281 2892 vel
1311 2835 1410 2907 qui
1436 2834 1588 2905 apud
1612 2834 1732 2888 tein
1767 2838 2024 2908 peccato

303 2933 640 2988 submersus
669 2944 748 2996 es,
781 2928 874 2984 exi
905 2927 1225 2984 conﬁtendo
1255 2925 1323 2981 de
1365 2923 1676 2994 peccatrice
1707 2919 1995 2975 conscien—

304 3022 402 3088 tia,
433 3028 488 3076 et
520 3020 588 3074 de
619 3018 957 3089 cognatione
1011 3014 1515 3084 imaginationum,
1558 3009 1990 3080 cogitationum,

303 3109 744 3178 carnaliumque
809 3106 1082 3172 luxuum,
1147 3119 1278 3174 quae
1332 3116 1405 3157 ex
1467 3099 1665 3156 eadem
1730 3097 1993 3152 exoritur

303 3207 492 3267 terra;
525 3202 575 3250 et
621 3196 687 3249 de
750 3195 905 3249 domo
945 3195 1124 3263 patris
1160 3194 1259 3259 tui,
1310 3191 1379 3246 de
1413 3190 1533 3260 ipsa
1577 3187 1788 3243 scilicet
1831 3193 1992 3241 exte-

301 3287 436 3342 riori
467 3284 894 3341 conversatione
945 3281 1166 3346 mundi,
1235 3294 1412 3351 quam
1467 3275 1789 3348 possidebat
1829 3282 1992 3344 pater
2028 3277 2068 3330 C

299 3374 593 3446 quondam
651 3380 840 3428 noster
913 3369 1176 3425 diabolus
1213 3367 1526 3438 praesidens
1597 3365 1744 3420 atrio
1778 3377 1882 3418 suo
1929 3363 1985 3417 in

301 3462 534 3518 modum
589 3461 750 3515 tortis
805 3458 1042 3521 armati;
1104 3470 1218 3510 non
1275 3454 1427 3510 enim
1496 3451 1750 3508 cohiberi
1805 3457 1988 3520 potest

300 3549 586 3606 mobilitas
613 3547 798 3603 intimi
834 3544 1103 3609 hominis,
1153 3543 1260 3598 nisi
1312 3549 1474 3597 extra
1501 3540 1758 3611 tugiatur
1809 3539 1988 3594 coha-

299 3638 498 3694 bitatio
530 3635 753 3692 mundi.
798 3635 939 3688 Veni
979 3647 1115 3701 ergo
1159 3634 1216 3685 in
1246 3637 1446 3684 terram
1502 3645 1666 3697 quam
1718 3631 1987 3680 monstra-

296 3741 420 3779 tero
449 3725 570 3791 tibi,
604 3723 660 3779 in
688 3736 813 3778 eam
845 3720 1102 3776 videlicet
1158 3718 1412 3788 corporis
1454 3731 1520 3772 ac
1580 3715 1754 3770 animi
1787 3713 1986 3769 solidi-

296 3823 468 3871 tatem
498 3826 676 3884 quam
709 3811 810 3868 tibi
847 3809 1151 3866 insinuabo
1181 3816 1282 3863 aut
1313 3821 1413 3876 per
1464 3806 1746 3860 interuam
1773 3817 1988 3874 sugge-

297 3904 558 3969 stionem,
592 3909 692 3958 aut
716 3914 817 3971 per
845 3913 1022 3955 sacrm
1058 3897 1288 3967 Paginze
1323 3894 1642 3958 lectionem,
1675 3895 1990 3960 faciamque

297 3999 346 4046 te
393 3995 449 4045 in
487 3996 695 4060 gentem
735 4004 1014 4056 magnam,
1048 3986 1330 4041 virtutum
1363 3981 1628 4037 videlicet
1657 3980 1986 4035 numerosi-

295 4088 408 4136 tate
433 4089 486 4136 te
508 4081 814 4142 instruam,
849 4077 948 4134 ubi
974 4075 1174 4146 gratiae
1206 4069 1523 4143 spiritualis
1564 4069 1988 4138 multiplicitate

296 4169 668 4234 benedicaris,
697 4175 752 4222 et
780 4166 1030 4225 nomine.
1090 4162 1142 4217 id
1175 4169 1260 4217 est
1308 4159 1523 4215 eximia
1581 4158 1849 4228 opinione
1914 4157 1984 4213 ad

293 4257 533 4314 (ειῬΙεειίε
563 4257 746 4312 Patris
775 4255 1002 4310 laudem
1038 4247 1518 4320 magniﬁcaberis.

361 4377 530 4432 Vnus.
562 4379 705 4430 3.-
754 4373 1070 4429 Benedieam
1108 4371 1468 4425 benedicentes
1533 4370 1652 4435 tibi,
1703 4368 1981 4440 multipli-

291 4466 434 4521 cabo
461 4465 662 4534 utique
685 4463 806 4528 hos,
840 4462 941 4533 qui
979 4459 1358 4531 praedicando,
1391 4457 1654 4528 exempla
1680 4457 1984 4526 praebendo

2041 1978 2078 2032 Β
2108 1974 2503 2031 auctoritatem
2529 1975 2752 2046 justum
2775 1983 2936 2031 estut
2965 1984 3244 2047 sequatur
3267 1977 3516 2034 carnalis
3541 1977 3813 2046 aﬁ'ectus,

2107 2064 2208 2135 qui
2241 2064 2448 2134 szepius
2477 2064 2532 2119 in
2566 2064 2730 2120 nobis
2755 2069 2857 2118 54
2917 2064 3166 2122 declinat
3219 2079 3254 2121 a
3284 2074 3456 2135 recto,
3505 2069 3802 2125 naturalis

2106 2153 2228 2208 vitii
2255 2153 2670 2208 consuetudine
2709 2153 2984 2209 vinctus:
3022 2153 3160 2210 Loth
3203 2155 3354 2211 enim
3388 2156 3813 2227 interpretatur

2105 2241 2402 2306 declinans,
2430 2241 2516 2296 vel
2551 2245 2783 2296 vinctus.
2833 2243 3194 2312 Septuaginta
3249 2247 3487 2314 quinque
3531 2262 3814 2300 annorum

2104 2335 2222 2383 erat
2243 2333 2292 2384 Α
2303 2330 2452 2383 bram
2472 2371 2484 2393 ,
2509 2346 2625 2383 cum
2657 2329 2997 2396 egrederetur
3023 2331 3089 2383 de
3115 2332 3289 2385 Aron.
3325 2333 3482 2388 Aran
3515 2333 3812 2404 interpre-

2104 2425 2260 2474 tatur
2290 2434 2373 2471 rcs
2396 2435 2514 2472 cum
2543 2435 2691 2472 arca.
2727 2419 2832 2474 Per
2880 2434 3072 2474 arcam
3119 2421 3448 2490 cupiditatis
3511 2423 3813 2492 capacitas

2104 2514 2356 2572 notatur,
2390 2521 2491 2578 per
2546 2521 2663 2562 rem
2690 2521 2758 2562 ea
2786 2523 2916 2579 quin
2969 2509 3294 2578 concupisci
3345 2519 3586 2580 possunt
3641 2511 3810 2580 ﬁgu-

2105 2602 2354 2650 rantur:
2417 2596 2654 2664 quidam
2715 2596 2850 2652 dum
2906 2604 3347 2660 convertuntur,
3407 2613 3496 2653 res
3551 2599 3805 2668 quidem

2103 2684 2392 2749 abdicant,
2426 2685 2519 2738 sed
2551 2685 2793 2740 habendi
2823 2686 3161 2755 appetitum,
3221 2686 3276 2741 id
3321 2694 3403 2742 est
3441 2700 3635 2742 arcam
3677 2703 3805 2743 non

2102 2772 2390 2841 abuegant
2422 2787 2434 2826 :
2484 2775 2560 2828 De
2588 2776 2742 2828 Aran
2763 2788 2900 2842 ergo
2937 2773 3055 2830 exit
3087 2775 3352 2845 quisquis
3399 2775 3806 2844 cupiditatem,

2101 2869 2154 2916 et
2185 2875 2550 2931 quacunque
2599 2870 2839 2930 possunt
2885 2863 3209 2931 concupisci
3272 2863 3508 2933 respuit.
3555 2863 3808 2932 Septua—

2100 2951 2256 3016 ginta
2287 2952 2526 3018 quinque
2555 2965 2685 3005 cum
2731 2951 3026 3020 egreditur
3064 2967 3328 3005 annorum
3383 2958 3487 3018 est,
3521 2952 3659 3008 dum
3694 2967 3810 3022 per

2101 3035 2488 3104 septenarium
2534 3037 2733 3106 gratim
2775 3038 3116 3106 Decalogum
3140 3039 3280 3108 legis
3324 3040 3586 3109 implens,
3629 3042 3810 3109 quin-

2100 3137 2214 3194 que
2233 3125 2486 3194 corporis
2509 3125 2774 3182 sensibus
2825 3127 3047 3196 integra
3079 3127 3362 3184 virtutum
3397 3129 3563 3198 quasi
3608 3142 3803 3184 anno-

2100 3226 2228 3267 rum
2261 3213 2586 3269 collectione
2609 3222 2830 3283 prmest.

2172 3319 2341 3376 Vnus.
2377 3325 2428 3374 5.
2465 3352 2530 3360 —
2568 3322 2819 3390 Tulitque
2878 3323 3051 3379 Sarai
3079 3338 3302 3376 umorem
3344 3338 3521 3389 suam,
3552 3327 3602 3376 et
3653 3323 3807 3377 Loth

2094 3409 2269 3478 ﬁlium
2313 3413 2512 3476 fratris
2564 3413 2671 3477 sui,
2729 3415 3142 3482 universamun
3187 3413 3557 3466 substantiam
3627 3426 3807 3480 quam

2095 3498 2462 3566 possederant,
2521 3503 2572 3551 et
2627 3501 2840 3554 animus
2899 3515 3036 3568 quas
3082 3503 3324 3566 fecerant
3381 3502 3439 3552 in
3504 3507 3696 3565 Aron;
3745 3506 3806 3554 et

2095 3589 2296 3650 egressi
2340 3592 2486 3650 sunt,
2515 3595 2573 3640 ut
2603 3590 2742 3641 irent
2770 3590 2826 3641 in
2857 3593 3055 3641 terram
3078 3589 3357 3644 Chanaan.
3383 3586 3542 3642 Sarai
3579 3587 3806 3644 dicitur

2093 3676 2343 3743 princeps
2372 3692 2510 3740 mea,
2531 3685 2584 3732 et
2605 3676 2890 3747 signiﬁcat
2911 3675 3287 3742 voluntatem,
3325 3691 3457 3746 quae
3485 3675 3540 3731 in
3573 3691 3798 3734 morem

2095 3763 2356 3833 conjugis
2377 3765 2538 3820 unita
2571 3765 2806 3832 Abram,
2843 3765 2896 3819 id
2927 3773 3010 3820 est
3043 3765 3249 3820 marito
3279 3764 3526 3834 spiritui,
3559 3773 3614 3820 et
3647 3765 3800 3822 Loth

2097 3851 2212 3907 ﬁlio
2255 3852 2448 3908 fratris
2499 3853 2610 3919 sui,
2652 3851 2882 3908 aﬁectui
2937 3852 3160 3922 utique,
3213 3852 3316 3922 qui
3370 3865 3443 3906 ex
3499 3854 3796 3921 corporali

2097 3941 2334 4008 semine,
2367 3941 2462 3996 cui
2491 3941 2756 4012 quaedam
2811 3955 2942 3996 cum
2984 3941 3181 3996 anima
3226 3939 3509 3996 naturalis
3562 3955 3800 4009 germa-

2099 4029 2250 4085 nitas
2303 4029 2467 4098 inest,
2519 4030 2802 4100 gignitur,
2854 4036 3005 4085 recto
3056 4028 3258 4084 ordine
3289 4043 3420 4084 cum
3481 4029 3558 4084 ita
3592 4030 3806 4086 consti-

2097 4118 2224 4175 terit
2262 4119 2536 4175 ducitur:
2577 4132 2708 4174 cum
2772 4118 2860 4174 his
2915 4117 3109 4188 itaque
3139 4119 3356 4174 Abram
3408 4126 3601 4174 noster
3644 4119 3800 4176 tollit

2094 4209 2405 4261 universam
2455 4207 2840 4274 substantiam,
2931 4222 3094 4276 quam
3154 4206 3370 4276 pariter
3408 4207 3789 4276 possederant,

2093 4297 2233 4352 dum
2292 4295 2487 4352 omnia
2536 4310 2668 4366 quae
2716 4295 3026 4351 intellectui
3075 4304 3269 4351 nostro
3325 4295 3620 4352 terrestria
3653 4295 3794 4365 jure

2093 4385 2378 4451 substant,
2414 4383 2470 4439 in
2503 4390 2777 4454 potestate
2829 4383 3130 4448 habemus,
3162 4398 3267 4439 nec
3305 4383 3376 4439 ab
3406 4383 3486 4440 eis
3530 4384 3651 4453 regi
3684 4399 3795 4439 nos

2093 4472 2375 4528 serviliter
2439 4472 2711 4542 patimur,
2768 4473 2865 4527 sed
2927 4487 3032 4528 nos
3085 4486 3154 4528 ea
3211 4471 3378 4542 quasi
3430 4472 3793 4542 paralyticus

295 4554 407 4610 tuis
428 4551 924 4608 adminiculantur
944 4548 1291 4618 augmentis,
1317 4555 1370 4603 et
1393 4547 1762 4616 cognationes
1793 4553 1978 4611 teme,
2021 4577 2064 4630 ι)
2093 4559 2398 4629 grabatum
2445 4559 2699 4628 regimus
2746 4561 2928 4630 (Joan.
2975 4576 3030 4627 v,
3081 4560 3133 4630 9)
3211 4559 3372 4618 Unde
3410 4560 3514 4616 Joh
3550 4575 3564 4614 :
3617 4561 3790 4629 Quia,

291 4658 405 4698 non
437 4642 569 4698 illus
599 4641 668 4697 de
699 4653 817 4711 qua
866 4637 1090 4709 juberis
1117 4637 1294 4702 exire,
1327 4635 1424 4691 sed
1471 4649 1506 4690 a
1538 4649 1626 4690 me
1658 4634 1757 4689 tibi
1807 4635 1981 4690 intel—

289 4730 610 4787 lectualiter
637 4726 1098 4784 demonstrandzr
1127 4725 1452 4796 spirituales
1475 4724 1660 4779 cordis
1687 4723 1984 4793 progenies

289 4834 404 4874 non
437 4822 661 4874 tantum
697 4817 863 4872 fama;
893 4813 1259 4886 vulgaritate,
1290 4813 1383 4869 sed
1410 4817 1466 4866 in
1491 4819 1540 4866 te
1584 4812 1979 4872 benedicentur,

291 4906 348 4962 in
393 4907 476 4963 tui
519 4905 730 4960 scilicet
789 4903 995 4959 interni
1059 4902 1312 4966 habitus,
1371 4915 1438 4955 ac
1477 4899 1665 4969 operis
1722 4897 1977 4953 veritate.

285 4996 381 5051 Est
407 5003 596 5051 autem
630 4993 896 5063 cognatio
942 4992 1063 5061 ipsa
1117 4992 1400 5047 virtutum
1427 5002 1499 5044 ex
1533 5002 1652 5044 sese
1683 4986 1980 5056 prodeun-

284 5085 428 5140 tium
462 5081 712 5152 quadam
743 5080 1207 5137 concatenatione
1237 5077 1386 5135 facta
1430 5075 1708 5145 gradatio.
1745 5073 1978 5130 Maledi-

283 5188 402 5226 cam
461 5170 904 5225 matedicentibus
979 5169 1102 5238 tibi,
1152 5167 1341 5239 inquit
1399 5179 1467 5220 ea
1524 5163 1776 5234 profecto
1848 5177 1980 5233 qua;

283 5260 563 5316 damnum
596 5259 699 5314 tibi
729 5259 1058 5315 defectionis
1105 5256 1396 5313 incutiunt
1424 5252 1567 5308 vitia
1620 5251 1810 5306 carnis
1865 5257 1980 5308 tum

284 5348 542 5419 redigam
573 5347 630 5402 in
657 5347 959 5404 detectum.

353 5471 527 5529 Vnus.
560 5472 612 5526 4.
645 5501 713 5512 -
769 5475 1030 5539 Egressus
1062 5475 1140 5538 est
1166 5471 1350 5536 itaque
1405 5464 1636 5526 Abram,
1665 5467 1803 5519 sicut
1830 5479 1982 5534 pra-

280 5565 492 5630 eeperat
523 5562 573 5612 ei
597 5562 883 5625 Dominus;
937 5563 988 5612 et
1025 5559 1126 5610 ivit
1164 5571 1282 5609 cum
1317 5568 1374 5607 eo
1427 5553 1582 5608 Loth.
1637 5552 1780 5609 Cum
1811 5566 1981 5622 egre-

280 5648 486 5716 diente,
510 5655 572 5705 ut
600 5648 924 5718 expositum
943 5651 1047 5710 est,
1079 5641 1294 5698 Abram
1327 5641 1367 5698 it
1397 5641 1558 5708 Loth,
1583 5640 1721 5713 quia
1743 5639 1983 5697 rationis

2090 4647 2436 4720 inquittnon
2491 4654 2617 4702 sunt
2647 4651 2706 4703 in
2735 4665 2900 4704 manu
2925 4665 3104 4703 eorum
3139 4650 3276 4704 bona
3327 4663 3452 4716 sua,
3499 4650 3794 4704 consilium

2088 4739 2380 4806 impiorum
2414 4738 2566 4802 longe
2590 4743 2664 4791 sit
2719 4755 2754 4791 a
2802 4755 2884 4792 me
2938 4737 3056 4806 (Job
3089 4753 3204 4805 XXI,
3243 4738 3360 4805 ‘16).
3419 4738 3577 4802 Quod
3629 4736 3790 4794 enim

2089 4825 2235 4880 ratio
2271 4825 2600 4881 damnando
2653 4826 2981 4896 possederit,
3047 4826 3295 4896 profecto
3345 4833 3400 4882 et
3447 4825 3787 4895 voluntatis,

2087 4920 2142 4968 et
2201 4911 2439 4969 aﬁ'ectus
2489 4914 2676 4969 statim
2736 4914 2972 4984 imperio
3021 4914 3261 4969 suberit.
3316 4915 3378 4968 In
3420 4917 3588 4968 Aran
3635 4912 3792 4971 ﬁunt

2089 5000 2314 5065 animae,
2345 5001 2482 5057 dum
2515 5001 2710 5058 vitalia
2742 5017 2809 5057 ac
2861 5001 3186 5072 spiritualia
3217 5002 3366 5057 bona
3421 5008 3792 5072 peraguntur

2093 5088 2341 5158 perfecta
2385 5089 2588 5145 mundi
2637 5090 3162 5156 abrenuntiatinne,
3248 5089 3646 5160 Egrediuntur
3710 5090 3792 5142 ad

2089 5183 2289 5231 terram
2335 5179 2614 5244 Chanaan,
2665 5178 2804 5234 dum
2837 5193 3063 5234 morum
3117 5191 3292 5249 quam
3347 5177 3580 5247 professi
3643 5185 3785 5234 sunt

2088 5265 2491 5335 adipiscuntur
2525 5267 2764 5322 solidam
2811 5267 3222 5334 mutationem;
3298 5265 3575 5321 Chanaan
3626 5265 3784 5321 enim

2087 5353 2298 5410 dictiur
2329 5360 2587 5410 mutatus.

2159 5462 2330 5519 Vnus.
2368 5464 2420 5515 6.
2450 5489 2524 5502 —
2569 5463 2815 5531 Cumque
2860 5463 3127 5515 venissent
3159 5463 3218 5514 in
3266 5476 3404 5527 eam,
3453 5463 3783 5530 pertransiit

2088 5551 2302 5604 Abram
2331 5556 2530 5604 terram
2583 5565 2752 5618 usque
2798 5549 2871 5602 ad
2925 5550 3096 5602 locum
3153 5550 3353 5604 Sichen
3407 5554 3457 5602 et
3507 5564 3678 5617 usque
3705 5549 3783 5603 ad

2090 5641 2383 5694 convallem
2417 5640 2699 5692 itlustrem.
2751 5638 3108 5708 Attingentes
3162 5636 3342 5708 igitur
3388 5637 3782 5694 conversionis
