3956 6432
94 444 190 495 113
1284 443 1641 502 MORALIUM
1681 444 1753 500 IN
1791 452 1799 496 t

1987 444 2098 501 SIN
2144 446 2273 504 L'IB.
2316 446 2403 502 IV.

3518 451 3617 506 lli-

87 569 434 638 efticaciam,
476 571 786 643 pertransit
813 572 1054 644 spiritus
1078 581 1270 631 noster
1300 582 1540 631 terrente
1572 574 1803 631 habita-
1842 588 1887 641 Α
1918 593 2051 648 quae
2086 580 2140 636 in
2172 578 2337 636 nobis
2383 580 2639 648 fuerunt,
2672 588 2776 638 aut
2819 597 2940 638 esse
2974 589 3231 653 possunt,
3282 580 3617 639 confusione

88 661 282 729 tionis,
327 678 462 733 qua:
514 678 573 719 se
608 673 913 735 aggravat,
958 664 1184 726 molem.
1225 674 1281 720 et
1322 666 1480 721 venit
1522 667 1598 720 ad
1629 668 1803 720 locum

92 751 312 815 Sichen,
367 752 421 807 id
452 760 538 809 est
567 752 902 809 obedientiee
938 754 1357 824 perseverantis
1398 754 1799 824 stabilitatem;

90 838 299 894 Sichen
368 838 523 895 enim
603 840 1018 910 interpretatur
1077 843 1353 906 humerus,
1427 850 1482 897 et
1561 842 1803 897 humero

90 940 332 995 quoque
368 936 684 997 portamus,
735 942 834 997 per
863 928 1020 998 quod
1048 928 1431 984 obedientiam
1466 937 1616 984 recte
1645 930 1802 984 acci-

95 1013 310 1084 pimus,
346 1016 521 1086 cujus
549 1015 794 1085 imperio
839 1015 1137 1072 humiliter
1176 1017 1409 1073 ferendo
1433 1030 1751 1073 curvamur
1786 1031 1799 1071 :

93 1103 287 1159 locum
328 1112 526 1160 autem
570 1104 750 1159 animi
783 1103 1236 1161 immobilitatem
1283 1105 1559 1175 dicimus;
1608 1106 1704 1161 sed
1754 1105 1802 1161 si

94 1193 420 1260 obedimus,
450 1193 523 1249 ad
566 1192 885 1249 convallem
917 1193 1221 1259 illustrem,
1261 1194 1318 1250 id
1347 1202 1431 1251 est
1462 1195 1804 1252 humilitatis

96 1281 454 1337 nobilitatem
516 1297 743 1338 necesse
794 1291 880 1338 est
935 1282 1259 1349 veniamus,
1304 1293 1366 1341 ut
1422 1300 1537 1340 non
1588 1284 1802 1341 coacti-

96 1371 239 1426 tium
296 1371 576 1440 praelatis,
632 1380 687 1427 et
736 1372 906 1427 etiam
956 1372 1297 1442 minoribus,
1349 1373 1446 1429 sed
1483 1374 1804 1430 ambientes

96 1467 482 1528 spontaneum
506 1459 809 1516 servitium
840 1459 1264 1531 impendamus.

166 1585 339 1641 Vnus.
391 1590 445 1639 7.
499 1615 562 1626 —
608 1587 955 1641 Chananarus
985 1592 1164 1641 autem
1192 1592 1318 1641 tunc
1362 1592 1480 1641 erat
1509 1590 1568 1640 in
1619 1592 1790 1641 terra.

98 1675 492 1745 Apparuitque
524 1677 788 1731 Dominus
819 1678 1052 1744 Abram,
1086 1682 1139 1731 et
1165 1676 1315 1730 dixit
1353 1678 1404 1729 ei
1433 1692 1447 1729 :
1480 1678 1687 1731 Semini
1712 1682 1801 1730 tuo

99 1762 235 1816 dabo
282 1768 496 1819 terram
524 1766 683 1819 hanc.
738 1765 842 1832 Qui
869 1766 1165 1835 aediﬁcavit
1211 1766 1292 1820 ibi
1327 1767 1505 1819 altare
1555 1768 1797 1832 Domino,

102 1854 195 1921 qui
222 1860 566 1923 apparuerat
594 1858 663 1909 ei.
698 1855 819 1922 Quo
841 1855 1036 1926 itaque
1064 1857 1179 1911 Deo
1208 1863 1262 1911 et
1282 1854 1492 1911 saeculo
1521 1854 1803 1911 illustrio—
1844 1890 1884 1943 Β

105 1955 189 1996 res
244 1957 476 2010 sumus,
556 1951 715 2000 tanto
766 1944 1102 2000 humiliores
1157 1960 1277 2001 esse
1331 1944 1624 1999 debemus.
1696 1943 1801 1998 Sed

106 2032 444 2087 Chananaeus
474 2041 557 2088 est
600 2036 660 2087 in
710 2039 878 2099 terra,
917 2033 1056 2103 quia
1085 2033 1325 2103 spiritus
1370 2029 1700 2088 cenodoxiae
1747 2040 1803 2088 et

107 2120 308 2189 ineptae
362 2128 539 2191 typus
592 2121 955 2178 verecundiae
1006 2120 1326 2177 desawiunt
1384 2120 1440 2175 in
1506 2119 1804 2175 aliectione

101 2217 344 2266 terrena.
400 2210 769 2266 Chananaans
819 2210 976 2265 enim
1020 2210 1235 2265 dicitur
1280 2212 1605 2277 negotiator,
1647 2207 1801 2278 quod

100 2307 178 2355 est
223 2298 417 2354 inanis
452 2299 651 2369 glorize
684 2299 983 2363 venalitas,
1020 2314 1153 2369 quae
1185 2298 1434 2354 maxime
1467 2298 1630 2354 bonis
1662 2297 1802 2353 acti-

102 2389 204 2445 bus
231 2403 289 2445 se
317 2388 551 2459 ingerit,
585 2403 717 2444 cum
743 2389 916 2444 etiam
946 2388 1186 2459 quilibet
1222 2402 1293 2443 ex
1323 2388 1444 2457 ipsa
1471 2401 1579 2443 sua
1610 2387 1802 2443 humi-

105 2477 252 2533 litate
309 2476 595 2547 superbit.
666 2477 885 2533 Dicitur
931 2492 1167 2547 quoque
1205 2476 1571 2532 Chanaumus
1609 2476 1803 2530 erube-

103 2581 264 2631 scens,
312 2565 507 2635 pudor
564 2564 775 2621 scilicet
829 2566 1124 2620 humanus
1179 2565 1249 2620 ad
1308 2564 1512 2620 viliora
1566 2564 1804 2633 imperia

106 2667 216 2708 sese
262 2650 443 2707 menti
500 2650 800 2706 incutiens.
863 2650 930 2706 Hi
973 2656 1111 2706 tunc
1155 2657 1321 2706 erant
1350 2652 1406 2704 in
1453 2656 1620 2716 terra,
1663 2651 1801 2704 dum

106 2738 161 2795 in
206 2740 418 2795 nostris
467 2738 937 2809 praecordialibus
979 2740 1143 2795 bonis
1185 2739 1472 2794 ferverent
1509 2739 1620 2794 sub
1667 2754 1802 2795 con-

109 2829 357 2884 scientia.
422 2830 678 2899 Apparet
729 2842 867 2899 ergo
924 2827 1206 2884 Dominus
1263 2828 1499 2894 Abram,
1555 2843 1689 2883 cum
1745 2843 1803 2884 se

110 2916 418 2985 excelsum,
494 2917 592 2973 sed
650 2916 895 2973 humilia
952 2924 1143 2973 tamen
1216 2917 1495 2986 respicere
1553 2918 1802 2973 evidenti

114 3005 489 3061 illustratione
528 3006 724 3062 edocet
753 3006 1052 3072 rationem,
1080 3014 1136 3062 et
1180 3006 1251 3061 ad
1285 3005 1498 3062 talibus
1532 3006 1805 3062 resisten-

111 3094 238 3150 dum
270 3095 340 3151 de
384 3095 511 3151 suis
539 3095 764 3151 viribus
792 3095 1144 3151 difﬁdentem
1175 3109 1274 3164 spe
1308 3095 1590 3151 confortat
1621 3097 1806 3152 victo-

1912 668 2274 738 inducimus;
2324 670 2428 726 Hai
2471 686 2724 740 namque
2751 675 2995 741 quaestio,
3028 672 3131 728 Gai
3161 672 3375 729 dicitur
3420 674 3614 742 confu-

1910 760 2027 813 sio:
2087 761 2240 828 quod
2296 768 2480 816 totum
2511 769 2632 817 est:
2685 762 2747 816 In
2794 762 2885 817 die
2924 764 3295 836 bonorumne
3340 764 3616 817 immemor

1911 850 1986 902 sis
2021 850 2306 911 mutorum,
2334 855 2384 903 et
2416 852 2472 903 in
2512 851 2606 904 die
2634 852 2900 906 malorum
2931 868 2993 905 ne
3038 857 3315 906 immemor
3344 855 3418 906 sis
3447 853 3611 905 bono-

1910 952 2033 991 rum
2068 940 2232 1008 (Eccl.
2269 955 2349 1008 x1,
2379 942 2491 1011 27).
2523 940 2790 996 Aidiﬁcat
2817 941 2989 997 etiam
3043 941 3133 996 hic
3164 942 3374 997 Abram
3416 943 3610 1003 altare,

1912 1024 2051 1081 dum
2116 1027 2264 1083 inter
2313 1027 2581 1084 victorias
2638 1030 3090 1099 circumspectus
3142 1034 3243 1083 55
3296 1029 3368 1084 ad
3430 1029 3613 1084 Deum

1911 1129 2032 1171 suae
2092 1117 2301 1172 mentis
2361 1118 2605 1188 hospitio
2656 1118 3072 1186 invocandnm,
3130 1118 3370 1188 spiritus
3422 1124 3613 1174 noster

1914 1203 2081 1260 firma
2135 1205 2255 1275 jam
2316 1214 2437 1276 post
2484 1207 2601 1277 spei
2658 1216 2909 1263 tenorem
2961 1208 3258 1263 radicatur
3307 1207 3606 1263 charitate.

1917 1292 2044 1349 Haec
2076 1297 2227 1350 enim
2282 1305 2419 1351 sunt
2448 1297 2653 1353 altaria
2706 1305 2826 1365 tua,
2889 1297 3130 1354 Domine
3186 1297 3492 1360 virtutum,
3553 1294 3610 1350 in

1912 1384 2127 1453 quibus
2185 1392 2377 1440 turtur
2433 1386 2636 1442 nidum
2693 1387 2923 1457 reperit,
2996 1401 3303 1457 passerque
3372 1386 3610 1441 domum

1912 1474 2080 1543 (Psut.
2104 1489 2336 1539 Lxxxni,
2370 1475 2452 1544 fi);
2490 1476 2642 1531 unde
2668 1484 2723 1531 et
2752 1476 3152 1547 subjungitur.

1988 1581 2156 1636 VERS.
2204 1585 2254 1636 9.
2309 1610 2377 1622 —
2422 1584 2774 1649 Peri-emitque
2823 1584 3037 1636 Abram
3088 1584 3312 1644 vadens,
3364 1588 3413 1635 et
3460 1582 3612 1635 ultra

1909 1671 2263 1741 progrediens
2320 1670 2398 1726 ad
2457 1672 2756 1724 meridiem.
2816 1672 2905 1726 Ad
2962 1674 3241 1726 meridiem
3316 1671 3611 1740 pergimus

1911 1773 2044 1814 cum
2092 1759 2165 1813 ad
2206 1759 2527 1828 plenarium
2560 1760 2877 1816 devotionis
2907 1761 3189 1816 fervorem
3231 1758 3609 1816 obtinendum

1911 1847 2338 1912 contendimus;
2427 1848 2714 1917 vadimus,
2785 1864 2919 1905 cum
3000 1849 3177 1905 animi
3257 1846 3610 1918 propositum

1912 1950 2080 2006 opere
2109 1951 2474 2006 exercemus;
2525 1938 2678 1994 ultra
2718 1953 2852 1995 vero
2897 1938 3319 2009 progredimur,
3374 1952 3507 1993 cum
3537 1937 3608 1991 ad

1914 2027 2135 2098 majora
2178 2030 2426 2099 gerenda
2463 2029 2896 2086 exardescimus
2942 2030 3018 2099 pii
3048 2029 3314 2085 desiderii
3355 2027 3608 2096 ambitu,

1913 2132 2089 2188 quam
2120 2118 2306 2174 facere
2342 2118 2722 2188 praepediente
2752 2118 3061 2189 fragilitate
3086 2119 3365 2175 sinamus.

1984 2226 2156 2282 VERS.
2215 2229 2297 2280 l0.
2359 2254 2432 2267 —
2487 2229 2654 2281 Facta
2724 2232 2804 2280 est
2850 2234 3029 2280 autem
3080 2228 3255 2292 fames
3310 2229 3369 2279 in
3432 2231 3608 2287 terra;

1913 2315 2293 2384 descenditque
2328 2316 2538 2371 Abram
2592 2318 2649 2368 in
2695 2319 3007 2385 .Egyptum,
3061 2320 3123 2369 ut
3165 2318 3614 2385 peregrinaretur

1913 2405 2012 2458 ibi.
2046 2406 2175 2460 Post
2212 2412 2428 2461 tantam
2470 2407 2669 2474 gratiae
2695 2405 3137 2461 exuberantiam
3169 2420 3396 2461 necesse
3431 2413 3516 2461 est
3550 2414 3611 2461 ut

1915 2493 2151 2549 tentatio
2179 2494 2590 2564 subsequatur,
2624 2508 2695 2549 ne
2728 2493 2784 2547 in
2820 2493 3149 2562 superbiam
3180 2493 3376 2563 gloriae
3407 2493 3613 2549 nimie-

1914 2590 2001 2637 tas
2048 2583 2387 2651 delabatur;
2448 2584 2508 2637 flt
2548 2598 2684 2653 ergo
2729 2585 2905 2649 fames
2952 2585 3011 2635 in
3061 2588 3229 2649 terra,
3277 2596 3413 2639 cum
3456 2582 3519 2639 tit
3554 2582 3611 2638 in

1914 2680 2102 2728 mente
2151 2672 2333 2728 divini
2370 2673 2587 2742 saporis
2621 2672 2844 2742 inopia;
2888 2673 3161 2726 descendit
3192 2675 3250 2725 in
3294 2674 3607 2742 Egyptum,

1913 2776 2047 2817 cum
2105 2761 2313 2831 spiritu
2370 2769 2565 2817 noster
2618 2760 3012 2818 tribulationis
3066 2777 3124 2816 se
3179 2761 3615 2831 coangustantis

1917 2850 2210 2907 humiliter
2250 2850 2477 2919 inspicit
2525 2850 2966 2916 detrimentum;
3014 2850 3300 2919 .Egyptus
3360 2864 3614 2920 namque

1914 2940 2129 2996 dicitur
2198 2941 2481 2995 tribulatio
2529 2946 2924 3006 coangustans;
2984 2939 3058 2995 ibi
3121 2939 3612 3009 peregrinaretur.

1915 3043 2048 3084 cum
2082 3028 2139 3083 in
2163 3029 2384 3085 fervore
2416 3029 2762 3095 tentationis,
2807 3030 2980 3099 juxta
3013 3028 3339 3097 apostolum
3391 3026 3495 3098 qui
3543 3028 3615 3082 ad

1918 3118 2309 3188 probationem
2367 3120 2428 3174 lit
2475 3120 2520 3187 (ι
2567 3120 2709 3172 Petr.
2761 3132 2834 3186 tv,
2890 3121 2999 3184 l2),
3035 3131 3195 3172 mens
3240 3131 3274 3171 a
3322 3131 3380 3172 se
3426 3116 3614 3186 pauli—

113 3183 203 3239 riae
229 3184 465 3277 dicens:
518 3185 712 3277 semini
756 3188 864 3251 tuo,
924 3184 1094 3277 idest
1129 3183 1320 3277 operis
1353 3183 1436 3240 ιιιί
1485 3184 1708 3277 merito:
1758 3184 1805 3277 §i
1847 3195 1887 3248 C
1916 3183 2047 3276 sper
2089 3206 2341 3269 alienata
2370 3183 2649 3277 vagatur;
2694 3183 2827 3262 nec
2855 3206 2911 3261 id
2944 3183 3194 3273 injuria:
3247 3183 3615 3273 prmium-az

114 3271 388 3340 persistas,
458 3272 765 3343 subjiciam
814 3272 1027 3329 terreni
1083 3272 1324 3329 affectus
1373 3286 1553 3343 quam
1609 3273 1805 3329 fateris

115 3361 429 3419 motionem.
468 3363 554 3418 lbi
584 3362 836 3433 denique
859 3364 1043 3418 altare
1081 3361 1454 3429 aedificamus,
1488 3376 1621 3417 cum
1670 3374 1805 3429 spe-

113 3451 187 3505 cie
233 3450 338 3507 ista
366 3451 683 3521 superandi
717 3465 874 3520 spem
906 3465 1142 3521 quoque
1171 3466 1287 3506 non
1320 3450 1375 3505 in
1408 3450 1578 3506 laude
1620 3448 1802 3515 inani,

114 3540 203 3595 sed
256 3540 500 3610 praemio
548 3539 760 3596 caelesti
814 3547 1156 3595 caaterarum
1219 3541 1455 3594 materie
1520 3539 1803 3594 virtutum

115 3629 323 3699 adjecta
368 3628 783 3685 construimus.
819 3627 1058 3683 Nullum
1088 3627 1242 3683 enim
1274 3635 1534 3683 nostrum
1578 3634 1663 3682 est
1702 3626 1807 3682 bo-

118 3732 267 3784 num,
299 3718 345 3774 si
376 3732 496 3774 non
526 3717 598 3773 sit
617 3716 737 3788 spei
767 3716 978 3772 divina:
1007 3716 1299 3785 innixum,
1329 3716 1479 3773 sicut
1508 3716 1630 3772 sine
1662 3715 1806 3771 alta-

120 3809 195 3862 rio
226 3808 595 3863 sacrificium.

184 3931 344 3989 Vens.
392 3935 446 3986 8.
486 3960 552 3972 -—
600 3933 671 3985 Et
710 3930 837 3985 inde
870 3931 1273 3999 transgrediens
1304 3929 1379 3984 ad
1414 3937 1665 3997 montem,
1712 3931 1809 3998 qui

124 4027 229 4075 erat
273 4027 460 4076 contra
506 4022 712 4089 Bethel,
755 4020 981 4076 tetendit
1034 4020 1109 4074 ad
1161 4020 1570 4075 tabernaculum
1627 4034 1804 4083 suum,

125 4110 185 4163 ab
222 4111 486 4166 occidente
522 4111 725 4165 habens
769 4109 978 4177 Bethel,
1011 4116 1062 4165 et
1104 4110 1172 4163 ab
1202 4113 1405 4164 oriente
1443 4110 1568 4164 Hui.
1615 4107 1803 4163 Bethel

126 4197 318 4255 dicitur
345 4199 540 4254 domus
588 4201 701 4252 Dei.
734 4198 813 4255 De
861 4198 982 4254 loco
1011 4197 1213 4254 altaris
1259 4197 1333 4254 ad
1368 4205 1620 4253 montem
1667 4210 1805 4267 pro-

128 4300 429 4356 movemnr,
473 4302 612 4344 cum
644 4301 759 4343 non
790 4286 976 4344 solum
1007 4287 1076 4343 de
1114 4287 1392 4343 vitiorum
1421 4285 1663 4342 victoria
1691 4298 1806 4339 non

130 4376 497 4447 desperemus.
538 4376 635 4433 sed
679 4377 851 4432 etiam
880 4391 1255 4448 quarumque
1288 4376 1573 4433 virtutum
1617 4374 1806 4431 excel-

1915 3298 2058 3350 enim
2114 3298 2288 3361 fames
2342 3298 2398 3349 in
2446 3302 2613 3361 terra,
2681 3295 2735 3350 id
2791 3302 2894 3361 est,
2954 3292 3365 3350 dominabatur
3430 3293 3613 3348 divini

1913 3392 2137 3455 egestas
2163 3384 2384 3439 consilii
2412 3386 2469 3438 in
2500 3383 2865 3447 conscientia.

1991 3492 2158 3548 VERS.
2200 3495 2287 3558 11,
2322 3495 2405 3557 12,
2444 3495 2532 3546 13.
2575 3521 2636 3531 -—
2672 3494 2908 3558 Cumque
2948 3506 3115 3559 prope
3157 3496 3290 3543 esset
3324 3493 3380 3543 ut
3427 3492 3616 3555 ingre-

1917 3580 2136 3635 deretur
2194 3584 2509 3650 .h‘gyptum,
2582 3578 2731 3632 dixit
2798 3580 2967 3631 δάνιιί
3030 3580 3196 3631 πιςτονὶ
3257 3593 3409 3631 suae:
3477 3578 3617 3631 ινουὶ

1917 3671 2062 3740 quod
2099 3670 2332 3739 pulchra
2370 3672 2448 3723 sis
2493 3671 2708 3736 mulier,
2737 3674 2785 3721 et
2832 3683 2951 3721 cum
3000 3667 3239 3720 viderint
3291 3674 3339 3718 te
3368 3668 3618 3735 .Egyptii

1917 3760 2123 3813 dicturi
2151 3764 2279 3812 sunt
2306 3774 2319 3812 :
2370 3759 2517 3811 Uxor
2554 3759 2703 3811 illius
2754 3762 2860 3821 est;
2908 3762 2958 3810 et
2986 3758 3310 3824 interﬁcimt
3336 3770 3436 3820 me,
3487 3759 3538 3808 et
3568 3760 3617 3808 te

1917 3847 2287 3900 reservabant.
2344 3847 2444 3899 Dic
2499 3860 2643 3912 ergo,
2700 3846 2912 3898 obsecro
2974 3849 3041 3905 te,
3100 3843 3246 3911 quod
3283 3858 3442 3896 soror
3498 3858 3617 3895 mea

1916 3939 2014 4004 sis,
2046 3941 2107 3990 ut
2140 3936 2265 3989 bene
2306 3937 2381 3989 sit
2417 3935 2555 3987 mihi
2574 3939 2796 4003 propter
2828 3940 2896 3998 te,
2929 3940 2979 3987 et
3007 3935 3158 3985 vivat
3189 3934 3377 3985 anima
3404 3946 3521 3984 mea
3552 3932 3616 3983 ob

1916 4027 2157 4094 gratiam
2204 4028 2307 4078 tui.
2357 4024 2664 4094 Postquam
2709 4023 2887 4091 igitur
2923 4021 2996 4076 ad
3030 4020 3237 4076 mentis
3283 4019 3614 4089 caliginem,

1918 4117 2072 4187 quod
2103 4116 2406 4185 ngyptns,
2438 4128 2570 4185 quae
2600 4113 2812 4169 dicitur
2845 4116 3088 4176 tenebrae,
3121 4118 3307 4179 sonat,
3334 4124 3616 4180 pervene—

1919 4206 2121 4271 rimus,
2191 4204 2249 4259 in
2310 4205 2430 4274 ipso
2486 4204 2676 4259 adhuc
2756 4201 3086 4258 tentationis
3141 4202 3357 4256 incerto
3432 4198 3647 4265 Sarai,,

1919 4301 2127 4350 nostrae
2197 4292 2410 4349 scilicet
2481 4292 2764 4349 voluntati
2814 4292 3006 4347 adhuc
3060 4290 3134 4346 ab
3206 4290 3444 4360 imperio
3501 4303 3617 4343 non

1917 4383 2160 4439 divulsae
2203 4380 2394 4436 mariti
2442 4380 2702 4444 rationis,
2745 4379 3030 4435 dicimus:
3064 4380 3299 4435 Certum
3340 4385 3425 4433 est
3458 4377 3617 4447 quod

131 4462 343 4521 lentiam
372 4466 718 4537 appetimus.
763 4466 817 4521 Is
848 4481 1012 4522 mons
1049 4481 1252 4522 versus
1290 4466 1568 4521 orientem
1601 4465 1807 4519 domus
1846 4487 1889 4540 ι)
1920 4472 2070 4528 bona
2117 4468 2338 4538 cupias,
2400 4475 2457 4524 et
2509 4467 2712 4523 habitu
2769 4467 3079 4523 honestatis
3136 4466 3303 4537 quasi
3359 4464 3616 4535 quadam

135 4554 220 4609 Dei
262 4555 403 4612 situs
451 4564 557 4622 est,
595 4555 733 4624 quia
780 4554 1068 4626 quidquid
1106 4554 1339 4611 virtutis
1381 4555 1681 4619 habemus,
1731 4552 1804 4608 ad

133 4642 318 4699 Christi
359 4643 821 4701 conformitatem
876 4643 1080 4704 inhiat.
1133 4643 1342 4701 Christi
1388 4643 1605 4699 visione
1662 4642 1803 4697 irra-

134 4730 262 4788 diari
319 4732 430 4797 hic,
492 4741 549 4789 et
608 4733 668 4787 in
718 4732 916 4789 futuro
977 4731 1281 4797 desiderat,
1340 4731 1444 4801 qui
1493 4739 1577 4787 est
1634 4745 1809 4786 verus

134 4820 312 4878 Oriens
339 4823 546 4879 domus
589 4821 709 4888 Dei,
748 4821 800 4877 id
832 4830 916 4878 est
948 4822 1208 4878 minister
1239 4821 1474 4878 luminis
1521 4820 1812 4878 mentibus

138 4908 386 4979 ﬁdelium,
422 4910 480 4966 in
515 4910 735 4982 quibus
764 4918 848 4966 est
878 4910 1154 4966 habitatio
1195 4910 1290 4966 Dei
1325 4925 1338 4965 :
1367 4909 1809 4968 tabernaculum

139 4995 282 5054 isthic
330 4999 641 5064 tendimus,
672 5013 806 5055 cum
835 4999 908 5055 ad
939 4999 1053 5055 Deo
1081 4999 1447 5055 militandum
1492 5005 1809 5071 appetitum

141 5087 352 5155 spiritus
394 5088 792 5159 provehimus.
835 5090 923 5145 Ab
969 5090 1238 5145 occidente
1282 5090 1466 5145 Bethel
1508 5089 1809 5155 habemus,

141 5188 255 5230 cum
306 5177 548 5234 defcctui
607 5185 819 5243 nostro,
882 5178 984 5250 qui
1037 5178 1339 5250 aliquoties
1387 5179 1666 5249 subrepit,
1725 5177 1812 5234 vel

144 5262 291 5320 etiam
332 5266 733 5338 desperationi,
768 5267 971 5324 domus
1011 5268 1112 5325 Dei
1150 5282 1326 5339 super
1354 5268 1595 5324 cmlestis
1642 5268 1815 5323 deco-

148 5363 267 5417 rem,
308 5353 390 5410 vel
439 5354 743 5426 praeteritae
792 5356 1034 5412 actionis
1072 5357 1383 5427 puritatem
1428 5356 1810 5429 opponimus:

150 5439 206 5491 ab
239 5441 443 5498 Oriente
480 5458 617 5500 vero
654 5443 931 5502 habemus
965 5447 1092 5509 Hai,
1135 5446 1225 5501 vel
1269 5445 1441 5502 etiam
1496 5445 1816 5503 secundum

153 5526 297 5585 aliam
334 5532 765 5589 translationem
810 5536 941 5603 Gai,
987 5549 1119 5590 cum
1173 5535 1480 5601 virtutum,
1535 5534 1700 5605 quasi
1744 5548 1817 5590 ex

156 5614 289 5673 nimii
326 5619 504 5690 gloria
552 5619 792 5677 luminis
834 5622 1165 5679 lasciviente
1205 5638 1495 5690 successu,
1541 5622 1820 5694 quaestio-

157 5716 267 5761 nem
295 5710 480 5766 animo
505 5709 577 5766 de
619 5709 847 5777 inferni,
881 5711 971 5768 vel
1012 5720 1377 5783 peccatorum
1429 5711 1821 5784 quorumlibet

1918 4560 2103 4631 specie
2150 4557 2539 4614 benevolendo
2582 4572 2694 4611 non
2738 4572 2952 4621 careas,
3006 4556 3133 4612 licet
3162 4570 3332 4625 opere
3373 4553 3616 4625 exsequi

1921 4663 2195 4720 nequeas,
2247 4647 2345 4703 sed
2400 4647 2447 4701 si
2486 4645 2759 4716 Egyptii,
2809 4646 3072 4701 carnales
3105 4645 3385 4709 videlicet,
3427 4644 3530 4712 qui
3565 4650 3618 4697 te

1919 4736 2357 4802 contenebrant,
2401 4742 2609 4801 motus,
2647 4735 2825 4789 aciem
2853 4734 2952 4788 tibi
2984 4748 3104 4788 suae
3140 4732 3615 4803 impugnationis,

1921 4828 2064 4898 quia
2108 4825 2191 4882 eis
2262 4822 2551 4880 contraria
2611 4822 2787 4887 voles,
2843 4819 3211 4887 intenderint,
3271 4833 3511 4874 uxorem
3568 4826 3619 4875 te

1924 4929 2130 4980 meam,
2167 4912 2223 4969 id
2261 4920 2346 4968 est
2395 4911 2633 4968 rationis
2676 4925 2814 4966 meae
2859 4923 3055 4964 amore
3100 4916 3153 4964 te
3194 4908 3430 4964 ductam
3460 4907 3619 4962 msti-

1924 5012 2164 5071 mantes,
2221 5002 2363 5057 mihi
2404 5000 2635 5071 spiritui
2664 5000 2857 5055 acrius
2887 4997 3175 5065 insistens,
3208 4996 3622 5053 tentationibns

1921 5093 2193 5159 obruent,
2242 5099 2295 5146 et
2331 5098 2382 5146 te
2413 5090 2541 5157 subi,
2576 5097 2640 5146 ut
2679 5090 2802 5159 jam
2841 5103 2957 5144 non
3000 5086 3111 5142 nisi
3149 5085 3409 5142 carnalia
3454 5084 3617 5150 velis,

1923 5181 2292 5249 contrahent;
2326 5193 2440 5235 non
2475 5180 2670 5249 itaque
2697 5178 2959 5234 resistere
2990 5184 3069 5233 tot
3097 5175 3386 5232 malorum
3417 5172 3622 5243 impul-

1925 5269 2089 5325 sibus
2125 5266 2318 5336 valeo;
2347 5267 2547 5324 cedam
2591 5281 2750 5337 ergo,
2782 5266 2937 5323 unde
2976 5273 3033 5322 et
3069 5277 3321 5320 sororem
3352 5271 3405 5319 te
3435 5275 3621 5318 meam

1929 5366 1991 5415 ut
2033 5357 2191 5413 dicas
2220 5356 2475 5424 obsecro,
2524 5355 2582 5411 id
2618 5362 2703 5411 est
2731 5355 2928 5411 eadem
2962 5354 3178 5410 sentias
3216 5365 3349 5423 qua:
3391 5359 3447 5407 et
3494 5364 3619 5419 ego,

1929 5453 1993 5502 ut
2035 5445 2245 5501 obruta
2282 5443 2623 5499 auctoritate
2668 5443 2858 5498 mariti
2893 5441 3040 5497 idem
3081 5440 3311 5510 sapiant
3357 5438 3627 5494 voluntas

1928 5532 2179 5589 carnalis
2212 5540 2265 5588 et
2298 5531 2459 5598 ratio,
2500 5540 2561 5587 ut
2591 5532 2734 5587 bene
2764 5530 2836 5587 sit
2868 5530 3007 5587 mihi
3038 5536 3326 5600 quantum
3363 5527 3438 5583 ad
3480 5536 3622 5583 tem-

1933 5629 2177 5693 pestates
2221 5620 2421 5689 animi,
2469 5634 2617 5691 quas
2672 5619 3024 5697 suggestioni
3077 5615 3440 5674 consentiens
3487 5628 3628 5671 eva-

1931 5726 2077 5779 sero,
2118 5719 2174 5767 et
2214 5711 2372 5767 vivat
2420 5710 2616 5767 anima
2661 5724 2808 5770 mea.
2852 5709 2907 5764 id
2936 5714 3041 5775 est,
3085 5705 3294 5763 sentiat
3341 5704 3463 5780 vita
3504 5716 3629 5758 mea
