3956 6426
307 442 402 494 Hii

1201 440 1263 493 V.
1307 440 1639 498 GUIBERTI
1682 439 1972 496 ABBATIS
2007 439 2064 497 S.
2109 437 2344 496 MARI/E
2383 436 2472 495 DE
2513 436 2903 495 NOVIGENTU

3717 439 3813 492 liti

300 571 439 643 quid
498 570 818 627 dulcedinis
860 571 1068 627 habeat
1106 569 1314 626 szeculo
1348 570 1622 626 inservire
1667 572 1986 627 secundum
2027 575 2066 625 Α
2101 570 2231 624 tatis
2263 584 2373 625 non
2408 567 2712 625 cohibuisti
2748 567 3063 635 lasciviam,
3097 575 3152 625 et
3199 569 3298 626 tibi
3327 569 3461 642 jure
3509 568 3813 626 subditam

302 659 578 732 placitum
608 659 834 716 arbitrii
862 661 974 715 sui.

373 777 544 835 Vnus.
595 778 674 838 l4,
709 779 799 831 l5.
839 807 906 816 —
935 778 1068 833 Cum
1100 778 1284 846 itaque
1328 777 1600 843 ingressus
1620 785 1754 831 esset
1787 778 1995 831 Abram

305 869 618 936 Egyptum,
675 864 930 919 viderunt
994 864 1256 934 .Jz'gyptii
1308 868 1602 932 mulierem,
1653 865 1799 936 quod
1861 872 1996 920 esset

301 956 536 1025 pulchra
576 956 766 1009 nimis.
815 954 896 1008 Et
940 957 1333 1008 nuntiaverunt
1373 957 1650 1025 principes
1692 955 1992 1020 Pharaoni;

306 1047 356 1096 et
403 1041 768 1096 laudauerunt
798 1057 912 1096 eam
944 1042 1096 1111 apud
1139 1043 1314 1107 illum,
1355 1049 1405 1096 et
1441 1043 1657 1097 sublata
1685 1053 1762 1098 est
1804 1046 1998 1098 mulier

306 1135 366 1185 in
413 1131 630 1185 domum
685 1131 1010 1184 Pharaonis.
1073 1131 1439 1201 lngredimur
1493 1133 1807 1201 Egyptum,
1864 1147 1996 1188 cutn

309 1220 472 1275 bona:
522 1219 855 1274 intentionis
883 1219 1090 1275 amisso
1120 1219 1335 1274 lumine
1358 1220 1764 1276 obscuritatem
1794 1221 1999 1276 incidi-

310 1322 441 1363 mus
489 1308 768 1362 mentium
804 1321 817 1362 :
869 1308 1136 1376 Egyptii
1163 1308 1444 1362 mulierem
1481 1310 1628 1377 quod
1652 1311 1883 1379 pulchra
1929 1313 2000 1365 sit

309 1396 526 1463 vident,
577 1411 707 1452 cum
742 1395 1069 1466 corporales
1102 1404 1308 1458 motus,
1354 1397 1456 1466 qui
1487 1397 1794 1468 aliquoties
1831 1400 1998 1454 etiam

311 1484 431 1540 sine
477 1483 816 1554 cogitatione
860 1484 1205 1540 naturaliter
1234 1492 1289 1540 et
1331 1493 1532 1554 sponte
1569 1487 1842 1552 citantur,
1897 1488 2002 1558 pia-

309 1572 621 1629 voluntatis
653 1572 1069 1642 pulchritudini
1102 1573 1380 1641 invident,
1421 1581 1471 1628 et
1521 1574 1878 1631 sollicitando
1899 1591 2003 1631 ur-

313 1667 475 1731 gent;
522 1661 628 1716 etsi
655 1661 809 1716 enim
855 1661 1197 1732 plerumque
1233 1675 1519 1729 erramus,
1550 1664 1785 1718 omnino
1815 1672 2002 1719 tamen

313 1763 418 1804 nos
447 1762 645 1804 errare
681 1747 964 1815 dolemus,
997 1750 1156 1820 quia,
1203 1749 1375 1820 juxta
1423 1749 1759 1820 Apostolum
1791 1765 1802 1804 :
1845 1750 2002 1817 Quod

313 1836 586 1926 nolumus
634 1837 877 1906 malum,
926 1838 1032 1893 hoc
1076 1838 1303 1909 agimus
1333 1840 1505 1903 (Rom.
1547 1854 1646 1907 vu,
1685 1842 1786 1905 19).
1840 1839 2004 1893 Prin-
2049 1872 2087 1926 Β

313 1930 455 1996 cipe:
508 1925 787 1980 Pharaoni
839 1927 1131 1994 nuntiant,
1175 1941 1309 1982 cum
1369 1926 1425 1982 hi
1484 1927 1701 1998 quibus
1755 1928 2003 1984 dicitur:

317 2012 520 2070 Tollite
571 2021 785 2084 portas,
843 2015 1152 2085 principes,
1216 2024 1438 2072 vestras
1491 2016 1658 2085 (Psal.
1712 2031 1871 2083 χχιιι,
1932 2016 2005 2084 7).

320 2117 521 2160 sensus
565 2104 874 2160 exteriores
921 2105 1100 2160 nostri
1141 2104 1377 2170 .atlectui
1409 2104 1626 2161 carnali
1667 2105 1736 2160 de
1785 2105 2010 2160 residuo

323 2191 401 2261 pii
447 2191 716 2248 desiderii
777 2192 1078 2262 conquesti
1126 2192 1424 2262 intimant;
1485 2207 1584 2262 per
1655 2193 2009 2248 Pharaonem

320 2279 472 2336 enim
505 2279 753 2336 carnalis
782 2288 933 2336 recte
971 2281 1208 2337 allectus
1239 2281 1540 2350 accipitur,
1569 2281 1671 2350 qui
1715 2282 2012 2350 dissipans,

325 2368 413 2424 vel
461 2368 855 2438 discooperiens
894 2384 1032 2436 eum,
1081 2369 1236 2425 haud
1268 2369 1512 2426 dubium
1555 2370 1701 2440 quin
1749 2369 2009 2439 spiritum

323 2458 624 2513 destruens
694 2456 956 2523 interius,
1042 2465 1098 2514 et
1154 2458 1424 2527 detegens
1484 2466 1639 2514 veste
1709 2458 2011 2525 virtutum,

326 2546 762 2614 interpretatur;
809 2544 966 2600 illam
1011 2553 1203 2601 autem
1252 2545 1511 2612 laudant,
1553 2560 1684 2601 cum
1733 2547 2014 2616 sagacita-

327 2641 440 2690 tem
472 2632 707 2704 ingenii,
738 2641 793 2690 et
833 2634 1095 2690 habitum
1123 2635 1378 2705 corporis
1407 2635 1477 2690 ad
1504 2634 1698 2690 saeculi
1731 2635 2018 2705 captanda

325 2721 625 2777 commoda
691 2721 1010 2778 adulatorie
1091 2724 1454 2794 suggerendo
1539 2722 1868 2792 praedicant.
1958 2725 2020 2778 In

327 2810 544 2864 domum
609 2812 912 2866 Pharaonis
976 2815 1170 2866 mulier
1228 2813 1589 2880 transfertur,
1643 2827 1774 2867 cum
1835 2812 2019 2868 mollis

323 2898 445 2970 jam
474 2898 815 2969 enervisque
852 2900 1120 2956 voluntas
1159 2908 1589 2971 perseveranter
1638 2908 1841 2956 actura
1884 2916 2017 2957 cum

329 2983 539 3041 affectu
588 2986 805 3041 carnali
845 2985 1166 3054 inducitur;
1205 3001 1303 3058 per
1331 2987 1565 3043 domum
1605 2988 1759 3044 enim
1789 2987 2017 3044 diutur-

329 3073 480 3129 nitas
510 3073 849 3146 intelligitur
878 3076 1212 3132 mansionis.

401 3188 571 3246 Vnns.
627 3193 709 3244 l6.
763 3219 837 3232 —
879 3191 1094 3247 Abram
1143 3208 1267 3247 vero
1325 3192 1452 3248 bene
1495 3207 1626 3248 usus
1671 3197 1750 3248 est
1796 3198 2022 3265 propter
2059 3166 2099 3222 Ο

328 3278 516 3344 illam;
566 3280 899 3349 fueruntque
926 3282 976 3334 ei
1026 3296 1146 3335 oves
1195 3286 1246 3335 et
1276 3281 1451 3347 boves,
1482 3283 1630 3336 asini
1674 3285 1723 3336 et
1774 3283 1937 3345 servi,
1970 3288 2020 3336 et

327 3366 570 3432 famulae,
630 3372 681 3420 et
716 3371 888 3422 asinae
925 3373 974 3422 et
1027 3369 1234 3424 cameli.
1296 3370 1428 3424 Oves
1467 3369 1806 3437 fatuitatem,
1868 3370 2019 3424 boves

333 3453 604 3524 nequitiae
674 3455 1174 3524 ponderositatem,
1225 3459 1373 3511 asini
1425 3457 1827 3526 petulantiam,
1880 3461 2023 3512 servi

335 3541 705 3611 proterviam,
749 3543 976 3610 famula
1005 3545 1397 3601 seductibilem
1426 3553 1481 3601 et
1509 3545 1581 3601 ad
1609 3546 1805 3602 oculos
1833 3546 2018 3602 solum

337 3630 624 3686 humanos
654 3630 912 3687 timidam
945 3633 1371 3699 conscientiam,
1412 3637 1580 3688 asinae
1622 3635 2021 3703 cogitationem

335 3719 611 3774 continua
668 3719 983 3790 pollutione
1041 3721 1364 3788 fecundam,
1424 3724 1615 3777 cameli
1663 3737 1908 3794 pravum
1957 3738 2025 3779 ac

335 3806 641 3863 distortum
699 3809 1038 3879 appetitum,
1074 3818 1129 3867 et
1177 3811 1246 3866 ad
1300 3818 1518 3868 motum
1567 3812 1739 3868 totius
1790 3827 2023 3882 perver-

337 3896 520 3952 sitatis
548 3897 854 3966 acclinem;
885 3900 1140 3955 camelus
1174 3915 1426 3970 namque
1457 3915 1490 3956 a
1517 3902 1802 3958 curvitate
1831 3901 2027 3958 Graeca

337 3985 688 4042 derivatione
718 3995 975 4044 vocatur.
1018 3989 1167 4044 Bene
1203 3998 1394 4045 autem
1425 3989 1698 4055 exterius,
1731 4005 1847 4045 non
1890 3990 2028 4046 inte-

341 4073 464 4130 rius
510 4075 729 4132 Pharao
760 4077 966 4133 Abram
1001 4079 1204 4144 utitur,
1238 4079 1377 4134 dum
1419 4093 1534 4134 non
1564 4079 1714 4134 veris
1744 4079 1840 4135 sed
1877 4079 2026 4135 ima-

342 4161 599 4232 ginariis,
659 4165 712 4220 id
762 4173 846 4221 est
891 4167 1304 4237 temporalibus
1347 4167 1532 4233 bonis,
1585 4182 1687 4238 pro
1731 4167 2028 4224 voluntate

339 4260 612 4322 corrupta
640 4253 784 4309 ratio
814 4254 887 4310 ab
919 4254 1126 4311 atl‘ectu
1155 4255 1448 4312 delinitur.

413 4357 588 4414 Vnus.
645 4362 725 4422 l7,
765 4362 848 4423 18,
907 4363 989 4415 l9.
1029 4390 1102 4402 —
1157 4363 1476 4428 Flugellavit
1533 4367 1711 4416 autem
1765 4366 2028 4418 Dominus

344 4448 676 4503 Pharaonem
720 4449 903 4519 plagis
950 4453 1229 4516 maximis,
1275 4457 1325 4505 et
1369 4451 1582 4506 domum
1616 4453 1757 4520 ejus,
1804 4458 2027 4522 propter

345 4537 511 4592 Sarai
547 4553 771 4592 uxorem
820 4539 1045 4594 Abram.
1099 4541 1423 4608 Vocavitque
1452 4541 1664 4595 Pharao
1712 4541 1934 4608 Abram,
1979 4547 2027 4595 et

345 4625 492 4680 dixit
544 4628 630 4681 ei:
685 4627 956 4692 QuiJnam
1002 4635 1080 4682 est
1108 4627 1253 4697 quod
1289 4631 1468 4694 fecisti
1494 4631 1665 4684 mihi?
1707 4645 1876 4698 quare
1922 4646 2030 4684 non

347 4715 610 4770 indicasti
674 4717 822 4788 quod
866 4731 1008 4770 uxor
1060 4723 1152 4770 tua
1215 4716 1390 4771 esset?
1444 4719 1598 4774 Nunc
1678 4721 1854 4787 igitur
1917 4735 2031 4773 ecce

345 4803 545 4874 conjua:
575 4811 689 4872 tua,
731 4803 914 4874 accipe
954 4821 1091 4872 eam,
1125 4811 1176 4860 et
1203 4807 1359 4860 vade.
1397 4806 1735 4860 Pharaonem
1768 4808 2030 4861 Dominus

348 4893 615 4963 ﬂagellat,
649 4893 788 4948 dum
821 4895 1174 4965 quandoque
1218 4909 1251 4950 a
1289 4909 1528 4951 suarum
1575 4895 1779 4952 elfectu
1835 4895 2029 4950 libidi-

345 4995 488 5036 num
533 4988 848 5050 torpentem
877 4983 1141 5039 aﬂectum
1187 4985 1550 5053 przesentium
1583 4985 2032 5054 futurorumque

349 5069 630 5125 malorum
671 5071 821 5125 Deus
860 5071 1313 5128 consideratione
1345 5073 1683 5129 exterritat:
1736 5072 1852 5143 eius
1905 5087 2030 5142 per-

344 5158 488 5214 cutit
538 5159 774 5225 domum,
832 5160 973 5214 dum
1026 5163 1354 5231 temporalis
1399 5165 1603 5218 timore
1645 5162 1896 5228 ultionis,
1943 5161 2029 5215 vel

347 5247 544 5303 aeterni
567 5247 790 5318 judicii,
813 5251 1217 5318 perseverandi
1250 5251 1307 5306 in
1340 5251 1491 5307 malo
1519 5256 1620 5305 δα
1635 5265 1806 5320 quem
1841 5264 2035 5320 propo-

345 5343 539 5392 suerat
570 5335 811 5392 destruit
851 5338 1201 5409 appetitum;
1234 5347 1289 5395 et
1319 5341 1425 5396 hoc
1465 5339 1524 5394 lit
1554 5344 1776 5407 propter
1812 5354 2034 5393 umorem

349 5425 561 5479 Abram
590 5426 756 5481 Sarai
791 5426 1003 5483 scilicet
1044 5429 1220 5485 donec
1268 5428 1536 5484 voluntas
1584 5428 1751 5496 quasi
1799 5428 2032 5497 conjugi

347 5513 578 5584 proprio
659 5515 935 5572 reddatur
1007 5517 1252 5573 rationi:
1310 5523 1472 5572 vocat
1515 5517 1732 5572 Pharao
1799 5515 2032 5580 Abram,

347 5603 581 5672 quando
613 5602 851 5661 affectus
887 5606 1004 5678 jam
1039 5605 1274 5662 humilis
1315 5604 1422 5660 sibi
1454 5603 1702 5674 applicat
1732 5605 2031 5660 rationem.

346 5690 482 5760 Cur,
517 5691 726 5763 inquit,
771 5708 804 5750 ο
845 5693 1244 5752 intellectualis
1284 5705 1532 5748 censura
1555 5691 1781 5760 judicii,
1821 5691 2035 5749 volun-

2103 658 2282 713 sivisti
2337 665 2454 714 tam
2516 657 2714 714 leviter
2767 656 3010 712 distrahi
3067 670 3101 712 a
3159 664 3212 713 te
3265 671 3367 727 per
3411 657 3620 726 inepta:
3675 670 3816 711 mea:

2103 746 2416 802 aitet-tionis
2459 745 2954 802 fraudulentiam?
2986 747 3208 801 Pacatis
3250 746 3446 816 itaque
3479 761 3622 802 mea;
3673 745 3816 800 irri—

2107 839 2334 891 tationts
2379 837 2602 891 cunctis
2651 835 2980 890 iuvar-ibus
3027 839 3213 904 accipe
3265 851 3400 902 eam,
3440 835 3494 890 id
3535 843 3644 894 est.
3685 832 3815 890 forti

2106 925 2458 980 continentia
2520 938 2554 979 a
2605 925 2770 980 modo
2819 926 2913 979 tln
2969 924 3247 994 restringe
3306 937 3656 990 connexam,
3717 924 3814 976 sed

2107 1020 2294 1069 tamen
2348 1013 2708 1083 postmodum
2755 1013 3100 1082 quantocius
3140 1011 3295 1074 vade,
3330 1012 3383 1067 id
3427 1020 3534 1079 est,
3582 1012 3644 1067 in
3694 1026 3818 1066 me-

2111 1102 2223 1156 lius
2293 1103 2562 1171 prolicere
2624 1100 2808 1166 stude,
2877 1101 3104 1156 declina
3157 1114 3192 1156 a
3255 1101 3422 1169 malo,
3485 1108 3540 1156 et
3603 1100 3818 1156 deinde

2111 1190 2353 1259 impiger
2392 1190 2559 1244 facito
2595 1190 2809 1244 bonum
2842 1189 3015 1258 (Psal.
3051 1203 3248 1255 xxxvi,
3281 1191 3390 1256 27).

2187 1279 2348 1332 Vicus.
2403 1281 2490 1331 20.
2543 1307 2608 1316 -—
2665 1279 3025 1346 Precepitque
3100 1279 3313 1332 Pharao
3369 1293 3538 1346 super
3601 1277 3816 1331 Abram

2110 1370 2271 1433 viris,
2323 1373 2373 1422 et
2405 1368 2750 1420 deduxerunt
2791 1382 2911 1420 eum
2946 1372 2996 1419 et
3043 1382 3264 1420 uxorem
3321 1367 3459 1435 ejus,
3518 1372 3574 1420 et
3624 1371 3818 1421 omnia

2112 1474 2230 1525 qtae
2280 1457 2528 1509 habebat.
2581 1486 2648 1494 —
2693 1456 2851 1522 (CAP.
2905 1469 3023 1522 xm,
3059 1455 3239 1510 Vsus.
3296 1455 3373 1522 1).
3436 1456 3816 1524 Ascenditque

2115 1546 2330 1597 Abram
2371 1560 2434 1597 ea:
2466 1546 2716 1610 .Egyplo,
2775 1545 2888 1610 ipse
2925 1548 2975 1596 et
3025 1558 3164 1595 uxor
3200 1543 3340 1610 ejus,
3369 1547 3418 1595 et
3459 1545 3640 1596 omnia
3692 1558 3819 1612 quae

2115 1633 2364 1698 habebat,
2412 1639 2462 1685 et
2510 1632 2645 1686 Loth
2691 1648 2808 1684 cum
2841 1647 2897 1684 eo
2927 1631 3000 1684 ad
3029 1633 3324 1684 australem
3363 1631 3606 1700 plagam.
3665 1632 3820 1684 Pha-

2113 1735 2212 1772 rao
2267 1735 2430 1788 super
2478 1719 2685 1774 Abram
2748 1721 2880 1773 viris
2935 1718 3213 1789 praecipit,
3276 1733 3407 1774 cum
3462 1719 3560 1775 Dei
3605 1719 3822 1774 timore

2115 1815 2498 1877 compunctus
2573 1807 2825 1863 carnalis
2887 1808 3175 1878 appetitus
3246 1807 3512 1863 virilibus
3573 1806 3824 1863 rationis

2119 1897 2383 1951 sensibus
2429 1897 2825 1952 auctoritatem
2878 1895 3122 1966 propriae
3167 1895 3563 1965 opitulationis
3594 1895 3824 1966 adjun-

2120 1985 2229 2055 git;
2261 1985 2554 2040 deducunt
2581 1999 2737 2050 eum,
2786 1990 2836 2039 et
2877 2001 3121 2051 uxorem,
3169 1991 3224 2039 et
3271 1998 3402 2054 quae
3452 1983 3641 2050 habet,
3679 1998 3823 2040 cum

2118 2074 2190 2128 ad
2237 2073 2650 2143 expediendam
2695 2073 3262 2139 intellectualitatem,
3317 2072 3821 2143 subjungendam-

2120 2176 2233 2232 que
2288 2161 2595 2217 intellectui
2681 2161 3054 2227 voluntatem,
3126 2169 3182 2217 et
3257 2161 3547 2216 residuam
3603 2161 3823 2216 animae

2124 2248 2451 2314 bonitatem,
2493 2249 2780 2320 quidquid
2827 2257 2908 2305 est
2949 2249 3161 2304 virium
3209 2248 3313 2304 sibi
3367 2248 3598 2304 animus
3641 2249 3821 2304 exhi-

2124 2339 2215 2394 bet
2247 2353 2260 2392 :
2319 2338 2563 2392 ascendit
2595 2339 2802 2392 Abram
2833 2353 2965 2393 cum
3005 2338 3144 2404 suis,
3207 2351 3410 2404 uxore,
3457 2345 3512 2393 et
3549 2338 3696 2393 Loth
3746 2351 3822 2392 ex

2123 2429 2386 2497 .Egypto,
2418 2442 2549 2483 cum
2574 2429 2810 2497 spiritus
2836 2435 3028 2483 noster
3055 2427 3300 2497 emigrat
3335 2440 3367 2482 a
3395 2427 3598 2483 mundi
3639 2427 3824 2495 hujus

2123 2517 2420 2582 desiderio,
2478 2524 2534 2571 et
2587 2515 2882 2572 voluntate
2948 2530 3015 2570 ac
3066 2516 3273 2570 affectu
3324 2530 3430 2570 suo
3481 2529 3517 2570 a
3573 2515 3823 2584 pristina

2125 2605 2502 2660 declinatione
2554 2613 2809 2660 correcto
2862 2604 2936 2658 ad
3001 2605 3297 2658 australem
3360 2603 3620 2660 concedit
3688 2620 3824 2672 pur-

2127 2700 2248 2759 tem,
2303 2693 2375 2748 ad
2438 2693 2753 2762 spiritualis
2805 2694 3018 2749 scilicet
3077 2695 3210 2749 vitae
3259 2693 3560 2748 fervorem.
3620 2693 3819 2759 Surge,

2129 2782 2336 2852 inquit,
2365 2783 2570 2852 aquilo,
2601 2787 2651 2835 et
2679 2785 2820 2835 veni.
2855 2787 3037 2835 auster
3058 2782 3212 2851 (Can.
3245 2795 3322 2844 tv,
3362 2784 3472 2849 16).

2198 2871 2368 2926 Vsus.
2433 2873 2484 2925 2.
2541 2901 2605 2910 —
2657 2873 2795 2926 Erat
2841 2876 3020 2924 autem
3076 2870 3227 2924 dives
3277 2870 3438 2923 valde
3493 2871 3552 2922 in
3607 2884 3820 2938 posses-

2126 2961 2272 3014 sione
2321 2961 2535 3023 argenti
2586 2965 2636 3014 et
2692 2961 2836 3013 auri.
2892 2959 3199 3029 Postquam
3254 2972 3288 3013 a
3335 2957 3548 3027 peccati
3594 2967 3826 3028 torpore

2128 3049 2199 3103 ad
2231 3047 2572 3102 ardentioris
2609 3047 2781 3102 studii
2819 3047 3079 3102 instituta
3108 3047 3533 3117 consurgimus,
3579 3053 3825 3116 argento

2127 3134 2378 3190 scientize
2463 3133 2736 3200 ditamur,
2819 3133 2959 3204 quia
3013 3134 3411 3189 discretionem
3481 3132 3822 3202 spirituum,

2129 3222 2519 3293 vitiorumque
2567 3229 2826 3285 naturas,
2867 3221 3134 3276 humanae
3162 3220 3333 3276 etiam
3373 3220 3828 3276 conversationis

2127 3312 2319 3366 varios
2357 3318 2541 3366 status
2587 3317 2745 3365 tanto
2801 3309 2976 3364 altius
3021 3309 3440 3378 cognoscimus,
3497 3317 3727 3378 quanto
3774 3315 3829 3363 et

2131 3399 2251 3455 haec
2299 3399 2612 3470 aliquando
2664 3398 2834 3468 passi,
2887 3398 3007 3468 jam
3055 3411 3211 3452 nunc
3261 3398 3370 3453 Deo
3421 3398 3666 3468 juvante
3725 3410 3830 3452 nos

2127 3490 2374 3543 evasisse
2424 3487 2773 3559 gaudemus;
2829 3499 2973 3541 auro
3030 3486 3322 3554 sapientiae
3378 3485 3825 3555 locupletamur,

2129 3589 2261 3632 cum
2287 3577 2409 3646 jam
2444 3577 2537 3632 Dei
2572 3573 3051 3644 contemplatione
3083 3574 3385 3637 satiamur,
3429 3582 3484 3630 et
3529 3574 3818 3630 virtutum

2129 3679 2231 3720 seu
2285 3664 2676 3734 quorumlibet
2729 3664 3130 3731 mysteriorum
3189 3662 3564 3731 intelligentia
3630 3663 3829 3731 perlu-

2131 3762 2404 3809 stramur.
2463 3753 2648 3808 Potest
2698 3759 2753 3807 et
2799 3751 3077 3820 sapientia
3106 3751 3177 3806 ad
3217 3749 3508 3822 religionis
3546 3751 3833 3806 excellen-

2134 3843 2293 3907 tiam,
2347 3841 2585 3896 scientia
2641 3853 2774 3894 vero
2830 3839 3008 3908 accipi
3062 3839 3381 3895 secundum
3458 3837 3828 3895 ecclesiastici

2133 3929 2460 3986 documenti
2488 3928 2876 3999 sagacitatem.

2205 4019 2378 4076 VERS.
2410 4021 2461 4084 3,
2503 4017 2553 4070 4.
2583 4047 2652 4056 -
2679 4018 3042 4086 Reversusque
3079 4021 3157 4070 est
3187 4032 3283 4085 per
3312 4018 3434 4081 iter,
3459 4031 3563 4084 quo
3583 4020 3830 4080 venerat,

2135 4123 2170 4162 a
2195 4107 2418 4160 meridie
2452 4108 2508 4158 in
2537 4105 2738 4169 Bethel,
2782 4120 2951 4173 usque
2979 4103 3053 4157 ad
3082 4105 3252 4158 locum
3289 4105 3384 4158 ubi
3420 4107 3576 4174 prius
3621 4107 3836 4173 ﬁxerat

2136 4195 2542 4250 tabernaculum
2593 4196 2736 4247 inter
2793 4193 2972 4248 Bethel
3023 4197 3073 4246 et
3122 4192 3286 4246 Hai:
3341 4195 3400 4246 in
3457 4193 3567 4246 loco
3631 4193 3834 4246 altaris

2137 4283 2282 4354 quod
2328 4286 2531 4350 fecmiat
2559 4286 2734 4350 prius,
2772 4287 2824 4336 et
2853 4283 3128 4335 invocavit
3168 4281 3245 4334 ibi
3278 4296 3466 4335 nomen
3503 4283 3749 4337 Domini.
3785 4283 3832 4336 Α

2135 4371 2362 4426 merijie
2391 4375 2450 4425 in
2479 4371 2659 4426 Bethel
2707 4369 2992 4434 venimus,
3031 4383 3164 4424 cum
3207 4382 3241 4424 a
3285 4369 3474 4425 calore
3506 4369 3644 4424 bene
3686 4383 3833 4439 ope-

2067 4467 2107 4519 D
2140 4460 2321 4516 rantis
2374 4459 2502 4514 ﬁdei
2547 4458 2620 4513 ad
2649 4457 2834 4513 solum
2878 4457 3084 4512 domus
3117 4457 3238 4524 Dei,
3287 4457 3444 4528 quod
3473 4465 3558 4512 est
3609 4457 3831 4516 Bethel.

2138 4545 2395 4600 decorem
2427 4540 2808 4612 diligendum,
2843 4539 3390 4610 exquirendumque
3436 4541 3787 4612 attingimus
3819 4555 3830 4594 :

2137 4633 2342 4690 domus
2371 4639 2562 4686 autem
2606 4629 2726 4692 Dei,
2765 4637 2867 4684 aut
2910 4643 3070 4684 mens
3102 4637 3316 4695 nostra,
3351 4637 3452 4685 aut
3487 4629 3584 4684 illa
3624 4629 3834 4686 intelli-

2139 4721 2312 4791 gitur,
2373 4719 2430 4774 in
2490 4731 2609 4788 qua
2667 4716 2862 4773 multa:
2907 4731 3029 4772 esse
3073 4718 3398 4773 mansiones
3449 4718 3834 4788 perhibentur

2141 4809 2316 4877 (Joan.
2376 4821 2490 4872 xiv,
2536 4805 2610 4874 '2).
2663 4805 2835 4860 Porro
2885 4819 2986 4874 per
3043 4805 3192 4860 idem
3239 4807 3346 4861 iter
3377 4820 3494 4876 quo
3538 4805 3829 4872 venimus,

2139 4895 2208 4952 de
2255 4895 2500 4964 .Egypto
2547 4893 2912 4960 revertimur,
2962 4907 3096 4949 cum
3147 4907 3248 4962 per
3295 4894 3492 4949 eadem
3545 4894 3830 4951 virtutum

2138 4983 2432 5048 exercitia,
2464 4997 2498 5037 a
2534 4982 2749 5052 quibus
2787 4981 3141 5037 deﬂuximus
3183 4981 3240 5036 in
3282 4982 3534 5052 culpam,
3569 4985 3830 5053 regredi-

2141 5085 2274 5127 mur
2315 5069 2373 5126 in
2407 5071 2675 5142 gratiam,
2703 5070 2913 5126 scilicet
2941 5085 3126 5140 usque
3159 5071 3229 5127 ad
3277 5070 3465 5126 locum
3495 5072 3595 5127 ubi
3629 5072 3833 5130 ﬁxera-

2143 5174 2272 5216 mus
2303 5159 2757 5224 tabernaculum,
2791 5159 2847 5214 id
2891 5166 2974 5214 est
3004 5173 3189 5230 usque
3222 5160 3292 5216 ad
3327 5160 3562 5216 sincerze
3593 5161 3832 5218 humili-

2142 5248 2274 5305 tatis
2319 5248 2710 5314 stabilitatem,
2756 5263 2888 5319 quze
2917 5256 3250 5305 sanctarum
3282 5247 3562 5305 mentium
3599 5251 3654 5306 in
3689 5267 3832 5322 prte—

2142 5337 2288 5394 senti
2332 5337 2490 5392 locus
2518 5344 2619 5404 est,
2653 5337 2802 5392 sicut
2834 5351 3148 5406 pravarum
3183 5338 3472 5408 superbia,
3524 5338 3625 5394 ubi
3679 5341 3832 5411 spiri-

2145 5427 2356 5483 tualem
2405 5441 2508 5481 nos
2553 5433 2803 5492 acturos,
2841 5426 2980 5482 dum
3021 5427 3260 5496 spiritus
3308 5427 3411 5483 hos
3459 5429 3606 5498 regit
3654 5440 3830 5494 artus,

2144 5515 2558 5586 spopondimus
2613 5515 2898 5582 militiam,
2957 5514 3013 5571 in
3054 5515 3176 5571 loco
3222 5515 3440 5582 altaris,
3485 5516 3643 5586 quod
3693 5518 3835 5574 inter

2146 5603 2337 5659 Bethel
2373 5611 2428 5660 et
2460 5603 2561 5659 Ηδί
2596 5604 2756 5674 prius
2802 5603 3060 5672 fecimus,
3093 5603 3150 5660 in
3185 5603 3294 5659 ﬁde
3327 5603 3588 5660 videlicet
3631 5605 3834 5663 Christi

2146 5697 2328 5746 totum
2373 5691 2480 5747 hoc
2509 5700 2761 5764 agentes,
2809 5691 2864 5746 in
2897 5707 3012 5764 quo
3049 5692 3213 5764 quasi
3263 5691 3639 5749 fundamento
3681 5709 3832 5766 spem
