3956 6424
110 444 194 496 m
580 399 591 407 ’
1295 434 1663 495 mensuum
1706 436 1771 492 IN
1812 437 2109 495 ceses"!
2148 435 2283 495 LlB.
2328 437 2411 494 IV.

3512 436 3610 492 118

104 578 366 634 bonorum
423 582 755 633 nostrorum
816 573 1033 646 praemii
1090 573 1207 631 ﬁxe
1261 574 1599 642 locavimus,
1660 574 1783 632 sine
1820 579 1868 630 Α
1902 583 2100 633 utrum
2148 576 2426 642 invidere,
2470 576 2864 633 subversionis
2902 576 3065 633 dolos
3092 576 3424 643 obtendere,
3476 591 3609 648 quae

100 679 209 737 qua
256 673 538 736 tanquam
586 664 752 723 altari
784 678 897 721 non
929 662 1248 720 oderimus.
1292 663 1438 720 Hinc
1476 664 1689 731 Bethel,
1741 664 1793 719 id

98 763 171 811 est
210 753 634 824 superatelestis
680 753 886 809 domus
930 753 1047 819 Dei,
1098 752 1581 823 contemplatione
1643 768 1795 823 gau-

97 844 303 909 dentes,
357 842 520 897 illinc
555 842 771 913 gaudia
813 841 938 907 Hai,
982 840 1037 896 id
1067 849 1154 897 est
1189 848 1451 898 tartareae
1500 842 1795 898 confusio-

100 932 200 1000 nis,
248 931 463 987 intuitu
501 930 883 996 moderantes,
915 931 1115 1001 sicque
1145 930 1313 985 nobis
1342 945 1550 986 nomen
1599 930 1795 986 Domi-

102 1018 174 1084 ni,
199 1016 348 1087 quod
378 1023 466 1072 est
494 1017 683 1081 Jesus,
714 1015 768 1070 id
792 1023 876 1071 est
908 1014 1190 1082 Salvator,
1224 1015 1578 1071 invocantes.

163 1140 327 1196 Vens.
357 1142 409 1205 ὅ,
446 1142 501 1205 6,
540 1143 590 1192 7.
625 1169 693 1178 ——
727 1139 833 1195 Sed
860 1142 911 1192 et
935 1140 1094 1205 Loth,
1127 1141 1225 1207 qui
1255 1144 1375 1193 erat
1404 1155 1525 1193 eum
1560 1141 1789 1198 Abram.

98 1233 310 1296 fuerunt
343 1244 534 1294 greges
567 1230 773 1288 etiam.
808 1232 858 1282 et
897 1232 1165 1295 armenta,
1194 1234 1243 1282 et
1284 1230 1654 1282 tabernacula.
1690 1231 1794 1284 Nec

99 1322 299 1387 poterat
345 1332 429 1370 eos
478 1331 670 1386 capere
710 1321 877 1381 terra,
930 1320 990 1370 ut
1065 1316 1380 1373 habitarent
1424 1318 1606 1371 simul.
1660 1320 1796 1372 Erat

101 1410 288 1476 quippe
326 1407 641 1460 substantia
670 1421 852 1459 eorum
896 1406 1183 1472 multa,.et
1211 1419 1317 1459 non
1357 1406 1589 1475 quibant
1630 1406 1792 1460 habi-

100 1501 206 1551 tare
236 1498 607 1550 communiter.
662 1494 812 1551 Unde
841 1499 891 1548 et
917 1497 1072 1561 facta
1096 1499 1176 1549 est
1209 1496 1340 1548 rima
1379 1497 1521 1548 inter
1546 1501 1791 1565 pastores

98 1601 309 1653 gregum
352 1584 564 1638 Abram
602 1588 653 1637 et
694 1584 850 1638 Loth.
901 1584 1057 1645 Loth,
1105 1582 1155 1636 id
1191 1591 1273 1638 est
1306 1582 1533 1638 allectui
1575 1592 1787 1651 nostro,

99 1673 351 1744 quandiu
389 1672 601 1729 rationi
651 1672 818 1742 quasi
864 1672 1080 1728 Abram
1124 1672 1380 1739 inhaeret,
1429 1687 1613 1740 greges
1654 1682 1791 1729 sunt

98 1766 281 1830 ovium,
342 1762 731 1818 numerositas
774 1761 1037 1817 videlicet
1085 1760 1435 1830 simplicium
1492 1761 1562 1817 ad
1606 1776 1685 1829 se,
1736 1769 1791 1818 et

1903 666 2203 722 dementize
2238 666 2613 722 extremitas?
2671 668 2799 721 Ecce
2826 668 3082 720 universa
3133 670 3285 721 terra
3323 681 3507 721 coram
3557 670 3606 720 te

1903 758 2003 821 est,
2046 755 2101 810 id
2130 762 2215 811 est
2260 754 2547 811 universa:
2593 754 2941 811 terrenitatis
2983 756 3273 826 appetitus
3313 755 3371 811 in
3420 769 3606 826 prom~

1905 850 2008 913 ptu
2048 847 2161 907 est;
2211 844 2256 899 si
2291 851 2353 899 tu
2394 843 2759 899 sinistrarum
2813 857 2914 913 per
2962 843 3309 915 ﬂagitiorum
3349 857 3606 899 convexa

1906 932 2276 1002 processeris;
2327 933 2608 989 virtutum
2656 933 3011 1000 modestiam,
3049 933 3204 1004 quod
3247 941 3330 989 est
3379 933 3603 997 dextra,

1904 1028 1968 1076 ut
2015 1021 2127 1077 dici
2181 1021 2339 1087 solet,
2415 1029 2599 1077 rostro
2644 1028 2699 1077 et
2758 1021 3060 1093 unguibus
3104 1037 3193 1078 me
3244 1021 3607 1077 defensuram

1905 1104 2184 1166 noveris?
2223 1110 2379 1180 quod
2424 1110 2468 1164 si
2520 1110 2589 1165 de
2629 1110 2752 1179 ipsa
2797 1110 3066 1178 dexterae,
3116 1109 3332 1166 scilicet
3379 1109 3610 1165 virtutis

1903 1199 2180 1267 custodia,
2211 1213 2310 1269 per
2329 1198 2594 1254 elationis
2625 1200 2898 1268 impetum
2933 1213 3023 1255 me
3048 1206 3266 1255 tentare
3291 1196 3606 1269 delegeris?

1901 1301 2006 1358 ego
2036 1288 2110 1342 ad
2156 1290 2443 1341 sinistram
2477 1296 2843 1357 peccatorum
2892 1301 2924 1341 a
2977 1302 3065 1343 tne
3103 1286 3240 1343 olim
3285 1285 3608 1343 commisso-

1904 1389 2035 1431 rum
2070 1374 2285 1431 intuitu
2317 1375 2505 1431 cordis
2536 1390 2796 1446 pergens,
2833 1383 3135 1446 conceptos
3165 1375 3379 1431 reﬂabo
3410 1382 3605 1432 tumo-

1902 1478 1992 1521 res
2020 1465 2222 1521 aculeo
2247 1464 2623 1521 discretionis.

1973 1589 2145 1644 Vnns.
2194 1591 2276 1641 10.
2329 1617 2395 1627 -
2434 1587 2679 1640 Elevatis
2714 1590 2898 1656 itaque
2930 1587 3066 1642 Loth
3098 1589 3266 1642 oculis
3301 1588 3442 1642 ridit
3491 1604 3602 1643 om-

1898 1694 2017 1732 nem
2061 1680 2208 1731 circa
2254 1691 2310 1730 se
2355 1679 2625 1743 regionem
2663 1676 2942 1741 Jordanis,
3004 1692 3122 1745 quae
3169 1680 3426 1730 universa
3467 1678 3595 1730 irri-

1897 1766 2154 1834 gabatur,
2237 1769 2530 1833 antequam
2604 1765 2934 1819 subverteret
2996 1768 3133 1818 Deus
3198 1764 3487 1821 Sodomam
3554 1768 3604 1818 et

100 1852 476 1908 benelicarum
551 1851 621 1906 ad
696 1849 840 1906 alios
918 1850 1362 1921 cogitationum;
1444 1864 1556 1905 non
1636 1848 1785 1906 enim
1830 1880 1870 1935 Β
1902 1855 2281 1920 Gomorrham,
2332 1853 2475 1907 sicut
2517 1852 2815 1922 paradisus
2873 1855 3085 1908 Domini
3135 1857 3186 1907 et
3226 1855 3369 1907 sicut
3418 1851 3605 1919 Ερυ-

100 1941 251 1998 modo
303 1939 433 2004 sibi,
490 1939 587 1994 sed
642 1946 696 1994 et
745 1938 874 1994 aliis
931 1938 1149 1994 vellera
1199 1938 1392 1993 ferunt
1440 1952 1603 2007 oves;
1654 1947 1792 1994 sunt

97 2033 347 2095 armenta,
392 2026 561 2083 fortia
589 2026 800 2083 scilicet
832 2026 1114 2082 virtutum
1141 2040 1342 2096 opera;
1380 2026 1591 2082 adsunt
1621 2026 1791 2082 deni-

99 2134 202 2190 que
250 2118 624 2183 tabernacula,
686 2116 826 2173 dum
897 2115 1080 2172 sciens
1133 2116 1226 2171 hic
1277 2131 1336 2171 se
1389 2131 1506 2171 non
1580 2116 1789 2172 habere

101 2213 412 2264 manentem
457 2205 747 2262 civitatem
792 2206 972 2273 (Hebr.
1026 2220 1144 2271 xm,
1193 2205 1303 2274 14),
1339 2205 1549 2276 cegitat
1579 2204 1638 2261 in
1683 2205 1791 2260 hoc

100 2296 294 2351 saeculo
336 2310 395 2351 se
440 2295 659 2350 versari
698 2308 764 2350 ac
804 2294 851 2349 si
896 2293 954 2349 in
985 2293 1241 2364 quadam
1271 2302 1593 2349 castrorum
1639 2293 1788 2349 mili-

103 2384 194 2449 tia;
245 2391 383 2440 sunt
430 2397 687 2453 namque
730 2381 1106 2438 militantium
1153 2382 1239 2437 vel
1292 2381 1789 2451 peregrinantium

100 2470 490 2541 tabernacula;
543 2486 654 2527 non
701 2477 880 2540 potest
914 2478 1101 2525 tamen
1135 2483 1229 2525 eos
1261 2477 1411 2525 terra
1460 2483 1680 2538 capere,
1727 2477 1791 2525 ut

100 2560 254 2618 simul
310 2560 594 2625 habitent,
642 2559 783 2629 quia
833 2558 1150 2625 terrenitas,
1185 2572 1316 2628 quae
1346 2564 1627 2629 aggravat
1656 2558 1789 2612 ani-

102 2665 237 2706 mam
310 2650 463 2718 (Sap.
537 2664 613 2715 ix,
691 2647 800 2716 15),
852 2662 967 2703 11011
1028 2647 1246 2716 patitur
1314 2645 1787 2702 intellectualitati

100 2736 563 2809 irrefragabiliter
605 2750 673 2792 ac
715 2735 1010 2791 individue
1049 2735 1314 2806 quandiu
1354 2736 1411 2791 in
1462 2735 1570 2790 hac
1616 2749 1789 2791 carne

101 2826 312 2897 agimus
355 2825 679 2896 appetitum
712 2824 1035 2881 consentire
1073 2824 1364 2880 carnalem
1401 2839 1413 2878 :
1463 2825 1599 2879 Caro
1646 2827 1787 2878 enim

102 2917 414 2985 concupiscit
473 2914 736 2967 adversus
782 2915 1065 2983 spiritum,
1125 2919 1176 2967 et
1235 2915 1466 2983 spiritus
1527 2914 1787 2967 adversus

102 3019 297 3057 carnem
345 3002 498 3068 (Gal.
549 3016 602 3068 v,
656 3002 767 3071 l7).
818 3001 959 3057 Nam
1024 3001 1369 3069 substantia,
1420 3001 1478 3057 id
1526 3010 1609 3057 est
1660 3017 1785 3058 mo-

103 3099 272 3159 tuum,
319 3092 421 3163 qui
471 3090 649 3147 menti
698 3104 801 3146 ure
851 3090 1139 3157 substant,
1188 3090 1520 3147 intimorum
1570 3091 1785 3146 discre-

102 3182 306 3252 pantia,
355 3195 474 3236 nou
527 3179 633 3234 l‘ert
663 3193 875 3249 corpus
904 3187 958 3234 et
1005 3178 1273 3248 spiritum
1303 3193 1530 3249 semper
1582 3180 1639 3234 in
1691 3180 1785 3234 Dei

103 3269 290 3338 placito
334 3267 548 3324 sentire
593 3267 954 3335 communia;
1000 3268 1138 3323 hinc
1178 3282 1314 3339 ergo
1348 3268 1408 3323 111
1460 3268 1787 3325 indesinens

104 3357 236 3414 inter
290 3366 547 3429 pastores
604 3366 990 3428 utrorumque
1047 3371 1288 3429 gregum
1336 3357 1484 3426 rixa,
1540 3358 1680 3414 dum
1732 3368 1784 3414 et

102 3448 351 3517 cogitatio
391 3446 757 3503 rationabilis
800 3460 903 3517 per
933 3445 1165 3502 virtutis
1198 3447 1348 3516 pasci
1381 3446 1539 3516 cupit
1570 3448 1781 3514 studia,

102 3543 190 3591 aut
220 3550 315 3605 per
342 3550 525 3591 sacrze
559 3535 783 3606 paginae
812 3536 997 3605 dicta;
1040 3535 1290 3591 carnalis
1320 3550 1456 3592 vero
1489 3537 1784 3607 temporali

102 3625 387 3693 saginatur
416 3624 639 3696 gloria:
668 3631 916 3695 pascunt
948 3625 1259 3680 rationales
1298 3632 1487 3681 motus
1516 3625 1785 3696 lacrymze

103 3714 407 3783 corporales
456 3728 707 3785 quaeque
747 3712 1117 3783 joculatoria;
1183 3713 1363 3769 multa
1412 3713 1592 3785 igitur
1639 3713 1788 3769 inter

108 3810 364 3874 utrosque
405 3802 735 3858 discordia:
788 3804 1043 3866 Fuerunt,
1094 3803 1303 3874 inquit,
1354 3803 1492 3857 mihi
1534 3804 1787 3872 lacryma:

106 3906 216 3945 mea:
238 3908 404 3962 panes
434 3894 608 3961 (Psal.
639 3906 753 3957 xu,
784 3892 861 3961 4).

168 4019 326 4076 Vnus.
360 4022 414 4085 8,
440 4022 495 4075 9.
530 4049 596 4057 —
626 4020 705 4073 Eo
729 4023 909 4072 autem
929 4021 1163 4086 tempore
1181 4017 1538 4077 Chananeus,
1561 4019 1611 4068 et
1636 4012 1787 4067 Phe-

107 4124 286 4164 rezzus
316 4107 646 4163 habitabant
674 4109 733 4161 in
763 4111 911 4160 terra
942 4107 1059 4159 illa.
1112 4104 1266 4159 Dicit
1302 4119 1427 4171 ergo
1475 4103 1685 4157 Abram
1714 4101 1789 4155 ad

110 4197 264 4251 Loth:
294 4200 387 4264 Ne,
428 4211 629 4266 quaso,
669 4198 744 4249 sit
765 4195 1023 4265 jurgium
1053 4195 1197 4247 inter
1224 4208 1306 4246 me
1334 4199 1384 4246 et
1413 4197 1482 4258 te,
1515 4196 1613 4246 51
1645 4193 1788 4245 inter

107 4289 327 4353 pastores
355 4301 524 4353 meos,
554 4291 603 4339 et
634 4290 784 4350 tuos;
815 4286 1020 4350 fratres
1051 4286 1194 4336 enim
1232 4296 1438 4336 sumus.
1488 4282 1625 4335 Ecce
1662 4283 1786 4334 uni-

108 4389 246 4428 versa
293 4382 440 4429 terra
489 4388 671 4428 coram
715 4377 806 4427 te:
857 4375 909 4426 si
955 4377 1013 4427 tu
1053 4371 1127 4425 ad
1165 4373 1451 4426 sinistram
1496 4372 1646 4437 ieris,
1694 4384 1788 4436 ego

109 4463 365 4518 dexteram
425 4463 637 4531 tenebo;
716 4463 768 4516 si
807 4466 866 4515 tu
913 4461 1197 4515 dexteram
1247 4461 1488 4528 elegeris,
1548 4476 1643 4529 ego
1711 4460 1787 4514 ad

109 4554 368 4607 sinistram
405 4566 651 4621 pergam.
700 4550 783 4606 Eo
828 4558 1079 4619 tempore
1125 4565 1242 4619 quo
1295 4557 1590 4619 pastorum
1633 4548 1787 4604 intra

112 4653 217 4706 nos,
274 4640 590 4697 caelestium
650 4638 866 4695 scilicet
935 4648 1112 4710 atque
1180 4638 1540 4695 terrestrium
1590 4638 1789 4710 jurgia

112 4738 497 4793 conseruntur,
531 4730 867 4786 Chananeus
916 4733 1080 4798 atque
1126 4729 1436 4783 Pherezaeus
1484 4728 1545 4784 in
1592 4736 1789 4785 nostra

117 4824 319 4874 terrena
362 4817 664 4874 aﬂectione
711 4825 1042 4874 versantur.
1089 4817 1457 4874 Chananaeus
1505 4816 1789 4885 interpre-

120 4912 254 4962 tatur
286 4922 532 4961 reversus
565 4909 662 4973 est,
703 4904 1039 4963 Pherezaeus
1072 4920 1362 4975 superans,
1406 4904 1498 4961 vel
1537 4905 1789 4959 dissemi-

117 5001 255 5050 natus
284 5012 298 5049 :
329 4996 472 5051 dum
525 4995 678 5051 enim
723 5009 915 5066 neque
944 5002 1139 5051 noster
1176 4995 1462 5065 appetitus
1507 5000 1635 5063 post
1679 5007 1793 5048 mo-

120 5093 458 5142 mentaneam
506 5098 705 5154 pacem
749 5085 920 5155 quasi
948 5084 1023 5141 ad
1056 5083 1225 5140 solita
1263 5083 1412 5140 bella
1457 5082 1789 5147 revertitur,

119 5174 425 5244 cogitatum,
460 5173 1024 5244 delectationumque
1054 5172 1275 5230 semina
1324 5171 1533 5227 animae
1571 5171 1791 5241 insper-

122 5271 334 5333 guntur,
380 5264 601 5335 quibus
642 5264 762 5334 ipsa
800 5262 1092 5320 multoties
1138 5269 1468 5332 superatur,
1521 5262 1795 5331 loquatur

123 5350 291 5423 itaque
332 5355 545 5409 Abram
588 5353 662 5407 ad
706 5354 864 5419 Loth,
916 5367 1008 5419 ne,
1065 5350 1275 5421 inquit,
1326 5350 1473 5406 ratio
1535 5349 1607 5405 ad
1652 5348 1789 5404 alie-

122 5447 255 5498 ctum
308 5450 423 5499 tam
484 5443 777 5499 contraria
827 5455 1096 5497 exercere
1155 5453 1222 5495 ac
1276 5452 1512 5495 monere
1563 5437 1796 5494 studeas

127 5528 396 5599 honestati,
445 5547 581 5589 cum
622 5545 695 5587 ex
744 5545 863 5588 una
897 5530 1243 5600 prodeuntes
1281 5534 1471 5582 mente
1512 5526 1794 5596 quodam-

128 5618 268 5675 modo
290 5635 393 5677 nos
420 5620 642 5677 vinciat
672 5632 961 5691 germanae
991 5617 1062 5673 ad
1106 5616 1349 5671 invicem
1384 5618 1565 5685 pietas
1592 5614 1795 5670 condi-

128 5705 297 5777 tionis;
328 5709 404 5766 'et
451 5709 554 5765 ubi
613 5715 775 5764 tanta
824 5714 1049 5763 naturae
1081 5712 1164 5760 est
1207 5704 1417 5763 unitas.
1466 5702 1568 5758 sibi
1618 5702 1795 5758 alter-

1825 3184 2027 3253 Ctem,
2096 3193 2151 3243 et
2216 3200 2389 3242 usum
2454 3185 2662 3240 debere
2735 3181 3005 3251 attribui;

1898 1948 2026 2014 ptas
2083 1942 2421 1997 venientibus
2476 1944 2535 1995 in
2574 1942 2760 2008 Segor.
2800 1942 2940 1997 Loth
2980 1941 3180 1998 oculos
3219 1940 3411 2013 erigit,
3467 1955 3603 1997 cum

1898 2030 2149 2089 carnalis
2178 2031 2467 2102 appetitus
2494 2044 2568 2086 ex
2595 2029 2719 2099 ipsa
2749 2044 2943 2087 rerum
2974 2029 3361 2086 mundialium
3391 2028 3604 2100 cupida

1900 2120 2357 2177 consideratione
2416 2118 2703 2189 superbit;
2771 2118 2926 2174 videt
2980 2133 3097 2174 non
3154 2117 3486 2186 Iordanem,
3544 2117 3600 2174 id

1898 2216 1982 2266 est
2029 2209 2369 2265 descensum
2415 2222 2638 2275 eorum,
2688 2207 2901 2264 scilicet
2948 2206 3307 2278 iniquorum,
3343 2221 3460 2277 quo
3502 2220 3603 2277 per

1898 2312 2153 2355 amorem
2203 2296 2521 2353 visibilium
2582 2296 2641 2352 in
2689 2296 3038 2352 invisibilem
3086 2296 3366 2352 labuntur
3418 2295 3600 2352 inter-

1901 2387 2065 2451 itum,
2129 2387 2226 2443 sed
2281 2402 2486 2441 omnem
2540 2400 2672 2456 quae
2725 2388 2871 2441 circa
2927 2392 3011 2441 est
3062 2386 3351 2454 regionem,
3404 2383 3460 2439 id
3518 2391 3602 2440 est

1901 2475 2080 2547 ipsius
2115 2475 2329 2546 peccati
2359 2474 2878 2542 circumstantiam,
2913 2473 3109 2530 saeculi
3156 2473 3369 2530 scilicet
3421 2472 3602 2544 hujus

1893 2566 2350 2638 jucunditatem;
2396 2565 2707 2620 descensus
2753 2577 2893 2619 sane
2940 2570 3240 2633 peccatum
3286 2569 3393 2630 est,
3443 2563 3602 2633 regio

1897 2657 2051 2711 circa
2097 2655 2458 2719 descensum,
2508 2654 2692 2724 gloria
2739 2652 3087 2723 temporalis.
3152 2652 3287 2708 Haec
3348 2653 3600 2706 universa

1898 2744 2179 2814 irrigatur
2208 2742 2289 2799 uti
2335 2742 2637 2812 paradisus
2669 2741 2791 2808 Dei,
2826 2740 2967 2812 quia
3011 2740 3190 2797 fallax
3221 2739 3401 2795 animi
3431 2739 3603 2810 cupi-

1897 2833 2045 2889 ditas
2090 2832 2163 2887 ad
2213 2831 2493 2887 utendum
2546 2831 2712 2887 bonis
2754 2829 3105 2887 transitoriis
3153 2829 3277 2885 sine
3319 2828 3437 2886 ullo
3488 2828 3601 2885 cri-

1900 2920 2070 2976 minis
2111 2920 2353 2977 iucursu
2400 2919 2679 2992 contingit
2730 2919 2838 2975 sibi
2891 2919 3075 2974 inesse
3123 2917 3372 2989 gratiam
3429 2916 3602 2972 bone-

1895 3010 2079 3075 statis,
2123 3016 2178 3065 et
2210 3009 2317 3076 his,
2350 3024 2482 3079 quas
2515 3008 2682 3079 quasi
2719 3008 2985 3078 quaedam
3018 3013 3155 3063 sunt
3188 3005 3492 3077 paradisus
3528 3004 3600 3060 ob

1896 3097 2135 3153 nimiam
2186 3097 2274 3153 sui
2323 3096 2566 3167 speciem
2617 3096 2716 3151 Dei
2763 3109 2944 3150 manu
2977 3093 3214 3161 consita,
3256 3093 3407 3149 licite
3436 3106 3601 3148 men-

3091 3182 3212 3238 hzec
3289 3180 3601 3237 honestatis

1898 3274 2109 3330 liducia
2160 3274 2285 3330 fons
2319 3273 2410 3329 ille
2440 3280 2544 3338 est,
2578 3272 2677 3342 qui
2715 3272 2775 3327 in
2808 3271 2971 3326 initio
3012 3270 3189 3341 hujus
3219 3268 3347 3325 libri
3390 3268 3601 3340 legitur

1899 3372 2071 3420 totam
2124 3367 2286 3419 terra}
2336 3361 2698 3432 superﬁciem
2746 3360 3044 3430 irrigasse;
3091 3373 3265 3429 porro
3305 3357 3599 3427 regionem

1897 3452 2231 3523 irrigamus,
2288 3455 2484 3521 utpote
2540 3449 2874 3520 paradisum
2938 3448 3057 3513 Dei,
3111 3447 3252 3517 quia
3313 3445 3599 3502 mundum

1897 3557 1998 3598 nos
2042 3555 2203 3612 posse
2247 3541 2529 3610 religiose,
2597 3539 3077 3607 continenterque
3123 3544 3317 3591 tenere
3366 3533 3601 3604 pollice-

1898 3644 2049 3697 mur,
2086 3636 2277 3699 utpote
2328 3637 2442 3685 tam
2496 3627 2737 3698 pulchre
2768 3634 2958 3682 satum
2992 3624 3168 3680 verbo
3223 3624 3358 3692 Dei;
3408 3622 3504 3679 sed
3554 3622 3600 3677 is

1895 3719 1999 3790 qui
2047 3718 2350 3788 paradisus
2381 3732 2415 3772 a
2455 3718 2620 3773 nobis
2656 3715 2798 3771 falso
2827 3716 3103 3785 iactatur,
3149 3726 3419 3784 processu
3456 3718 3598 3767 tem-

1896 3808 2050 3879 poris
2109 3808 2170 3862 lit
2234 3808 2537 3875 ZEgyptus,
2599 3804 2657 3859 id
2714 3811 2799 3859 est
2864 3803 3112 3859 tenebrae
3170 3809 3227 3858 et
3295 3799 3600 3857 obduratio

1894 3896 2105 3964 cordis,
2157 3910 2272 3951 non
2305 3895 2433 3950 aliis
2464 3902 2656 3949 tamen
2702 3906 2878 3961 quam
2924 3891 3261 3946 venientibus
3304 3893 3363 3944 in
3412 3890 3596 3956 Segor,

1898 3998 1999 4054 per
2024 3984 2200 4040 animi
2233 3984 2447 4039 scilicet
2488 3983 2715 4039 ﬂuxum
2746 3980 3151 4038 delabentibus
3182 3980 3240 4034 111
3270 3977 3597 4045 lasciviam;

1897 4074 2074 4145 Segor
2110 4073 2262 4129 enim
2294 4072 2510 4129 dicitur
2536 4072 2732 4138 vitula,
2765 4070 2857 4126 vel
2896 4068 3245 4134 meridiana;
3294 4066 3353 4121 in
3384 4065 3601 4136 quibus

1897 4162 2240 4233 intelligitur
2294 4174 2512 4231 pravus
2566 4160 2743 4215 animi
2788 4166 2981 4225 aestus,
3029 4164 3206 4226 atque
3250 4154 3597 4224 petulantia;

1896 4252 2156 4321 dumque
2185 4251 2253 4307 de
2288 4251 2455 4316 bono,
2488 4249 2644 4320 quod
2678 4262 2791 4304 non
2817 4255 2920 4313 est,
2953 4246 3315 4310 conﬁdimus,
3350 4243 3406 4298 in
3440 4256 3596 4308 vera,

1896 4355 2028 4410 qua:
2060 4339 2226 4395 nobis
2258 4339 2476 4405 insunt,
2502 4336 2653 4393 mala
2693 4337 3005 4392 cernimus.

1830 4489 1869 4543 ι)
1975 4463 2140 4521 Vnus.
2195 4466 2279 4530 ll,
2321 4465 2403 4527 l2,
2442 4464 2522 4516 t3.
2558 4490 2627 4501 —
2674 4461 2961 4529 Elegitque
2989 4458 3102 4512 sibi
3146 4458 3285 4513 Loth
3331 4457 3600 4524 regionem

1896 4555 2044 4609 circa
2084 4552 2397 4619 Iordanem,
2448 4555 2499 4605 et
2526 4551 2744 4605 recessit
2784 4549 2853 4603 ab
2884 4550 3118 4613 oriente;
3153 4546 3427 4615 divisique
3473 4550 3601 4600 sunt

1896 4643 2223 4697 alterutrum
2277 4657 2313 4694 a
2358 4641 2541 4707 fratre
2598 4653 2714 4695 suo.
2771 4637 2982 4693 Abram
3028 4651 3153 4691 vero
3212 4636 3487 4690 habitavit
3542 4636 3602 4689 in

1900 4736 2048 4787 terra
2124 4731 2406 4787 Chanaan.
2464 4728 2605 4783 Loth
2663 4732 2906 4782 moratus
2957 4731 3037 4780 est
3090 4727 3150 4779 in
3197 4723 3417 4794 oppidis
3480 4739 3603 4794 quae

1897 4824 2055 4876 erant
2092 4818 2267 4889 juxta
2311 4816 2621 4881 Jordanem,
2658 4820 2707 4870 et
2752 4814 3025 4869 habitavit
3070 4814 3133 4867 in
3172 4811 3443 4866 Sodomis.
3494 4814 3598 4867 Ho-

1897 4911 2068 4964 mines
2115 4912 2294 4962 autem
2338 4906 2627 4962 Sodomita
2671 4904 2896 4975 pessimi
2941 4905 3098 4957 eram
3148 4916 3331 4957 coram
3374 4902 3600 4955 Domino

1899 4999 2085 5051 nimis.
2138 4997 2237 5052 Hae
2284 5003 2414 5050 tota:
2458 4994 2657 5066 igitur,
2702 5006 2852 5064 quas
2889 4990 3345 5061 praelibavimus,
3397 4989 3603 5045 mentis

1900 5085 2075 5140 fatua;
2107 5080 2580 5152 priesumptiones
2628 5080 2777 5135 ﬁunt
2805 5084 3120 5147 antequam
3151 5075 3306 5132 Deus
3347 5075 3407 5130 in
3438 5075 3603 5131 nobis

1900 5169 2296 5237 Gomorrham,
2333 5169 2388 5224 id
2436 5175 2522 5223 est
2555 5168 2746 5238 populi
2785 5165 3123 5232 seditionem,
3178 5162 3333 5233 quod
3364 5176 3481 5218 11011
3523 5170 3605 5219 est

1901 5260 2062 5317 aliud
2118 5271 2297 5329 quam
2357 5257 2631 5313 vitiorum
2677 5253 3097 5313 turbulentiam
3165 5252 3482 5320 subvertat,
3550 5259 3604 5308 et

1904 5349 2226 5415 Sodomam,
2284 5350 2601 5412 caecitatem,
2653 5344 2920 5401 videlicet
2967 5343 3037 5397 de
3084 5341 3241 5397 vitiis
3292 5340 3599 5397 orientem:

1907 5438 2013 5493 hac
2066 5448 2321 5505 namque
2378 5443 2629 5505 utraque
2677 5433 2959 5490 subversa
3006 5444 3141 5486 mox
3190 5429 3392 5486 mundi
3441 5429 3608 5485 nobis

1903 5523 2207 5595 displicent
2254 5523 2548 5579 universa.
2610 5522 2838 5579 Recedit
2896 5520 3032 5576 Loth
3084 5518 3155 5572 ab
3204 5520 3426 5584 oriente,
3471 5531 3604 5575 cum

1908 5619 2032 5685 post
2063 5611 2444 5681 aliquantulm
2474 5625 2633 5681 pacis
2674 5610 2947 5681 quietem,
2983 5622 3158 5678 quam
3190 5606 3250 5663 in
3300 5606 3608 5675 primordio

1906 5699 2296 5755 conversionis
2354 5698 2660 5768 aliquoties
2706 5695 3063 5766 experimur,
3116 5694 3231 5749 Deo
3280 5692 3429 5748 bella
3488 5706 3608 5761 per-
