3956 6440
293 440 390 493 119

1205 436 1263 489 ν.
1303 435 1633 492 (iUlBERTI
1671 434 1962 492 ABBATIS
1999 437 2054 493 S.
2095 436 2330 494 ΜΑΒΙΑΞ
2370 434 2458 493 DE
2493 434 2886 493 NOVIGENTO

3733 433 3754 486 Ι
3769 437 3846 486 20

290 573 546 630 mittente
582 571 892 628 salubriter
937 569 1102 626 nobis
1149 569 1468 640 insurgere,
1519 569 1756 625 allectus
1786 579 1979 627 noster
2018 572 2060 624 Α
2092 571 2474 642 Evangelium
2526 586 2664 627 sane
2735 570 2925 628 dicere
2987 569 3375 640 praecipimur,
3431 585 3570 627 cum
3666 569 3846 626 bona

291 661 468 718 resilit
513 659 587 716 ab
631 674 720 724 ea,
787 658 879 714 cui
931 657 1090 727 prius
1137 665 1476 723 assenserat,
1534 658 1774 713 rationis
1821 657 1978 725 luce;

292 751 555 818 regionem
597 747 862 803 Iordanis
907 748 1080 812 eligit,
1123 746 1263 816 quia
1312 761 1410 815 per
1453 746 1758 802 continuos
1799 761 1979 816 appe-

296 837 504 892 tituum
552 842 744 891 motus
799 835 1040 905 gloriam
1098 848 1217 904 qua
1286 835 1636 889 destituatur
1710 835 1977 902 attendit;

275 925 570 980 adversus
649 923 974 978 alterutrum
1041 920 1408 990 dividuntur,
1482 921 1621 977 dum
1691 923 1980 978 contraria

291 1011 517 1083 spiritui
549 1011 773 1075 semper
801 1024 835 1065 a
873 1024 1046 1066 carne
1079 1017 1447 1082 quaeruntur.
1501 1010 1715 1064 Abram
1764 1009 1983 1066 habitat

290 1105 350 1156 in
395 1105 542 1156 terra
599 1101 880 1167 Chanaan,
941 1099 1082 1154 dum
1141 1097 1288 1154 ratio
1340 1112 1472 1154 cum
1553 1098 1661 1154 Deo
1734 1099 1984 1154 sentiens

291 1203 516 1260 semper
543 1188 770 1245 allectat
818 1201 1044 1243 morum
1075 1200 1252 1257 quam
1299 1187 1552 1256 professa
1593 1193 1677 1242 est
1706 1188 1985 1242 mutatio-

293 1293 425 1336 nem
461 1292 474 1332 :
502 1277 777 1334 Chanaan
807 1278 960 1332 enim
1001 1281 1241 1330 mutatus
1267 1275 1480 1331 dicitur
1509 1290 1522 1330 :
1557 1276 1692 1331 Loth
1725 1282 1986 1331 moratur

293 1373 353 1422 in
406 1366 624 1436 oppidis
677 1365 832 1422 circa
877 1364 1205 1432 Iordanem,
1258 1363 1398 1434 quia
1441 1364 1581 1419 dum
1637 1363 1871 1420 conlidit
1927 1365 1986 1419 in

295 1454 510 1510 virtute
559 1469 680 1510 suae
728 1454 1058 1520 honestatis,
1105 1453 1272 1523 quasi
1315 1452 1666 1522 quibusdam
1717 1452 1988 1508 lictilibus

294 1542 516 1612 oppidis
559 1542 842 1613 paulatim
884 1541 1170 1597 defluente
1217 1537 1490 1609 propositi
1536 1539 1864 1605 simulacro,
1917 1539 1988 1593 ad

299 1631 404 1686 hoc
450 1631 622 1697 venit,
671 1637 736 1686 ut
784 1629 1001 1684 habitet
1047 1629 1106 1683 in
1159 1627 1435 1692 Sodomis,
1487 1626 1544 1681 in
1594 1626 1989 1681 conformitate

299 1717 563 1774 videlicet
645 1717 778 1772 vita:
849 1715 1180 1772 saecularis:
1258 1714 1501 1769 Sodoma
1557 1713 1726 1784 plane
1781 1713 1992 1769 dicitur

301 1803 616 1862 similitudo
644 1819 865 1869 eorum,
910 1804 963 1859 id
991 1811 1075 1859 est
1121 1802 1430 1867 malorum,
1461 1809 1516 1857 et
1567 1801 1848 1872 pessimus
1891 1817 1991 1856 co-

2089 658 2437 715 fecerimus:
2501 661 2656 715 Servi
2716 660 2942 714 inutiles
2997 674 3203 724 sumus,
3275 658 3422 727 quod
3481 658 3842 722 debuimus,

2087 749 2286 813 facere,
2333 750 2561 814 fecimus
2607 749 2756 816 (Luc.
2803 761 2941 812 xvu,
2991 746 3106 811 l0);
3161 746 3267 801 hoc
3314 760 3508 802 semen
3555 745 3842 815 aliquis,

2087 836 2189 891 etsi
2241 835 2536 905 pulverem
2586 843 2874 900 ﬂuent-Ml,
2935 847 3246 890 numerare
3312 849 3428 890 non
3489 834 3846 904 praevalet,

2090 923 2230 994 quia
2274 923 2379 979 etsi
2426 923 2851 980 instabilitatem
2883 937 3061 992 quam
3093 923 3308 991 patitur
3334 922 3498 992 plene
3533 923 3841 989 metitur,

2093 1017 2283 1067 tamen
2326 1011 2475 1077 odio,
2525 1011 2615 1067 vel
2656 1025 2849 1066 amore
2897 1011 3053 1081 apud
3099 1011 3277 1066 Deum
3319 1019 3550 1080 propter
3597 1010 3846 1066 eadem

2091 1113 2265 1169 opera
2294 1099 2521 1170 ignorat
2566 1100 2800 1156 omnino
2838 1114 2913 1155 an
2944 1099 3159 1170 dignus
3192 1099 3478 1155 habeatur
3511 1101 3705 1167 (Eccl.
3745 1113 3837 1164 χι,

2099 1187 2166 1256 l),
2200 1187 2340 1243 dum
2372 1187 2549 1244 nescit
2578 1187 2785 1258 quanti
2815 1188 2888 1243 ab
2922 1187 3042 1257 ipso
3075 1195 3418 1257 pensentur;
3450 1201 3644 1258 surge
3678 1201 3847 1257 ergo

2093 1277 2166 1332 ab
2195 1277 2350 1331 omni
2383 1275 2608 1342 inertia,
2648 1283 2858 1332 terram
2890 1276 3273 1340 conscientia,
3307 1285 3362 1332 et
3404 1275 3688 1346 corporis
3743 1275 3845 1331 tui

2095 1364 2626 1434 (ircumspiciendo,
2672 1378 2740 1420 ac
2767 1364 3140 1434 deprimendo
3171 1363 3526 1434 perambula.
3577 1379 3844 1420 secun-

2094 1452 2234 1508 dum
2311 1452 2730 1523 longitudinem
2801 1452 3262 1522 perseverantia,
3317 1460 3372 1508 et
3429 1451 3845 1508 latitudinem

2097 1541 2409 1606 charitatis,
2469 1549 2524 1596 et
2572 1542 2673 1603 sic,
2725 1541 2838 1596 Deo
2891 1541 3082 1606 dante,
3145 1556 3277 1610 qu
3321 1540 3444 1596 vitii
3495 1540 3839 1610 quondam

2096 1638 2243 1696 erat,
2278 1629 2372 1685 [iet
2403 1629 2578 1684 nostri
2610 1629 2678 1684 ad
2716 1631 3002 1699 integrum
3037 1629 3148 1696 hic,
3183 1638 3235 1684 et
3269 1629 3324 1684 in
3371 1627 3567 1684 futuro
3627 1628 3839 1699 juris.

2171 1716 2342 1772 Vnus.
2407 1719 2489 1770 l8.
2534 1747 2603 1756 —
2642 1719 2860 1773 Movens
2905 1719 3077 1784 igitur
3123 1718 3331 1772 Abram
3387 1717 3841 1773 tabernaculum

2101 1807 2266 1872 venit,
2305 1809 2356 1859 et
2398 1805 2672 1858 habitavit
2724 1808 2783 1860 in
2828 1807 3064 1860 convalle
3121 1807 3380 1871 Mambre,
3431 1806 3578 1875 quod
3617 1812 3718 1861 est
3775 1811 3841 1860 in

299 1908 423 1952 ram
473 1893 735 1961 Domino,
795 1866 860 1948 id
907 1901 992 1950 est
1048 1893 1107 1948 in
1169 1866 1424 1947 interiori
1478 1866 1707 1946 homine
1758 1889 1994 1946 habitus
2033 1866 2072 1921 Β
2107 1866 2314 1958 Ebrou;
2389 1893 2790 1962 aediﬁcavitque
2871 1895 2951 1948 ibi
3022 1896 3198 1949 altare
3277 1866 3528 1950 Domino.
3615 1895 3842 1952 Movet

301 1981 578 2052 ipsorum,
647 1981 774 2038 licet
819 1995 1012 2037 coram
1058 1979 1388 2037 hominibus
1433 1979 1751 2035 aestimetur
1793 1978 1992 2050 aliqua

302 2071 556 2142 probitas
583 2085 803 2128 eorum.

306 2236 312 2242 -
373 2195 546 2252 Vnus.
600 2196 682 2250 14.
729 2223 804 2238 -
847 2197 1112 2264 Dixitque
1145 2197 1400 2250 Dominus
1446 2194 1522 2249 ad
1567 2194 1798 2260 Abram,
1837 2197 1994 2262 post-

305 2300 471 2354 quam
526 2284 736 2338 divisus
779 2289 858 2338 est
907 2283 976 2338 ab
1026 2299 1084 2337 eo
1133 2284 1306 2338 Loth:
1353 2284 1496 2339 Leva
1535 2283 1712 2338 oculos
1757 2287 1894 2348 tuos,
1947 2286 1997 2335 et

305 2371 437 2427 vide
493 2387 528 2425 a
565 2373 676 2426 loco
730 2373 788 2425 in
843 2387 948 2440 quo
1001 2387 1142 2425 nunc
1198 2387 1272 2438 es,
1331 2371 1406 2425 ad
1463 2372 1772 2440 aquilonem
1813 2375 1863 2424 et
1923 2369 1999 2422 ad

307 2459 608 2526 meridiem,
685 2457 760 2512 ad
829 2461 1086 2513 orientem
1139 2463 1190 2513 et
1254 2459 1329 2512 ad
1382 2459 1733 2524 occidentem;
1792 2473 1998 2512 omnem

309 2557 512 2602 terram
565 2561 730 2616 quam
776 2547 1042 2616 conspicis
1100 2547 1203 2599 tibi
1250 2545 1411 2612 dabo,
1467 2549 1518 2599 et
1562 2547 1754 2600 semini
1804 2550 1894 2599 tuo
1941 2547 2000 2597 in

310 2637 714 2704 smpiternam,
777 2637 1088 2704 faciamque
1143 2649 1318 2688 semen
1359 2639 1511 2688 tuum
1548 2635 1689 2688 sicut
1725 2635 2002 2703 pulverem

312 2731 488 2780 terra.
537 2722 776 2793 Spiritui
826 2730 1017 2778 nostro
1061 2723 1332 2778 vitiorum
1373 2722 1652 2778 lenocinio
1693 2721 1998 2786 resistenti,

313 2827 468 2884 spem
499 2811 735 2869 meliora
761 2811 1013 2869 merendi
1054 2811 1258 2868 intima
1291 2813 1442 2868 Deus
1470 2811 1812 2868 allocutione
1838 2811 1998 2867 attri-

316 2902 461 2958 buit.
510 2903 673 2968 Leva,
733 2900 942 2972 inquit,
1000 2903 1197 2968 oculos,
1268 2901 1342 2956 ab
1401 2900 1737 2956 inferiorum
1803 2899 2004 2969 utique

315 2989 782 3060 concupiscentia
828 2991 1146 3058 specierum
1195 2987 1538 3044 intentiones
1590 2987 2003 3057 cogitationum

317 3079 566 3144 dimove,
614 3083 664 3132 et
692 3079 916 3144 vide,_a
956 3079 1087 3145 loco,
1122 3077 1176 3132 id
1217 3086 1301 3133 est
1330 3091 1365 3132 a
1409 3085 1564 3132 statu
1593 3075 1770 3131 animi
1815 3078 1873 3129 in
1902 3091 2007 3144 quo

319 3180 477 3223 nunc
501 3165 645 3238 agis,
674 3168 980 3236 aquilonem
1007 3166 1410 3231 tentationum,
1441 3171 1540 3220 58
1571 3180 1702 3236 quae
1729 3164 2007 3234 torpidam

321 3255 570 3311 reddunt
618 3262 910 3323 mentem;
939 3255 1219 3309 meridiem
1263 3254 1580 3325 spiritualis
1625 3254 1844 3325 gratiae,
1876 3267 2007 3323 quae

321 3342 450 3399 lidei
499 3341 647 3412 parit
683 3342 740 3397 in
783 3343 949 3398 nobis
993 3357 1093 3412 per
1121 3357 1296 3410 opera
1324 3342 1502 3412 digna
1530 3342 1810 3409 calorem;
1843 3344 2011 3394 orien-

321 3435 427 3485 tem
463 3429 674 3485 divinze
723 3430 1235 3500 contemplationis,
1285 3445 1417 3500 quae
1468 3429 1656 3484 radios
1709 3427 2008 3484 subtilium

325 3517 717 3573 intellectuum
783 3517 1098 3572 recessibus
1149 3524 1263 3572 tua:
1338 3525 1610 3588 suggerat
1675 3517 1901 3578 mentis,
1957 3523 2012 3570 et

323 3605 648 3661 occidentem
699 3604 900 3660 activa),
955 3604 1388 3674 procurationis,
1449 3619 1580 3674 quae
1627 3605 1776 3660 sicut
1819 3612 2009 3659 ortum

325 3694 533 3758 oriens,
579 3692 658 3748 ita
685 3691 1015 3748 occubitum
1057 3691 1330 3762 suscipiat
1373 3691 1524 3755 solis,
1561 3691 1732 3748 linem
1778 3691 2012 3759 scilicet,

323 3780 848 3852 perfectionemque
907 3779 1221 3845 charitatis,
1276 3795 1407 3850 quae
1467 3794 1501 3836 a
1556 3779 1752 3836 divino
1821 3794 2016 3835 amore

327 3869 555 3925 initium
613 3867 820 3938 accipit
886 3869 1220 3924 exercendae
1275 3869 1348 3924 ad
1414 3868 1704 3925 hominem
1770 3867 2012 3938 pietatis.

329 3959 638 4027 Postquam
685 3957 881 4026 itaque
919 3958 1224 4024 aquilonem
1253 3956 1590 4023 obtinueris,
1623 3957 1732 4012 tria
1763 3971 2018 4027 sequen-

329 4047 408 4103 tia
464 4060 598 4102 mox
647 4045 898 4112 habebis,
939 4053 994 4102 et
1041 4046 1254 4116 pariter
1299 4061 1503 4099 omnem
1550 4051 1772 4113 terram,
1828 4045 1883 4100 id
1935 4053 2020 4102 est

330 4136 734 4201 terrenitatem,
793 4149 914 4204 qua
963 4142 1266 4202 suspectus
1323 4148 1394 4189 ne
1450 4134 1506 4188 in
1562 4147 1687 4189 eam
1754 4134 2021 4190 incurras

330 4223 557 4288 teneris,
599 4222 778 4292 (Vers.
835 4223 914 4288 15)
961 4222 1063 4276 tibi
1105 4222 1265 4287 dabo,
1314 4221 1429 4278 imo
1458 4225 1652 4276 semini
1695 4227 1805 4288 tuo,
1848 4222 1903 4278 id
1935 4229 2020 4278 est

329 4310 482 4382 quod
543 4309 646 4365 tibi
681 4309 822 4364 vitia
867 4309 1112 4365 subdam
1159 4323 1276 4365 non
1325 4317 1439 4366 tuae
1493 4318 1716 4366 natura:
1765 4311 2020 4366 ascribas

331 4398 651 4469 privilegio,
681 4398 778 4453 sed
805 4397 1006 4468 gratia;
1050 4411 1208 4463 meai,
1237 4405 1294 4454 et
1322 4397 1489 4454 bonae
1531 4399 1791 4466 actionis,
1840 4413 2017 4470 quam

331 4500 431 4556 per
472 4487 717 4558 gratiam
762 4500 948 4542 meam
993 4493 1290 4542 assecutus
1335 4501 1417 4555 es,
1467 4487 1687 4555 merito,
1744 4488 1899 4559 quod
1937 4495 2021 4544 est
2063 4459 2105 4513 ί)

329 4576 524 4630 semini
569 4579 686 4640 tuo;
735 4587 910 4644 opera
958 4573 1113 4630 enim
1155 4574 1307 4630 bona
1353 4575 1574 4631 semina
1619 4582 1756 4632 sunt
1801 4583 2018 4640 nostra,

327 4663 487 4745 unde
527 4671 652 4719 est:
713 4665 784 4718 Et
835 4677 1011 4717 semen
1053 4677 1336 4720 servorum
1395 4665 1509 4732 ejus
1559 4665 1858 4734 possidebit
1904 4680 2023 4719 eam

331 4752 504 4819 (Psal.
538 4766 727 4816 vam,
761 4752 869 4820 3'7).

403 4875 572 4931 Vsus.
637 4879 722 4940 16,
785 4879 865 4930 l7.
926 4903 1000 4918 —
1061 4876 1386 4944 Faciamque
1439 4889 1614 4928 semen
1678 4879 1830 4929 tuum
1883 4877 2024 4930 sicut

329 4964 604 5032 pulverem
635 4969 808 5018 terrae.
843 4962 1041 5018 Pulvis
1067 4977 1200 5018 cum
1241 4961 1314 5018 sit
1343 4961 1413 5018 de
1455 4969 1626 5030 terra,
1659 4961 1780 5018 sine
1811 4962 2024 5018 damno

335 5058 498 5106 terrae
547 5063 581 5104 a
623 5057 778 5106 terra
810 5049 1056 5118 tollitur;
1097 5049 1245 5105 bona
1292 5057 1489 5105 nostra
1531 5064 1704 5120 opera
1731 5065 1866 5107 cum
1911 5050 2026 5106 sint

331 5137 403 5194 ad
432 5151 661 5194 omnem
709 5145 946 5193 ventum
987 5137 1218 5193 mobilia
1259 5137 1607 5206 tentationis,
1657 5139 1779 5195 sine
1826 5139 2023 5210 aliquo

330 5225 562 5292 Christi,
609 5225 714 5298 qui
765 5233 918 5282 terra
965 5235 1162 5281 nostra
1206 5235 1311 5294 est,
1363 5240 1398 5282 a
1448 5243 1565 5298 quo
1608 5227 1920 5298 nascimur.
1968 5235 2024 5284 et

329 5314 685 5371 sustinemur
714 5315 946 5380 damno,
978 5314 1065 5370 vel
1109 5315 1407 5371 commodo
1436 5323 1492 5372 et
1519 5316 1881 5373 adhaeremus
1921 5316 2020 5382 illi,

329 5411 384 5460 et
429 5403 728 5459 deﬁcimus
757 5403 829 5458 ab
880 5403 1021 5473 ipso.
1055 5403 1167 5458 Hoc
1195 5417 1332 5474 ergo
1364 5417 1556 5460 semen
1586 5408 1725 5458 sicut
1751 5405 2024 5473 pulverem

329 5492 482 5560 facit,
516 5507 648 5548 cum
691 5491 977 5548 levitatem
1012 5490 1188 5547 nostri
1222 5491 1396 5547 totius
1425 5491 1558 5549 boni
1589 5491 1754 5549 nobis
1785 5491 2020 5551 indicat.

329 5581 437 5637 nisi
485 5580 727 5636 humore
768 5579 1055 5650 spirituali
1090 5588 1479 5652 respergatur,
1507 5589 1562 5636 et
1592 5581 1732 5650 quia
1775 5594 1888 5635 non
1920 5595 2022 5649 pro

323 5683 404 5738 se,
452 5668 551 5726 sed
597 5682 699 5740 pro
746 5668 910 5726 nobis
957 5669 1096 5740 ipsis
1155 5669 1418 5726 laborare
1458 5669 1783 5739 jubemur:
1849 5667 2022 5738 juxta

2103 1983 2530 2048 tabernaculum,
2607 1995 2742 2038 cum
2812 1980 3048 2052 spiritus
3108 1990 3300 2038 noster
3370 1982 3429 2038 in
3496 1983 3842 2052 procinctu

2104 2070 2375 2126 vitiorum
2424 2070 2662 2140 positus,
2711 2070 2783 2126 ad
2831 2070 3127 2126 destinatae
3177 2069 3276 2126 Dei
3307 2069 3527 2126 militize
3569 2085 3635 2126 se
3679 2084 3845 2140 pro-

2103 2166 2293 2214 movet
2333 2158 2703 2225 exercitium;
2757 2159 2979 2215 habitat
3011 2158 3217 2215 deinde
3250 2161 3308 2213 in
3347 2159 3586 2214 convalle
3621 2161 3842 2215 Mam-

2106 2248 2214 2313 bre,
2271 2247 2328 2302 id
2370 2255 2455 2303 est
2501 2247 2560 2303 in
2603 2247 2944 2304 humilitatis
2990 2261 3050 2302 se
3093 2246 3363 2316 deprimit
3405 2246 3655 2314 vilitate,
3727 2261 3845 2316 per

2105 2350 2281 2407 quam
2323 2337 2584 2392 retloreat
2616 2335 2834 2407 ingenii
2860 2335 3310 2405 perspicacitate,
3343 2342 3400 2391 et
3436 2335 3574 2391 exin
3618 2336 3840 2391 bona-

2105 2439 2236 2481 rum
2285 2432 2340 2480 et
2393 2423 2681 2481 malarum
2733 2437 2928 2480 rerum
2977 2423 3275 2480 divisione.
3337 2423 3591 2480 Mambre
3653 2423 3840 2480 enim

2106 2512 2398 2567 divisiones
2454 2519 2509 2568 et
2548 2514 2840 2582 perspicua
2882 2518 3080 2577 sonat;
3131 2525 3236 2566 nec
3283 2510 3617 2567 immerito:
3669 2511 3838 2568 Nam

2106 2601 2352 2670 superbis
2381 2599 2528 2655 Deus
2558 2601 2782 2667 resistit,
2819 2599 3136 2655 humilibus
3155 2598 3399 2669 gratiam
3433 2599 3531 2655 dat
3560 2601 3708 2668 (Jac.
3750 2615 3838 2663 tv,

2109 2689 2184 2758 6),
2235 2696 2290 2746 et
2335 2703 2510 2760 super
2557 2688 2859 2756 humilem,
2907 2702 2975 2744 ac
3024 2688 3283 2759 quietum
3324 2688 3563 2758 spiritus
3602 2695 3840 2758 pausat

2111 2779 2240 2844 (lsa.
2283 2791 2432 2839 um,
2483 2778 2563 2843 2);
2609 2776 2704 2832 sed
2757 2776 2878 2830 haec
2930 2775 3207 2831 convallis
3238 2774 3586 2831 divisionum
3621 2782 3717 2831 est
3773 2779 3840 2831 in

2111 2866 2311 2930 Ebron,
2371 2865 2526 2935 quod
2582 2866 2938 2934 participatio
2993 2867 3260 2932 maeroris,
3315 2871 3416 2920 aut
3459 2871 3838 2933 augmentum

2113 2956 2492 3022 sempiternum
2543 2952 2784 3021 dicitur;
2822 2952 2898 3007 nil
2940 2967 3092 3007 enim
3123 2967 3325 3008 eorum
3356 2968 3489 3022 quae
3543 2953 3836 3023 praetuli-

2116 3056 2246 3097 mus
2325 3041 2569 3096 obtineri
2652 3049 2852 3112 potest,
2923 3040 3032 3096 nisi
3099 3041 3286 3097 omnis
3345 3041 3557 3098 terreni
3610 3041 3836 3112 gaudii

2048 3129 2463 3215 Crepulsione,
2520 3136 2575 3184 et
2643 3129 2938 3200 augmenti
2991 3128 3323 3199 sempiterni
3389 3129 3680 3186 desiderio
3773 3129 3836 3185 in

2118 3217 2282 3288 regni
2313 3217 2434 3282 Dei,
2478 3224 2532 3273 et
2573 3217 2811 3288 iustitiae
2853 3217 2980 3288 ejus
3008 3217 3346 3288 quaestione.
3383 3217 3606 3274 Dicitur
3634 3217 3834 3273 etiam

2116 3306 2309 3362 Ebrou
2351 3308 2490 3361 visio
2538 3309 2888 3375 sempiterna,
2945 3305 3002 3361 in
3055 3321 3170 3376 quo
3228 3305 3570 3375 intelligitur
3613 3305 3839 3361 divina

2117 3394 2538 3464 contemplatio,
2598 3395 2692 3450 hic
2739 3395 2972 3464 quidem
3018 3393 3314 3463 incipiens.
3357 3395 3454 3449 sed
3507 3393 3563 3450 in
3615 3399 3838 3451 futuro

2121 3482 2482 3553 perficienda,
2536 3481 2634 3538 ubi
2684 3481 2889 3537 mentis
2941 3489 3150 3537 nostrae
3182 3481 3362 3537 altare
3411 3481 3836 3551 spiritualibus

2119 3569 2367 3626 victimis
2416 3569 2652 3639 plenum
2690 3567 3113 3634 constabilitur,
3161 3568 3502 3625 coeuntibus
3542 3571 3829 3626 omnium

2121 3666 2454 3713 sanctarum
2506 3657 2720 3713 artium
2777 3657 3040 3727 partibus
3087 3655 3144 3712 in
3193 3657 3428 3714 modum
3465 3657 3701 3714 aedilicii
3755 3660 3831 3714 ad

2124 3746 2554 3813 intelligentiam
2590 3760 2774 3816 usque
2804 3745 3121 3803 divinitatis
3154 3747 3487 3817 porrigitur.

2529 3924 2556 3933 ο
2758 3886 2984 3944 CAPUT
3020 3887 3174 3945 XIV.

2197 3995 2370 4052 Vens.
2422 3998 2472 4060 l,
2521 3998 2574 4058 2,
2620 3997 2673 4049 3.
2712 4023 2782 4034 ——
2829 3998 3056 4049 Factum
3105 3999 3183 4050 est
3226 3997 3284 4049 in
3331 4000 3566 4065 tempore
3597 3998 3723 4064 illo,
3772 4002 3836 4051 ut

2128 4083 2426 4152 Amraphel
2497 4098 2596 4136 rem
2649 4083 2914 4147 Sennaar,
2970 4087 3021 4136 et
3096 4083 3306 4138 Arioch
3357 4100 3458 4138 rex
3512 4086 3697 4148 Ponti,
3781 4091 3834 4138 et

2127 4171 2594 4227 Chodorlahomor
2631 4187 2730 4225 rea:
2760 4171 3154 4238 Elamitarum,
3199 4177 3250 4224 et
3285 4171 3494 4226 Thadal
3539 4187 3642 4226 rea:
3673 4175 3834 4227 Gen—

2127 4262 2283 4326 tium,
2311 4261 2512 4314 inirent
2561 4259 2699 4313 bella
2727 4260 3015 4313 adversum
3051 4261 3200 4314 Bura
3227 4275 3403 4327 regem
3443 4261 3832 4329 Sodomorum,

2127 4354 2178 4402 et
2226 4353 2416 4402 contra
2457 4350 2599 4402 Ersa
2629 4363 2806 4416 regem
2865 4349 3190 4413 Gomorrhae,
3236 4353 3286 4402 et
3333 4354 3520 4402 contra
3569 4349 3834 4404 Scnnaab

2131 4453 2310 4504 regem
2365 4437 2614 4502 Adumae,
2665 4442 2715 4490 et
2771 4438 3018 4492 Semeher
3062 4453 3238 4504 regem
3277 4437 3492 4503 Seboin,
3538 4443 3590 4492 et
3632 4444 3831 4492 contra

2130 4541 2306 4593 regem
2365 4526 2546 4591 Baiae;
2603 4527 2727 4594 ipsa
2774 4529 2854 4578 est
2909 4525 3096 4593 Seqor.
3138 4525 3328 4580 Omnes
3367 4527 3426 4578 hi
3465 4531 3833 4580 convenerunt

2128 4615 2188 4667 in
2243 4615 2437 4668 vallem
2487 4614 2804 4676 silvestrem,
2857 4628 2976 4681 qua:
3011 4628 3154 4668 nunc
3189 4618 3269 4668 est
3318 4629 3467 4668 mare
3507 4615 3662 4668 salis.
3720 4615 3830 4670 Per

2130 4703 2234 4758 hos
2263 4709 2538 4773 quatuor,
2573 4700 2677 4771 qui
2715 4700 2994 4756 adversus
3022 4701 3287 4772 quinque
3318 4701 3534 4758 bellum
3563 4701 3832 4758 inierunt

2129 4805 2291 4861 reges
2339 4796 2596 4860 quatuor
2643 4787 2982 4858 principalia
3029 4788 3204 4854 mala,
3247 4787 3544 4846 delectatio
3584 4790 3824 4852 scilicet,

2129 4892 2462 4943 consensus,
2493 4891 2561 4932 ac
2599 4876 2874 4946 operatio,
2909 4891 3012 4934 nec
3043 4891 3158 4932 non
3196 4877 3369 4932 etiam
3400 4879 3765 4935 consuetudo
3793 4891 3828 4934 a

2130 4965 2296 5022 nobis
2353 4965 2651 5035 accipitur,
2710 4980 2843 5035 quae
2889 4965 3170 5022 adversus
3217 4965 3564 5022 exteriorem
3609 4967 3827 5036 appeti-

2131 5061 2276 5121 tum,
2333 5053 2436 5124 qui
2492 5061 2642 5110 recte
2707 5053 2975 5124 signatur
3029 5068 3131 5124 per
3184 5053 3542 5124 quinarium,
3609 5068 3828 5126 magna

2131 5141 2552 5211 congressionis
2596 5141 2742 5198 mole
2793 5141 3105 5210 luctantur,
3167 5149 3224 5198 et
3279 5141 3387 5196 hoc
3431 5141 3527 5198 illo
3571 5143 3633 5198 lit
3676 5151 3827 5198 tem—

2133 5245 2286 5301 pore,
2332 5245 2450 5301 quo
2508 5229 2650 5285 Loth
2684 5229 2743 5285 in
2771 5230 2983 5300 oppida
3017 5228 3330 5286 declinavit
3373 5228 3628 5286 Sodomae
3660 5245 3675 5285 :
3726 5243 3827 5300 per

2131 5318 2496 5388 quinarium,
2546 5318 2810 5388 inquam,
2854 5331 2941 5383 ea,
2977 5333 3109 5389 quae
3145 5317 3506 5374 sensualitati
3537 5318 3822 5389 adjacent,

2133 5407 2492 5477 ligurantur;
2554 5406 2841 5476 appetitus
2889 5420 3144 5477 namque
3180 5412 3392 5470 noster,
3441 5421 3572 5462 cum
3611 5406 3684 5462 sit
3715 5419 3821 5462 na-

2133 5493 2398 5551 turaliter
2452 5494 2736 5552 bonorum
2789 5503 3066 5565 appetens
3119 5494 3320 5556 factus,
3375 5493 3824 5564 corruptibiliter
3905 5545 3914 5556 ,

2134 5583 2472 5640 interiorum
2496 5583 2793 5654 negligens
2819 5583 3106 5639 exteriora
3131 5583 3368 5652 quaerit;
3403 5583 3478 5640 ab
3509 5583 3598 5640 his
3631 5583 3822 5653 itaque

2132 5671 2415 5740 praedictis
2485 5671 2717 5744 regibus
2787 5672 2861 5728 ab
2918 5686 3028 5728 usu
3093 5670 3414 5728 reficiendae
3469 5669 3823 5728 necessitatis
