3956 6426
93 438 179 492 l2!
1364 437 1729 497 MORALIUM
1771 437 1802 494 ll

1984 434 2182 496 NESIN
2226 439 2355 497 LIB.
2399 439 2487 498 ιν.
3410 518 3419 535 Ι
3517 449 3613 502 1-32

86 568 457 641 compellitur
505 569 582 627 ad
618 568 882 626 libidines
927 568 1226 640 explendae
1266 570 1575 640 superﬂuae
1618 570 1790 628 volu-
1827 585 1874 638 Α

89 660 282 730 ptatis.
334 658 657 727 Quinarius
686 660 861 715 etiam
909 673 983 715 ex
1031 660 1410 729 quaternario
1456 668 1696 728 constat,
1744 669 1799 717 et

88 749 356 815 monade,
407 749 580 819 quasi
611 748 865 819 quodam
909 748 1193 819 superiori
1245 750 1500 818 praeside,
1551 749 1703 805 unde
1743 757 1799 805 et

87 837 331 894 aﬂ‘ectus
379 846 577 894 noster
613 837 1014 906 temporalium
1062 836 1277 907 gloriae,
1313 853 1446 907 quae
1485 847 1797 907 quaterna-

91 928 176 982 rio
219 927 583 998 ﬁgurantur,
625 933 898 997 praestare
935 925 1237 995 principali
1277 925 1573 996 majestate
1607 926 1795 981 debet.

89 1017 188 1071 Est
218 1015 402 1086 igitur
432 1015 656 1085 primus
692 1014 1028 1084 Amraphel,
1061 1014 1164 1084 qui
1210 1014 1623 1084 interpretatur
1650 1015 1800 1069 dia-it

90 1110 149 1159 ut
194 1105 438 1171 caderet,
491 1104 647 1173 quod
692 1103 979 1173 praecipue
1018 1103 1090 1158 ad
1129 1103 1583 1169 delectationem,
1629 1105 1795 1173 quasi

91 1192 161 1248 ad
199 1207 376 1249 casus
421 1192 892 1249 deliberationem
940 1192 1161 1247 attinet.
1203 1191 1522 1257 Secundus,
1565 1192 1795 1258 Arioch,

92 1281 193 1353 qui
244 1281 465 1336 dicitur
510 1282 714 1347 ebrius,
767 1280 853 1336 vel
902 1280 976 1334 ad
1016 1281 1367 1335 solitudinem
1419 1282 1693 1350 redigeus,
1740 1282 1798 1337 iu

93 1386 210 1441 quo
251 1370 544 1440 accipitur
590 1384 905 1426 consensus
953 1370 1259 1436 dementia,
1310 1370 1530 1425 consilii
1574 1385 1797 1440 expers,

93 1468 266 1530 atque
296 1460 416 1516 Deo
448 1460 668 1515 cultore
700 1458 926 1529 repulso
951 1459 1140 1514 solum
1169 1458 1278 1514 sibi
1309 1459 1601 1514 hominem
1632 1460 1801 1515 relin-

95 1563 323 1619 quens;
373 1548 581 1603 tertius
622 1547 872 1617 denique
914 1556 998 1603 est
1037 1548 1544 1615 Chodorlabomor,
1596 1548 1699 1618 qui
1746 1556 1802 1604 et

95 1638 211 1707 ipso
262 1637 502 1693 nomine
550 1636 719 1706 quasi
768 1637 1017 1690 decorant
1056 1636 1399 1705 manipulum
1427 1644 1621 1707 sonat;
1673 1650 1801 1691 ma-

97 1726 334 1797 nipulus
402 1724 633 1782 fructus
695 1732 778 1781 est
836 1724 1040 1794 operis,
1103 1725 1327 1781 fructus
1393 1733 1587 1783 autem
1638 1725 1802 1795 pravi

95 1816 279 1886 operis
323 1815 452 1885 ipsa
490 1814 853 1885 voluptatum
889 1814 1148 1870 suavitas
1174 1821 1277 1871 est.
1311 1814 1435 1870 Non
1465 1830 1602 1885 ergo
1629 1816 1801 1871 deco-

1904 572 2275 637 obscuritate,
2345 580 2401 631 et
2458 572 2683 630 incuria
2738 574 3070 632 obtectam:
3138 575 3271 633 inde
3335 578 3396 634 lit
3456 592 3614 635 mare

1907 663 2064 725 salis,
2109 662 2163 718 id
2205 671 2288 719 est
2333 677 2407 719 ex
2443 664 2549 719 hoc
2600 664 2922 720 innascitur
2965 665 3174 722 animae
3221 667 3453 736 repulsa
3510 669 3608 724 Dei

1908 752 2208 822 sapientia,
2254 752 2559 822 prudentia
2589 752 2783 809 carnis
2816 768 2829 806 :
2881 755 2963 808 sal
2994 752 3147 809 enim
3180 756 3320 824 quia
3352 753 3463 811 hoc
3493 755 3614 812 loco

1909 841 2087 897 maris
2130 840 2362 907 dicitur,
2411 841 2625 897 astutia
2674 841 2990 911 accipitur;
3036 857 3195 900 mare
3238 858 3351 899 non
3409 844 3612 901 incon-

1908 945 2053 1001 grue
2083 930 2231 986 sicut
2261 930 2565 995 saeculum,
2602 930 2680 986 ita
2700 938 2755 986 et
2784 945 2919 986 caro
2949 931 3181 1000 dicitur,
3224 948 3358 1003 quae
3386 947 3612 1003 semper

1908 1027 2116 1075 aestuat
2172 1020 2497 1088 desideriis;
2566 1020 2866 1090 prudentia
2938 1029 3134 1076 autem
3207 1024 3413 1081 carnis.
3480 1037 3612 1093 quae

1908 1108 1983 1163 ab
2069 1107 2336 1177 Apostolo
2408 1122 2550 1162 mors
2632 1115 2872 1163 Vocatur
2937 1108 3119 1178 (Rom.
3206 1123 3322 1175 VIII,
3404 1108 3482 1178 6),
3552 1108 3609 1164 in

1909 1195 2045 1253 solis
2102 1196 2494 1267 voluptatibus
2551 1196 2889 1252 exercendis
2941 1212 3009 1252 ac
3056 1197 3435 1268 exquirendis
3482 1197 3610 1268 glo-

1908 1286 2116 1342 riatur.
3606 1356 3609 1363 _

1982 1376 2151 1432 Vens.
2185 1375 2237 1427 4.
2286 1403 2359 1416 -
2398 1374 2692 1429 Duodecim
2740 1376 2902 1429 annis
2940 1379 3244 1430 servierunt
3294 1376 3610 1431 Chodorla-

1910 1467 2114 1529 homor,
2165 1468 2215 1517 et
2255 1466 2412 1517 tertio
2444 1464 2646 1517 decimo
2691 1479 2833 1517 anno
2871 1469 3203 1519 recesserunt
3252 1465 3321 1518 ab
3371 1480 3450 1519 eo.
3504 1465 3611 1520 Per

1910 1551 2387 1617 Chodorlahomor,
2436 1566 2610 1621 quem
2656 1551 2915 1608 diximus
2947 1554 3115 1623 quasi
3162 1554 3438 1610 decorum
3486 1567 3608 1609 ma-

1910 1639 2180 1710 nipulum
2226 1639 2526 1710 appellari,
2574 1639 2945 1709 voluptatem,
2993 1656 3125 1711 quae
3179 1642 3404 1698 fruetus
3434 1644 3610 1698 totius

1909 1728 2205 1799 nequitiae,
2260 1736 2316 1783 et
2367 1728 2534 1799 quasi
2584 1729 2826 1800 quidam
2876 1729 3045 1785 decor
3078 1738 3181 1796 est,
3234 1730 3611 1803 intelligimus

1912 1817 2186 1889 ﬁgurari;
2229 1819 2337 1874 tria
2386 1832 2521 1873 vero
2560 1826 2767 1888 quater
2811 1818 3117 1875 duodecim
3159 1819 3408 1885 faciunt;
3458 1818 3610 1875 duo—

95 1918 212 1973 rus,
241 1903 341 1959 sed
376 1904 548 1974 quasi
578 1903 819 1959 decorus
848 1902 1183 1973 manipulus
1211 1910 1317 1969 est,
1347 1906 1488 1973 quia
1518 1919 1631 1958 non
1666 1918 1800 1960 vera
1839 1887 1880 1942 Β
1909 1887 2095 1963 decim
2152 1906 2349 1977 itaque
2401 1887 2591 1962 annis
2616 1906 2691 1962 illi
2747 1907 3052 1975 servimus,
3110 1922 3243 1964 cum
3294 1908 3610 1963 trinitatem

92 1992 321 2061 species,
368 1991 470 2047 sed
500 1990 701 2057 fallax,
733 2000 789 2047 et
832 1990 1180 2061 imaginaria
1209 1992 1452 2048 dulcedo
1486 1992 1543 2047 in
1585 1992 1799 2049 talibus

94 2080 530 2150 operationibus
566 2087 670 2135 est.
724 2080 895 2135 Porro
935 2089 1202 2151 quartus,
1250 2098 1349 2135 rem
1399 2084 1643 2150 gentium
1693 2089 1797 2145 est,

96 2170 232 2239 quia
275 2169 564 2239 reprobus
606 2183 810 2225 sensus
854 2182 928 2225 ex
974 2174 1077 2223 59
1129 2169 1440 2225 criminum
1485 2178 1800 2226 consuetu-

97 2258 220 2313 dine
265 2265 372 2325 est,
422 2266 480 2314 et
517 2258 667 2313 sicut
697 2271 798 2312 rex
829 2257 1168 2324 exercitum,
1204 2257 1283 2313 ita
1332 2258 1450 2328 ipse
1500 2258 1605 2315 sibi
1658 2274 1799 2314 con-

99 2348 264 2402 trahit
331 2346 602 2402 omnium
665 2345 1018 2417 ﬂagitiorum
1077 2354 1315 2414 coetum,
1373 2348 1538 2418 quasi
1592 2362 1799 2418 agmen

100 2437 418 2492 multarum
446 2435 729 2506 gentium.

166 2525 377 2581 ineunt
408 2525 522 2579 nisi
552 2524 765 2580 bellum
796 2523 1078 2581 adversus
1106 2531 1367 2581 nostrum
1402 2526 1695 2582 carnalem
1723 2526 1802 2582 af-

102 2615 327 2680 fectum,
393 2627 465 2668 ac
504 2612 551 2668 si
599 2612 845 2668 ﬂammae
875 2612 1224 2669 admoveant
1253 2622 1510 2682 ventum,
1555 2615 1667 2671 sub
1697 2630 1802 2671 suo

101 2717 229 2758 eum
290 2702 538 2771 imperio
607 2702 1000 2758 attrahentes:
1068 2702 1290 2772 primus
1340 2702 1536 2773 itaque
1595 2712 1801 2760 nostrae

102 2791 433 2847 defectionis
502 2797 693 2846 motus
736 2791 903 2861 quasi
962 2790 1201 2861 quidam
1251 2806 1352 2847 rex
1399 2807 1516 2847 non
1576 2807 1798 2863 regens,

104 2881 191 2934 sed
235 2878 573 2950 deprimens
616 2878 673 2934 in
720 2878 964 2935 Sodoma
1010 2887 1122 2949 est;
1172 2879 1417 2936 Sodoma
1472 2896 1601 2937 vero
1643 2890 1803 2938 muta

104 2969 352 3024 dicitur:
412 2977 580 3024 muta
638 2976 721 3024 est
766 2982 931 3025 mens
972 2976 1189 3036 nostra,
1240 2984 1374 3025 cum
1430 2970 1509 3025 nil
1557 2970 1799 3041 dignum

107 3060 316 3113 ratione
367 3058 674 3127 respondet
713 3057 785 3112 ad
815 3057 1205 3113 delectationis
1239 3057 1508 3114 ludibria.
1559 3059 1801 3115 Gomor-

107 3147 206 3201 rha
246 3146 450 3202 seditio
503 3145 716 3215 populi,
768 3145 826 3201 in
871 3160 988 3216 quo
1018 3145 1169 3202 intra
1198 3147 1406 3202 mentis
1451 3138 1652 3203 urbem
1701 3164 1801 3204 co-

108 3234 446 3304 gitationum
505 3248 757 3304 nequam
803 3232 1100 3290 effrenatio
1148 3235 1506 3292 tumultuosa
1545 3245 1800 3293 notatur.

108 3325 321 3379 Adama
361 3323 780 3392 interpretatur
826 3337 1096 3393 cruores;
1149 3324 1391 3395 sanguis
1429 3332 1620 3381 autem
1667 3333 1806 3381 tunc

109 3426 272 3489 cruor
320 3412 513 3468 solum
581 3427 691 3468 usu
748 3412 951 3469 Latino
1002 3412 1235 3479 dicitur,
1291 3429 1423 3469 cum
1480 3429 1514 3469 a
1570 3428 1805 3485 corpore

109 3501 404 3557 decurrere
446 3500 683 3556 videtur
716 3515 729 3555 :
762 3516 997 3556 cruores
1023 3513 1159 3571 ergo
1190 3509 1328 3557 sunt
1371 3509 1620 3571 peccata,
1672 3517 1804 3572 quae

113 3589 168 3645 in
210 3605 354 3660 opus
401 3604 651 3659 pravum
706 3604 779 3645 ex
840 3590 1069 3646 interna
1128 3589 1408 3646 seditione
1466 3592 1799 3661 procedunt.

113 3677 323 3734 Seboim
368 3692 569 3748 capra,
604 3678 691 3733 vel
739 3679 996 3743 damula,
1033 3679 1118 3734 vel
1150 3680 1316 3735 statio
1346 3680 1475 3750 ejus
1524 3679 1582 3735 in
1634 3680 1801 3747 mari,

116 3766 168 3822 in
219 3783 332 3840 quo
383 3767 729 3838 intelligitur
785 3767 902 3837 ipse
951 3776 1141 3824 noster
1196 3768 1456 3835 allectus,
1507 3769 1610 3839 qui
1669 3785 1801 3825 cum

118 3864 303 3913 mutus
348 3871 423 3912 ex
466 3857 733 3922 Sodoma,
773 3857 1076 3913 seditiosus
1122 3871 1195 3912 ex
1243 3857 1582 3925 Gomorrba,
1634 3858 1808 3914 fuerit

117 3944 352 4016 denique
400 3954 795 4016 transgressor
841 3960 915 4001 ex
959 3946 1202 4013 Adama,
1230 3946 1353 4017 jam
1398 3948 1568 4017 quasi
1606 3961 1803 4017 capra,

119 4048 239 4102 quae
275 4034 595 4091 arduorum
645 4042 730 4090 est
778 4042 1066 4105 appetens,
1118 4050 1217 4104 spe
1258 4035 1416 4091 inani
1466 4036 1808 4092 sublevatur

119 4122 183 4175 ad
212 4136 436 4192 supera,
469 4122 682 4177 dehinc
713 4122 771 4178 in
803 4138 1017 4179 morem
1061 4124 1331 4189 damulae,
1366 4139 1498 4196 quae
1529 4126 1804 4194 pavidum

122 4216 197 4262 est
239 4210 471 4277 animal,
523 4225 595 4266 ne
642 4211 835 4267 habita
875 4212 1094 4281 perdat,
1150 4212 1352 4269 timore
1395 4214 1690 4269 descendit
1734 4214 1806 4269 ad

122 4294 320 4367 infera;
360 4300 561 4370 sicque
598 4300 766 4355 statio
793 4301 921 4370 ejus
950 4301 1011 4356 iit
1038 4300 1094 4356 in
1124 4303 1291 4367 mari,
1322 4302 1461 4357 dum
1498 4316 1803 4372 nunquam

124 4398 155 4440 a
192 4396 335 4443 recto
372 4388 555 4444 animi
584 4396 738 4444 statu
772 4388 1219 4446 indesineutium
1256 4390 1511 4460 impulsu
1539 4400 1803 4448 motuum

1907 1996 2134 2062 mentis,
2205 1995 2486 2052 rationem
2552 1994 2786 2062 scilicet,
2834 1996 3210 2063 voluntatem,
3272 2010 3340 2052 ac
3390 2011 3612 2051 memo-

1911 2084 2058 2140 riam
2089 2083 2391 2154 voluptati,
2429 2099 2560 2153 quae
2602 2084 2660 2138 in
2711 2084 2908 2154 regnis
2948 2084 3219 2140 vitiorum
3256 2084 3609 2154 praeeminet,

1910 2170 2079 2240 quasi
2122 2171 2232 2227 sub
2279 2171 2650 2242 quaternario
2683 2173 3120 2242 temporalitatis
3169 2173 3347 2243 hujus
3393 2172 3612 2228 addici—

1913 2274 2060 2314 mus.
2130 2260 2442 2316 Duodecim
2504 2260 2676 2316 etiam
2736 2261 2904 2316 annis
2963 2260 3043 2316 illi
3103 2261 3413 2326 servimus,
3476 2275 3609 2316 cum

1912 2348 2134 2413 mentis,
2183 2358 2246 2406 ut
2290 2351 2566 2411 diximus.
2605 2350 2934 2416 trinitatem,
2980 2357 3036 2405 et
3080 2350 3337 2419 corporis
3377 2349 3609 2419 quanti-

1912 2446 2083 2495 tatem
2132 2439 2316 2495 eidcm
2365 2440 2619 2509 quadam
2683 2439 2925 2495 annuali
2974 2439 3318 2509 perfectione
3371 2438 3611 2508 subjici~

1912 2543 2068 2593 mus;
2096 2529 2194 2583 sed
2232 2528 2394 2585 tertio
2424 2528 2646 2584 decimo
2676 2529 2749 2584 ab
2778 2542 2844 2583 eo
2867 2527 3208 2593 recedimus,
3241 2542 3374 2582 cum
3405 2527 3613 2593 Deum,

1912 2617 2014 2687 qui
2054 2616 2247 2673 unitas
2281 2625 2384 2685 est,
2439 2617 2738 2687 praesidem
2767 2630 2834 2672 ac
2862 2624 3138 2673 rectorem
3172 2616 3336 2672 nobis
3385 2615 3443 2671 in
3492 2629 3614 2671 cor-

1913 2720 2047 2775 pore
2077 2719 2144 2760 ac
2172 2706 2371 2761 anima
2400 2706 2776 2761 instituimus.

1984 2795 2156 2851 Vens.
2199 2799 2251 2861 5,
2299 2798 2352 2859 6,
2385 2799 2437 2849 7.
2468 2823 2542 2835 —
2582 2797 2764 2862 Igitur
2808 2810 2951 2848 uitato
2991 2799 3189 2862 quarto
3219 2793 3423 2847 decimo
3473 2795 3614 2847 venit

1912 2883 2404 2951 Cliodorlaltomor,
2452 2889 2504 2938 et
2546 2900 2717 2949 reges,
2760 2885 3007 2953 quicum
3049 2900 3106 2936 eo
3152 2888 3329 2949 erant,
3383 2898 3612 2951 percus-

1911 2980 2203 3041 seruutque
2253 2973 2536 3042 Raphaim
2582 2976 2641 3027 in
2684 2974 2965 3028 Astaroth.
3012 2973 3290 3036 σαι-παίω,
3337 2975 3388 3024 et
3425 2973 3613 3025 Zuzim

1911 3078 2032 3116 cum
2090 3065 2187 3123 eis,
2240 3063 2415 3116 Emim
2452 3063 2511 3115 in
2554 3063 2691 3115 Siwe
2737 3062 3100 3126 Curiathaim,
3131 3063 3182 3114 ei
3224 3061 3509 3113 Chorraeos
3557 3060 3613 3111 in

1868 3194 1881 3210 ,
1911 3150 2182 3203 montibus
2237 3150 2378 3209 Seir,
2433 3164 2603 3217 usque
2658 3148 2733 3202 ad
2787 3150 3118 3216 campestria
3176 3148 3428 3214 Pliuran,
3496 3164 3615 3215 qua:

1913 3242 1992 3290 est
2037 3238 2097 3289 in
2160 3237 2473 3299 solitudine,
2533 3242 2583 3290 et
2638 3241 3020 3305 percusserunt
3074 3251 3284 3289 omnem
3342 3237 3612 3302 regionem

1916 3327 2363 3393 Amalecilarum,
2433 3330 2485 3379 et
2567 3326 2969 3392 Amorrltaeum,
3042 3328 3140 3395 qui
3213 3325 3501 3379 habitabat
3558 3328 3615 3377 in

1915 3416 2364 3471 Asusonthamar.
2420 3417 2737 3483 Reversique
2788 3419 2917 3469 sunt
2962 3414 3038 3468 ad
3091 3417 3294 3480 fontem
3347 3414 3614 3482 Misphat,

1913 3507 2034 3574 ipsa
2065 3508 2143 3558 est
2172 3504 2361 3561 Gades.
2396 3505 2705 3574 Postquam
2737 3503 2796 3558 in
2826 3502 3076 3559 convalli
3113 3502 3373 3559 Mambre
3400 3502 3615 3558 Abram

1915 3594 2038 3665 ligit
2086 3593 2549 3659 tabernaculum,
2596 3593 2942 3648 dederamus
2973 3592 3091 3663 regi
3134 3591 3485 3662 nequissimo
3517 3605 3615 3645 vo-

1913 3682 2119 3752 luptati
2181 3682 2521 3752 repudium;
2582 3682 2703 3737 haec
2750 3681 2905 3737 enim
2937 3680 3209 3751 praecellit
3258 3680 3315 3735 in
3356 3680 3613 3750 regibus,

1913 3771 2054 3841 quia
2118 3770 2200 3826 nil
2257 3771 2550 3841 voluptate
2598 3771 2870 3826 cordibus
2929 3770 3229 3825 hominum
3282 3769 3618 3825 dominatur

1914 3860 2190 3916 tenacius.
2251 3864 2320 3915 At
2366 3859 2547 3914 animi
2605 3874 2832 3925 rursus,
2904 3866 2970 3915 ut
3017 3858 3242 3926 assolet,
3298 3866 3618 3928 tepescente

1914 3957 2090 4015 statu,
2138 3952 2192 4004 et
2220 3949 2525 4005 denarium
2558 3948 2771 4003 divinae
2803 3947 2946 4018 legis
2980 3947 3358 4017 quaternario
3389 3954 3615 4015 tempo-

1914 4037 2161 4094 ralitatis
2212 4046 2591 4107 supponente,
2645 4036 2922 4092 memoria
2981 4036 3314 4106 voluptatis,
3372 4035 3616 4091 delecta-

1916 4127 2109 4194 tionis,
2177 4142 2510 4193 consensus,
2583 4126 3139 4195 consueludinisque
3194 4124 3452 4195 pristinae
3512 4138 3616 4178 ac-

1914 4216 2103 4272 cincta
2142 4215 2456 4287 sull‘ragiis,
2505 4217 2749 4285 percutit
2798 4216 3069 4284 Raphaim
3115 4217 3175 4273 in
3223 4214 3507 4278 Astaroth,
3561 4211 3616 4266 id

1914 4312 2000 4361 est
2058 4304 2271 4361 imbelli
2328 4318 2436 4360 sua
2499 4304 2901 4369 teneritudine,
2956 4317 3077 4373 qua
3132 4303 3307 4359 nullis
3368 4302 3620 4358 motibus

1917 4395 2125 4456 obstat,
2185 4394 2398 4449 excitat
2444 4400 2499 4447 et
2546 4400 2867 4448 commovet
2910 4392 3194 4463 gigantes,
3239 4390 3401 4461 quod
3437 4391 3619 4446 inter-

123 4472 313 4531 desinit
370 4476 674 4533 ﬂuctuare.
734 4478 1007 4547 Sequitur
1062 4478 1241 4549 igitur
1290 4480 1411 4551 jam
1462 4480 1613 4547 Bale,
1674 4497 1806 4552 quae
1845 4493 1889 4545 υ
1922 4490 2181 4553 pretatur
2240 4482 2539 4551 Raphaim,
2599 4480 2655 4535 id
2711 4487 2798 4535 est
2845 4480 3126 4549 superbos
3176 4481 3482 4547 daemones,
3548 4478 3621 4534 ad

128 4560 521 4633 interpretatur
569 4566 868 4632 absorbuit,
939 4567 1025 4623 vel
1081 4571 1481 4637 praecipitavit;
1534 4583 1670 4625 nam
1723 4571 1811 4625 his

127 4651 308 4708 anima
351 4654 422 4710 ad
465 4655 600 4710 vitm
644 4654 1070 4712 destitutionem
1119 4656 1477 4727 praecipitata
1543 4659 1806 4724 miseriis,

129 4740 362 4809 quodam
392 4743 701 4799 oblivionis
746 4744 1088 4801 absorbetur
1118 4746 1418 4812 barathro,
1448 4754 1512 4803 ut
1553 4750 1674 4818 jam
1708 4750 1809 4805 vix

131 4830 433 4887 meminisse
500 4832 656 4899 velit,
726 4832 782 4888 in
853 4849 971 4904 quo
1027 4834 1100 4890 sit
1161 4835 1342 4904 posita
1403 4843 1809 4906 tempestatum

130 4917 252 4973 salo.
298 4920 480 4990 Super
545 4920 632 4977 bis
680 4922 876 4992 itaque
922 4924 1195 4980 omnibus
1246 4938 1409 4994 reges
1456 4935 1612 4993 sunt,
1666 4927 1806 4983 dum

128 5008 298 5063 carnis
342 5018 534 5066 motus
564 5011 976 5081 cogitationum
1011 5012 1247 5083 agmina
1278 5013 1386 5069 sibi
1430 5014 1804 5083 contrahunt,

130 5092 286 5163 Reges
329 5107 584 5169 quatuor
630 5101 911 5156 adversus
942 5102 1206 5171 quinque
1253 5118 1313 5159 se
1360 5104 1616 5174 erigunt,
1665 5105 1804 5161 dum

132 5186 389 5250 praedictae
452 5188 798 5245 defectiones
839 5189 1018 5246 animi
1057 5190 1202 5247 alias
1251 5190 1307 5247 in
1356 5191 1566 5248 aﬂectu
1614 5200 1807 5248 nostro

130 5273 482 5343 remissiones,
540 5281 597 5334 et
643 5278 953 5348 nequitias,
1001 5287 1104 5335 aut
1158 5279 1332 5337 etiam
1374 5281 1602 5337 easdem
1655 5282 1808 5351 ipsas

128 5374 475 5433 exaggerant,
536 5374 592 5422 et
647 5366 996 5423 accendunt.
1060 5368 1221 5424 Unde
1276 5369 1587 5439 sequitur:
1659 5368 1807 5436 Quia

129 5460 301 5507 omnes
347 5453 400 5508 hi
435 5464 832 5512 convenerunt
882 5455 942 5512 in
974 5456 1179 5513 vallem
1227 5458 1571 5524 silvestrem,
1624 5457 1677 5512 id
1722 5465 1808 5512 est

132 5539 292 5595 omnis
346 5543 710 5615 negligentiae
774 5544 1049 5600 examina
1110 5546 1373 5603 coierunt
1427 5547 1483 5602 in
1557 5554 1803 5602 mentem

137 5620 411 5699 humilem;
473 5633 566 5688 sed
632 5632 704 5687 ab
756 5633 1096 5689 excellentia
1138 5633 1456 5690 sanctitatis
1503 5634 1802 5703 dejectam.

137 5719 183 5765 et
244 5716 491 5776 silvatico
547 5721 803 5792 quodam
857 5722 1096 5779 horrore
1157 5724 1391 5793 peccati,
1466 5723 1803 5780 multimoda

1920 4570 2237 4626 faciendam
2294 4568 2541 4639 iapsurae
2581 4568 2754 4624 menti
2802 4568 3305 4638 explorationem:
3354 4567 3622 4622 Astaroth

1917 4673 2075 4727 sane,
2124 4657 2341 4714 faciunt
2385 4656 2801 4725 exploratores,
2832 4657 3066 4712 dicitur.
3098 4656 3395 4712 Percussio
3424 4664 3618 4713 autem

1918 4748 2026 4804 ista
2064 4762 2179 4803 non
2233 4744 2593 4814 interemptio
2629 4752 2733 4808 est,
2770 4745 2865 4799 sed
2894 4758 3112 4799 securae
3140 4759 3209 4800 ac
3255 4744 3505 4801 nimium
3548 4745 3620 4801 de

1915 4851 1975 4892 se
2037 4835 2264 4891 i’identis
2326 4832 2535 4889 animae
2600 4832 2937 4900 concitatio;
3010 4832 3197 4887 solent
3264 4831 3419 4887 enim
3478 4848 3621 4889 vasa

1917 4925 2157 4994 percuti,
2206 4930 2269 4979 ut
2304 4936 2537 4986 muscae,
2573 4920 2658 4976 vel
2702 4934 2840 4991 apes
2883 4919 3023 4975 inibi
3071 4920 3264 4990 quiete
3313 4920 3617 4976 considen-

1917 5022 2000 5069 tes
2050 5012 2425 5077 suscitentur,
2480 5010 2634 5065 unde
2688 5018 2744 5065 et
2802 5024 3141 5079 percussum
3195 5009 3409 5065 dicitur
3465 5010 3619 5066 latus

1916 5100 2063 5156 Petri
2110 5100 2168 5155 in
2218 5114 2467 5155 carcere.
2519 5099 2649 5154 Post
2691 5098 3143 5168 explorationem
3190 5112 3326 5169 ergo
3376 5097 3620 5154 inﬁrmae

1915 5189 2142 5257 mentis,
2177 5204 2310 5258 quae
2357 5188 2430 5243 ad
2462 5203 2690 5244 omnem
2744 5187 3082 5243 memoriam
3112 5187 3184 5244 ad
3214 5187 3352 5242 vitia
3406 5202 3622 5244 conca-

1916 5279 2093 5346 lescit,
2141 5278 2482 5349 percutitur,
2533 5276 2589 5332 id
2618 5284 2703 5331 est
2743 5284 3008 5332 movetur
3037 5278 3318 5343 Carnaim,
3352 5276 3509 5346 quod
3535 5283 3621 5331 est

1914 5382 2156 5434 cornua,
2198 5369 2257 5423 in
2286 5366 2505 5437 quibus
2545 5365 2816 5436 signatur
2861 5365 3226 5436 repugnandi
3257 5372 3459 5421 contra
3496 5379 3617 5420 me-

1915 5457 2109 5513 moriae
2156 5454 2585 5527 suggestionem
2626 5454 3014 5511 conﬁdentia:
3048 5454 3230 5509 solent
3286 5468 3490 5523 nempe
3531 5468 3619 5509 se-

1913 5561 2051 5603 cure
2071 5546 2254 5617 aliqui
2296 5544 2353 5600 in
2379 5543 2637 5614 cogitatu
2667 5543 2961 5610 delectari,
2995 5544 3066 5600 de
3094 5542 3216 5600 suis
3246 5543 3333 5598 lisi
3368 5543 3617 5609 viribus,

1915 5635 2069 5707 quod
2100 5649 2278 5705 pravo
2311 5631 2529 5704 possint
2562 5633 2720 5703 operi
2750 5632 3043 5688 reluctari.

1988 5724 2401 5780 Percutiuntur
2445 5735 2583 5792 ergo
2628 5734 2870 5788 cornua,
2925 5720 3065 5776 dum
3114 5720 3186 5776 ad
3226 5719 3619 5776 delectationis
