3956 6416
341 442 439 495 123

1223 441 1290 497 ν.
1335 435 1668 497 ἰῖυιΒΕΒΤΙ
1704 438 1996 497 ABBATIS
2033 438 2087 495 ὃ.
2132 433 2372 494 ΜΑΒῙιΕ
2412 435 2502 493 DE
2546 433 2948 492 NOVIGENTO

3761 435 3856 500 424

337 593 622 636 venenum
661 579 909 637 dulciter
935 577 1322 636 hauriendum
1345 578 1522 635 fallax
1555 577 1906 649 permittitur
1946 576 2016 632 ad
2059 591 2101 641 Α
2134 574 2378 631 bitatum
2455 586 2668 645 genera
2742 571 3002 628 membra
3073 570 3459 642 corruperint,
3531 567 3854 637 rationem,

335 666 600 724 elTectum
655 667 882 723 sceleris
938 668 1361 738 repugnantia:
1424 667 1696 723 cornibus
1755 667 1907 721 enim
1975 681 2032 720 se

337 756 650 812 defendunt
691 757 994 824 animalia;
1023 757 1118 812 sed
1169 759 1380 821 Zuzim,
1412 759 1510 826 qui
1541 763 1595 811 et
1633 755 2029 810 Zomzommim

338 843 480 899 aias
531 845 827 912 dicuntur,
879 861 998 899 cum
1041 848 1116 899 eis
1161 845 1374 914 pariter
1418 845 1774 908 excitantur;
1831 843 2033 897 vitiosa

335 939 441 989 oo
482 933 637 988 enim
685 948 816 988 cum
865 934 937 988 sit
988 941 1184 989 nostra
1223 941 1448 998 natura,
1499 932 1770 987 vitiorum
1815 930 2033 986 semina

339 1022 394 1076 in
440 1036 498 1076 se
551 1028 756 1091 portat,
806 1029 860 1077 et
911 1021 1032 1076 haec
1080 1021 1220 1091 ipsa,
1254 1021 1432 1076 donec
1469 1020 1676 1076 excitet
1725 1020 1813 1074 vis
1845 1026 2032 1074 tenta-

340 1109 527 1176 tionis,
574 1124 632 1165 se
681 1109 797 1178 pati
846 1109 1115 1180 ignorat:
1168 1109 1567 1164 Zomzommim
1617 1116 1811 1163 autem
1859 1107 2032 1162 dictio

338 1197 580 1266 integra,
659 1196 848 1251 Zuzim
925 1210 1059 1251 vero
1115 1209 1213 1264 per
1267 1195 1646 1251 concisionein
1705 1203 1790 1250 est
1849 1193 2029 1256 dicta;

336 1285 731 1340 Zomzommim
785 1284 980 1353 itaque
1010 1284 1238 1349 dicitur,
1279 1297 1410 1352 quae
1440 1291 1524 1339 est
1576 1284 1694 1338 haec
1732 1296 1908 1352 aqua,
1945 1281 2031 1336 vel

338 1372 641 1441 praeparati
671 1372 727 1427 in
767 1371 906 1426 acie.
955 1372 1100 1427 Dum
1138 1385 1389 1442 namque
1419 1385 1657 1434 cornua,
1705 1371 1758 1425 id
1797 1377 1881 1425 est
1913 1370 2032 1425 for-

338 1459 642 1516 titudinem
713 1459 1078 1529 repugnandi
1133 1467 1334 1514 contra
1390 1472 1572 1528 prava
1629 1472 1804 1528 opera
1873 1471 2033 1511 mens

335 1547 610 1603 fallaciter
661 1548 854 1618 erigit,
925 1555 980 1602 et
1038 1547 1237 1616 prima:
1291 1546 1678 1602 delectationis
1736 1545 2028 1600 mollitiem

337 1635 534 1690 leviter
589 1636 767 1701 ducit,
829 1643 1060 1702 repente
1120 1633 1618 1689 conrrescentibus
1673 1633 2028 1703 cogitatuum

337 1724 842 1793 corporaliumque
884 1731 1146 1778 motuum
1181 1723 1382 1786 ventis,
1415 1724 1579 1792 quasi
1607 1722 1875 1792 qua-dam
1902 1721 2031 1791 gla-

335 1811 437 1867 ciei
488 1811 704 1866 duritia
752 1812 980 1866 admoto
1029 1811 1161 1882 igne
1207 1811 1528 1877 resolvitur,
1559 1818 1615 1866 et
1657 1811 1846 1867 dicere
1877 1810 2026 1880 apud

337 1913 396 1954 se
420 1899 541 1969 jam
571 1899 832 1968 relapsus
861 1901 934 1954 ab
971 1899 1066 1954 illo
1097 1907 1255 1954 tanto
1285 1901 1486 1954 rubore
1512 1900 1755 1970 cogitur,
1789 1913 1920 1969 quae
1950 1907 2032 1954 est

340 1988 459 2044 haec
487 2001 664 2057 aqua,
707 1987 760 2042 id
805 1996 887 2042 est
935 1987 1086 2043 unde
1127 1986 1268 2042 mihi
1309 2002 1383 2043 ex
1433 1987 1720 2057 insperato
1751 1995 1832 2043 tot
1881 1994 2031 2042 tam-

337 2089 451 2145 que
482 2074 647 2130 ﬂuxa
683 2074 1007 2130 desideria?
1037 2075 1179 2131 Cum
1227 2075 1487 2144 proprios
1515 2075 1666 2130 enim
1703 2083 1894 2130 motus
1924 2074 2032 2128 sub

337 2177 442 2218 suo
492 2163 698 2218 habere
747 2177 805 2217 se
850 2169 1075 2230 putaret
1113 2161 1267 2230 jure,
1299 2161 1492 2216 subito
1544 2161 1786 2216 attendit
1832 2168 2031 2215 contra

337 2265 396 2306 se
427 2259 780 2321 praeparatos
817 2250 876 2304 in
904 2249 1042 2304 acie.
1077 2251 1256 2304 Emim
1285 2249 1459 2304 etiam
1501 2251 1560 2302 in
1601 2249 1739 2304 Sabe
1773 2262 2030 2302 commo-

337 2347 567 2405 ventur,
612 2338 754 2394 dum
784 2337 1065 2393 horrenda
1100 2336 1370 2407 quaelibet
1404 2351 1517 2392 non
1543 2337 1711 2391 modo
1741 2336 2031 2391 naturalia

338 2427 488 2482 mala
563 2440 597 2482 a
661 2425 891 2496 captiva
955 2433 1143 2481 mente
1196 2427 1317 2496 jam
1386 2433 1815 2494 proponuntur;
1897 2425 2033 2480 Sabe

335 2515 564 2586 captiva
629 2514 1058 2585 interpretatur,
1127 2513 1214 2569 vel
1282 2527 1509 2582 vepres;
1577 2527 1778 2582 vepres
1839 2520 2030 2568 autem

336 2603 773 2672 desideriorum,
821 2619 953 2674 quae
1003 2618 1105 2658 nos
1149 2602 1422 2669 lacerant,
1469 2603 1791 2658 carnalium
1833 2601 2031 2656 multi-

338 2691 561 2761 plicitas
589 2695 754 2760 sunt;
790 2691 847 2745 in
877 2690 1366 2746 emendatioribus
1396 2705 1511 2746 non
1542 2691 1704 2757 Sabe,
1737 2690 1835 2746 sed
1871 2690 2027 2753 Save,

338 2779 426 2835 vel
474 2781 646 2835 etiam
691 2779 867 2834 Savhe
909 2779 1174 2847 habetur,
1224 2779 1378 2850 quod
1430 2779 1603 2848 digne
1659 2778 1747 2834 vel
1794 2777 2032 2833 elevatio

337 2867 772 2938 interpretatur,
812 2881 1024 2922 sonans
1058 2868 1276 2938 utique,
1308 2867 1662 2938 quodldigne
1698 2867 1801 2922 hos
1833 2867 2032 2921 incur-

335 2971 436 3012 sus
489 2965 714 3026 propter
769 2955 1072 3012 elationem
1124 2969 1289 3012 suam
1347 2955 1540 3011 anima
1587 2955 1868 3026 patiatur;
1916 2969 2029 3010 non

337 3045 522 3100 solum
566 3059 700 3100 vero
737 3045 793 3099 in
824 3043 1117 3114 vepribus,
1159 3044 1211 3100 id
1246 3053 1330 3100 est
1366 3045 1425 3099 in
1455 3045 1740 3114 corporeis
1780 3043 2031 3099 motibus

335 3133 432 3188 sed
464 3132 634 3189 etiam
679 3133 734 3188 in
783 3134 1145 3200 Cariathuim,
1192 3133 1343 3203 quod
1385 3141 1468 3188 est
1503 3133 1559 3188 in
1591 3132 1820 3188 civitate
1849 3133 2029 3188 silva-

335 3234 487 3286 rum,
527 3235 644 3290 quo
687 3221 954 3291 signatur
995 3221 1231 3285 inculta,
1269 3229 1324 3276 et
1369 3222 1599 3276 obsessa
1647 3221 2028 3291 pravitatibus

336 3322 514 3375 mens,
573 3309 924 3364 horribilitas
970 3309 1363 3378 nequitiarum
1409 3310 1740 3365 excitatur:
1789 3311 2027 3366 Chorrwi

335 3397 508 3452 etiam
557 3398 615 3450 in
665 3398 936 3450 montibus
997 3399 1117 3452 Scit'
1172 3397 1278 3452 isto
1334 3397 1644 3452 certamine
1699 3397 2023 3459 irritantur,

337 3481 478 3552 quia
527 3496 732 3537 sensus
784 3481 1115 3544 exteriores,
1167 3497 1314 3552 quos
1367 3482 1618 3538 ChOI'I'EBi
1676 3483 2025 3552 signiticant,

337 3571 395 3626 in
431 3570 766 3626 altitudines
810 3570 1094 3640 superbiae
1125 3571 1195 3626 de.
1238 3571 1634 3626 exnberantiis
1677 3579 2028 3641 perpetrata-

339 3672 467 3716 rum
509 3658 812 3714 libidinum
843 3659 1084 3730 gloriose
1111 3659 1501 3728 extolluntur;
1534 3659 1782 3716 Chorrzei
1826 3673 2028 3728 nempe

337 3747 405 3802 de
457 3747 838 3803 foraminibus
887 3746 1363 3816 interpretantur,
1413 3755 1468 3803 et
1509 3762 1718 3818 corpus
1764 3755 2021 3803 nostrum

336 3835 600 3892 sensibus
635 3835 775 3902 suis,
822 3835 905 3892 uti
935 3836 1286 3906 quibusdam
1323 3837 1613 3907 aperturis
1653 3835 2024 3904 foraminum,

335 3937 528 3980 rerum
569 3924 880 3980 forensium
914 3925 1161 3980 tactibus
1191 3933 1538 3995 permeatur.

406 4014 526 4068 Seir
555 4027 688 4069 vero
731 4013 926 4069 hircus
957 4014 1188 4081 dicitur,
1225 4013 1279 4068 in
1311 4028 1428 4084 quo
1462 4015 1604 4069 fetor
1646 4013 1896 4070 luxuriae
1941 4029 2028 4070 ac-

337 4100 575 4171 cipitur;
606 4117 776 4171 usque
802 4103 878 4156 ad
919 4103 1245 4171 campestria
1288 4102 1520 4156 Pharan
1551 4117 1669 4170 quae
1695 4108 1774 4156 est
1815 4105 1875 4156 in
1904 4104 2027 4157 soli-

339 4189 539 4252 tudine,
584 4191 656 4246 ab
711 4191 907 4246 iisdem
959 4191 1192 4257 regibus
1239 4189 1377 4255 itur,
1428 4190 1570 4260 quia
1613 4190 1737 4260 ipsa
1785 4192 2027 4246 tumoris

336 4290 535 4331 eorum
594 4276 798 4345 rabies,
857 4292 975 4348 qua
1013 4279 1082 4333 de
1138 4278 1258 4333 suis
1316 4277 1624 4334 malefactis
1679 4277 2021 4349 gloriantur,

339 4367 445 4421 sub
484 4367 740 4422 rediviva
775 4367 1125 4437 ﬂagitiorum
1155 4369 1548 4438 quorumlibet
1581 4369 1886 4436 ferocitate,
1932 4383 2026 4424 re-

341 4454 490 4509 ﬂexa
541 4455 927 4510 consternitur
969 4456 1027 4511 in
1088 4457 1276 4526 campi
1329 4471 1566 4525 morem,
1625 4467 1680 4513 et
1739 4458 2023 4528 quidquid

338 4543 549 4600 divinae
591 4544 879 4600 memoriae
921 4544 981 4600 in
1029 4552 1217 4600 mente
1259 4545 1558 4612 resederat,
1615 4545 1760 4602 redit
1801 4546 1856 4600 in
1886 4547 2025 4602 soli-

341 4629 554 4685 tudinis
595 4630 918 4700 horrorem;
971 4633 1029 4684 in
1075 4621 1372 4686 solitudine
1411 4633 1578 4702 plane
1615 4642 1719 4699 est,
1761 4633 2029 4702 quisquis

339 4719 457 4773 sine
514 4719 625 4774 Deo
677 4719 994 4776 habitatore
1039 4727 1150 4788 est;
1183 4721 1406 4774 Pharan
1434 4735 1569 4776 vero
1615 4721 2028 4789 interpretatur

339 4805 600 4863 ferocitas
635 4821 857 4872 eorum,
906 4807 1061 4862 haud
1090 4807 1334 4862 dubium
1363 4809 1506 4878 quin
1551 4808 1844 4875 vitiorum,
1895 4820 2028 4878 quae

340 4893 617 4949 mentium
660 4894 1006 4950 munitiones
1043 4896 1366 4966 campestri,
1404 4897 1656 4968 quadam
1699 4897 2028 4952 infirmitate

338 4981 700 5052 compellant.
750 4983 1140 5040 Revertuntur
1183 4985 1258 5038 ad
1302 4988 1505 5052 fontem
1546 4987 1822 5056 Masphat,
1871 4984 2026 5056 quod

338 5077 423 5125 est
471 5071 984 5140 contemplationis,
1030 5086 1102 5128 ex
1143 5086 1260 5143 quo
1299 5073 1605 5130 haurimus
1637 5087 1822 5130 rorem
1855 5073 2028 5129 totius

339 5158 550 5214 divinae
590 5168 643 5214 et
686 5160 955 5216 humanae
1011 5161 1276 5232 rationis;
1321 5162 1446 5218 fons
1493 5163 1646 5218 enim
1693 5169 1902 5228 noster,
1955 5160 2028 5216 ad

340 5261 511 5318 quem
557 5249 929 5318 recurrimus,
971 5257 1026 5305 et
1054 5264 1124 5306 ex
1157 5265 1273 5320 quo
1313 5251 1740 5306 sensualitatem
1773 5259 2027 5306 nostram

340 5335 412 5391 ad
474 5335 730 5392 carnalia
793 5337 1168 5404 deiicientem,
1237 5339 1406 5408 quasi
1471 5338 1796 5395 fatiscentes
1858 5352 2029 5409 agros

339 5423 738 5494 perfundimus
787 5427 929 5482 ratio
977 5434 1090 5492 est;
1133 5429 1393 5496 Masphat
1437 5435 1631 5484 autem
1677 5426 2024 5497 contempla-

342 5513 573 5580 tionem,
610 5513 697 5569 vel
739 5514 1023 5584 judicium
1054 5523 1245 5585 sonat;
1279 5517 1422 5572 ratio
1459 5517 1610 5572 enim
1637 5516 1859 5587 judicat
1899 5529 2027 5571 om-

342 5601 458 5668 nia,
491 5600 631 5670 quia
670 5602 908 5672 spiritus
949 5611 1053 5670 est,
1104 5611 1158 5659 et
1187 5618 1220 5658 a
1255 5603 1480 5660 nemine
1519 5604 1830 5674 judicatur.
1870 5603 2025 5660 Post-

339 5703 516 5760 quam
548 5689 726 5760 igitur
759 5691 1060 5746 exterioris
1095 5691 1340 5746 hominis
1370 5706 1469 5761 per
1499 5691 1770 5763 quaelibet
1811 5692 2024 5762 impro-

2143 677 2274 733 qua:
2303 661 2424 717 sola
2467 667 2755 730 superstes
2782 659 3122 729 plerumque
3147 659 3434 714 miseriam
3469 671 3644 714 suam
3671 657 3856 720 videt,

2141 759 2195 806 et
2262 749 2520 818 ingemit,
2587 750 2956 818 exstinguere
3019 755 3315 816 appetunt,
3381 761 3452 802 ne
3510 748 3638 816 ipsa
3701 747 3858 802 mala

2145 839 2433 908 pensando
2482 837 2667 892 doleat
2719 852 2850 906 quae
2900 836 3007 892 sibi
3060 836 3278 891 insunt.
3330 835 3544 891 Occisis
3586 848 3861 904 namque

2146 927 2292 992 filiis,
2347 926 2630 982 Sedechiaa
2677 925 2825 980 oculi
2869 932 3190 992 eruuntur;
3240 924 3356 993 ipsa
3408 937 3652 994 quoque
3707 925 3859 979 ratio

2142 1021 2220 1069 est
2264 1015 2437 1072 Gades
2471 1031 2484 1068 :
2520 1015 2700 1067 Cades
2735 1027 2868 1068 vero
2889 1020 3087 1068 sancta
3121 1011 3208 1067 vel
3243 1018 3468 1066 mutata
3497 1011 3860 1081 interpreta-

2143 1111 2280 1159 tur:
2317 1117 2446 1172 qute
2476 1103 2628 1157 enim
2661 1109 2859 1156 sancta
2905 1101 3110 1165 fuerat,
3143 1099 3358 1155 carnali
3395 1099 3685 1170 appetitui
3725 1099 3860 1154 resi-

2143 1191 2360 1258 stendo,
2395 1199 2450 1246 et
2483 1205 2515 1245 a
2567 1191 2700 1245 Loth
2734 1188 3048 1243 divortium
3092 1187 3370 1254 faciendo,
3415 1201 3566 1242 verte
3613 1186 3858 1256 perspi—

2141 1279 2391 1344 cuitatis,
2454 1278 2507 1333 id
2569 1285 2653 1332 est
2712 1275 3210 1344 contemplationis
3263 1275 3530 1344 adempto
3582 1273 3704 1330 sibi
3773 1274 3852 1330 lu-

2144 1368 2296 1424 mine
2368 1375 2740 1431 commutala,
2815 1378 3019 1433 regum
3079 1364 3476 1433 pessimorum,
3545 1363 3656 1433 qui
3727 1371 3856 1432 post

2141 1454 2452 1510 criminum
2517 1453 2929 1509 revolutionem
2977 1451 3048 1506 ad
3096 1452 3244 1506 hanc
3289 1451 3533 1506 redeunt
3577 1450 3861 1506 obsiden-

2141 1544 2296 1610 dam,
2331 1542 2625 1598 substituit
2657 1542 2727 1596 ad
2776 1550 3001 1609 tempus
3043 1539 3300 1595 arbitrio.
3347 1537 3694 1594 Percutiunt
3725 1553 3855 1594 om-

2143 1645 2268 1685 nem
2318 1639 2530 1685 terram
2593 1629 3070 1694 Amalei-ilarum,
3115 1628 3256 1697 quia
3297 1627 3588 1693 affectum,
3640 1627 3859 1683 volun-

2143 1725 2334 1785 tatem,
2387 1718 2760 1777 intellectum.
2813 1716 3362 1784 sensualitatemque
3412 1716 3510 1771 Dei
3569 1715 3857 1772 inimico—

2142 1820 2271 1861 rum
2335 1805 2507 1875 juxta
2565 1805 2927 1860 Psalrnistam
2987 1812 3199 1860 terram
3253 1803 3597 1874 lingentium
3661 1805 3853 1873 (Psat.

2072 1881 2110 1934 Β
2143 1908 2291 1960 LXXI,
2329 1897 2388 1961 9)
2440 1908 2552 1947 non
2584 1893 2768 1947 solum
2819 1893 2886 1945 ad
2923 1892 3228 1960 cupienda,
3265 1893 3359 1946 sed
3409 1891 3580 1947 etiam
3632 1893 3854 1948 adula—

2139 1982 2391 2038 tionibus
2412 1981 2481 2035 ad
2508 1980 2807 2035 lambenda
2830 1979 3022 2034 szeculi
3055 1980 3231 2049 hu1us
3261 1981 3555 2034 commoda
3583 1979 3850 2041 irritant.

2137 2077 2192 2125 et
2257 2069 2599 2124 accendunt.
2682 2069 2950 2123 Amalech
3021 2067 3231 2123 etenim
3299 2068 3544 2137 populus
3613 2067 3854 2138 lingeus

2138 2157 2348 2214 dicitur
2411 2174 2507 2213 eos
2569 2158 2926 2228 signiﬁcans,
3001 2158 3102 2226 qui
3167 2157 3321 2227 quod
3386 2155 3443 2210 vi
3511 2166 3848 2226 nequeunt,

2142 2246 2446 2316 hypocrisi,
2481 2246 2810 2316 linguisque
2839 2245 3229 2300 blandimento
3261 2243 3616 2314 praeripiunt.

2211 2335 2538 2390 Percutitur
2561 2335 2731 2389 etiam
2762 2334 3150 2397 Amorrhaaus,
3185 2335 3282 2401 qui
3305 2333 3591 2386 habitabat
3621 2335 3686 2385 in
3709 2333 3851 2386 Asa-

2137 2425 2473 2489 sonthamar,
2542 2422 2596 2478 id
2662 2431 2743 2478 est
2801 2423 3088 2478 excitatur
3149 2421 3338 2476 inanis
3403 2421 3585 2490 gloria
3651 2421 3847 2476 Deum

2138 2511 2358 2580 absque
2401 2510 2578 2566 dubio
2624 2511 2966 2576 amaricans,
3012 2510 3152 2580 quia
3203 2516 3632 2578 perseveranter
3687 2508 3846 2562 obti-

2139 2615 2272 2655 nere
2337 2615 2396 2655 se
2461 2599 2696 2654 simulat
2759 2600 3025 2654 vitiorum
3095 2612 3465 2669 quorumque
3541 2597 3846 2668 praesidia,

2141 2687 2478 2743 indesinenti
2545 2687 2824 2758 potiundo
2878 2687 3136 2742 victoria.
3205 2688 3554 2742 Amori-haras
3623 2685 3850 2740 dicitur

2137 2776 2492 2846 amaricans;
2534 2777 2968 2831 Asasonthamar
2997 2784 3188 2830 autem
3221 2776 3360 2830 urbs
3392 2775 3749 2844 palmarum,
3788 2773 3846 2828 in

2140 2865 2344 2934 palmis
2373 2880 2608 2934 quoque
2641 2865 2892 2919 victoria!
2927 2866 3284 2933 figurantur;
3322 2865 3591 2918 honorem
3640 2861 3848 2930 itaque

2140 2955 2254 3010 Deo
2283 2954 2539 3010 debitum
2588 2954 2657 3009 de
2699 2955 2910 3022 peccati
2945 2953 3200 3020 victoria,
3237 2967 3367 3008 cum
3401 2951 3507 3007 sibi
3553 2951 3848 3006 fallaciter

2141 3057 2300 3097 mens
2365 3049 2618 3110 arrogat,
2691 3041 2945 3110 quadam
3009 3040 3340 3096 idololatriae
3403 3054 3471 3094 ac
3545 3038 3843 3108 sacrilegii

2143 3129 2482 3200 profanitate
2529 3130 2708 3184 Deum
2741 3129 3036 3195 amaricat,
3069 3137 3123 3183 et
3152 3128 3292 3183 dum
3323 3127 3620 3198 aliquibus
3657 3127 3842 3189 vitiis,

2136 3232 2171 3273 a
2235 3219 2451 3288 quibus
2505 3218 2575 3272 ad
2636 3219 2834 3272 horam
2892 3217 3083 3272 minus
3136 3216 3448 3286 impetitur,
3521 3229 3724 3271 carere
3784 3229 3844 3269 se

2133 3307 2386 3373 simulat,
2419 3307 2488 3361 de
2545 3307 2741 3362 urbica
2774 3307 3024 3376 quadam
3069 3305 3386 3361 munitione
3415 3305 3524 3371 sui,
3565 3311 3622 3360 et
3654 3303 3842 3360 victo-

2135 3395 2219 3448 ria
2247 3395 2498 3464 glorians
2549 3395 2783 3464 peccati,
2817 3393 2983 3464 quasi
3019 3408 3118 3448 rex
3153 3407 3273 3449 sese
3321 3393 3604 3448 inhabitat
3640 3407 3652 3447 :
3714 3405 3834 3462 non

2132 3483 2286 3538 enim
2331 3483 2528 3538 omnia
2568 3497 2672 3538 nos
2703 3483 2911 3550 pariter
2941 3483 3080 3537 vitia
3114 3481 3365 3551 pulsant,
3398 3481 3492 3536 sed
3545 3495 3682 3536 cum
3737 3493 3844 3535 nos

2136 3573 2284 3626 malo
2318 3571 2546 3641 capitali
2589 3571 3065 3641 constringimur,
3099 3571 3172 3625 ab
3203 3570 3331 3624 aliis
3361 3569 3586 3624 interim
3621 3568 3840 3632 feriati,

2138 3659 2390 3728 ipsorum
2423 3660 2590 3730 quasi
2625 3661 2872 3715 victores
2899 3673 3022 3714 esse
3055 3659 3338 3725 videmur,
3369 3657 3583 3727 quibus
3611 3664 3838 3723 tamen,

2133 3761 2266 3803 cum
2311 3762 2488 3804 causa
2535 3749 2781 3813 redierit,
2827 3755 3090 3818 prompta
3119 3761 3255 3803 mox
3307 3746 3603 3802 voluntate
3639 3746 3839 3815 subji-

2133 3835 2338 3892 cimur.
2394 3837 2526 3892 Haec
2573 3835 2749 3902 igitur
2777 3843 2916 3903 tota,
2944 3836 3050 3890 etsi
3094 3849 3207 3890 non
3238 3835 3411 3890 simul
3440 3834 3634 3890 animo
3682 3835 3833 3903 ejus,

2134 3923 2236 3995 qui
2299 3931 2554 3980 tentatur
2614 3938 2673 3979 se
2723 3923 3012 3993 ingerunt,
3071 3930 3264 3978 tamen
3325 3921 3664 3992 pedetentim
3734 3934 3839 3991 per

2135 4013 2466 4069 tentationis
2492 4025 2700 4080 moras,
2735 4011 3088 4078 delectando,
3120 4011 3544 4077 consentiendo,
3577 4011 3832 4080 agendo,

2136 4102 2421 4156 visitando
2491 4114 2791 4169 erumpere
2859 4108 3303 4156 consueverunt.
3373 4100 3642 4168 Quinque
3691 4113 3836 4167 ergo

2137 4205 2299 4261 reges
2319 4189 2716 4259 egrediuntur,
2753 4196 2807 4244 et
2837 4188 3096 4256 dirigunt
3126 4196 3327 4243 contra
3353 4191 3608 4258 quatuor
3645 4189 3832 4242 aciem

2137 4279 2194 4332 in
2235 4277 2385 4333 valle
2417 4277 2684 4344 silvestri,
2717 4277 2855 4333 dum
2903 4276 3142 4332 aliectus
3187 4285 3398 4343 noster,
3452 4276 3554 4345 qui
3598 4275 3837 4330 aeternis

2134 4366 2298 4422 debet
2346 4366 2659 4432 intendere,
2709 4364 3130 4435 quaternitatis,
3176 4364 3230 4418 id
3275 4373 3360 4419 est
3398 4362 3837 4433 temporalitatis

2065 4471 2252 4544 DSUiB
2310 4454 2561 4510 motibus
2613 4454 2988 4523 constipatus,
3051 4453 3321 4508 delectari
3379 4451 3706 4522 cogitando,
3767 4465 3835 4506 ac

2138 4542 2383 4598 videndo
2437 4543 2542 4598 ista
2587 4542 2713 4597 vult
2755 4542 3008 4612 quidem,
3053 4541 3148 4596 sed
3179 4548 3378 4596 contra
3409 4549 3599 4596 actum
3648 4539 3835 4610 ipsius

2137 4633 2350 4701 peccati
2415 4631 2581 4701 quasi
2656 4631 2727 4684 ad
2789 4629 3171 4685 resistendum
3239 4636 3526 4699 praeparat
3591 4627 3833 4684 rationis

2135 4721 2334 4786 aciem,
2383 4726 2471 4774 ιιι
2513 4719 2654 4774 dum
2685 4718 2792 4774 sibi
2847 4718 3019 4774 etiam
3067 4717 3175 4787 ipsi
3208 4717 3437 4772 nomine
3479 4715 3833 4773 necessitatis

2137 4808 2347 4878 levigat
2414 4821 2609 4863 rerum
2683 4805 3070 4878 corporalium
3149 4805 3601 4873 delectationem,
3677 4818 3830 4876 quas

2135 4903 2326 4952 tamen
2356 4895 2540 4966 diligit
2573 4909 2684 4950 non
2716 4904 2833 4950 tam
2863 4895 2934 4950 ad
2974 4909 3146 4950 usum
3176 4907 3355 4964 quam
3381 4893 3453 4948 ad
3497 4893 3824 4959 libidinem;

2133 4992 2370 5056 quatuor
2429 4998 2564 5040 vero
2619 4985 2880 5038 adversus
2945 4985 3183 5052 quinque
3236 4985 3616 5053 consurgunt,
3685 4982 3825 5038 dum

2135 5073 2191 5130 id
2219 5073 2373 5144 quod
2415 5072 2523 5129 sub
2553 5073 2738 5142 specie
2779 5073 2877 5128 Dei
2909 5078 3188 5128 creaturae
3221 5070 3480 5140 religiose
3518 5070 3828 5126 videbatur

2135 5162 2338 5228 amari,
2396 5161 2762 5232 spnrcissime
2818 5161 3105 5216 hominem
3159 5158 3480 5214 ostenditur
3534 5157 3820 5224 delectari,

2139 5251 2290 5306 unde
2323 5251 2614 5320 contingat
2649 5251 2704 5304 in
2754 5248 3056 5319 pravitatis
3098 5262 3438 5304 consensum
3473 5247 3608 5315 labi,
3655 5255 3712 5303 et
3751 5246 3822 5302 ab

2134 5339 2345 5396 aﬂ‘ectu
2411 5339 2468 5394 in
2521 5339 2997 5394 consuetudinem
3048 5337 3222 5405 volvi,
3276 5337 3474 5407 sicque
3544 5335 3820 5406 paulatim

2135 5427 2404 5484 affectum
2450 5442 2583 5483 cum
2623 5427 2712 5483 his
2757 5441 2792 5482 a
2837 5426 3052 5496 quibus
3095 5425 3318 5496 regitur
3365 5426 3542 5481 animi
3589 5423 3822 5496 torpori-

2135 5515 2267 5584 bus,
2297 5515 2578 5586 praedictis
2609 5515 2891 5570 malorum
2941 5514 3360 5571 suborientium
3409 5513 3689 5585 gradibus
3735 5513 3818 5568 in-

2135 5603 2360 5660 clinari.

2212 5691 2382 5748 Vnus.
2439 5691 2521 5746 l0.
2558 5721 2621 5732 —
2666 5691 2838 5746 Vallis
2871 5694 3046 5744 autem
3077 5692 3340 5745 silvestris
3371 5691 3603 5745 habebat
3638 5695 3818 5760 puteos
