3956 6426
82 463 172 515 I23
1269 457 1636 518 HOBALIUM
1678 456 1750 515 IN
1790 456 2090 516 GENESIN
2135 457 2261 515 LIB.
2305 458 2388 515 IV.

3498 461 3590 515 l26

75 597 260 651 multos
291 596 600 652 bituminis.
643 596 814 652 Vallis
859 608 973 652 non
1023 601 1105 652 est
1145 594 1304 652 aliud
1331 610 1509 668 quam
1542 594 1614 652 ad
1651 594 1766 651 ima
1803 614 1850 668 Α
1882 593 2097 652 morari
2161 593 2398 662 solebat,
2453 608 2586 666 quae
2635 558 2913 651 convallis
2963 593 3218 652 Mambre
3262 592 3583 652 Amorrhaei

76 685 350 742 demersio
431 685 662 753 mentis,
739 686 1029 754 silvestris,
1097 683 1324 741 incuria
1388 683 1768 756 cogitationis,

75 790 202 846 quae
255 775 312 830 in
359 773 650 844 profundo
704 789 838 830 cum
898 773 1081 830 ruerit
1127 773 1459 840 criminum,
1513 773 1769 830 bitumen

78 862 494 919 inextricabilis
543 862 796 920 inveniet
845 861 1240 934 obligationis;
1291 865 1390 932 qui
1436 861 1590 918 enim
1633 865 1774 930 facit

74 958 365 1023 peccatum,
399 967 590 1006 servus
630 955 708 1006 est
738 953 948 1021 peccati
975 953 1147 1020 (Joan.
1198 966 1315 1018 VIII,
1363 952 1484 1019 3-1);
1535 950 1775 1021 spiritus

77 1055 322 1111 namque
383 1039 601 1096 vadens
658 1054 758 1111 per
813 1054 890 1106 se,
950 1039 1045 1096 sed
1112 1053 1210 1110 per
1267 1055 1324 1094 se
1378 1054 1492 1095 non
1550 1038 1775 1095 rediens

74 1143 316 1185 sumus:
366 1144 442 1185 ex
495 1129 659 1185 nobis
705 1128 988 1184 habemus
1032 1128 1258 1194 cadere,
1302 1137 1356 1185 et
1399 1143 1469 1184 ex
1507 1128 1627 1183 solo
1663 1128 1774 1184 Deo

78 1231 392 1288 resurgere.
453 1219 639 1288 Itaque
683 1233 788 1272 rea:
835 1217 1185 1273 Sodomorum
1235 1222 1282 1272 et
1321 1235 1417 1271 rea:
1467 1218 1775 1274 Gutum-ritas

77 1312 222 1377 terga
269 1311 578 1372 verterunt;
629 1305 1044 1377 cecideruntque
1103 1305 1210 1372 ibi;
1261 1311 1311 1359 et
1363 1308 1461 1376 qui
1509 1321 1774 1359 remanse-

77 1402 196 1449 rant
253 1396 329 1449 ad
376 1401 629 1449 montem.
681 1395 799 1451 [lex
851 1394 1228 1450 Sodomorum
1278 1401 1332 1449 et
1379 1408 1481 1450 rex
1533 1393 1773 1450 Gomor-

79 1484 191 1540 rbae
257 1491 421 1554 terga
487 1490 744 1549 vertunt,
807 1497 941 1538 cum
1007 1482 1356 1538 conscientia
1419 1482 1490 1538 ad
1563 1482 1774 1554 peccati

77 1573 497 1642 suggestionem
541 1569 804 1639 imbellis,
835 1577 891 1626 et
921 1579 1102 1638 muta,
1135 1578 1191 1627 et
1225 1571 1479 1642 quadam
1512 1571 1774 1642 populari

79 1675 322 1731 nequam
373 1659 732 1716 carnalttatis
776 1674 897 1716 suae
946 1667 1210 1716 motuum
1263 1660 1538 1716 seditione
1587 1660 1772 1730 plena,

79 1748 234 1820 quasi
295 1762 419 1805 una
465 1748 694 1805 duobus
738 1756 865 1804 acta
918 1749 1154 1820 regibus
1205 1749 1524 1818 provincia,
1571 1763 1776 1805 aversa

79 1837 477 1895 rationalitatis
524 1852 700 1910 quam
752 1845 1129 1909 proposuerat
1177 1838 1316 1906 acie,
1365 1838 1622 1909 pessimae
1668 1853 1774 1908 pa-

81 1928 280 1985 tientiae
327 1935 492 1999 terga
543 1927 730 1995 vertit,
781 1935 837 1984 et
885 1927 1269 1984 clamantibus
1313 1927 1508 1984 vitiis:
1568 1929 1778 1984 Incur-

81 2031 206 2072 vare
239 2023 301 2072 ut
348 2024 732 2082 transeamus,
767 2015 940 2072 totius
987 2015 1233 2084 rigorem
1269 2015 1507 2072 inﬂectit
1536 2015 1778 2072 rectitu-

79 2105 256 2172 dinis,
328 2111 385 2162 et
454 2103 716 2161 incidunt
793 2113 998 2176 puteos
1074 2105 1393 2161 bituminis.
1459 2105 1567 2172 Qui
1641 2120 1778 2160 vero

82 2200 366 2249 remanent
394 2193 468 2248 ad
499 2201 748 2250 montem
775 2193 1028 2264 fugiunt,
1062 2193 1204 2264 quia
1225 2193 1372 2249 dum
1405 2193 1779 2265 cogitationes

82 2290 276 2338 nostrae
334 2281 535 2351 lapsus
580 2281 670 2338 sui
723 2281 1029 2338 discrimen
1089 2281 1398 2353 aspiciunt,
1456 2283 1528 2338 ab
1577 2282 1665 2338 his
1720 2283 1778 2338 in

83 2371 288 2442 quibus
335 2370 455 2427 labi
488 2370 753 2442 deinceps
801 2377 1061 2442 possunt,
1114 2370 1287 2443 priori
1325 2385 1463 2428 casu
1509 2379 1778 2428 correctae

83 2459 148 2515 ad
178 2459 411 2515 virtutis
440 2459 720 2515 desideria
752 2459 1109 2530 profugiunt.

149 2547 313 2604 Vnus.
381 2551 466 2614 ll,
552 2550 632 2601 l2.
688 2576 758 2590 -
817 2549 1080 2603 Tulerunt
1145 2565 1349 2604 omnem
1409 2549 1777 2606 substantiam

82 2637 313 2692 Sodomae
375 2642 429 2691 et
487 2637 823 2705 Gomorrhz,
885 2642 938 2691 et
987 2640 1244 2692 universa
1295 2654 1414 2707 quae
1471 2638 1547 2692 ad
1597 2639 1778 2692 cibum

81 2730 359 2795 pertinent,
395 2728 447 2779 et
469 2725 721 2779 abierunt
753 2743 766 2779 :
813 2741 1016 2780 necnon
1045 2732 1097 2782 et
1135 2727 1290 2790 Loth,
1323 2733 1372 2780 et
1411 2728 1778 2781 substantiam

85 2815 207 2882 ejus,
235 2815 421 2885 ﬁliam
448 2815 651 2880 fratris
693 2815 915 2882 Abram,
965 2817 1063 2884 qui
1093 2815 1378 2869 habitabat
1409 2817 1464 2868 in
1511 2815 1775 2870 Sodomis.

88 2902 166 2957 Ab
234 2903 432 2958 anima
501 2903 812 2974 pecualiter
878 2902 1088 2968 silenti,
1149 2903 1255 2958 hoc
1319 2903 1472 2959 enim
1539 2903 1780 2960 Sodoma

88 3000 258 3060 sonat,
308 3000 364 3048 et
419 2991 742 3047 secundum
794 2991 1128 3048 Gomorrhae
1177 3006 1412 3048 sensum
1455 2991 1780 3048 constitutae

90 3081 139 3135 in
172 3080 530 3137 turbulentia
574 3081 789 3151 peccati
837 3081 1162 3137 substantia
1197 3081 1436 3148 tollitur,
1477 3095 1610 3136 cum
1657 3088 1780 3152 post

87 3169 302 3226 ruinam
375 3169 822 3226 fundamentum
879 3169 1051 3226 etiam
1113 3169 1277 3226 bonae
1337 3168 1670 3237 voluntatis,
1726 3177 1780 3224 et

92 3257 313 3314 affectus
388 3257 700 3328 paenitendi
775 3257 1072 3314 adimitur.
1151 3258 1429 3315 Universa
1503 3271 1634 3327 quae
1709 3257 1780 3312 ad

92 3346 269 3402 cibum
331 3347 622 3418 pertinent
665 3345 1037 3414 auferuntur,
1095 3347 1333 3418 quando
1387 3345 1563 3403 totius
1603 3359 1780 3401 sacrae

95 3434 383 3506 Scripturae
458 3434 722 3498 consilia,
801 3435 1020 3506 quibus
1089 3436 1409 3504 relicimur,
1483 3449 1518 3490 a
1595 3442 1783 3492 mente

94 3523 407 3580 tolluntur:
473 3531 778 3594 postquam
841 3524 964 3580 haec
1036 3524 1288 3590 fecerint,
1349 3524 1586 3590 abeunt,
1641 3525 1782 3596 quia

96 3612 187 3668 sibi
214 3613 446 3669 subdita
490 3627 728 3684 prorsus
759 3612 971 3668 infelici
1005 3613 1219 3679 anima,
1251 3619 1313 3668 ut
1347 3619 1476 3683 pote
1507 3611 1782 3668 obedien-

97 3707 194 3756 tem
253 3701 544 3757 daemones
599 3701 946 3772 impugnare
1005 3701 1310 3757 desistunt.
1367 3701 1528 3757 Unde
1589 3708 1782 3756 autem

98 3787 334 3846 Sodomae
360 3796 536 3846 restet
567 3789 945 3860 paenitudinis
975 3789 1240 3860 gerendae
1271 3788 1616 3856 substantia,
1649 3804 1781 3845 cum

103 3875 246 3945 Loth,
317 3878 374 3933 id
441 3885 527 3935 est
582 3877 822 3934 affectus
877 3886 1069 3935 noster
1125 3892 1159 3934 a
1212 3877 1379 3933 bonis
1445 3877 1786 3934 declinando

102 3964 390 4022 distractus
429 3981 545 4022 non
596 3966 824 4034 habeat,
873 3967 968 4022 cui
1019 3967 1182 4022 bonae
1234 3966 1518 4022 voluntati
1574 3967 1783 4022 innita-

104 4060 202 4120 tur,
232 4069 360 4126 quae
411 4054 520 4111 sibi
565 4055 621 4110 in
673 4056 905 4112 modum
952 4055 1234 4112 naviculae
1265 4056 1505 4123 substet,
1571 4056 1627 4112 in
1668 4071 1786 4128 quo

103 4140 205 4210 ipse
247 4143 526 4200 subsidat.
564 4144 721 4200 Unde
756 4145 866 4200 sub
913 4144 1242 4216 cujuspiam
1279 4160 1415 4200 voce
1458 4145 1602 4216 lapsi
1639 4145 1786 4201 dici-

105 4236 228 4284 tur:
261 4232 479 4300 Inﬁmas
525 4247 645 4286 sum
691 4235 751 4286 in
781 4234 909 4286 limo
951 4234 1239 4303 profundi,
1286 4240 1334 4288 et
1382 4249 1488 4288 non
1538 4241 1614 4289 est
1658 4234 1784 4288 sub-

102 4320 287 4371 stantia
337 4320 506 4388 (Psal.
569 4334 765 4386 vattt,
817 4320 912 4389 3):
971 4320 1148 4376 frater
1200 4335 1356 4386 vero,
1403 4321 1574 4392 cujus
1635 4321 1788 4377 filius

108 4403 228 4462 Loth
268 4415 369 4475 est,
403 4422 617 4478 corpus
649 4417 915 4466 nostrum
958 4417 1064 4476 est,
1106 4410 1260 4482 quod
1293 4411 1518 4482 spiritui
1568 4418 1784 4476 nostro,

105 4492 293 4551 scilicet
333 4497 574 4564 Abram,
609 4498 757 4555 mira
789 4499 1167 4569 germanitate
1193 4513 1542 4566 connexum,
1575 4514 1787 4556 carna-

109 4581 200 4638 lem
239 4583 294 4640 in
336 4586 532 4642 anima
573 4585 953 4658 imprimendo
982 4601 1015 4644 a
1057 4588 1194 4644 foris
1223 4596 1460 4660 generat
1489 4587 1780 4654 alTectum,

108 4671 191 4738 qui
248 4683 510 4732 versatur
564 4674 623 4731 in
682 4676 960 4744 Sodomis,
1013 4678 1154 4749 quia
1208 4686 1534 4749 perseverat
1583 4679 1629 4734 si
1674 4679 1782 4735 sibi

111 4757 252 4817 liceat
281 4763 335 4818 in
359 4763 746 4836 negligentiis.

167 4847 322 4906 Vsus.
367 4856 450 4908 l3.
497 4884 563 4893 —
615 4855 683 4910 Et
725 4871 840 4910 ecce
886 4870 1028 4910 unus
1083 4857 1183 4925 qui
1218 4861 1464 4910 evaserat
1503 4859 1783 4912 nuntiavit

111 4935 287 4994 Abram
333 4942 570 5010 Hebraeo,
630 4946 727 5012 qui
783 4944 1072 5000 habitabat
1128 4947 1186 5000 in
1243 4947 1482 5000 convalle
1543 4948 1786 5002 Mambre

117 5025 409 5100 Amorrhei,
459 5034 661 5097 fratris
716 5035 930 5102 Eschol,
971 5038 1024 5088 et
1062 5037 1266 5102 fratris
1313 5036 1494 5106 Aner;
1546 5038 1606 5091 hi
1641 5040 1784 5092 enim

115 5117 402 5183 pepigerant
423 5119 604 5186 foedus
623 5137 743 5176 cum
772 5121 1006 5178 Abram.
1037 5123 1198 5180 Unus
1227 5125 1326 5195 qui
1349 5125 1541 5180 evadit
1571 5125 1782 5183 Abram

121 5199 323 5260 Hebraeo
351 5209 604 5276 nuntiat,
653 5210 792 5280 quia
821 5211 1098 5268 memoria
1136 5212 1443 5282 perpetrati
1493 5213 1779 5280 facinoris,

118 5302 227 5357 quae
284 5296 400 5381 sola
483 5297 710 5354 interim
774 5313 893 5356 non
967 5301 1172 5370 potuit,
1242 5302 1452 5358 rationi
1529 5317 1588 5358 se
1651 5318 1783 5359 cum

121 5381 339 5439 mordaci
412 5387 721 5444 acerbitate
794 5389 1084 5459 ingerens,
1143 5397 1198 5446 et
1256 5405 1364 5446 sua
1435 5391 1786 5448 conscientia

122 5468 384 5530 malefacta
443 5490 791 5546 proponens,
847 5478 1052 5536 suadet
1111 5487 1174 5535 ut
1247 5487 1522 5546 transeat,
1577 5481 1631 5536 id
1701 5489 1786 5538 est

125 5553 332 5630 Hebraei,
383 5564 486 5635 qui
532 5564 948 5637 interpretatur
995 5569 1282 5625 transiens
1329 5583 1365 5625 a
1407 5569 1582 5636 vitiis,
1626 5584 1785 5625 rece-

124 5642 275 5704 dendo
325 5667 533 5710 nomen
591 5653 842 5725 impleat,
891 5655 992 5727 qui
1057 5657 1351 5726 quondam
1411 5657 1468 5713 in
1526 5657 1786 5714 convalle

127 5729 361 5808 Mambre,
411 5742 466 5798 id
501 5750 588 5800 est
626 5742 950 5801 humilitate
989 5745 1352 5803 discretionis
1392 5754 1572 5803 matre
1623 5759 1784 5801 com-

1879 691 1985 751 est,
2035 683 2227 741 fratris
2255 683 2482 753 Eschol,
2511 691 2566 740 et
2606 682 2799 740 fratris
2845 685 3018 751 Aner,
3076 682 3218 756 quia
3266 683 3580 752 humilitas,

1882 788 2014 844 quae
2095 787 2198 828 nos
2267 772 2415 830 inter
2487 773 2702 830 bonum
2779 773 3114 844 malumque
3183 772 3586 844 perspicaciter

1883 861 2138 918 dividere
2188 861 2340 930 facit,
2395 861 2820 918 amaricationis
2862 869 2918 918 et
2965 860 3312 931 poenitentiae
3365 867 3425 916 ut
3464 861 3582 931 jam

1881 949 1953 1007 sit
2027 964 2254 1007 necesse
2337 958 2442 1017 est,
2521 953 2622 1022 qui
2683 949 3059 1022 paenitudinis
3112 955 3303 1006 motus
3357 949 3584 1021 igneam

1883 1039 2199 1110 quamdam
2273 1039 2450 1096 animi
2525 1040 2834 1110 puritatem
2887 1038 3142 1095 naturali
3205 1037 3584 1110 germanitate

1882 1127 1992 1184 sibi
2043 1128 2350 1196 contrahit,
2413 1129 2564 1184 unde
2609 1135 2664 1185 et
2712 1128 2893 1184 altera
2943 1126 3111 1199 quasi
3166 1126 3585 1182 necessitudine

1884 1232 2021 1273 mox
2069 1217 2284 1285 fratris,
2342 1217 2396 1273 id
2426 1225 2512 1274 est
2557 1216 2796 1274 affectus
2843 1215 3158 1287 corporalis
3195 1215 3432 1272 lucerna
3466 1214 3583 1270 fiat.

1883 1306 2260 1364 Amorrhaeus
2309 1309 2463 1362 enim
2529 1307 2874 1373 amaricans,
2931 1304 3296 1375 Escholignis
3371 1304 3581 1370 omnis,

1884 1395 2040 1451 Aner
2115 1396 2352 1452 lucerna
2426 1395 2673 1452 dicitur:
2745 1395 2818 1450 ab
2887 1393 3276 1450 amaritudine
3336 1392 3586 1462 profecto

1885 1484 2230 1554 paenitentiae
2265 1483 2600 1555 pervenitur
2631 1484 2702 1539 ad
2753 1484 3043 1554 integrum
3089 1483 3371 1538 fervorem
3419 1479 3586 1552 puri-

1886 1580 2178 1643 tatemque
2223 1573 2452 1637 animae,
2487 1587 2619 1643 quae
2659 1571 2951 1628 obtinetur
3001 1569 3280 1642 appetitui
3329 1569 3586 1626 restricto

1883 1661 1993 1718 sub
2064 1662 2282 1718 ducatu
2337 1661 2578 1716 rationis
2653 1659 2942 1729 luciferas;
3001 1674 3134 1716 cum
3191 1659 3281 1715 his
3333 1671 3586 1728 namque

1885 1757 2096 1806 sanctae
2127 1749 2374 1806 statibus
2410 1749 2618 1805 mentis
2661 1749 3098 1821 perpigeramus
3123 1747 3308 1803 foedus
3336 1745 3393 1802 in
3427 1743 3586 1801 initio

1885 1839 2182 1910 quondam
2225 1838 2640 1906 conversionis,
2685 1837 2825 1894 dum
2876 1836 3282 1908 profiteremur
3333 1841 3584 1890 tenorem

1819 1913 2183 2000 l3religionis
2249 1928 2398 1984 inter
2471 1941 2656 1999 aquas
2722 1923 3096 1995 baptismatis,
3177 1923 3252 1979 ibi
3320 1920 3586 1993 lampada

1885 2017 2232 2088 accepimus,
2265 2023 2320 2072 et
2349 2014 2685 2086 mysterium
2716 2012 2974 2069 candidae
3001 2011 3192 2067 vestis.

1959 2106 2131 2164 Vnus.
2187 2107 2270 2173 l-i,
2323 2108 2407 2171 l5,
2459 2107 2540 2159 l6.
2587 2134 2653 2143 —
2700 2101 2858 2168 Quod
2901 2116 3022 2155 cum
3067 2099 3310 2153 audisset
3355 2096 3582 2163 Abram,

1885 2200 2108 2264 captum
2143 2195 2393 2248 videlicet
2422 2193 2558 2248 Loth
2598 2194 2831 2258 fratrem
2859 2205 3037 2256 suum,
3069 2188 3376 2242 numeravit
3417 2201 3586 2254 empe-

1887 2283 2030 2338 clitas
2073 2284 2386 2338 iac-maculas
2430 2285 2688 2336 trecentos
2726 2280 2904 2333 decem
2953 2283 3003 2332 et
3041 2286 3173 2343 octo,
3234 2281 3284 2330 et
3331 2289 3586 2344 persecu-

1889 2377 1974 2427 tus
2021 2378 2099 2426 est
2141 2388 2224 2428 eos
2257 2387 2426 2442 usque
2475 2372 2620 2425 Dan.
2657 2372 2724 2426 Et
2771 2369 2966 2423 divisis
3016 2367 3175 2421 sociis
3215 2367 3384 2420 irruit
3425 2378 3588 2432 super

1886 2478 1970 2516 eos
2019 2467 2187 2528 noete,
2238 2465 2506 2532 percussit
2537 2475 2620 2515 eos
2667 2463 2718 2513 et
2763 2462 3073 2528 persecutus
3111 2463 3188 2510 est
3236 2469 3405 2525 usque
3447 2451 3587 2508 Saba

1893 2550 2010 2623 [al.,
2071 2549 2273 2622 Hoba],
2334 2567 2453 2620 quae
2498 2554 2577 2603 est
2621 2548 2695 2602 ad
2759 2549 2947 2602 la'vam
2999 2545 3272 2611 Damasci,
3324 2551 3375 2597 et
3421 2556 3589 2609 usque

1889 2643 2150 2696 Fenicem.
2212 2641 2556 2708 Reduxitque
2617 2653 2823 2692 omnem
2894 2635 3283 2699 substantiam,
3343 2636 3393 2686 et
3453 2629 3588 2685 Loth

1885 2731 2120 2796 fratrem
2159 2745 2316 2784 suum
2356 2745 2473 2783 cum
2513 2728 2824 2782 substantia
2855 2726 3026 2792 illius,
3069 2725 3316 2778 mulieres
3356 2735 3584 2790 quoque,

1887 2823 1937 2872 et
1973 2821 2252 2889 populum.
2282 2818 2455 2874 Audit
2479 2817 2692 2873 Abram
2723 2822 2957 2885 captum
2995 2812 3134 2869 Loth
3167 2811 3424 2876 fratrem,
3454 2821 3587 2864 cum

1889 2908 2127 2977 spiritus
2177 2915 2368 2964 noster
2416 2906 2612 2963 multis
2657 2905 2946 2961 malorum
3002 2900 3282 2958 illecebris
3335 2897 3589 2954 irretitus

1889 2997 2178 3066 captivam
2230 2995 2497 3067 intelligit
2546 2993 2697 3051 trahi
2750 2993 2808 3048 in
2847 2991 3152 3062 voragines
3195 2988 3588 3045 colluvionum

1890 3086 2246 3142 atlcctionem
2307 3100 2320 3140 :
2393 3099 2494 3155 per
2550 3091 2828 3140 trecentos
2888 3081 2960 3136 ob
3022 3079 3361 3140 ternarium.
3414 3084 3590 3145 atque

1821 3174 2288 3257 ccentenarium
2348 3173 2660 3245 perfectum
2713 3169 3026 3240 accipimus
3077 3165 3375 3223 Trinitatis
3429 3178 3586 3220 amo-

1890 3278 2060 3320 rem:
2113 3277 2214 3334 per
2261 3261 2564 3318 denarium
2612 3260 2708 3315 Dei
2758 3258 3166 3314 mandatorum
3221 3253 3584 3310 custodiam:

1890 3366 1990 3422 per
2015 3351 2379 3408 octonarium
2426 3350 2496 3406 de
2537 3349 2714 3405 beatae
2766 3343 3202 3404 resurrectionis
3249 3355 3589 3400 remunera-

1891 3442 2063 3508 tione,
2116 3455 2248 3510 quae
2305 3453 2410 3495 nos
2461 3437 2532 3493 ad
2583 3437 2726 3493 bene
2765 3434 3056 3506 agendum
3101 3432 3349 3499 roborat,
3401 3444 3587 3500 spem;

1891 3529 1981 3588 his
2025 3543 2164 3600 ergo
2212 3525 2770 3584 adminiculautibus
2827 3525 2995 3594 quasi
3045 3520 3330 3592 indigenis
3383 3519 3592 3574 animae

1891 3625 2101 3674 nostrae
2143 3617 2490 3682 vernaculis,
2539 3615 2613 3671 ab
2659 3613 2815 3670 omni
2865 3611 3141 3667 vitiorum
3185 3607 3376 3665 debito
3419 3622 3589 3678 expe-

1891 3703 2044 3769 ditis,
2123 3703 2532 3774 persequimur
2579 3713 2647 3756 ea
2717 3699 2934 3770 quibus
2991 3695 3286 3768 quondam
3357 3692 3590 3749 obnoxii

1891 3792 2112 3849 fuimus
2159 3799 2412 3862 peccata,
2447 3805 2636 3860 usque
2676 3789 2821 3854 Dan,
2855 3787 2912 3842 id
2955 3793 3038 3843 est
3062 3783 3370 3856 judicium,
3407 3796 3593 3852 usque

1892 3881 1961 3936 ad
2030 3880 2233 3952 dignm
2298 3879 2513 3935 scilicet
2576 3885 2675 3932 1η
2740 3874 3106 3947 paenitentiae,
3175 3888 3292 3944 quo
3363 3878 3594 3942 peccata

1891 3969 2232 4026 ulciscimur
2263 3968 2547 4035 fructum;
2593 3968 2654 4022 Si
2701 3965 2854 4022 enim
2913 3966 3267 4032 nosmetipsos
3308 3961 3590 4032 dijudica-

1891 4073 2090 4125 remus,
2122 4057 2430 4128 Apostolus
2479 4055 2577 4124 ait,
2610 4071 2714 4108 non
2747 4055 2932 4124 utique
2953 4051 3335 4122 judicaremur
3374 4051 3434 4122 (Ι
3469 4051 3587 4107 Cor.

1896 4161 1972 4213 xi,
2030 4146 2160 4218 l3):
2217 4145 2532 4202 dividimus
2589 4144 2790 4210 socios,
2847 4149 2903 4198 et
2950 4140 3230 4198 irruimus
3278 4155 3454 4212 super
3497 4154 3594 4196 eos

1895 4243 2077 4302 nocte,
2115 4249 2247 4292 cum
2281 4234 2431 4290 bona
2461 4248 2592 4304 quae
2635 4233 2864 4304 agimus
2895 4230 3044 4286 sicut
3075 4238 3224 4286 recte
3273 4228 3590 4295 offerimus,

1896 4323 1976 4380 ita
2019 4331 2166 4380 recte
2212 4323 2560 4389 dividimus;
2593 4322 2713 4378 haec
2743 4320 2899 4376 enim
2930 4320 3097 4391 quasi
3131 4316 3593 4389 commanipula-

1897 4427 1987 4468 res
2035 4412 2332 4479 habemus,
2392 4419 2448 4467 et
2504 4425 2678 4481 super
2726 4425 2795 4466 ea
2841 4425 2974 4482 quae
3032 4424 3138 4466 nos
3192 4413 3596 4478 oppresserunt

1828 4502 2040 4564 Dvitia
2089 4517 2190 4572 per
2229 4500 2640 4558 confessionem
2701 4501 2916 4571 peccati
2971 4497 3367 4571 opprimenda,
3427 4497 3592 4568 quasi

1893 4606 1993 4663 per
2023 4591 2376 4664 agnitionem
2408 4591 2591 4645 noctis
2632 4598 2842 4646 nostrae
2873 4589 3156 4645 irruimus
3187 4603 3200 4642 :
3229 4601 3297 4644 ea
3342 4585 3592 4657 percuti-

1893 4695 2045 4746 mus,
2095 4694 2228 4736 cum
2264 4678 2546 4749 regnandi
2595 4678 2678 4734 eis
2733 4680 2789 4734 in
2845 4677 3012 4733 nobis
3041 4677 3197 4732 vires
3244 4674 3596 4732 debilitando

1890 4769 2223 4834 adimimus,
2255 4777 2310 4824 et
2342 4782 2527 4838 usque
2558 4767 2703 4823 Soba
2737 4765 3159 4837 persequimur,
3185 4779 3318 4821 cum
3369 4765 3426 4820 in
3460 4764 3598 4834 ipsis

1891 4859 2057 4914 bonis
2139 4857 2464 4913 actiontbus
2535 4870 2692 4926 spem
2748 4853 2936 4910 laudis
3013 4853 3355 4910 transitoriae
3430 4853 3595 4909 nobis

1892 4961 2248 5012 resecamus;
2308 4945 2454 5001 Soba
2504 4944 2714 5000 etenim
2770 4951 2921 4999 secta
2979 4941 3195 4998 dicitur
3250 4956 3285 4998 a
3341 4943 3591 4998 secando.

1893 5036 2070 5092 Nemo
2135 5049 2270 5090 sane
2337 5048 2371 5090 a
2437 5033 2604 5088 malis
2667 5032 2934 5099 abstinet,
3002 5031 3113 5088 nisi
3183 5032 3362 5102 ipsius
3423 5030 3594 5088 etiam

1893 5124 2253 5180 abstinentiae
2306 5131 2523 5193 typatn.
2587 5137 2718 5178 cum
2774 5122 3087 5188 emerserit,
3153 5128 3400 5190 resecet;
3478 5119 3599 5175 haec

1891 5221 1976 5269 est
2041 5213 2254 5268 scilicet
2319 5211 2467 5267 Soba
2533 5212 2603 5267 ad
2670 5211 2870 5267 laevam
2937 5210 3222 5275 Damasci.
3283 5209 3424 5281 quia
3489 5207 3592 5264 etsi

1891 5303 2190 5363 favoribus
2235 5311 2565 5358 sanctorum
2598 5301 2716 5356 vita
2746 5301 2818 5356 ab
2866 5299 3163 5371 aliquibus
3195 5299 3430 5366 tollitur,
3463 5306 3599 5354 sunt

1894 5401 2082 5448 tamen
2143 5390 2336 5462 plures
2387 5389 2603 5460 quibus
2647 5397 2729 5446 est
2773 5389 2978 5446 oculus
3025 5388 3349 5458 sanguinis,
3404 5387 3458 5442 id
3514 5392 3599 5441 est

1895 5481 2132 5538 intentio
2176 5480 2409 5550 peccati,
2460 5486 2514 5535 et
2560 5479 2682 5550 pios
2710 5493 2974 5550 quosque
3003 5477 3074 5534 ad
3111 5478 3312 5533 laevam
3363 5476 3594 5542 habent,

1895 5571 1948 5626 id
2015 5577 2100 5625 est
2159 5567 2607 5624 adversitatibus
2687 5574 2938 5638 urgent.
3014 5567 3330 5623 Damascus
3401 5572 3598 5620 autem

1892 5656 2098 5712 oculus
2125 5656 2431 5726 sanguinis
2469 5656 2712 5724 dicitur;
2758 5664 2910 5713 secta
2945 5655 3141 5726 itaque
3173 5654 3245 5710 sit
3283 5669 3318 5710 a
3363 5653 3596 5722 cupidi-

1893 5755 2005 5802 tate
2037 5747 2268 5803 favoris.
2321 5746 2464 5803 Nam
2493 5760 2626 5801 cum
2673 5745 2896 5802 laudari
2934 5745 3040 5801 viri
3073 5742 3255 5800 sancti
3289 5743 3596 5812 incipiunt,
