  <div class='ocr_page' id='page_1' title='image "/cluster/home/n/w/nwhite01/storage/ocr_20150623/156-157/uc1.31175010662024/071.png"; bbox 0 0 3956 6426; ppageno 0'>
   <div class='ocr_carea' id='block_1_1' title="bbox 283 429 377 481">
    <p class='ocr_par' dir='ltr' id='par_1_1' title="bbox 283 429 377 481">
     <span class='ocr_line' id='line_1_1' title="bbox 283 429 377 481; baseline -0.021 0"><span class='ocrx_word' id='word_1_1' title='bbox 283 429 377 481; x_wconf 75' lang='grc'><strong>127</strong></span> 
     </span>
    </p>
   </div>
   <div class='ocr_carea' id='block_1_2' title="bbox 1231 414 2939 478">
    <p class='ocr_par' dir='ltr' id='par_1_2' title="bbox 1231 414 2939 478">
     <span class='ocr_line' id='line_1_2' title="bbox 1231 414 2939 478; baseline -0.001 -6"><span class='ocrx_word' id='word_1_2' title='bbox 1231 421 1293 472; x_wconf 75' lang='grc' dir='ltr'><strong>γ.</strong></span> <span class='ocrx_word' id='word_1_3' title='bbox 1336 419 1669 478; x_wconf 78' lang='lat' dir='ltr'><strong>GUIBERTI</strong></span> <span class='ocrx_word' id='word_1_4' title='bbox 1710 417 1999 475; x_wconf 70' lang='lat' dir='ltr'><strong>ABBA&#39;I‘IS</strong></span> <span class='ocrx_word' id='word_1_5' title='bbox 2035 417 2091 472; x_wconf 85' lang='lat' dir='ltr'><strong>S.</strong></span> <span class='ocrx_word' id='word_1_6' title='bbox 2136 414 2374 472; x_wconf 66' lang='lat' dir='ltr'><strong>MARHI</strong></span> <span class='ocrx_word' id='word_1_7' title='bbox 2415 415 2502 471; x_wconf 82' lang='lat' dir='ltr'><strong>DE</strong></span> <span class='ocrx_word' id='word_1_8' title='bbox 2543 414 2939 471; x_wconf 78' lang='lat' dir='ltr'><strong>NOVIGENTO</strong></span> 
     </span>
    </p>
   </div>
   <div class='ocr_carea' id='block_1_3' title="bbox 3693 423 3774 476">
    <p class='ocr_par' dir='ltr' id='par_1_3' title="bbox 3693 423 3774 476">
     <span class='ocr_line' id='line_1_3' title="bbox 3693 423 3774 476; baseline 0.049 -5"><span class='ocrx_word' id='word_1_9' title='bbox 3693 423 3774 476; x_wconf 74' lang='lat' dir='ltr'><strong>l28</strong></span> 
     </span>
    </p>
   </div>
   <div class='ocr_carea' id='block_1_4' title="bbox 296 546 3854 630">
    <p class='ocr_par' dir='ltr' id='par_1_4' title="bbox 296 546 3854 630">
     <span class='ocr_line' id='line_1_4' title="bbox 296 546 3854 630; baseline -0.003 -14"><span class='ocrx_word' id='word_1_10' title='bbox 296 571 547 630; x_wconf 83' lang='lat' dir='ltr'><strong>nequam</strong></span> <span class='ocrx_word' id='word_1_11' title='bbox 592 555 854 612; x_wconf 84' lang='lat' dir='ltr'><strong>homines</strong></span> <span class='ocrx_word' id='word_1_12' title='bbox 897 555 1107 611; x_wconf 83' lang='lat' dir='ltr'><strong>exinde</strong></span> <span class='ocrx_word' id='word_1_13' title='bbox 1138 553 1210 609; x_wconf 90' lang='lat' dir='ltr'><strong>ad</strong></span> <span class='ocrx_word' id='word_1_14' title='bbox 1245 553 1518 609; x_wconf 83' lang='lat' dir='ltr'><strong>invidiam</strong></span> <span class='ocrx_word' id='word_1_15' title='bbox 1554 551 1934 608; x_wconf 89' lang='lat' dir='ltr'><strong>exardescunt</strong></span> <span class='ocrx_word' id='word_1_16' title='bbox 1967 563 1978 602; x_wconf 90' lang='lat'>:</span> <span class='ocrx_word' id='word_1_17' title='bbox 2020 576 2064 626; x_wconf 59' lang='grc' dir='ltr'>Α</span> <span class='ocrx_word' id='word_1_18' title='bbox 2095 546 2475 602; x_wconf 78' lang='lat' dir='ltr'><strong>sacerdotium</strong></span> <span class='ocrx_word' id='word_1_19' title='bbox 2509 547 2846 614; x_wconf 90' lang='lat' dir='ltr'><strong>intellectus,</strong></span> <span class='ocrx_word' id='word_1_20' title='bbox 2882 555 2945 604; x_wconf 92' lang='lat' dir='ltr'><strong>ut</strong></span> <span class='ocrx_word' id='word_1_21' title='bbox 2975 547 3262 620; x_wconf 86' lang='lat' dir='ltr'><strong>quidquid</strong></span> <span class='ocrx_word' id='word_1_22' title='bbox 3307 551 3429 606; x_wconf 87' lang='lat' dir='ltr'><strong>sine</strong></span> <span class='ocrx_word' id='word_1_23' title='bbox 3458 564 3526 605; x_wconf 92' lang='lat' dir='ltr'><strong>eo</strong></span> <span class='ocrx_word' id='word_1_24' title='bbox 3572 550 3777 620; x_wconf 89' lang='lat' dir='ltr'><strong>profer-</strong></span> <span class='ocrx_word' id='word_1_25' title='bbox 3848 585 3854 614; x_wconf 46' lang='grc'><em>;</em></span> 
     </span>
    </p>
   </div>
   <div class='ocr_carea' id='block_1_5' title="bbox 295 639 1986 717">
    <p class='ocr_par' dir='ltr' id='par_1_5' title="bbox 295 639 1986 717">
     <span class='ocr_line' id='line_1_5' title="bbox 295 639 1986 717; baseline -0.007 -14"><span class='ocrx_word' id='word_1_26' title='bbox 295 643 393 703; x_wconf 81' lang='lat' dir='ltr'><strong>iiat</strong></span> <span class='ocrx_word' id='word_1_27' title='bbox 421 661 654 717; x_wconf 87' lang='lat' dir='ltr'><strong>quoque</strong></span> <span class='ocrx_word' id='word_1_28' title='bbox 701 643 939 700; x_wconf 90' lang='lat' dir='ltr'><strong>resectio</strong></span> <span class='ocrx_word' id='word_1_29' title='bbox 984 657 1122 714; x_wconf 90' lang='lat' dir='ltr'><strong>erga</strong></span> <span class='ocrx_word' id='word_1_30' title='bbox 1152 643 1256 698; x_wconf 89' lang='lat' dir='ltr'><strong>hos</strong></span> <span class='ocrx_word' id='word_1_31' title='bbox 1305 643 1377 698; x_wconf 92' lang='lat' dir='ltr'><strong>ab</strong></span> <span class='ocrx_word' id='word_1_32' title='bbox 1425 641 1579 698; x_wconf 88' lang='lat' dir='ltr'><strong>omni</strong></span> <span class='ocrx_word' id='word_1_33' title='bbox 1621 639 1986 709; x_wconf 89' lang='lat' dir='ltr'><strong>subreptione</strong></span> 
     </span>
    </p>
   </div>
   <div class='ocr_carea' id='block_1_6' title="bbox 295 728 1984 802">
    <p class='ocr_par' dir='ltr' id='par_1_6' title="bbox 295 728 1984 802">
     <span class='ocr_line' id='line_1_6' title="bbox 295 728 1984 802; baseline -0.007 -8"><span class='ocrx_word' id='word_1_34' title='bbox 295 734 574 794; x_wconf 81' lang='lat' dir='ltr'><strong>rancoris.</strong></span> <span class='ocrx_word' id='word_1_35' title='bbox 625 733 772 789; x_wconf 90' lang='lat' dir='ltr'><strong>Soba</strong></span> <span class='ocrx_word' id='word_1_36' title='bbox 817 734 988 790; x_wconf 91' lang='lat' dir='ltr'><strong>etiam</strong></span> <span class='ocrx_word' id='word_1_37' title='bbox 1039 733 1449 802; x_wconf 85' lang='lat' dir='ltr'><strong>interpretatur</strong></span> <span class='ocrx_word' id='word_1_38' title='bbox 1494 729 1864 790; x_wconf 86' lang='lat' dir='ltr'><strong>mandatum;</strong></span> <span class='ocrx_word' id='word_1_39' title='bbox 1914 728 1984 782; x_wconf 91' lang='lat' dir='ltr'><strong>ad</strong></span> 
     </span>
    </p>
   </div>
   <div class='ocr_carea' id='block_1_7' title="bbox 297 816 1988 893">
    <p class='ocr_par' dir='ltr' id='par_1_7' title="bbox 297 816 1988 893">
     <span class='ocr_line' id='line_1_7' title="bbox 297 816 1988 893; baseline -0.006 -13"><span class='ocrx_word' id='word_1_40' title='bbox 297 825 500 880; x_wconf 86' lang='lat' dir='ltr'><strong>laevam</strong></span> <span class='ocrx_word' id='word_1_41' title='bbox 547 837 684 893; x_wconf 89' lang='lat' dir='ltr'><strong>ergo</strong></span> <span class='ocrx_word' id='word_1_42' title='bbox 735 822 992 878; x_wconf 78' lang='lat' dir='ltr'><strong>Damasci</strong></span> <span class='ocrx_word' id='word_1_43' title='bbox 1047 829 1131 876; x_wconf 88' lang='lat' dir='ltr'><strong>est</strong></span> <span class='ocrx_word' id='word_1_44' title='bbox 1187 820 1354 883; x_wconf 82' lang='lat' dir='ltr'><strong>Seba,</strong></span> <span class='ocrx_word' id='word_1_45' title='bbox 1394 819 1626 889; x_wconf 85' lang='lat' dir='ltr'><strong>quando</strong></span> <span class='ocrx_word' id='word_1_46' title='bbox 1675 816 1988 887; x_wconf 81' lang='lat' dir='ltr'><strong>principale</strong></span> 
     </span>
    </p>
   </div>
   <div class='ocr_carea' id='block_1_8' title="bbox 295 905 1988 976">
    <p class='ocr_par' dir='ltr' id='par_1_8' title="bbox 295 905 1988 976">
     <span class='ocr_line' id='line_1_8' title="bbox 295 905 1988 976; baseline -0.006 -8"><span class='ocrx_word' id='word_1_47' title='bbox 295 912 594 968; x_wconf 90' lang='lat' dir='ltr'><strong>charitatis</strong></span> <span class='ocrx_word' id='word_1_48' title='bbox 641 912 978 966; x_wconf 88' lang='lat' dir='ltr'><strong>mandatum</strong></span> <span class='ocrx_word' id='word_1_49' title='bbox 1027 909 1358 965; x_wconf 84' lang='lat' dir='ltr'><strong>extenditur</strong></span> <span class='ocrx_word' id='word_1_50' title='bbox 1390 921 1570 976; x_wconf 88' lang='lat' dir='ltr'><strong>usque</strong></span> <span class='ocrx_word' id='word_1_51' title='bbox 1616 906 1688 960; x_wconf 92' lang='lat' dir='ltr'><strong>ad</strong></span> <span class='ocrx_word' id='word_1_52' title='bbox 1739 905 1988 974; x_wconf 91' lang='lat' dir='ltr'><strong>diligen-</strong></span> 
     </span>
    </p>
   </div>
   <div class='ocr_carea' id='block_1_9' title="bbox 295 993 1986 1069">
    <p class='ocr_par' dir='ltr' id='par_1_9' title="bbox 295 993 1986 1069">
     <span class='ocr_line' id='line_1_9' title="bbox 295 993 1986 1069; baseline -0.005 -13"><span class='ocrx_word' id='word_1_53' title='bbox 295 1001 398 1056; x_wconf 87' lang='lat' dir='ltr'><strong>dus</strong></span> <span class='ocrx_word' id='word_1_54' title='bbox 451 1015 546 1056; x_wconf 89' lang='lat' dir='ltr'><strong>eos</strong></span> <span class='ocrx_word' id='word_1_55' title='bbox 616 998 718 1069; x_wconf 89' lang='lat' dir='ltr'><strong>qui</strong></span> <span class='ocrx_word' id='word_1_56' title='bbox 783 999 1042 1068; x_wconf 90' lang='lat' dir='ltr'><strong>irrogant</strong></span> <span class='ocrx_word' id='word_1_57' title='bbox 1099 998 1360 1063; x_wconf 85' lang='lat' dir='ltr'><strong>adversa,</strong></span> <span class='ocrx_word' id='word_1_58' title='bbox 1418 997 1530 1051; x_wconf 90' lang='lat' dir='ltr'><strong>huc</strong></span> <span class='ocrx_word' id='word_1_59' title='bbox 1587 1010 1771 1065; x_wconf 88' lang='lat' dir='ltr'><strong>usque</strong></span> <span class='ocrx_word' id='word_1_60' title='bbox 1834 993 1986 1049; x_wconf 87' lang='lat' dir='ltr'><strong>enim</strong></span> 
     </span>
    </p>
   </div>
   <div class='ocr_carea' id='block_1_10' title="bbox 300 1083 1990 1159">
    <p class='ocr_par' dir='ltr' id='par_1_10' title="bbox 300 1083 1990 1159">
     <span class='ocr_line' id='line_1_10' title="bbox 300 1083 1990 1159; baseline -0.005 -14"><span class='ocrx_word' id='word_1_61' title='bbox 300 1089 695 1159; x_wconf 88' lang='lat' dir='ltr'><strong>persequenda</strong></span> <span class='ocrx_word' id='word_1_62' title='bbox 743 1095 879 1143; x_wconf 89' lang='lat' dir='ltr'><strong>sunt</strong></span> <span class='ocrx_word' id='word_1_63' title='bbox 921 1086 1052 1141; x_wconf 90' lang='lat' dir='ltr'><strong>vitia</strong></span> <span class='ocrx_word' id='word_1_64' title='bbox 1089 1101 1102 1140; x_wconf 91' lang='lat'>:</span> <span class='ocrx_word' id='word_1_65' title='bbox 1145 1101 1329 1155; x_wconf 89' lang='lat' dir='ltr'><strong>usque</strong></span> <span class='ocrx_word' id='word_1_66' title='bbox 1363 1083 1680 1139; x_wconf 64' lang='lat' dir='ltr'><strong>Phoenicem</strong></span> <span class='ocrx_word' id='word_1_67' title='bbox 1727 1083 1990 1152; x_wconf 80' lang='lat' dir='ltr'><strong>deinceps</strong></span> 
     </span>
    </p>
   </div>
   <div class='ocr_carea' id='block_1_11' title="bbox 297 1173 1987 1246">
    <p class='ocr_par' dir='ltr' id='par_1_11' title="bbox 297 1173 1987 1246">
     <span class='ocr_line' id='line_1_11' title="bbox 297 1173 1987 1246; baseline -0.003 -17"><span class='ocrx_word' id='word_1_68' title='bbox 297 1175 521 1246; x_wconf 88' lang='lat' dir='ltr'><strong>agenda</strong></span> <span class='ocrx_word' id='word_1_69' title='bbox 573 1183 728 1240; x_wconf 89' lang='lat' dir='ltr'><strong>sunt,</strong></span> <span class='ocrx_word' id='word_1_70' title='bbox 777 1175 830 1228; x_wconf 92' lang='lat' dir='ltr'><strong>id</strong></span> <span class='ocrx_word' id='word_1_71' title='bbox 871 1183 1175 1242; x_wconf 76' lang='lat' dir='ltr'><strong>estusque</strong></span> <span class='ocrx_word' id='word_1_72' title='bbox 1214 1174 1282 1228; x_wconf 91' lang='lat' dir='ltr'><strong>ad</strong></span> <span class='ocrx_word' id='word_1_73' title='bbox 1333 1174 1656 1242; x_wconf 72' lang='lat' dir='ltr'><strong>passionum</strong></span> <span class='ocrx_word' id='word_1_74' title='bbox 1706 1173 1987 1237; x_wconf 90' lang='lat' dir='ltr'><strong>omnium,</strong></span> 
     </span>
    </p>
   </div>
   <div class='ocr_carea' id='block_1_12' title="bbox 299 1261 1986 1334">
    <p class='ocr_par' dir='ltr' id='par_1_12' title="bbox 299 1261 1986 1334">
     <span class='ocr_line' id='line_1_12' title="bbox 299 1261 1986 1334; baseline -0.004 -15"><span class='ocrx_word' id='word_1_75' title='bbox 299 1279 432 1334; x_wconf 79' lang='lat' dir='ltr'><strong>quae</strong></span> <span class='ocrx_word' id='word_1_76' title='bbox 461 1278 533 1319; x_wconf 92' lang='lat' dir='ltr'><strong>ex</strong></span> <span class='ocrx_word' id='word_1_77' title='bbox 563 1263 753 1319; x_wconf 88' lang='lat' dir='ltr'><strong>carnis</strong></span> <span class='ocrx_word' id='word_1_78' title='bbox 782 1262 1147 1331; x_wconf 89' lang='lat' dir='ltr'><strong>corruptione</strong></span> <span class='ocrx_word' id='word_1_79' title='bbox 1187 1272 1527 1329; x_wconf 89' lang='lat' dir='ltr'><strong>nascuntur,</strong></span> <span class='ocrx_word' id='word_1_80' title='bbox 1575 1261 1986 1315; x_wconf 89' lang='lat' dir='ltr'><strong>subactionem.</strong></span> 
     </span>
    </p>
   </div>
   <div class='ocr_carea' id='block_1_13' title="bbox 303 1348 1993 1420">
    <p class='ocr_par' dir='ltr' id='par_1_13' title="bbox 303 1348 1993 1420">
     <span class='ocr_line' id='line_1_13' title="bbox 303 1348 1993 1420; baseline -0.003 -13"><span class='ocrx_word' id='word_1_81' title='bbox 303 1352 408 1407; x_wconf 89' lang='lat' dir='ltr'><strong>Per</strong></span> <span class='ocrx_word' id='word_1_82' title='bbox 463 1352 807 1416; x_wconf 70' lang='lat' dir='ltr'><strong>Phoenicem,</strong></span> <span class='ocrx_word' id='word_1_83' title='bbox 868 1365 1000 1419; x_wconf 81' lang='lat' dir='ltr'><strong>quae</strong></span> <span class='ocrx_word' id='word_1_84' title='bbox 1063 1351 1266 1406; x_wconf 89' lang='lat' dir='ltr'><strong>rubros</strong></span> <span class='ocrx_word' id='word_1_85' title='bbox 1321 1350 1502 1420; x_wconf 90' lang='lat' dir='ltr'><strong>gignit</strong></span> <span class='ocrx_word' id='word_1_86' title='bbox 1557 1348 1799 1419; x_wconf 90' lang='lat' dir='ltr'><strong>populos</strong></span> <span class='ocrx_word' id='word_1_87' title='bbox 1847 1356 1900 1403; x_wconf 91' lang='lat' dir='ltr'><strong>et</strong></span> <span class='ocrx_word' id='word_1_88' title='bbox 1959 1361 1993 1402; x_wconf 93' lang='lat' dir='ltr'><strong>a</strong></span> 
     </span>
    </p>
   </div>
   <div class='ocr_carea' id='block_1_14' title="bbox 301 1435 1992 1508">
    <p class='ocr_par' dir='ltr' id='par_1_14' title="bbox 301 1435 1992 1508">
     <span class='ocr_line' id='line_1_14' title="bbox 301 1435 1992 1508; baseline -0.004 -12"><span class='ocrx_word' id='word_1_89' title='bbox 301 1440 511 1496; x_wconf 90' lang='lat' dir='ltr'><strong>rubore</strong></span> <span class='ocrx_word' id='word_1_90' title='bbox 558 1454 762 1494; x_wconf 86' lang='lat' dir='ltr'><strong>nomen</strong></span> <span class='ocrx_word' id='word_1_91' title='bbox 794 1438 1030 1506; x_wconf 85' lang='lat' dir='ltr'><strong>accepit,</strong></span> <span class='ocrx_word' id='word_1_92' title='bbox 1063 1438 1317 1508; x_wconf 90' lang='lat' dir='ltr'><strong>corporis</strong></span> <span class='ocrx_word' id='word_1_93' title='bbox 1364 1437 1738 1507; x_wconf 78' lang='lat' dir='ltr'><strong>intelligimus</strong></span> <span class='ocrx_word' id='word_1_94' title='bbox 1766 1435 1992 1490; x_wconf 87' lang='lat' dir='ltr'><strong>deside-</strong></span> 
     </span>
    </p>
   </div>
   <div class='ocr_carea' id='block_1_15' title="bbox 297 1522 1992 1598">
    <p class='ocr_par' dir='ltr' id='par_1_15' title="bbox 297 1522 1992 1598">
     <span class='ocr_line' id='line_1_15' title="bbox 297 1522 1992 1598; baseline -0.004 -16"><span class='ocrx_word' id='word_1_95' title='bbox 297 1527 406 1596; x_wconf 88' lang='lat' dir='ltr'><strong>ria,</strong></span> <span class='ocrx_word' id='word_1_96' title='bbox 437 1541 568 1598; x_wconf 80' lang='lat' dir='ltr'><strong>quae</strong></span> <span class='ocrx_word' id='word_1_97' title='bbox 611 1541 684 1582; x_wconf 89' lang='lat' dir='ltr'><strong>ex</strong></span> <span class='ocrx_word' id='word_1_98' title='bbox 735 1527 1019 1597; x_wconf 87' lang='lat' dir='ltr'><strong>sanguine</strong></span> <span class='ocrx_word' id='word_1_99' title='bbox 1057 1526 1356 1594; x_wconf 89' lang='lat' dir='ltr'><strong>oriuntur;</strong></span> <span class='ocrx_word' id='word_1_100' title='bbox 1393 1525 1544 1581; x_wconf 91' lang='lat' dir='ltr'><strong>unde</strong></span> <span class='ocrx_word' id='word_1_101' title='bbox 1590 1533 1644 1580; x_wconf 91' lang='lat' dir='ltr'><strong>et</strong></span> <span class='ocrx_word' id='word_1_102' title='bbox 1690 1523 1847 1579; x_wconf 90' lang='lat' dir='ltr'><strong>color</strong></span> <span class='ocrx_word' id='word_1_103' title='bbox 1901 1522 1992 1577; x_wconf 92' lang='lat' dir='ltr'><strong>ille</strong></span> 
     </span>
    </p>
   </div>
   <div class='ocr_carea' id='block_1_16' title="bbox 293 1611 1993 1686">
    <p class='ocr_par' dir='ltr' id='par_1_16' title="bbox 293 1611 1993 1686">
     <span class='ocr_line' id='line_1_16' title="bbox 293 1611 1993 1686; baseline -0.005 -15"><span class='ocrx_word' id='word_1_104' title='bbox 293 1617 672 1686; x_wconf 85' lang='lat' dir='ltr'><strong>sanguineus,</strong></span> <span class='ocrx_word' id='word_1_105' title='bbox 729 1619 830 1685; x_wconf 87' lang='lat' dir='ltr'><strong>qui</strong></span> <span class='ocrx_word' id='word_1_106' title='bbox 880 1614 1234 1670; x_wconf 87' lang='lat' dir='ltr'><strong>vermiculus</strong></span> <span class='ocrx_word' id='word_1_107' title='bbox 1276 1615 1507 1678; x_wconf 88' lang='lat' dir='ltr'><strong>dicitur,</strong></span> <span class='ocrx_word' id='word_1_108' title='bbox 1554 1611 1906 1668; x_wconf 78' lang='lat' dir='ltr'><strong>Phtenicittm</strong></span> <span class='ocrx_word' id='word_1_109' title='bbox 1959 1625 1993 1664; x_wconf 89' lang='lat' dir='ltr'><strong>a</strong></span> 
     </span>
    </p>
   </div>
   <div class='ocr_carea' id='block_1_17' title="bbox 297 1698 1994 1774">
    <p class='ocr_par' dir='ltr' id='par_1_17' title="bbox 297 1698 1994 1774">
     <span class='ocr_line' id='line_1_17' title="bbox 297 1698 1994 1774; baseline -0.004 -15"><span class='ocrx_word' id='word_1_110' title='bbox 297 1704 584 1774; x_wconf 89' lang='lat' dir='ltr'><strong>plerisque</strong></span> <span class='ocrx_word' id='word_1_111' title='bbox 661 1713 946 1760; x_wconf 90' lang='lat' dir='ltr'><strong>vocatur:</strong></span> <span class='ocrx_word' id='word_1_112' title='bbox 1031 1703 1115 1758; x_wconf 90' lang='lat' dir='ltr'><strong>ita</strong></span> <span class='ocrx_word' id='word_1_113' title='bbox 1185 1703 1324 1758; x_wconf 87' lang='lat' dir='ltr'><strong>Loth</strong></span> <span class='ocrx_word' id='word_1_114' title='bbox 1387 1702 1700 1762; x_wconf 87' lang='lat' dir='ltr'><strong>reducitur.</strong></span> <span class='ocrx_word' id='word_1_115' title='bbox 1773 1698 1827 1754; x_wconf 94' lang='lat' dir='ltr'><strong>id</strong></span> <span class='ocrx_word' id='word_1_116' title='bbox 1909 1704 1994 1753; x_wconf 87' lang='lat' dir='ltr'><strong>est</strong></span> 
     </span>
    </p>
   </div>
   <div class='ocr_carea' id='block_1_18' title="bbox 296 1790 1993 1861">
    <p class='ocr_par' dir='ltr' id='par_1_18' title="bbox 296 1790 1993 1861">
     <span class='ocr_line' id='line_1_18' title="bbox 296 1790 1993 1861; baseline -0.003 -14"><span class='ocrx_word' id='word_1_117' title='bbox 296 1791 535 1847; x_wconf 76' lang='lat' dir='ltr'><strong>affectus</strong></span> <span class='ocrx_word' id='word_1_118' title='bbox 582 1800 773 1847; x_wconf 89' lang='lat' dir='ltr'><strong>noster</strong></span> <span class='ocrx_word' id='word_1_119' title='bbox 802 1800 934 1846; x_wconf 91' lang='lat' dir='ltr'><strong>cum</strong></span> <span class='ocrx_word' id='word_1_120' title='bbox 976 1791 1263 1861; x_wconf 85' lang='lat' dir='ltr'><strong>spirituali</strong></span> <span class='ocrx_word' id='word_1_121' title='bbox 1309 1790 1650 1855; x_wconf 86' lang='lat' dir='ltr'><strong>substantia,</strong></span> <span class='ocrx_word' id='word_1_122' title='bbox 1686 1801 1909 1844; x_wconf 87' lang='lat' dir='ltr'><strong>necnon</strong></span> <span class='ocrx_word' id='word_1_123' title='bbox 1939 1792 1993 1842; x_wconf 91' lang='lat' dir='ltr'><strong>et</strong></span> 
     </span>
    </p>
   </div>
   <div class='ocr_carea' id='block_1_19' title="bbox 2099 635 3778 710">
    <p class='ocr_par' dir='ltr' id='par_1_19' title="bbox 2099 635 3778 710">
     <span class='ocr_line' id='line_1_19' title="bbox 2099 635 3778 710; baseline 0.004 -20"><span class='ocrx_word' id='word_1_124' title='bbox 2099 642 2192 690; x_wconf 92' lang='lat' dir='ltr'><strong>tur</strong></span> <span class='ocrx_word' id='word_1_125' title='bbox 2241 638 2309 691; x_wconf 87' lang='lat' dir='ltr'><strong>sit</strong></span> <span class='ocrx_word' id='word_1_126' title='bbox 2341 635 2641 704; x_wconf 91' lang='lat' dir='ltr'><strong>frivolum;</strong></span> <span class='ocrx_word' id='word_1_127' title='bbox 2695 637 2907 707; x_wconf 76' lang='lat' dir='ltr'><strong>profert</strong></span> <span class='ocrx_word' id='word_1_128' title='bbox 2936 652 3069 695; x_wconf 89' lang='lat' dir='ltr'><strong>vero</strong></span> <span class='ocrx_word' id='word_1_129' title='bbox 3102 654 3303 710; x_wconf 90' lang='lat' dir='ltr'><strong>panem</strong></span> <span class='ocrx_word' id='word_1_130' title='bbox 3334 649 3388 696; x_wconf 91' lang='lat' dir='ltr'><strong>et</strong></span> <span class='ocrx_word' id='word_1_131' title='bbox 3435 655 3640 695; x_wconf 90' lang='lat' dir='ltr'><strong>vmum</strong></span> <span class='ocrx_word' id='word_1_132' title='bbox 3690 653 3778 710; x_wconf 87' lang='lat' dir='ltr'><strong>per</strong></span> 
     </span>
    </p>
   </div>
   <div class='ocr_carea' id='block_1_20' title="bbox 2094 723 3776 797">
    <p class='ocr_par' dir='ltr' id='par_1_20' title="bbox 2094 723 3776 797">
     <span class='ocr_line' id='line_1_20' title="bbox 2094 723 3776 797; baseline 0.002 -19"><span class='ocrx_word' id='word_1_133' title='bbox 2094 723 2542 780; x_wconf 74' lang='lat' dir='ltr'><strong>exhibitionem.</strong></span> <span class='ocrx_word' id='word_1_134' title='bbox 2577 725 2804 796; x_wconf 89' lang='lat' dir='ltr'><strong>piorum</strong></span> <span class='ocrx_word' id='word_1_135' title='bbox 2867 742 3139 797; x_wconf 88' lang='lat' dir='ltr'><strong>operum;</strong></span> <span class='ocrx_word' id='word_1_136' title='bbox 3210 727 3491 785; x_wconf 89' lang='lat' dir='ltr'><strong>benedicit</strong></span> <span class='ocrx_word' id='word_1_137' title='bbox 3550 729 3776 794; x_wconf 81' lang='lat' dir='ltr'><strong>Abram,</strong></span> 
     </span>
    </p>
   </div>
   <div class='ocr_carea' id='block_1_21' title="bbox 2098 813 3855 885">
    <p class='ocr_par' dir='ltr' id='par_1_21' title="bbox 2098 813 3855 885">
     <span class='ocr_line' id='line_1_21' title="bbox 2098 813 3855 885; baseline 0.005 -19"><span class='ocrx_word' id='word_1_138' title='bbox 2098 826 2396 881; x_wconf 87' lang='lat' dir='ltr'><strong>prosperos</strong></span> <span class='ocrx_word' id='word_1_139' title='bbox 2462 814 2676 869; x_wconf 86' lang='lat' dir='ltr'><strong>scilicet</strong></span> <span class='ocrx_word' id='word_1_140' title='bbox 2729 813 2965 870; x_wconf 76' lang='lat' dir='ltr'><strong>eliectus</strong></span> <span class='ocrx_word' id='word_1_141' title='bbox 3025 831 3130 871; x_wconf 91' lang='lat' dir='ltr'><strong>suo</strong></span> <span class='ocrx_word' id='word_1_142' title='bbox 3190 816 3370 885; x_wconf 79' lang='lat' dir='ltr'><strong>ipsius</strong></span> <span class='ocrx_word' id='word_1_143' title='bbox 3424 818 3627 873; x_wconf 89' lang='lat' dir='ltr'><strong>merito</strong></span> <span class='ocrx_word' id='word_1_144' title='bbox 3683 817 3778 871; x_wconf 85' lang='lat' dir='ltr'><strong>sibi</strong></span> <span class='ocrx_word' id='word_1_145' title='bbox 3851 813 3855 874; x_wconf 76' lang='grc' dir='ltr'><strong>Ι</strong></span> 
     </span>
    </p>
   </div>
   <div class='ocr_carea' id='block_1_22' title="bbox 2098 899 3781 973">
    <p class='ocr_par' dir='ltr' id='par_1_22' title="bbox 2098 899 3781 973">
     <span class='ocr_line' id='line_1_22' title="bbox 2098 899 3781 973; baseline 0.002 -19"><span class='ocrx_word' id='word_1_146' title='bbox 2098 899 2203 969; x_wconf 85' lang='lat' dir='ltr'><strong>ipsi</strong></span> <span class='ocrx_word' id='word_1_147' title='bbox 2234 900 2451 956; x_wconf 88' lang='lat' dir='ltr'><strong>obtinet</strong></span> <span class='ocrx_word' id='word_1_148' title='bbox 2498 901 2744 972; x_wconf 85' lang='lat' dir='ltr'><strong>gratiam</strong></span> <span class='ocrx_word' id='word_1_149' title='bbox 2781 918 2794 955; x_wconf 86' lang='lat'><strong>:</strong></span> <span class='ocrx_word' id='word_1_150' title='bbox 2845 917 2944 973; x_wconf 89' lang='lat' dir='ltr'><strong>per</strong></span> <span class='ocrx_word' id='word_1_151' title='bbox 2982 904 3388 961; x_wconf 84' lang='lat' dir='ltr'><strong>Melchisedech</strong></span> <span class='ocrx_word' id='word_1_152' title='bbox 3418 905 3572 962; x_wconf 91' lang='lat' dir='ltr'><strong>enim</strong></span> <span class='ocrx_word' id='word_1_153' title='bbox 3626 906 3781 960; x_wconf 89' lang='lat' dir='ltr'><strong>veni-</strong></span> 
     </span>
    </p>
   </div>
   <div class='ocr_carea' id='block_1_23' title="bbox 2099 990 3785 1064">
    <p class='ocr_par' dir='ltr' id='par_1_23' title="bbox 2099 990 3785 1064">
     <span class='ocr_line' id='line_1_23' title="bbox 2099 990 3785 1064; baseline 0 -18"><span class='ocrx_word' id='word_1_154' title='bbox 2099 997 2195 1046; x_wconf 93' lang='lat' dir='ltr'><strong>tur</strong></span> <span class='ocrx_word' id='word_1_155' title='bbox 2252 991 2324 1045; x_wconf 86' lang='lat' dir='ltr'><strong>ad</strong></span> <span class='ocrx_word' id='word_1_156' title='bbox 2374 990 2611 1056; x_wconf 79' lang='lat' dir='ltr'><strong>Abram,</strong></span> <span class='ocrx_word' id='word_1_157' title='bbox 2673 992 2799 1048; x_wconf 86' lang='lat' dir='ltr'><strong>licet</strong></span> <span class='ocrx_word' id='word_1_158' title='bbox 2862 995 2918 1048; x_wconf 91' lang='lat' dir='ltr'><strong>in</strong></span> <span class='ocrx_word' id='word_1_159' title='bbox 2970 1007 3153 1048; x_wconf 90' lang='lat' dir='ltr'><strong>unum</strong></span> <span class='ocrx_word' id='word_1_160' title='bbox 3215 1002 3435 1062; x_wconf 88' lang='lat' dir='ltr'><strong>coeant,</strong></span> <span class='ocrx_word' id='word_1_161' title='bbox 3497 993 3639 1064; x_wconf 87' lang='lat' dir='ltr'><strong>quia</strong></span> <span class='ocrx_word' id='word_1_162' title='bbox 3695 1007 3785 1063; x_wconf 89' lang='lat' dir='ltr'><strong>per</strong></span> 
     </span>
    </p>
   </div>
   <div class='ocr_carea' id='block_1_24' title="bbox 2099 1079 3782 1150">
    <p class='ocr_par' dir='ltr' id='par_1_24' title="bbox 2099 1079 3782 1150">
     <span class='ocr_line' id='line_1_24' title="bbox 2099 1079 3782 1150; baseline 0 -17"><span class='ocrx_word' id='word_1_163' title='bbox 2099 1093 2342 1148; x_wconf 86' lang='lat' dir='ltr'><strong>regnum</strong></span> <span class='ocrx_word' id='word_1_164' title='bbox 2399 1079 2637 1150; x_wconf 82' lang='lat' dir='ltr'><strong>justitiae</strong></span> <span class='ocrx_word' id='word_1_165' title='bbox 2720 1082 2951 1137; x_wconf 87' lang='lat' dir='ltr'><strong>venitur</strong></span> <span class='ocrx_word' id='word_1_166' title='bbox 3016 1083 3088 1137; x_wconf 89' lang='lat' dir='ltr'><strong>ad</strong></span> <span class='ocrx_word' id='word_1_167' title='bbox 3154 1081 3548 1138; x_wconf 83' lang='lat' dir='ltr'><strong>excellentiam</strong></span> <span class='ocrx_word' id='word_1_168' title='bbox 3619 1081 3782 1135; x_wconf 86' lang='lat' dir='ltr'><strong>vitae:</strong></span> 
     </span>
    </p>
   </div>
   <div class='ocr_carea' id='block_1_25' title="bbox 3852 983 3858 1108">
    <p class='ocr_par' dir='ltr' id='par_1_25' title="bbox 3852 983 3858 1108">
     <span class='ocr_line' id='line_1_25' title="bbox 3852 983 3858 1108; baseline 0 0"><span class='ocrx_word' id='word_1_169' title='bbox 3852 983 3858 1108; x_wconf 87' lang='lat' dir='ltr'><strong>l</strong></span> 
     </span>
    </p>
   </div>
   <div class='ocr_carea' id='block_1_26' title="bbox 2099 1167 3857 1239">
    <p class='ocr_par' dir='ltr' id='par_1_26' title="bbox 2099 1167 3857 1239">
     <span class='ocr_line' id='line_1_26' title="bbox 2099 1167 3857 1239; baseline 0.001 -17"><span class='ocrx_word' id='word_1_170' title='bbox 2099 1167 2404 1235; x_wconf 86' lang='lat' dir='ltr'><strong>Proliciat,</strong></span> <span class='ocrx_word' id='word_1_171' title='bbox 2477 1169 2708 1239; x_wconf 81' lang='lat' dir='ltr'><strong>inquit,</strong></span> <span class='ocrx_word' id='word_1_172' title='bbox 2776 1170 3132 1226; x_wconf 89' lang='lat' dir='ltr'><strong>rationalitas</strong></span> <span class='ocrx_word' id='word_1_173' title='bbox 3189 1171 3400 1226; x_wconf 77' lang='lat' dir='ltr'><strong>divina:</strong></span> <span class='ocrx_word' id='word_1_174' title='bbox 3468 1170 3785 1226; x_wconf 78' lang='lat' dir='ltr'><strong>celsitudiui</strong></span> <span class='ocrx_word' id='word_1_175' title='bbox 3856 1203 3857 1208; x_wconf 60' lang='grc' dir='ltr'><strong>η</strong></span> 
     </span>
    </p>
   </div>
   <div class='ocr_carea' id='block_1_27' title="bbox 2097 1256 3786 1330">
    <p class='ocr_par' dir='ltr' id='par_1_27' title="bbox 2097 1256 3786 1330">
     <span class='ocr_line' id='line_1_27' title="bbox 2097 1256 3786 1330; baseline 0.001 -20"><span class='ocrx_word' id='word_1_176' title='bbox 2097 1256 2456 1322; x_wconf 86' lang='lat' dir='ltr'><strong>contuendae,</strong></span> <span class='ocrx_word' id='word_1_177' title='bbox 2492 1273 2623 1326; x_wconf 79' lang='lat' dir='ltr'><strong>quae</strong></span> <span class='ocrx_word' id='word_1_178' title='bbox 2661 1261 2878 1314; x_wconf 90' lang='lat' dir='ltr'><strong>creavit</strong></span> <span class='ocrx_word' id='word_1_179' title='bbox 2927 1260 2985 1315; x_wconf 91' lang='lat' dir='ltr'><strong>in</strong></span> <span class='ocrx_word' id='word_1_180' title='bbox 3035 1261 3157 1330; x_wconf 89' lang='lat' dir='ltr'><strong>ipsa</strong></span> <span class='ocrx_word' id='word_1_181' title='bbox 3187 1259 3393 1315; x_wconf 70' lang='lat' dir='ltr'><strong>coelum</strong></span> <span class='ocrx_word' id='word_1_182' title='bbox 3442 1259 3786 1327; x_wconf 87' lang='lat' dir='ltr'><strong>contempla-</strong></span> 
     </span>
    </p>
   </div>
   <div class='ocr_carea' id='block_1_28' title="bbox 2101 1343 3791 1414">
    <p class='ocr_par' dir='ltr' id='par_1_28' title="bbox 2101 1343 3791 1414">
     <span class='ocr_line' id='line_1_28' title="bbox 2101 1343 3791 1414; baseline 0.001 -16"><span class='ocrx_word' id='word_1_183' title='bbox 2101 1343 2232 1399; x_wconf 82' lang='lat' dir='ltr'><strong>tivae</strong></span> <span class='ocrx_word' id='word_1_184' title='bbox 2296 1346 2606 1414; x_wconf 70' lang='lat' dir='ltr'><strong>sapientiae,</strong></span> <span class='ocrx_word' id='word_1_185' title='bbox 2696 1356 2752 1402; x_wconf 92' lang='lat' dir='ltr'><strong>et</strong></span> <span class='ocrx_word' id='word_1_186' title='bbox 2819 1357 3029 1404; x_wconf 89' lang='lat' dir='ltr'><strong>terram</strong></span> <span class='ocrx_word' id='word_1_187' title='bbox 3097 1349 3338 1405; x_wconf 87' lang='lat' dir='ltr'><strong>actualis</strong></span> <span class='ocrx_word' id='word_1_188' title='bbox 3405 1348 3677 1408; x_wconf 83' lang='lat' dir='ltr'><strong>scientiae,</strong></span> <span class='ocrx_word' id='word_1_189' title='bbox 3743 1357 3791 1401; x_wconf 87' lang='lat' dir='ltr'><strong>ct</strong></span> 
     </span>
    </p>
   </div>
   <div class='ocr_carea' id='block_1_29' title="bbox 2100 1432 3791 1504">
    <p class='ocr_par' dir='ltr' id='par_1_29' title="bbox 2100 1432 3791 1504">
     <span class='ocr_line' id='line_1_29' title="bbox 2100 1432 3791 1504; baseline 0.002 -17"><span class='ocrx_word' id='word_1_190' title='bbox 2100 1432 2403 1502; x_wconf 80' lang='lat' dir='ltr'><strong>multiplex</strong></span> <span class='ocrx_word' id='word_1_191' title='bbox 2465 1435 2730 1504; x_wconf 75' lang='lat' dir='ltr'><strong>potentiae</strong></span> <span class='ocrx_word' id='word_1_192' title='bbox 2793 1437 2892 1492; x_wconf 81' lang='lat' dir='ltr'><strong>Dei</strong></span> <span class='ocrx_word' id='word_1_193' title='bbox 2951 1437 3278 1492; x_wconf 87' lang='lat' dir='ltr'><strong>sublimitas</strong></span> <span class='ocrx_word' id='word_1_194' title='bbox 3337 1436 3632 1503; x_wconf 88' lang='lat' dir='ltr'><strong>laudetur,</strong></span> <span class='ocrx_word' id='word_1_195' title='bbox 3697 1437 3791 1504; x_wconf 89' lang='lat' dir='ltr'><strong>qui</strong></span> 
     </span>
    </p>
   </div>
   <div class='ocr_carea' id='block_1_30' title="bbox 2103 1520 3794 1596">
    <p class='ocr_par' dir='ltr' id='par_1_30' title="bbox 2103 1520 3794 1596">
     <span class='ocr_line' id='line_1_30' title="bbox 2103 1520 3794 1596; baseline 0.002 -22"><span class='ocrx_word' id='word_1_196' title='bbox 2103 1520 2259 1587; x_wconf 89' lang='lat' dir='ltr'><strong>vitia,</strong></span> <span class='ocrx_word' id='word_1_197' title='bbox 2315 1537 2446 1591; x_wconf 76' lang='lat' dir='ltr'><strong>quae</strong></span> <span class='ocrx_word' id='word_1_198' title='bbox 2504 1524 2708 1578; x_wconf 88' lang='lat' dir='ltr'><strong>rationi</strong></span> <span class='ocrx_word' id='word_1_199' title='bbox 2769 1525 3047 1580; x_wconf 76' lang='lat' dir='ltr'><strong>hostiliter</strong></span> <span class='ocrx_word' id='word_1_200' title='bbox 3097 1534 3399 1596; x_wconf 81' lang='lat' dir='ltr'><strong>praeerant,</strong></span> <span class='ocrx_word' id='word_1_201' title='bbox 3436 1525 3558 1595; x_wconf 89' lang='lat' dir='ltr'><strong>juri</strong></span> <span class='ocrx_word' id='word_1_202' title='bbox 3619 1523 3794 1594; x_wconf 87' lang='lat' dir='ltr'><strong>ipsius</strong></span> 
     </span>
    </p>
   </div>
   <div class='ocr_carea' id='block_1_31' title="bbox 2100 1608 3792 1683">
    <p class='ocr_par' dir='ltr' id='par_1_31' title="bbox 2100 1608 3792 1683">
     <span class='ocr_line' id='line_1_31' title="bbox 2100 1608 3792 1683; baseline 0.002 -20"><span class='ocrx_word' id='word_1_203' title='bbox 2100 1608 2476 1680; x_wconf 89' lang='lat' dir='ltr'><strong>defringenda</strong></span> <span class='ocrx_word' id='word_1_204' title='bbox 2523 1614 2883 1668; x_wconf 86' lang='lat' dir='ltr'><strong>resubdidit:</strong></span> <span class='ocrx_word' id='word_1_205' title='bbox 2942 1616 3061 1669; x_wconf 78' lang='lat' dir='ltr'><strong>liacc</strong></span> <span class='ocrx_word' id='word_1_206' title='bbox 3094 1630 3204 1670; x_wconf 92' lang='lat' dir='ltr'><strong>non</strong></span> <span class='ocrx_word' id='word_1_207' title='bbox 3242 1624 3356 1669; x_wconf 90' lang='lat' dir='ltr'><strong>tam</strong></span> <span class='ocrx_word' id='word_1_208' title='bbox 3401 1614 3576 1669; x_wconf 87' lang='lat' dir='ltr'><strong>verbo</strong></span> <span class='ocrx_word' id='word_1_209' title='bbox 3621 1627 3792 1683; x_wconf 90' lang='lat' dir='ltr'><strong>quam</strong></span> 
     </span>
    </p>
   </div>
   <div class='ocr_carea' id='block_1_32' title="bbox 2101 1696 3796 1758">
    <p class='ocr_par' dir='ltr' id='par_1_32' title="bbox 2101 1696 3796 1758">
     <span class='ocr_line' id='line_1_32' title="bbox 2101 1696 3796 1758; baseline 0.002 -7"><span class='ocrx_word' id='word_1_210' title='bbox 2101 1696 2330 1752; x_wconf 90' lang='lat' dir='ltr'><strong>realiter</strong></span> <span class='ocrx_word' id='word_1_211' title='bbox 2390 1698 2540 1754; x_wconf 88' lang='lat' dir='ltr'><strong>dicta</strong></span> <span class='ocrx_word' id='word_1_212' title='bbox 2586 1709 2740 1756; x_wconf 89' lang='lat' dir='ltr'><strong>sunt.</strong></span> <span class='ocrx_word' id='word_1_213' title='bbox 2795 1703 2901 1756; x_wconf 88' lang='lat' dir='ltr'><strong>Dat</strong></span> <span class='ocrx_word' id='word_1_214' title='bbox 2945 1703 3157 1758; x_wconf 83' lang='lat' dir='ltr'><strong>Abram</strong></span> <span class='ocrx_word' id='word_1_215' title='bbox 3204 1702 3452 1758; x_wconf 89' lang='lat' dir='ltr'><strong>decimas</strong></span> <span class='ocrx_word' id='word_1_216' title='bbox 3503 1700 3796 1757; x_wconf 80' lang='lat' dir='ltr'><strong>Melchise-</strong></span> 
     </span>
    </p>
   </div>
   <div class='ocr_carea' id='block_1_33' title="bbox 2102 1785 3793 1862">
    <p class='ocr_par' dir='ltr' id='par_1_33' title="bbox 2102 1785 3793 1862">
     <span class='ocr_line' id='line_1_33' title="bbox 2102 1785 3793 1862; baseline 0.002 -23"><span class='ocrx_word' id='word_1_217' title='bbox 2102 1785 2244 1840; x_wconf 88' lang='lat' dir='ltr'><strong>dech</strong></span> <span class='ocrx_word' id='word_1_218' title='bbox 2302 1801 2374 1841; x_wconf 86' lang='lat' dir='ltr'><strong>ex</strong></span> <span class='ocrx_word' id='word_1_219' title='bbox 2442 1789 2730 1856; x_wconf 89' lang='lat' dir='ltr'><strong>omnibus,</strong></span> <span class='ocrx_word' id='word_1_220' title='bbox 2789 1807 2920 1846; x_wconf 90' lang='lat' dir='ltr'><strong>cum</strong></span> <span class='ocrx_word' id='word_1_221' title='bbox 2981 1791 3100 1862; x_wconf 87' lang='lat' dir='ltr'><strong>ipse</strong></span> <span class='ocrx_word' id='word_1_222' title='bbox 3158 1791 3477 1846; x_wconf 85' lang='lat' dir='ltr'><strong>intellectus</strong></span> <span class='ocrx_word' id='word_1_223' title='bbox 3515 1789 3625 1846; x_wconf 92' lang='lat' dir='ltr'><strong>sibi</strong></span> <span class='ocrx_word' id='word_1_224' title='bbox 3696 1788 3793 1858; x_wconf 90' lang='lat' dir='ltr'><strong>ipsi</strong></span> 
     </span>
    </p>
   </div>
   <div class='ocr_carea' id='block_1_34' title="bbox 299 1867 3794 1961">
    <p class='ocr_par' dir='ltr' id='par_1_34' title="bbox 299 1867 3794 1961">
     <span class='ocr_line' id='line_1_34' title="bbox 299 1867 3794 1961; baseline -0.001 -25"><span class='ocrx_word' id='word_1_225' title='bbox 299 1879 547 1951; x_wconf 90' lang='lat' dir='ltr'><strong>populus</strong></span> <span class='ocrx_word' id='word_1_226' title='bbox 621 1880 1055 1950; x_wconf 80' lang='lat' dir='ltr'><strong>cogitationum,</strong></span> <span class='ocrx_word' id='word_1_227' title='bbox 1123 1890 1176 1936; x_wconf 87' lang='lat' dir='ltr'><strong>et</strong></span> <span class='ocrx_word' id='word_1_228' title='bbox 1243 1879 1513 1961; x_wconf 77' lang='lat' dir='ltr'><strong>mulieres</strong></span> <span class='ocrx_word' id='word_1_229' title='bbox 1579 1877 1990 1933; x_wconf 78' lang='lat' dir='ltr'><strong>desideriorum</strong></span> <span class='ocrx_word' id='word_1_230' title='bbox 2033 1867 2072 1921; x_wconf 84' lang='grc' dir='ltr'><strong>Β</strong></span> <span class='ocrx_word' id='word_1_231' title='bbox 2104 1875 2512 1944; x_wconf 88' lang='lat' dir='ltr'><strong>plenitudinem</strong></span> <span class='ocrx_word' id='word_1_232' title='bbox 2558 1880 3035 1936; x_wconf 86' lang='lat' dir='ltr'><strong>remunerationis</strong></span> <span class='ocrx_word' id='word_1_233' title='bbox 3079 1881 3349 1952; x_wconf 91' lang='lat' dir='ltr'><strong>acquirit,</strong></span> <span class='ocrx_word' id='word_1_234' title='bbox 3395 1881 3451 1936; x_wconf 91' lang='lat' dir='ltr'><strong>in</strong></span> <span class='ocrx_word' id='word_1_235' title='bbox 3501 1879 3664 1936; x_wconf 92' lang='lat' dir='ltr'><strong>nullo</strong></span> <span class='ocrx_word' id='word_1_236' title='bbox 3715 1887 3794 1933; x_wconf 90' lang='lat' dir='ltr'><strong>te-</strong></span> 
     </span>
    </p>
   </div>
   <div class='ocr_carea' id='block_1_35' title="bbox 299 1968 1712 2039">
    <p class='ocr_par' dir='ltr' id='par_1_35' title="bbox 299 1968 1712 2039">
     <span class='ocr_line' id='line_1_35' title="bbox 299 1968 1712 2039; baseline -0.002 -15"><span class='ocrx_word' id='word_1_237' title='bbox 299 1969 609 2025; x_wconf 89' lang='lat' dir='ltr'><strong>lluidorum</strong></span> <span class='ocrx_word' id='word_1_238' title='bbox 639 1970 711 2024; x_wconf 90' lang='lat' dir='ltr'><strong>ad</strong></span> <span class='ocrx_word' id='word_1_239' title='bbox 743 1969 981 2024; x_wconf 90' lang='lat' dir='ltr'><strong>rationis</strong></span> <span class='ocrx_word' id='word_1_240' title='bbox 1012 1969 1315 2039; x_wconf 90' lang='lat' dir='ltr'><strong>imperium</strong></span> <span class='ocrx_word' id='word_1_241' title='bbox 1348 1968 1712 2038; x_wconf 86' lang='lat' dir='ltr'><strong>rediguntur.</strong></span> 
     </span>
    </p>
   </div>
   <div class='ocr_carea' id='block_1_36' title="bbox 369 2055 1992 2126">
    <p class='ocr_par' dir='ltr' id='par_1_36' title="bbox 369 2055 1992 2126">
     <span class='ocr_line' id='line_1_36' title="bbox 369 2055 1992 2126; baseline -0.004 -12"><span class='ocrx_word' id='word_1_242' title='bbox 369 2059 539 2114; x_wconf 76' lang='lat' dir='ltr'><strong>VERS.</strong></span> <span class='ocrx_word' id='word_1_243' title='bbox 591 2061 674 2112; x_wconf 84' lang='lat' dir='ltr'><strong>l7.</strong></span> <span class='ocrx_word' id='word_1_244' title='bbox 705 2086 779 2099; x_wconf 98' lang='lat'><em>—</em></span> <span class='ocrx_word' id='word_1_245' title='bbox 807 2061 1069 2126; x_wconf 85' lang='lat' dir='ltr'><strong>Egressus</strong></span> <span class='ocrx_word' id='word_1_246' title='bbox 1116 2063 1195 2112; x_wconf 90' lang='lat' dir='ltr'><strong>est</strong></span> <span class='ocrx_word' id='word_1_247' title='bbox 1224 2064 1402 2112; x_wconf 85' lang='lat' dir='ltr'><strong>autem</strong></span> <span class='ocrx_word' id='word_1_248' title='bbox 1431 2074 1528 2110; x_wconf 78' lang='lat' dir='ltr'><strong>rea:</strong></span> <span class='ocrx_word' id='word_1_249' title='bbox 1553 2055 1902 2111; x_wconf 83' lang='lat' dir='ltr'><strong>Sodomorum</strong></span> <span class='ocrx_word' id='word_1_250' title='bbox 1933 2055 1992 2108; x_wconf 86' lang='lat' dir='ltr'><strong>in</strong></span> 
     </span>
    </p>
   </div>
   <div class='ocr_carea' id='block_1_37' title="bbox 299 2144 1993 2215">
    <p class='ocr_par' dir='ltr' id='par_1_37' title="bbox 299 2144 1993 2215">
     <span class='ocr_line' id='line_1_37' title="bbox 299 2144 1993 2215; baseline -0.002 -16"><span class='ocrx_word' id='word_1_251' title='bbox 299 2162 575 2200; x_wconf 80' lang='lat' dir='ltr'><strong>occursum</strong></span> <span class='ocrx_word' id='word_1_252' title='bbox 631 2146 769 2214; x_wconf 84' lang='lat' dir='ltr'><strong>ejus,</strong></span> <span class='ocrx_word' id='word_1_253' title='bbox 826 2151 1117 2215; x_wconf 72' lang='lat' dir='ltr'><strong>postquam</strong></span> <span class='ocrx_word' id='word_1_254' title='bbox 1169 2160 1409 2199; x_wconf 70' lang='lat' dir='ltr'><strong>reversus</strong></span> <span class='ocrx_word' id='word_1_255' title='bbox 1469 2149 1547 2198; x_wconf 84' lang='lat' dir='ltr'><strong>est</strong></span> <span class='ocrx_word' id='word_1_256' title='bbox 1591 2161 1626 2198; x_wconf 87' lang='lat' dir='ltr'><strong>a</strong></span> <span class='ocrx_word' id='word_1_257' title='bbox 1674 2144 1814 2198; x_wconf 65' lang='lat' dir='ltr'><strong>caede</strong></span> <span class='ocrx_word' id='word_1_258' title='bbox 1861 2145 1993 2199; x_wconf 85' lang='lat' dir='ltr'><strong>Cho-</strong></span> 
     </span>
    </p>
   </div>
   <div class='ocr_carea' id='block_1_38' title="bbox 301 2233 1994 2302">
    <p class='ocr_par' dir='ltr' id='par_1_38' title="bbox 301 2233 1994 2302">
     <span class='ocr_line' id='line_1_38' title="bbox 301 2233 1994 2302; baseline -0.002 -14"><span class='ocrx_word' id='word_1_259' title='bbox 301 2236 647 2302; x_wconf 78' lang='lat' dir='ltr'><strong>dortahomor</strong></span> <span class='ocrx_word' id='word_1_260' title='bbox 705 2241 755 2288; x_wconf 87' lang='lat' dir='ltr'><strong>et</strong></span> <span class='ocrx_word' id='word_1_261' title='bbox 822 2250 1010 2301; x_wconf 76' lang='lat' dir='ltr'><strong>regum</strong></span> <span class='ocrx_word' id='word_1_262' title='bbox 1071 2237 1169 2302; x_wconf 88' lang='lat' dir='ltr'><strong>qui</strong></span> <span class='ocrx_word' id='word_1_263' title='bbox 1231 2250 1350 2288; x_wconf 88' lang='lat' dir='ltr'><strong>cum</strong></span> <span class='ocrx_word' id='word_1_264' title='bbox 1406 2255 1462 2286; x_wconf 77' lang='lat' dir='ltr'><strong>eo</strong></span> <span class='ocrx_word' id='word_1_265' title='bbox 1517 2237 1674 2286; x_wconf 83' lang='lat' dir='ltr'><strong>erant</strong></span> <span class='ocrx_word' id='word_1_266' title='bbox 1737 2235 1793 2285; x_wconf 90' lang='lat' dir='ltr'><strong>in</strong></span> <span class='ocrx_word' id='word_1_267' title='bbox 1853 2233 1994 2285; x_wconf 81' lang='lat' dir='ltr'><strong>valle</strong></span> 
     </span>
    </p>
   </div>
   <div class='ocr_carea' id='block_1_39' title="bbox 299 2318 1993 2392">
    <p class='ocr_par' dir='ltr' id='par_1_39' title="bbox 299 2318 1993 2392">
     <span class='ocr_line' id='line_1_39' title="bbox 299 2318 1993 2392; baseline -0.003 -14"><span class='ocrx_word' id='word_1_268' title='bbox 299 2324 455 2389; x_wconf 74' lang='lat' dir='ltr'><strong>Save,</strong></span> <span class='ocrx_word' id='word_1_269' title='bbox 506 2338 624 2392; x_wconf 74' lang='lat' dir='ltr'><strong>qua:</strong></span> <span class='ocrx_word' id='word_1_270' title='bbox 679 2327 756 2377; x_wconf 86' lang='lat' dir='ltr'><strong>est</strong></span> <span class='ocrx_word' id='word_1_271' title='bbox 801 2323 963 2377; x_wconf 83' lang='lat' dir='ltr'><strong>vallis</strong></span> <span class='ocrx_word' id='word_1_272' title='bbox 1011 2323 1190 2390; x_wconf 83' lang='lat' dir='ltr'><strong>Regis.</strong></span> <span class='ocrx_word' id='word_1_273' title='bbox 1245 2321 1551 2389; x_wconf 87' lang='lat' dir='ltr'><strong>Postquam</strong></span> <span class='ocrx_word' id='word_1_274' title='bbox 1595 2318 1993 2374; x_wconf 88' lang='lat' dir='ltr'><strong>Chodorlabo-</strong></span> 
     </span>
    </p>
   </div>
   <div class='ocr_carea' id='block_1_40' title="bbox 302 2406 1994 2480">
    <p class='ocr_par' dir='ltr' id='par_1_40' title="bbox 302 2406 1994 2480">
     <span class='ocr_line' id='line_1_40' title="bbox 302 2406 1994 2480; baseline -0.003 -15"><span class='ocrx_word' id='word_1_275' title='bbox 302 2424 444 2478; x_wconf 90' lang='lat' dir='ltr'><strong>mor,</strong></span> <span class='ocrx_word' id='word_1_276' title='bbox 499 2409 552 2464; x_wconf 90' lang='lat' dir='ltr'><strong>id</strong></span> <span class='ocrx_word' id='word_1_277' title='bbox 603 2417 685 2465; x_wconf 89' lang='lat' dir='ltr'><strong>est</strong></span> <span class='ocrx_word' id='word_1_278' title='bbox 728 2410 1040 2480; x_wconf 90' lang='lat' dir='ltr'><strong>voluptatis</strong></span> <span class='ocrx_word' id='word_1_279' title='bbox 1095 2417 1310 2465; x_wconf 91' lang='lat' dir='ltr'><strong>motum</strong></span> <span class='ocrx_word' id='word_1_280' title='bbox 1360 2423 1493 2464; x_wconf 91' lang='lat' dir='ltr'><strong>cum</strong></span> <span class='ocrx_word' id='word_1_281' title='bbox 1541 2407 1660 2463; x_wconf 88' lang='lat' dir='ltr'><strong>suis</strong></span> <span class='ocrx_word' id='word_1_282' title='bbox 1699 2406 1994 2476; x_wconf 90' lang='lat' dir='ltr'><strong>complici-</strong></span> 
     </span>
    </p>
   </div>
   <div class='ocr_carea' id='block_1_41' title="bbox 302 2487 1991 2567">
    <p class='ocr_par' dir='ltr' id='par_1_41' title="bbox 302 2487 1991 2567">
     <span class='ocr_line' id='line_1_41' title="bbox 302 2487 1991 2567; baseline -0.001 -16"><span class='ocrx_word' id='word_1_283' title='bbox 302 2497 430 2562; x_wconf 90' lang='lat' dir='ltr'><strong>bus,</strong></span> <span class='ocrx_word' id='word_1_284' title='bbox 472 2497 572 2566; x_wconf 89' lang='lat' dir='ltr'><strong>qui</strong></span> <span class='ocrx_word' id='word_1_285' title='bbox 620 2511 691 2552; x_wconf 88' lang='lat' dir='ltr'><strong>ex</strong></span> <span class='ocrx_word' id='word_1_286' title='bbox 722 2511 895 2552; x_wconf 91' lang='lat' dir='ltr'><strong>carne</strong></span> <span class='ocrx_word' id='word_1_287' title='bbox 927 2487 1250 2567; x_wconf 81' lang='lat' dir='ltr'><strong>spirituque</strong></span> <span class='ocrx_word' id='word_1_288' title='bbox 1294 2497 1595 2566; x_wconf 88' lang='lat' dir='ltr'><strong>prodeunt,</strong></span> <span class='ocrx_word' id='word_1_289' title='bbox 1629 2495 1991 2560; x_wconf 83' lang='lat' dir='ltr'><strong>evicerimus,</strong></span> 
     </span>
    </p>
   </div>
   <div class='ocr_carea' id='block_1_42' title="bbox 302 2583 1994 2641">
    <p class='ocr_par' dir='ltr' id='par_1_42' title="bbox 302 2583 1994 2641">
     <span class='ocr_line' id='line_1_42' title="bbox 302 2583 1994 2641; baseline 0 -3"><span class='ocrx_word' id='word_1_290' title='bbox 302 2600 435 2640; x_wconf 88' lang='lat' dir='ltr'><strong>eum</strong></span> <span class='ocrx_word' id='word_1_291' title='bbox 483 2586 552 2641; x_wconf 89' lang='lat' dir='ltr'><strong>de</strong></span> <span class='ocrx_word' id='word_1_292' title='bbox 601 2585 745 2640; x_wconf 90' lang='lat' dir='ltr'><strong>bello</strong></span> <span class='ocrx_word' id='word_1_293' title='bbox 791 2586 999 2641; x_wconf 88' lang='lat' dir='ltr'><strong>reversi</strong></span> <span class='ocrx_word' id='word_1_294' title='bbox 1035 2585 1315 2640; x_wconf 84' lang='lat' dir='ltr'><strong>fuerimus</strong></span> <span class='ocrx_word' id='word_1_295' title='bbox 1341 2585 1408 2639; x_wconf 91' lang='lat' dir='ltr'><strong>ad</strong></span> <span class='ocrx_word' id='word_1_296' title='bbox 1450 2591 1657 2639; x_wconf 78' lang='lat' dir='ltr'><strong>nostrae</strong></span> <span class='ocrx_word' id='word_1_297' title='bbox 1688 2583 1994 2638; x_wconf 88' lang='lat' dir='ltr'><strong>examina-</strong></span> 
     </span>
    </p>
   </div>
   <div class='ocr_carea' id='block_1_43' title="bbox 303 2671 1994 2743">
    <p class='ocr_par' dir='ltr' id='par_1_43' title="bbox 303 2671 1994 2743">
     <span class='ocr_line' id='line_1_43' title="bbox 303 2671 1994 2743; baseline -0.001 -15"><span class='ocrx_word' id='word_1_298' title='bbox 303 2673 470 2728; x_wconf 92' lang='lat' dir='ltr'><strong>tionis</strong></span> <span class='ocrx_word' id='word_1_299' title='bbox 525 2682 772 2743; x_wconf 92' lang='lat' dir='ltr'><strong>portam,</strong></span> <span class='ocrx_word' id='word_1_300' title='bbox 833 2673 1086 2729; x_wconf 92' lang='lat' dir='ltr'><strong>occurrit</strong></span> <span class='ocrx_word' id='word_1_301' title='bbox 1154 2687 1254 2728; x_wconf 89' lang='lat' dir='ltr'><strong>rex</strong></span> <span class='ocrx_word' id='word_1_302' title='bbox 1319 2673 1719 2736; x_wconf 90' lang='lat' dir='ltr'><strong>Sodomorum,</strong></span> <span class='ocrx_word' id='word_1_303' title='bbox 1781 2671 1836 2727; x_wconf 92' lang='lat' dir='ltr'><strong>id</strong></span> <span class='ocrx_word' id='word_1_304' title='bbox 1909 2678 1994 2727; x_wconf 90' lang='lat' dir='ltr'><strong>est</strong></span> 
     </span>
    </p>
   </div>
   <div class='ocr_carea' id='block_1_44' title="bbox 304 2759 1996 2832">
    <p class='ocr_par' dir='ltr' id='par_1_44' title="bbox 304 2759 1996 2832">
     <span class='ocr_line' id='line_1_44' title="bbox 304 2759 1996 2832; baseline 0 -17"><span class='ocrx_word' id='word_1_305' title='bbox 304 2762 536 2831; x_wconf 89' lang='lat' dir='ltr'><strong>pecuale</strong></span> <span class='ocrx_word' id='word_1_306' title='bbox 566 2762 857 2832; x_wconf 88' lang='lat' dir='ltr'><strong>quoddam</strong></span> <span class='ocrx_word' id='word_1_307' title='bbox 902 2761 1213 2825; x_wconf 88' lang='lat' dir='ltr'><strong>silentium,</strong></span> <span class='ocrx_word' id='word_1_308' title='bbox 1251 2761 1541 2832; x_wconf 86' lang='lat' dir='ltr'><strong>suggestio</strong></span> <span class='ocrx_word' id='word_1_309' title='bbox 1585 2759 1795 2816; x_wconf 90' lang='lat' dir='ltr'><strong>scilicet</strong></span> <span class='ocrx_word' id='word_1_310' title='bbox 1826 2775 1996 2816; x_wconf 87' lang='lat' dir='ltr'><strong>secu-</strong></span> 
     </span>
    </p>
   </div>
   <div class='ocr_carea' id='block_1_45' title="bbox 303 2848 1997 2919">
    <p class='ocr_par' dir='ltr' id='par_1_45' title="bbox 303 2848 1997 2919">
     <span class='ocr_line' id='line_1_45' title="bbox 303 2848 1997 2919; baseline -0.001 -14"><span class='ocrx_word' id='word_1_311' title='bbox 303 2849 487 2906; x_wconf 90' lang='lat' dir='ltr'><strong>ritatis</strong></span> <span class='ocrx_word' id='word_1_312' title='bbox 566 2864 666 2919; x_wconf 88' lang='lat' dir='ltr'><strong>pro</strong></span> <span class='ocrx_word' id='word_1_313' title='bbox 743 2849 982 2905; x_wconf 87' lang='lat' dir='ltr'><strong>victoria</strong></span> <span class='ocrx_word' id='word_1_314' title='bbox 1045 2849 1351 2918; x_wconf 89' lang='lat' dir='ltr'><strong>vitiorum;</strong></span> <span class='ocrx_word' id='word_1_315' title='bbox 1429 2849 1633 2904; x_wconf 88' lang='lat' dir='ltr'><strong>suadet</strong></span> <span class='ocrx_word' id='word_1_316' title='bbox 1696 2848 1850 2904; x_wconf 91' lang='lat' dir='ltr'><strong>enim</strong></span> <span class='ocrx_word' id='word_1_317' title='bbox 1931 2854 1997 2904; x_wconf 91' lang='lat' dir='ltr'><strong>ut</strong></span> 
     </span>
    </p>
   </div>
   <div class='ocr_carea' id='block_1_46' title="bbox 303 2935 1996 3008">
    <p class='ocr_par' dir='ltr' id='par_1_46' title="bbox 303 2935 1996 3008">
     <span class='ocr_line' id='line_1_46' title="bbox 303 2935 1996 3008; baseline -0.001 -16"><span class='ocrx_word' id='word_1_318' title='bbox 303 2938 465 2993; x_wconf 89' lang='lat' dir='ltr'><strong>sileat</strong></span> <span class='ocrx_word' id='word_1_319' title='bbox 516 2952 551 2993; x_wconf 91' lang='lat' dir='ltr'><strong>a</strong></span> <span class='ocrx_word' id='word_1_320' title='bbox 591 2936 852 3008; x_wconf 85' lang='lat' dir='ltr'><strong>jejuniis,</strong></span> <span class='ocrx_word' id='word_1_321' title='bbox 903 2936 1135 3007; x_wconf 88' lang='lat' dir='ltr'><strong>vigiliis,</strong></span> <span class='ocrx_word' id='word_1_322' title='bbox 1179 2946 1234 2992; x_wconf 91' lang='lat' dir='ltr'><strong>et</strong></span> <span class='ocrx_word' id='word_1_323' title='bbox 1276 2937 1455 2992; x_wconf 91' lang='lat' dir='ltr'><strong>animi</strong></span> <span class='ocrx_word' id='word_1_324' title='bbox 1495 2936 1755 2992; x_wconf 89' lang='lat' dir='ltr'><strong>custodia</strong></span> <span class='ocrx_word' id='word_1_325' title='bbox 1793 2935 1996 2992; x_wconf 89' lang='lat' dir='ltr'><strong>remis-</strong></span> 
     </span>
    </p>
   </div>
   <div class='ocr_carea' id='block_1_47' title="bbox 304 3025 1994 3096">
    <p class='ocr_par' dir='ltr' id='par_1_47' title="bbox 304 3025 1994 3096">
     <span class='ocr_line' id='line_1_47' title="bbox 304 3025 1994 3096; baseline -0.001 -15"><span class='ocrx_word' id='word_1_326' title='bbox 304 3027 424 3081; x_wconf 91' lang='lat' dir='ltr'><strong>sius</strong></span> <span class='ocrx_word' id='word_1_327' title='bbox 483 3025 604 3096; x_wconf 89' lang='lat' dir='ltr'><strong>jam</strong></span> <span class='ocrx_word' id='word_1_328' title='bbox 669 3025 835 3096; x_wconf 89' lang='lat' dir='ltr'><strong>quasi</strong></span> <span class='ocrx_word' id='word_1_329' title='bbox 903 3026 1084 3080; x_wconf 89' lang='lat' dir='ltr'><strong>victor</strong></span> <span class='ocrx_word' id='word_1_330' title='bbox 1155 3035 1310 3095; x_wconf 86' lang='lat' dir='ltr'><strong>agat,</strong></span> <span class='ocrx_word' id='word_1_331' title='bbox 1380 3026 1435 3081; x_wconf 89' lang='lat' dir='ltr'><strong>id</strong></span> <span class='ocrx_word' id='word_1_332' title='bbox 1508 3034 1590 3082; x_wconf 88' lang='lat' dir='ltr'><strong>est</strong></span> <span class='ocrx_word' id='word_1_333' title='bbox 1658 3032 1720 3082; x_wconf 93' lang='lat' dir='ltr'><strong>ut</strong></span> <span class='ocrx_word' id='word_1_334' title='bbox 1787 3025 1994 3081; x_wconf 88' lang='lat' dir='ltr'><strong>iterum</strong></span> 
     </span>
    </p>
   </div>
   <div class='ocr_carea' id='block_1_48' title="bbox 307 3113 1997 3186">
    <p class='ocr_par' dir='ltr' id='par_1_48' title="bbox 307 3113 1997 3186">
     <span class='ocr_line' id='line_1_48' title="bbox 307 3113 1997 3186; baseline 0 -18"><span class='ocrx_word' id='word_1_335' title='bbox 307 3113 620 3184; x_wconf 89' lang='lat' dir='ltr'><strong>pecualiter</strong></span> <span class='ocrx_word' id='word_1_336' title='bbox 663 3121 824 3170; x_wconf 90' lang='lat' dir='ltr'><strong>muta</strong></span> <span class='ocrx_word' id='word_1_337' title='bbox 865 3122 1067 3169; x_wconf 86' lang='lat' dir='ltr'><strong>contra</strong></span> <span class='ocrx_word' id='word_1_338' title='bbox 1098 3113 1313 3184; x_wconf 89' lang='lat' dir='ltr'><strong>peccati</strong></span> <span class='ocrx_word' id='word_1_339' title='bbox 1353 3114 1618 3186; x_wconf 88' lang='lat' dir='ltr'><strong>jurgium</strong></span> <span class='ocrx_word' id='word_1_340' title='bbox 1648 3113 1997 3169; x_wconf 90' lang='lat' dir='ltr'><strong>conscientia</strong></span> 
     </span>
    </p>
   </div>
   <div class='ocr_carea' id='block_1_49' title="bbox 306 3201 1992 3276">
    <p class='ocr_par' dir='ltr' id='par_1_49' title="bbox 306 3201 1992 3276">
     <span class='ocr_line' id='line_1_49' title="bbox 306 3201 1992 3276; baseline 0 -18"><span class='ocrx_word' id='word_1_341' title='bbox 306 3210 501 3258; x_wconf 90' lang='lat' dir='ltr'><strong>nostra</strong></span> <span class='ocrx_word' id='word_1_342' title='bbox 531 3201 690 3258; x_wconf 84' lang='lat' dir='ltr'><strong>vivat</strong></span> <span class='ocrx_word' id='word_1_343' title='bbox 725 3218 741 3268; x_wconf 87' lang='lat'><strong>;</strong></span> <span class='ocrx_word' id='word_1_344' title='bbox 770 3201 1011 3259; x_wconf 90' lang='lat' dir='ltr'><strong>Sodoma</strong></span> <span class='ocrx_word' id='word_1_345' title='bbox 1039 3217 1292 3274; x_wconf 91' lang='lat' dir='ltr'><strong>namque</strong></span> <span class='ocrx_word' id='word_1_346' title='bbox 1331 3219 1504 3276; x_wconf 89' lang='lat' dir='ltr'><strong>pecus</strong></span> <span class='ocrx_word' id='word_1_347' title='bbox 1550 3203 1725 3259; x_wconf 88' lang='lat' dir='ltr'><strong>silens</strong></span> <span class='ocrx_word' id='word_1_348' title='bbox 1753 3202 1992 3271; x_wconf 89' lang='lat' dir='ltr'><strong>dicitur;</strong></span> 
     </span>
    </p>
   </div>
   <div class='ocr_carea' id='block_1_50' title="bbox 303 3291 2010 3362">
    <p class='ocr_par' dir='ltr' id='par_1_50' title="bbox 303 3291 2010 3362">
     <span class='ocr_line' id='line_1_50' title="bbox 303 3291 2010 3362; baseline 0 -16"><span class='ocrx_word' id='word_1_349' title='bbox 303 3299 359 3347; x_wconf 88' lang='lat' dir='ltr'><strong>et</strong></span> <span class='ocrx_word' id='word_1_350' title='bbox 411 3291 518 3347; x_wconf 87' lang='lat' dir='ltr'><strong>hoc</strong></span> <span class='ocrx_word' id='word_1_351' title='bbox 572 3298 752 3346; x_wconf 89' lang='lat' dir='ltr'><strong>totum</strong></span> <span class='ocrx_word' id='word_1_352' title='bbox 798 3292 951 3356; x_wconf 79' lang='lat' dir='ltr'><strong>facit,</strong></span> <span class='ocrx_word' id='word_1_353' title='bbox 1008 3301 1071 3347; x_wconf 91' lang='lat' dir='ltr'><strong>ut</strong></span> <span class='ocrx_word' id='word_1_354' title='bbox 1126 3293 1184 3347; x_wconf 89' lang='lat' dir='ltr'><strong>iu</strong></span> <span class='ocrx_word' id='word_1_355' title='bbox 1215 3293 1527 3362; x_wconf 85' lang='lat' dir='ltr'><strong>dejectione</strong></span> <span class='ocrx_word' id='word_1_356' title='bbox 1569 3293 1794 3358; x_wconf 87' lang='lat' dir='ltr'><strong>mentis,</strong></span> <span class='ocrx_word' id='word_1_357' title='bbox 1841 3291 2010 3361; x_wconf 90' lang='lat' dir='ltr'><strong>quod-</strong></span> 
     </span>
    </p>
   </div>
   <div class='ocr_carea' id='block_1_51' title="bbox 309 3378 2000 3452">
    <p class='ocr_par' dir='ltr' id='par_1_51' title="bbox 309 3378 2000 3452">
     <span class='ocr_line' id='line_1_51' title="bbox 309 3378 2000 3452; baseline -0.001 -18"><span class='ocrx_word' id='word_1_358' title='bbox 309 3393 408 3448; x_wconf 89' lang='lat' dir='ltr'><strong>per</strong></span> <span class='ocrx_word' id='word_1_359' title='bbox 449 3378 654 3434; x_wconf 90' lang='lat' dir='ltr'><strong>vallem</strong></span> <span class='ocrx_word' id='word_1_360' title='bbox 702 3379 969 3450; x_wconf 87' lang='lat' dir='ltr'><strong>signatur</strong></span> <span class='ocrx_word' id='word_1_361' title='bbox 1015 3396 1117 3436; x_wconf 92' lang='lat' dir='ltr'><strong>nos</strong></span> <span class='ocrx_word' id='word_1_362' title='bbox 1161 3381 1428 3448; x_wconf 89' lang='lat' dir='ltr'><strong>detineat,</strong></span> <span class='ocrx_word' id='word_1_363' title='bbox 1462 3397 1593 3452; x_wconf 76' lang='lat' dir='ltr'><strong>quae</strong></span> <span class='ocrx_word' id='word_1_364' title='bbox 1643 3381 1805 3436; x_wconf 90' lang='lat' dir='ltr'><strong>vallis</strong></span> <span class='ocrx_word' id='word_1_365' title='bbox 1849 3380 2000 3450; x_wconf 91' lang='lat' dir='ltr'><strong>regis</strong></span> 
     </span>
    </p>
   </div>
   <div class='ocr_carea' id='block_1_52' title="bbox 303 3463 2001 3539">
    <p class='ocr_par' dir='ltr' id='par_1_52' title="bbox 303 3463 2001 3539">
     <span class='ocr_line' id='line_1_52' title="bbox 303 3463 2001 3539; baseline 0.001 -17"><span class='ocrx_word' id='word_1_366' title='bbox 303 3463 409 3529; x_wconf 81' lang='lat' dir='ltr'><strong>est,</strong></span> <span class='ocrx_word' id='word_1_367' title='bbox 482 3481 613 3537; x_wconf 69' lang='lat' dir='ltr'><strong>qua:</strong></span> <span class='ocrx_word' id='word_1_368' title='bbox 688 3467 950 3524; x_wconf 87' lang='lat' dir='ltr'><strong>videlicet</strong></span> <span class='ocrx_word' id='word_1_369' title='bbox 1033 3469 1301 3539; x_wconf 89' lang='lat' dir='ltr'><strong>pessima,</strong></span> <span class='ocrx_word' id='word_1_370' title='bbox 1357 3483 1425 3524; x_wconf 91' lang='lat' dir='ltr'><strong>ac</strong></span> <span class='ocrx_word' id='word_1_371' title='bbox 1510 3478 1714 3539; x_wconf 90' lang='lat' dir='ltr'><strong>putens</strong></span> <span class='ocrx_word' id='word_1_372' title='bbox 1792 3470 2001 3524; x_wconf 89' lang='lat' dir='ltr'><strong>mentis</strong></span> 
     </span>
    </p>
   </div>
   <div class='ocr_carea' id='block_1_53' title="bbox 311 3555 1996 3628">
    <p class='ocr_par' dir='ltr' id='par_1_53' title="bbox 311 3555 1996 3628">
     <span class='ocr_line' id='line_1_53' title="bbox 311 3555 1996 3628; baseline -0.001 -18"><span class='ocrx_word' id='word_1_373' title='bbox 311 3555 607 3611; x_wconf 88' lang='lat' dir='ltr'><strong>humilitas</strong></span> <span class='ocrx_word' id='word_1_374' title='bbox 680 3557 886 3612; x_wconf 87' lang='lat' dir='ltr'><strong>rectori</strong></span> <span class='ocrx_word' id='word_1_375' title='bbox 961 3557 1188 3614; x_wconf 90' lang='lat' dir='ltr'><strong>diabolo</strong></span> <span class='ocrx_word' id='word_1_376' title='bbox 1244 3557 1565 3628; x_wconf 85' lang='lat' dir='ltr'><strong>specialiter</strong></span> <span class='ocrx_word' id='word_1_377' title='bbox 1619 3557 1846 3612; x_wconf 89' lang='lat' dir='ltr'><strong>addicta</strong></span> <span class='ocrx_word' id='word_1_378' title='bbox 1893 3561 1996 3612; x_wconf 89' lang='lat' dir='ltr'><strong>est.</strong></span> 
     </span>
    </p>
   </div>
   <div class='ocr_carea' id='block_1_54' title="bbox 309 3644 2002 3716">
    <p class='ocr_par' dir='ltr' id='par_1_54' title="bbox 309 3644 2002 3716">
     <span class='ocr_line' id='line_1_54' title="bbox 309 3644 2002 3716; baseline -0.001 -16"><span class='ocrx_word' id='word_1_379' title='bbox 309 3645 490 3700; x_wconf 87' lang='lat' dir='ltr'><strong>Potest</strong></span> <span class='ocrx_word' id='word_1_380' title='bbox 541 3659 640 3714; x_wconf 92' lang='lat' dir='ltr'><strong>per</strong></span> <span class='ocrx_word' id='word_1_381' title='bbox 672 3645 875 3701; x_wconf 90' lang='lat' dir='ltr'><strong>vallem</strong></span> <span class='ocrx_word' id='word_1_382' title='bbox 909 3645 1071 3712; x_wconf 91' lang='lat' dir='ltr'><strong>Save,</strong></span> <span class='ocrx_word' id='word_1_383' title='bbox 1107 3647 1259 3716; x_wconf 90' lang='lat' dir='ltr'><strong>quod</strong></span> <span class='ocrx_word' id='word_1_384' title='bbox 1293 3653 1376 3702; x_wconf 90' lang='lat' dir='ltr'><strong>est</strong></span> <span class='ocrx_word' id='word_1_385' title='bbox 1419 3644 1678 3711; x_wconf 85' lang='lat' dir='ltr'><strong>elevatio,</strong></span> <span class='ocrx_word' id='word_1_386' title='bbox 1728 3644 2002 3714; x_wconf 87' lang='lat' dir='ltr'><strong>superbia</strong></span> 
     </span>
    </p>
   </div>
   <div class='ocr_carea' id='block_1_55' title="bbox 307 3732 1997 3804">
    <p class='ocr_par' dir='ltr' id='par_1_55' title="bbox 307 3732 1997 3804">
     <span class='ocr_line' id='line_1_55' title="bbox 307 3732 1997 3804; baseline 0 -16"><span class='ocrx_word' id='word_1_387' title='bbox 307 3732 507 3802; x_wconf 89' lang='lat' dir='ltr'><strong>accipi,</strong></span> <span class='ocrx_word' id='word_1_388' title='bbox 563 3748 694 3803; x_wconf 84' lang='lat' dir='ltr'><strong>quae</strong></span> <span class='ocrx_word' id='word_1_389' title='bbox 750 3748 880 3790; x_wconf 91' lang='lat' dir='ltr'><strong>cum</strong></span> <span class='ocrx_word' id='word_1_390' title='bbox 926 3735 983 3790; x_wconf 92' lang='lat' dir='ltr'><strong>in</strong></span> <span class='ocrx_word' id='word_1_391' title='bbox 1032 3735 1219 3804; x_wconf 81' lang='lat' dir='ltr'><strong>seipsa</strong></span> <span class='ocrx_word' id='word_1_392' title='bbox 1271 3734 1637 3798; x_wconf 83' lang='lat' dir='ltr'><strong>destituatur,</strong></span> <span class='ocrx_word' id='word_1_393' title='bbox 1695 3735 1842 3804; x_wconf 83' lang='lat' dir='ltr'><strong>regis</strong></span> <span class='ocrx_word' id='word_1_394' title='bbox 1895 3741 1997 3800; x_wconf 90' lang='lat' dir='ltr'><strong>est,</strong></span> 
     </span>
    </p>
   </div>
   <div class='ocr_carea' id='block_1_56' title="bbox 309 3820 1634 3894">
    <p class='ocr_par' dir='ltr' id='par_1_56' title="bbox 309 3820 1634 3894">
     <span class='ocr_line' id='line_1_56' title="bbox 309 3820 1634 3894; baseline 0.001 -19"><span class='ocrx_word' id='word_1_395' title='bbox 309 3820 449 3891; x_wconf 90' lang='lat' dir='ltr'><strong>quia</strong></span> <span class='ocrx_word' id='word_1_396' title='bbox 485 3820 751 3878; x_wconf 92' lang='lat' dir='ltr'><strong>diabolus</strong></span> <span class='ocrx_word' id='word_1_397' title='bbox 780 3823 910 3879; x_wconf 91' lang='lat' dir='ltr'><strong>filiis</strong></span> <span class='ocrx_word' id='word_1_398' title='bbox 938 3823 1224 3893; x_wconf 82' lang='lat' dir='ltr'><strong>superbiae</strong></span> <span class='ocrx_word' id='word_1_399' title='bbox 1257 3823 1634 3894; x_wconf 85' lang='lat' dir='ltr'><strong>principatur.</strong></span> 
     </span>
    </p>
   </div>
   <div class='ocr_carea' id='block_1_57' title="bbox 381 3909 2002 3979">
    <p class='ocr_par' dir='ltr' id='par_1_57' title="bbox 381 3909 2002 3979">
     <span class='ocr_line' id='line_1_57' title="bbox 381 3909 2002 3979; baseline 0 -15"><span class='ocrx_word' id='word_1_400' title='bbox 381 3909 550 3966; x_wconf 70' lang='lat' dir='ltr'><strong>Vnus.</strong></span> <span class='ocrx_word' id='word_1_401' title='bbox 607 3913 691 3976; x_wconf 85' lang='grc'><strong>18,</strong></span> <span class='ocrx_word' id='word_1_402' title='bbox 746 3914 829 3979; x_wconf 88' lang='grc'><strong>19,</strong></span> <span class='ocrx_word' id='word_1_403' title='bbox 865 3914 952 3965; x_wconf 79' lang='lat'><strong>‘20.</strong></span> <span class='ocrx_word' id='word_1_404' title='bbox 1003 3941 1070 3953; x_wconf 94' lang='lat'><strong><em>—</em></strong></span> <span class='ocrx_word' id='word_1_405' title='bbox 1101 3917 1174 3968; x_wconf 75' lang='lat' dir='ltr'><strong>At</strong></span> <span class='ocrx_word' id='word_1_406' title='bbox 1220 3928 1343 3966; x_wconf 83' lang='lat' dir='ltr'><strong>vero</strong></span> <span class='ocrx_word' id='word_1_407' title='bbox 1387 3929 1454 3966; x_wconf 66' lang='lat' dir='ltr'><strong>ex</strong></span> <span class='ocrx_word' id='word_1_408' title='bbox 1498 3913 1676 3967; x_wconf 86' lang='lat' dir='ltr'><strong>Salem</strong></span> <span class='ocrx_word' id='word_1_409' title='bbox 1732 3912 2002 3966; x_wconf 81' lang='lat' dir='ltr'><strong>Melchise-</strong></span> 
     </span>
    </p>
   </div>
   <div class='ocr_carea' id='block_1_58' title="bbox 310 3998 2001 4068">
    <p class='ocr_par' dir='ltr' id='par_1_58' title="bbox 310 3998 2001 4068">
     <span class='ocr_line' id='line_1_58' title="bbox 310 3998 2001 4068; baseline 0.002 -17"><span class='ocrx_word' id='word_1_410' title='bbox 310 3998 442 4053; x_wconf 85' lang='lat' dir='ltr'><strong>dech</strong></span> <span class='ocrx_word' id='word_1_411' title='bbox 481 4001 762 4068; x_wconf 80' lang='lat' dir='ltr'><strong>proferens</strong></span> <span class='ocrx_word' id='word_1_412' title='bbox 809 4016 1004 4068; x_wconf 71' lang='lat' dir='ltr'><strong>parum</strong></span> <span class='ocrx_word' id='word_1_413' title='bbox 1049 4006 1099 4055; x_wconf 89' lang='lat' dir='ltr'><strong>et</strong></span> <span class='ocrx_word' id='word_1_414' title='bbox 1139 4003 1347 4064; x_wconf 83' lang='lat' dir='ltr'><strong>vinum,</strong></span> <span class='ocrx_word' id='word_1_415' title='bbox 1397 4005 1516 4053; x_wconf 83' lang='lat' dir='ltr'><strong>erat</strong></span> <span class='ocrx_word' id='word_1_416' title='bbox 1565 4002 1706 4053; x_wconf 84' lang='lat' dir='ltr'><strong>enim</strong></span> <span class='ocrx_word' id='word_1_417' title='bbox 1753 4002 2001 4054; x_wconf 67' lang='lat' dir='ltr'><strong>sacerdos</strong></span> 
     </span>
    </p>
   </div>
   <div class='ocr_carea' id='block_1_59' title="bbox 314 4084 2002 4155">
    <p class='ocr_par' dir='ltr' id='par_1_59' title="bbox 314 4084 2002 4155">
     <span class='ocr_line' id='line_1_59' title="bbox 314 4084 2002 4155; baseline 0.001 -17"><span class='ocrx_word' id='word_1_418' title='bbox 314 4086 407 4138; x_wconf 83' lang='lat' dir='ltr'><strong>Dei</strong></span> <span class='ocrx_word' id='word_1_419' title='bbox 445 4084 721 4153; x_wconf 89' lang='lat' dir='ltr'><strong>altissimi,</strong></span> <span class='ocrx_word' id='word_1_420' title='bbox 769 4086 1041 4140; x_wconf 52' lang='lat' dir='ltr'><strong>baiulis-it</strong></span> <span class='ocrx_word' id='word_1_421' title='bbox 1073 4089 1142 4155; x_wconf 90' lang='lat' dir='ltr'><strong>ei,</strong></span> <span class='ocrx_word' id='word_1_422' title='bbox 1187 4092 1236 4140; x_wconf 87' lang='lat' dir='ltr'><strong>et</strong></span> <span class='ocrx_word' id='word_1_423' title='bbox 1269 4089 1392 4142; x_wconf 90' lang='lat' dir='ltr'><strong>ait:</strong></span> <span class='ocrx_word' id='word_1_424' title='bbox 1428 4087 1751 4142; x_wconf 77' lang='lat' dir='ltr'><strong>Benedictus</strong></span> <span class='ocrx_word' id='word_1_425' title='bbox 1795 4089 2002 4142; x_wconf 69' lang='lat' dir='ltr'><strong>Abram</strong></span> 
     </span>
    </p>
   </div>
   <div class='ocr_carea' id='block_1_60' title="bbox 317 4175 2000 4244">
    <p class='ocr_par' dir='ltr' id='par_1_60' title="bbox 317 4175 2000 4244">
     <span class='ocr_line' id='line_1_60' title="bbox 317 4175 2000 4244; baseline 0.001 -17"><span class='ocrx_word' id='word_1_426' title='bbox 317 4175 425 4228; x_wconf 80' lang='lat' dir='ltr'><strong>Deo</strong></span> <span class='ocrx_word' id='word_1_427' title='bbox 473 4175 696 4241; x_wconf 60' lang='lat' dir='ltr'><strong>excelso,</strong></span> <span class='ocrx_word' id='word_1_428' title='bbox 743 4177 841 4244; x_wconf 83' lang='lat' dir='ltr'><strong>qui</strong></span> <span class='ocrx_word' id='word_1_429' title='bbox 885 4179 1088 4229; x_wconf 83' lang='lat' dir='ltr'><strong>creavit</strong></span> <span class='ocrx_word' id='word_1_430' title='bbox 1119 4177 1306 4229; x_wconf 80' lang='lat' dir='ltr'><strong>cwlum</strong></span> <span class='ocrx_word' id='word_1_431' title='bbox 1344 4181 1393 4228; x_wconf 90' lang='lat' dir='ltr'><strong>et</strong></span> <span class='ocrx_word' id='word_1_432' title='bbox 1425 4182 1656 4242; x_wconf 85' lang='lat' dir='ltr'><strong>terram;</strong></span> <span class='ocrx_word' id='word_1_433' title='bbox 1703 4183 1753 4230; x_wconf 90' lang='lat' dir='ltr'><strong>et</strong></span> <span class='ocrx_word' id='word_1_434' title='bbox 1784 4177 2000 4230; x_wconf 76' lang='lat' dir='ltr'><strong>benedi-</strong></span> 
     </span>
    </p>
   </div>
   <div class='ocr_carea' id='block_1_61' title="bbox 310 4263 2002 4333">
    <p class='ocr_par' dir='ltr' id='par_1_61' title="bbox 310 4263 2002 4333">
     <span class='ocr_line' id='line_1_61' title="bbox 310 4263 2002 4333; baseline 0.002 -16"><span class='ocrx_word' id='word_1_435' title='bbox 310 4268 424 4318; x_wconf 88' lang='lat' dir='ltr'><strong>ctus</strong></span> <span class='ocrx_word' id='word_1_436' title='bbox 456 4263 601 4318; x_wconf 84' lang='lat' dir='ltr'><strong>Deus</strong></span> <span class='ocrx_word' id='word_1_437' title='bbox 643 4265 903 4330; x_wconf 58' lang='lat' dir='ltr'><strong>eecelsus,</strong></span> <span class='ocrx_word' id='word_1_438' title='bbox 949 4281 1054 4333; x_wconf 84' lang='lat' dir='ltr'><strong>quo</strong></span> <span class='ocrx_word' id='word_1_439' title='bbox 1083 4271 1389 4333; x_wconf 78' lang='lat' dir='ltr'><strong>protegente</strong></span> <span class='ocrx_word' id='word_1_440' title='bbox 1420 4265 1594 4320; x_wconf 82' lang='lat' dir='ltr'><strong>hostes</strong></span> <span class='ocrx_word' id='word_1_441' title='bbox 1647 4269 1705 4320; x_wconf 86' lang='lat' dir='ltr'><strong>in</strong></span> <span class='ocrx_word' id='word_1_442' title='bbox 1753 4267 2002 4321; x_wconf 81' lang='lat' dir='ltr'><strong>manibus</strong></span> 
     </span>
    </p>
   </div>
   <div class='ocr_carea' id='block_1_62' title="bbox 313 4353 2000 4419">
    <p class='ocr_par' dir='ltr' id='par_1_62' title="bbox 313 4353 2000 4419">
     <span class='ocr_line' id='line_1_62' title="bbox 313 4353 2000 4419; baseline 0.004 -15"><span class='ocrx_word' id='word_1_443' title='bbox 313 4356 421 4407; x_wconf 87' lang='lat' dir='ltr'><strong>tuis</strong></span> <span class='ocrx_word' id='word_1_444' title='bbox 467 4357 624 4419; x_wconf 89' lang='lat' dir='ltr'><strong>sunt;</strong></span> <span class='ocrx_word' id='word_1_445' title='bbox 671 4357 723 4407; x_wconf 85' lang='lat' dir='ltr'><strong>et</strong></span> <span class='ocrx_word' id='word_1_446' title='bbox 751 4353 904 4408; x_wconf 87' lang='lat' dir='ltr'><strong>dedit</strong></span> <span class='ocrx_word' id='word_1_447' title='bbox 933 4356 984 4408; x_wconf 85' lang='lat' dir='ltr'><strong>ei</strong></span> <span class='ocrx_word' id='word_1_448' title='bbox 1028 4354 1262 4408; x_wconf 84' lang='lat' dir='ltr'><strong>decimas</strong></span> <span class='ocrx_word' id='word_1_449' title='bbox 1291 4371 1358 4408; x_wconf 77' lang='lat' dir='ltr'><strong>ea:</strong></span> <span class='ocrx_word' id='word_1_450' title='bbox 1399 4355 1664 4409; x_wconf 84' lang='lat' dir='ltr'><strong>omnibus.</strong></span> <span class='ocrx_word' id='word_1_451' title='bbox 1711 4355 2000 4411; x_wconf 83' lang='lat' dir='ltr'><strong>Melchise-</strong></span> 
     </span>
    </p>
   </div>
   <div class='ocr_carea' id='block_1_63' title="bbox 2101 1963 3794 2039">
    <p class='ocr_par' dir='ltr' id='par_1_63' title="bbox 2101 1963 3794 2039">
     <span class='ocr_line' id='line_1_63' title="bbox 2101 1963 3794 2039; baseline 0.002 -22"><span class='ocrx_word' id='word_1_452' title='bbox 2101 1963 2228 2034; x_wconf 90' lang='lat' dir='ltr'><strong>pide</strong></span> <span class='ocrx_word' id='word_1_453' title='bbox 2288 1966 2508 2034; x_wconf 89' lang='lat' dir='ltr'><strong>agendo</strong></span> <span class='ocrx_word' id='word_1_454' title='bbox 2562 1982 2634 2021; x_wconf 85' lang='lat' dir='ltr'><strong>ex</strong></span> <span class='ocrx_word' id='word_1_455' title='bbox 2691 1967 2778 2023; x_wconf 89' lang='lat' dir='ltr'><strong>bis</strong></span> <span class='ocrx_word' id='word_1_456' title='bbox 2826 1983 2958 2038; x_wconf 80' lang='lat' dir='ltr'><strong>quae</strong></span> <span class='ocrx_word' id='word_1_457' title='bbox 3005 1970 3297 2039; x_wconf 89' lang='lat' dir='ltr'><strong>superavit</strong></span> <span class='ocrx_word' id='word_1_458' title='bbox 3347 1969 3642 2034; x_wconf 87' lang='lat' dir='ltr'><strong>omnibus,</strong></span> <span class='ocrx_word' id='word_1_459' title='bbox 3695 1982 3794 2023; x_wconf 88' lang='lat' dir='ltr'><strong>nec</strong></span> 
     </span>
    </p>
   </div>
   <div class='ocr_carea' id='block_1_64' title="bbox 2099 2051 3793 2127">
    <p class='ocr_par' dir='ltr' id='par_1_64' title="bbox 2099 2051 3793 2127">
     <span class='ocr_line' id='line_1_64' title="bbox 2099 2051 3793 2127; baseline 0.001 -20"><span class='ocrx_word' id='word_1_460' title='bbox 2099 2051 2312 2108; x_wconf 89' lang='lat' dir='ltr'><strong>mirum</strong></span> <span class='ocrx_word' id='word_1_461' title='bbox 2358 2053 2429 2109; x_wconf 91' lang='lat' dir='ltr'><strong>sit</strong></span> <span class='ocrx_word' id='word_1_462' title='bbox 2460 2054 2672 2125; x_wconf 90' lang='lat' dir='ltr'><strong>cuique</strong></span> <span class='ocrx_word' id='word_1_463' title='bbox 2715 2071 2818 2111; x_wconf 91' lang='lat' dir='ltr'><strong>nos</strong></span> <span class='ocrx_word' id='word_1_464' title='bbox 2871 2057 3018 2112; x_wconf 91' lang='lat' dir='ltr'><strong>idem</strong></span> <span class='ocrx_word' id='word_1_465' title='bbox 3053 2071 3153 2127; x_wconf 91' lang='lat' dir='ltr'><strong>per</strong></span> <span class='ocrx_word' id='word_1_466' title='bbox 3202 2056 3611 2113; x_wconf 78' lang='lat' dir='ltr'><strong>Melchisedech</strong></span> <span class='ocrx_word' id='word_1_467' title='bbox 3644 2055 3793 2126; x_wconf 86' lang='lat' dir='ltr'><strong>quod</strong></span> 
     </span>
    </p>
   </div>
   <div class='ocr_carea' id='block_1_65' title="bbox 2101 2142 3795 2215">
    <p class='ocr_par' dir='ltr' id='par_1_65' title="bbox 2101 2142 3795 2215">
     <span class='ocr_line' id='line_1_65' title="bbox 2101 2142 3795 2215; baseline 0.001 -19"><span class='ocrx_word' id='word_1_468' title='bbox 2101 2155 2203 2210; x_wconf 89' lang='lat' dir='ltr'><strong>per</strong></span> <span class='ocrx_word' id='word_1_469' title='bbox 2238 2142 2454 2198; x_wconf 82' lang='lat' dir='ltr'><strong>Abram</strong></span> <span class='ocrx_word' id='word_1_470' title='bbox 2507 2144 2753 2208; x_wconf 86' lang='lat' dir='ltr'><strong>voluisse</strong></span> <span class='ocrx_word' id='word_1_471' title='bbox 2801 2145 3076 2215; x_wconf 89' lang='lat' dir='ltr'><strong>accipere,</strong></span> <span class='ocrx_word' id='word_1_472' title='bbox 3127 2161 3257 2202; x_wconf 90' lang='lat' dir='ltr'><strong>cum</strong></span> <span class='ocrx_word' id='word_1_473' title='bbox 3310 2147 3620 2202; x_wconf 90' lang='lat' dir='ltr'><strong>innumera</strong></span> <span class='ocrx_word' id='word_1_474' title='bbox 3669 2144 3795 2200; x_wconf 90' lang='lat' dir='ltr'><strong>talia</strong></span> 
     </span>
    </p>
   </div>
   <div class='ocr_carea' id='block_1_66' title="bbox 2101 2229 3796 2302">
    <p class='ocr_par' dir='ltr' id='par_1_66' title="bbox 2101 2229 3796 2302">
     <span class='ocr_line' id='line_1_66' title="bbox 2101 2229 3796 2302; baseline 0.002 -19"><span class='ocrx_word' id='word_1_475' title='bbox 2101 2229 2466 2299; x_wconf 88' lang='lat' dir='ltr'><strong>reperiantur</strong></span> <span class='ocrx_word' id='word_1_476' title='bbox 2513 2231 2571 2287; x_wconf 92' lang='lat' dir='ltr'><strong>in</strong></span> <span class='ocrx_word' id='word_1_477' title='bbox 2620 2233 2952 2302; x_wconf 88' lang='lat' dir='ltr'><strong>Scripturis.</strong></span> <span class='ocrx_word' id='word_1_478' title='bbox 2989 2234 3304 2302; x_wconf 68' lang='lat' dir='ltr'><strong>praesertim</strong></span> <span class='ocrx_word' id='word_1_479' title='bbox 3333 2248 3465 2289; x_wconf 93' lang='lat' dir='ltr'><strong>cum</strong></span> <span class='ocrx_word' id='word_1_480' title='bbox 3517 2232 3796 2302; x_wconf 77' lang='lat' dir='ltr'><strong>etymolo-</strong></span> 
     </span>
    </p>
   </div>
   <div class='ocr_carea' id='block_1_67' title="bbox 2101 2317 3793 2392">
    <p class='ocr_par' dir='ltr' id='par_1_67' title="bbox 2101 2317 3793 2392">
     <span class='ocr_line' id='line_1_67' title="bbox 2101 2317 3793 2392; baseline 0.002 -21"><span class='ocrx_word' id='word_1_481' title='bbox 2101 2317 2196 2387; x_wconf 85' lang='lat' dir='ltr'><strong>gia</strong></span> <span class='ocrx_word' id='word_1_482' title='bbox 2248 2318 2548 2376; x_wconf 90' lang='lat' dir='ltr'><strong>nominum</strong></span> <span class='ocrx_word' id='word_1_483' title='bbox 2597 2321 2849 2376; x_wconf 87' lang='lat' dir='ltr'><strong>arrideat</strong></span> <span class='ocrx_word' id='word_1_484' title='bbox 2897 2321 3037 2390; x_wconf 91' lang='lat' dir='ltr'><strong>loco,</strong></span> <span class='ocrx_word' id='word_1_485' title='bbox 3083 2329 3137 2378; x_wconf 90' lang='lat' dir='ltr'><strong>et</strong></span> <span class='ocrx_word' id='word_1_486' title='bbox 3185 2322 3441 2378; x_wconf 85' lang='lat' dir='ltr'><strong>Sodomae</strong></span> <span class='ocrx_word' id='word_1_487' title='bbox 3485 2323 3606 2392; x_wconf 90' lang='lat' dir='ltr'><strong>regi</strong></span> <span class='ocrx_word' id='word_1_488' title='bbox 3658 2336 3793 2391; x_wconf 82' lang='lat' dir='ltr'><strong>prae-</strong></span> 
     </span>
    </p>
   </div>
   <div class='ocr_carea' id='block_1_68' title="bbox 2102 2406 3798 2479">
    <p class='ocr_par' dir='ltr' id='par_1_68' title="bbox 2102 2406 3798 2479">
     <span class='ocr_line' id='line_1_68' title="bbox 2102 2406 3798 2479; baseline 0.002 -19"><span class='ocrx_word' id='word_1_489' title='bbox 2102 2406 2293 2473; x_wconf 89' lang='lat' dir='ltr'><strong>misso,</strong></span> <span class='ocrx_word' id='word_1_490' title='bbox 2342 2409 2497 2478; x_wconf 92' lang='lat' dir='ltr'><strong>quod</strong></span> <span class='ocrx_word' id='word_1_491' title='bbox 2546 2408 2604 2464; x_wconf 90' lang='lat' dir='ltr'><strong>in</strong></span> <span class='ocrx_word' id='word_1_492' title='bbox 2637 2409 2979 2479; x_wconf 79' lang='lat' dir='ltr'><strong>Apocalypsi</strong></span> <span class='ocrx_word' id='word_1_493' title='bbox 3010 2409 3272 2466; x_wconf 90' lang='lat' dir='ltr'><strong>similiter</strong></span> <span class='ocrx_word' id='word_1_494' title='bbox 3302 2410 3395 2479; x_wconf 86' lang='lat' dir='ltr'><strong>agi</strong></span> <span class='ocrx_word' id='word_1_495' title='bbox 3436 2419 3662 2466; x_wconf 88' lang='lat' dir='ltr'><strong>constat</strong></span> <span class='ocrx_word' id='word_1_496' title='bbox 3706 2423 3798 2478; x_wconf 83' lang='lat' dir='ltr'><strong>per</strong></span> 
     </span>
    </p>
   </div>
   <div class='ocr_carea' id='block_1_69' title="bbox 2101 2495 3798 2568">
    <p class='ocr_par' dir='ltr' id='par_1_69' title="bbox 2101 2495 3798 2568">
     <span class='ocr_line' id='line_1_69' title="bbox 2101 2495 3798 2568; baseline 0.003 -20"><span class='ocrx_word' id='word_1_497' title='bbox 2101 2495 2353 2565; x_wconf 84' lang='lat' dir='ltr'><strong>angelos,</strong></span> <span class='ocrx_word' id='word_1_498' title='bbox 2439 2496 2588 2552; x_wconf 87' lang='lat' dir='ltr'><strong>idem</strong></span> <span class='ocrx_word' id='word_1_499' title='bbox 2678 2513 2794 2553; x_wconf 91' lang='lat' dir='ltr'><strong>uno</strong></span> <span class='ocrx_word' id='word_1_500' title='bbox 2870 2499 2928 2553; x_wconf 92' lang='lat' dir='ltr'><strong>in</strong></span> <span class='ocrx_word' id='word_1_501' title='bbox 2999 2498 3122 2554; x_wconf 94' lang='lat' dir='ltr'><strong>loco</strong></span> <span class='ocrx_word' id='word_1_502' title='bbox 3186 2499 3597 2568; x_wconf 80' lang='lat' dir='ltr'><strong>significantes,</strong></span> <span class='ocrx_word' id='word_1_503' title='bbox 3687 2514 3798 2567; x_wconf 86' lang='lat' dir='ltr'><strong>quo</strong></span> 
     </span>
    </p>
   </div>
   <div class='ocr_carea' id='block_1_70' title="bbox 2100 2585 3793 2658">
    <p class='ocr_par' dir='ltr' id='par_1_70' title="bbox 2100 2585 3793 2658">
     <span class='ocr_line' id='line_1_70' title="bbox 2100 2585 3793 2658; baseline 0.002 -22"><span class='ocrx_word' id='word_1_504' title='bbox 2100 2590 2299 2638; x_wconf 91' lang='lat' dir='ltr'><strong>contra</strong></span> <span class='ocrx_word' id='word_1_505' title='bbox 2329 2585 2525 2640; x_wconf 89' lang='lat' dir='ltr'><strong>eadem</strong></span> <span class='ocrx_word' id='word_1_506' title='bbox 2553 2585 2843 2642; x_wconf 81' lang='lat' dir='ltr'><strong>diversum</strong></span> <span class='ocrx_word' id='word_1_507' title='bbox 2875 2588 3126 2658; x_wconf 90' lang='lat' dir='ltr'><strong>signant,</strong></span> <span class='ocrx_word' id='word_1_508' title='bbox 3181 2595 3242 2643; x_wconf 92' lang='lat' dir='ltr'><strong>ut</strong></span> <span class='ocrx_word' id='word_1_509' title='bbox 3269 2596 3353 2642; x_wconf 90' lang='lat' dir='ltr'><strong>est</strong></span> <span class='ocrx_word' id='word_1_510' title='bbox 3386 2602 3398 2640; x_wconf 93' lang='lat'>:</span> <span class='ocrx_word' id='word_1_511' title='bbox 3450 2588 3793 2653; x_wconf 78' lang='lat' dir='ltr'><strong>chnubunt,</strong></span> 
     </span>
    </p>
   </div>
   <div class='ocr_carea' id='block_1_71' title="bbox 2102 2671 3796 2741">
    <p class='ocr_par' dir='ltr' id='par_1_71' title="bbox 2102 2671 3796 2741">
     <span class='ocr_line' id='line_1_71' title="bbox 2102 2671 3796 2741; baseline 0.002 -15"><span class='ocrx_word' id='word_1_512' title='bbox 2102 2671 2312 2741; x_wconf 83' lang='lat' dir='ltr'><strong>inquit,</strong></span> <span class='ocrx_word' id='word_1_513' title='bbox 2371 2677 2548 2728; x_wconf 82' lang='lat' dir='ltr'><strong>sancti</strong></span> <span class='ocrx_word' id='word_1_514' title='bbox 2574 2691 2693 2729; x_wconf 88' lang='lat' dir='ltr'><strong>cum</strong></span> <span class='ocrx_word' id='word_1_515' title='bbox 2721 2675 2936 2731; x_wconf 82' lang='lat' dir='ltr'><strong>Christo</strong></span> <span class='ocrx_word' id='word_1_516' title='bbox 2990 2678 3134 2729; x_wconf 86' lang='lat' dir='ltr'><strong>mille</strong></span> <span class='ocrx_word' id='word_1_517' title='bbox 3163 2679 3342 2730; x_wconf 87' lang='lat' dir='ltr'><strong>annis.</strong></span> <span class='ocrx_word' id='word_1_518' title='bbox 3400 2676 3469 2731; x_wconf 88' lang='lat' dir='ltr'><strong>Et</strong></span> <span class='ocrx_word' id='word_1_519' title='bbox 3519 2675 3634 2731; x_wconf 88' lang='lat' dir='ltr'><strong>sub</strong></span> <span class='ocrx_word' id='word_1_520' title='bbox 3691 2674 3796 2730; x_wconf 87' lang='lat' dir='ltr'><strong>alio</strong></span> 
     </span>
    </p>
   </div>
   <div class='ocr_carea' id='block_1_72' title="bbox 2101 2760 3796 2832">
    <p class='ocr_par' dir='ltr' id='par_1_72' title="bbox 2101 2760 3796 2832">
     <span class='ocr_line' id='line_1_72' title="bbox 2101 2760 3796 2832; baseline 0.001 -17"><span class='ocrx_word' id='word_1_521' title='bbox 2101 2760 2293 2816; x_wconf 86' lang='lat' dir='ltr'><strong>statim</strong></span> <span class='ocrx_word' id='word_1_522' title='bbox 2369 2776 2588 2818; x_wconf 88' lang='lat' dir='ltr'><strong>sensu:</strong></span> <span class='ocrx_word' id='word_1_523' title='bbox 2640 2765 2952 2832; x_wconf 76' lang='lat' dir='ltr'><strong>Postquam,</strong></span> <span class='ocrx_word' id='word_1_524' title='bbox 3029 2765 3128 2832; x_wconf 90' lang='lat' dir='ltr'><strong>ait,</strong></span> <span class='ocrx_word' id='word_1_525' title='bbox 3183 2767 3540 2819; x_wconf 88' lang='lat' dir='ltr'><strong>consummati</strong></span> <span class='ocrx_word' id='word_1_526' title='bbox 3589 2766 3796 2832; x_wconf 81' lang='lat' dir='ltr'><strong>fuerint</strong></span> 
     </span>
    </p>
   </div>
   <div class='ocr_carea' id='block_1_73' title="bbox 2102 2851 3439 2922">
    <p class='ocr_par' dir='ltr' id='par_1_73' title="bbox 2102 2851 3439 2922">
     <span class='ocr_line' id='line_1_73' title="bbox 2102 2851 3439 2922; baseline 0.004 -21"><span class='ocrx_word' id='word_1_527' title='bbox 2102 2851 2248 2903; x_wconf 86' lang='lat' dir='ltr'><strong>mille</strong></span> <span class='ocrx_word' id='word_1_528' title='bbox 2277 2853 2431 2915; x_wconf 89' lang='lat' dir='ltr'><strong>anni,</strong></span> <span class='ocrx_word' id='word_1_529' title='bbox 2463 2853 2701 2905; x_wconf 84' lang='lat' dir='ltr'><strong>solvetur</strong></span> <span class='ocrx_word' id='word_1_530' title='bbox 2731 2855 2972 2906; x_wconf 85' lang='lat' dir='ltr'><strong>Satanas</strong></span> <span class='ocrx_word' id='word_1_531' title='bbox 3004 2857 3198 2922; x_wconf 69' lang='lat' dir='ltr'><strong>(dpoc.</strong></span> <span class='ocrx_word' id='word_1_532' title='bbox 3231 2868 3329 2920; x_wconf 85' lang='lat' dir='ltr'><strong>xx,</strong></span> <span class='ocrx_word' id='word_1_533' title='bbox 3361 2855 3439 2921; x_wconf 87' lang='grc'><strong>6).</strong></span> 
     </span>
    </p>
   </div>
   <div class='ocr_carea' id='block_1_74' title="bbox 2175 2938 3796 3007">
    <p class='ocr_par' dir='ltr' id='par_1_74' title="bbox 2175 2938 3796 3007">
     <span class='ocr_line' id='line_1_74' title="bbox 2175 2938 3796 3007; baseline -0.001 -13"><span class='ocrx_word' id='word_1_534' title='bbox 2175 2938 2348 2994; x_wconf 73' lang='lat' dir='ltr'><strong>Vatis.</strong></span> <span class='ocrx_word' id='word_1_535' title='bbox 2396 2943 2484 3007; x_wconf 84' lang='lat'><strong>2|,</strong></span> <span class='ocrx_word' id='word_1_536' title='bbox 2533 2944 2622 3006; x_wconf 76' lang='lat'><strong>22,</strong></span> <span class='ocrx_word' id='word_1_537' title='bbox 2671 2943 2760 2994; x_wconf 84' lang='lat'><strong>23.</strong></span> <span class='ocrx_word' id='word_1_538' title='bbox 2797 2972 2864 2980; x_wconf 97' lang='lat'><strong><em>—</em></strong></span> <span class='ocrx_word' id='word_1_539' title='bbox 2919 2945 3069 2997; x_wconf 67' lang='lat' dir='ltr'><strong>Dicit</strong></span> <span class='ocrx_word' id='word_1_540' title='bbox 3095 2948 3273 2996; x_wconf 85' lang='lat' dir='ltr'><strong>autem</strong></span> <span class='ocrx_word' id='word_1_541' title='bbox 3302 2959 3401 2996; x_wconf 72' lang='lat' dir='ltr'><strong>rea:</strong></span> <span class='ocrx_word' id='word_1_542' title='bbox 3442 2941 3796 2997; x_wconf 86' lang='lat' dir='ltr'><strong>Sodomorum</strong></span> 
     </span>
    </p>
   </div>
   <div class='ocr_carea' id='block_1_75' title="bbox 2103 3025 3794 3097">
    <p class='ocr_par' dir='ltr' id='par_1_75' title="bbox 2103 3025 3794 3097">
     <span class='ocr_line' id='line_1_75' title="bbox 2103 3025 3794 3097; baseline 0.001 -19"><span class='ocrx_word' id='word_1_543' title='bbox 2103 3025 2176 3079; x_wconf 83' lang='lat' dir='ltr'><strong>ad</strong></span> <span class='ocrx_word' id='word_1_544' title='bbox 2231 3027 2558 3082; x_wconf 83' lang='lat' dir='ltr'><strong>Abraham:</strong></span> <span class='ocrx_word' id='word_1_545' title='bbox 2617 3031 2701 3084; x_wconf 85' lang='lat' dir='ltr'><strong>Da</strong></span> <span class='ocrx_word' id='word_1_546' title='bbox 2757 3030 2896 3083; x_wconf 85' lang='lat' dir='ltr'><strong>mihi</strong></span> <span class='ocrx_word' id='word_1_547' title='bbox 2952 3033 3186 3097; x_wconf 84' lang='lat' dir='ltr'><strong>animos,</strong></span> <span class='ocrx_word' id='word_1_548' title='bbox 3254 3038 3445 3084; x_wconf 81' lang='lat' dir='ltr'><strong>caetera</strong></span> <span class='ocrx_word' id='word_1_549' title='bbox 3495 3031 3620 3083; x_wconf 87' lang='lat' dir='ltr'><strong>tolle</strong></span> <span class='ocrx_word' id='word_1_550' title='bbox 3681 3029 3794 3082; x_wconf 83' lang='lat' dir='ltr'><strong>tibi.</strong></span> 
     </span>
    </p>
   </div>
   <div class='ocr_carea' id='block_1_76' title="bbox 2057 3115 3795 3187">
    <p class='ocr_par' dir='ltr' id='par_1_76' title="bbox 2057 3115 3795 3187">
     <span class='ocr_line' id='line_1_76' title="bbox 2057 3115 3795 3187; baseline 0.002 -21"><span class='ocrx_word' id='word_1_551' title='bbox 2057 3166 2072 3181; x_wconf 63' lang='grc'>,</span> <span class='ocrx_word' id='word_1_552' title='bbox 2104 3115 2209 3183; x_wconf 80' lang='grc' dir='ltr'><strong>ριιί</strong></span> <span class='ocrx_word' id='word_1_553' title='bbox 2262 3115 2540 3182; x_wconf 83' lang='lat' dir='ltr'><strong>respondit</strong></span> <span class='ocrx_word' id='word_1_554' title='bbox 2589 3119 2684 3170; x_wconf 87' lang='lat' dir='ltr'><strong>ei:</strong></span> <span class='ocrx_word' id='word_1_555' title='bbox 2730 3119 2890 3183; x_wconf 75' lang='lat' dir='ltr'><strong>Leve,</strong></span> <span class='ocrx_word' id='word_1_556' title='bbox 2951 3119 3050 3185; x_wconf 87' lang='lat' dir='ltr'><strong>ait,</strong></span> <span class='ocrx_word' id='word_1_557' title='bbox 3102 3135 3321 3172; x_wconf 78' lang='lat' dir='ltr'><strong>manum</strong></span> <span class='ocrx_word' id='word_1_558' title='bbox 3373 3134 3566 3183; x_wconf 89' lang='lat' dir='ltr'><strong>meam,</strong></span> <span class='ocrx_word' id='word_1_559' title='bbox 3628 3129 3795 3187; x_wconf 83' lang='lat' dir='ltr'><strong>opera</strong></span> 
     </span>
    </p>
   </div>
   <div class='ocr_carea' id='block_1_77' title="bbox 2105 3202 3798 3276">
    <p class='ocr_par' dir='ltr' id='par_1_77' title="bbox 2105 3202 3798 3276">
     <span class='ocr_line' id='line_1_77' title="bbox 2105 3202 3798 3276; baseline 0.001 -20"><span class='ocrx_word' id='word_1_560' title='bbox 2105 3217 2230 3257; x_wconf 89' lang='lat' dir='ltr'><strong>mea</strong></span> <span class='ocrx_word' id='word_1_561' title='bbox 2278 3203 2529 3260; x_wconf 89' lang='lat' dir='ltr'><strong>referens</strong></span> <span class='ocrx_word' id='word_1_562' title='bbox 2571 3206 2641 3261; x_wconf 92' lang='lat' dir='ltr'><strong>ad</strong></span> <span class='ocrx_word' id='word_1_563' title='bbox 2688 3205 2868 3261; x_wconf 87' lang='lat' dir='ltr'><strong>Deum</strong></span> <span class='ocrx_word' id='word_1_564' title='bbox 2906 3221 3021 3261; x_wconf 90' lang='lat' dir='ltr'><strong>non</strong></span> <span class='ocrx_word' id='word_1_565' title='bbox 3071 3221 3173 3276; x_wconf 92' lang='lat' dir='ltr'><strong>pro</strong></span> <span class='ocrx_word' id='word_1_566' title='bbox 3220 3205 3656 3276; x_wconf 88' lang='lat' dir='ltr'><strong>temporalibus,</strong></span> <span class='ocrx_word' id='word_1_567' title='bbox 3709 3202 3798 3260; x_wconf 90' lang='lat' dir='ltr'><strong>sed</strong></span> 
     </span>
    </p>
   </div>
   <div class='ocr_carea' id='block_1_78' title="bbox 2104 3291 3798 3364">
    <p class='ocr_par' dir='ltr' id='par_1_78' title="bbox 2104 3291 3798 3364">
     <span class='ocr_line' id='line_1_78' title="bbox 2104 3291 3798 3364; baseline 0.001 -18"><span class='ocrx_word' id='word_1_568' title='bbox 2104 3299 2332 3361; x_wconf 89' lang='lat' dir='ltr'><strong>propter</strong></span> <span class='ocrx_word' id='word_1_569' title='bbox 2413 3291 2602 3362; x_wconf 89' lang='lat' dir='ltr'><strong>ipsum</strong></span> <span class='ocrx_word' id='word_1_570' title='bbox 2655 3294 2876 3350; x_wconf 81' lang='lat' dir='ltr'><strong>excelse</strong></span> <span class='ocrx_word' id='word_1_571' title='bbox 2935 3295 3359 3364; x_wconf 87' lang='lat' dir='ltr'><strong>attingendum,</strong></span> <span class='ocrx_word' id='word_1_572' title='bbox 3423 3293 3527 3364; x_wconf 91' lang='lat' dir='ltr'><strong>qui</strong></span> <span class='ocrx_word' id='word_1_573' title='bbox 3592 3293 3798 3349; x_wconf 69' lang='lat' dir='ltr'><strong>caelum</strong></span> 
     </span>
    </p>
   </div>
   <div class='ocr_carea' id='block_1_79' title="bbox 2106 3379 3801 3451">
    <p class='ocr_par' dir='ltr' id='par_1_79' title="bbox 2106 3379 3801 3451">
     <span class='ocr_line' id='line_1_79' title="bbox 2106 3379 3801 3451; baseline 0.001 -17"><span class='ocrx_word' id='word_1_574' title='bbox 2106 3379 2508 3435; x_wconf 85' lang='lat' dir='ltr'><strong>rationalitatis</strong></span> <span class='ocrx_word' id='word_1_575' title='bbox 2562 3389 2892 3451; x_wconf 89' lang='lat' dir='ltr'><strong>terramque</strong></span> <span class='ocrx_word' id='word_1_576' title='bbox 2958 3381 3384 3438; x_wconf 76' lang='lat' dir='ltr'><strong>aﬂectualitatis</strong></span> <span class='ocrx_word' id='word_1_577' title='bbox 3435 3396 3574 3436; x_wconf 80' lang='lat' dir='ltr'><strong>meae</strong></span> <span class='ocrx_word' id='word_1_578' title='bbox 3655 3381 3801 3437; x_wconf 85' lang='lat' dir='ltr'><strong>inte-</strong></span> 
     </span>
    </p>
   </div>
   <div class='ocr_carea' id='block_1_80' title="bbox 2106 3467 3799 3540">
    <p class='ocr_par' dir='ltr' id='par_1_80' title="bbox 2106 3467 3799 3540">
     <span class='ocr_line' id='line_1_80' title="bbox 2106 3467 3799 3540; baseline 0 -18"><span class='ocrx_word' id='word_1_579' title='bbox 2106 3467 2230 3522; x_wconf 89' lang='lat' dir='ltr'><strong>rius</strong></span> <span class='ocrx_word' id='word_1_580' title='bbox 2299 3469 2550 3536; x_wconf 83' lang='lat' dir='ltr'><strong>aspirata</strong></span> <span class='ocrx_word' id='word_1_581' title='bbox 2622 3470 2887 3539; x_wconf 90' lang='lat' dir='ltr'><strong>possidet,</strong></span> <span class='ocrx_word' id='word_1_582' title='bbox 2942 3471 3098 3540; x_wconf 93' lang='lat' dir='ltr'><strong>quod</strong></span> <span class='ocrx_word' id='word_1_583' title='bbox 3152 3485 3186 3524; x_wconf 94' lang='lat' dir='ltr'><strong>a</strong></span> <span class='ocrx_word' id='word_1_584' title='bbox 3247 3471 3338 3525; x_wconf 83' lang='lat' dir='ltr'><strong>filo</strong></span> <span class='ocrx_word' id='word_1_585' title='bbox 3394 3469 3799 3540; x_wconf 85' lang='lat' dir='ltr'><strong>subtegminis,</strong></span> 
     </span>
    </p>
   </div>
   <div class='ocr_carea' id='block_1_81' title="bbox 2104 3559 3800 3629">
    <p class='ocr_par' dir='ltr' id='par_1_81' title="bbox 2104 3559 3800 3629">
     <span class='ocr_line' id='line_1_81' title="bbox 2104 3559 3800 3629; baseline 0.001 -19"><span class='ocrx_word' id='word_1_586' title='bbox 2104 3562 2203 3610; x_wconf 73' lang='lat' dir='ltr'><strong>os</strong></span> <span class='ocrx_word' id='word_1_587' title='bbox 2288 3572 2462 3627; x_wconf 89' lang='lat' dir='ltr'><strong>opera</strong></span> <span class='ocrx_word' id='word_1_588' title='bbox 2536 3574 2605 3614; x_wconf 88' lang='lat' dir='ltr'><strong>ne</strong></span> <span class='ocrx_word' id='word_1_589' title='bbox 2672 3559 2914 3614; x_wconf 81' lang='lat' dir='ltr'><strong>efﬂuant</strong></span> <span class='ocrx_word' id='word_1_590' title='bbox 2980 3559 3223 3614; x_wconf 89' lang='lat' dir='ltr'><strong>solidata</strong></span> <span class='ocrx_word' id='word_1_591' title='bbox 3308 3559 3800 3629; x_wconf 88' lang='lat' dir='ltr'><strong>constringimus:</strong></span> 
     </span>
    </p>
   </div>
   <div class='ocr_carea' id='block_1_82' title="bbox 2106 3644 3801 3717">
    <p class='ocr_par' dir='ltr' id='par_1_82' title="bbox 2106 3644 3801 3717">
     <span class='ocr_line' id='line_1_82' title="bbox 2106 3644 3801 3717; baseline 0 -17"><span class='ocrx_word' id='word_1_592' title='bbox 2106 3644 2302 3709; x_wconf 69' lang='lat' dir='ltr'><strong>(Vens.</strong></span> <span class='ocrx_word' id='word_1_593' title='bbox 2365 3646 2478 3713; x_wconf 72' lang='grc'><strong>24.)</strong></span> <span class='ocrx_word' id='word_1_594' title='bbox 2526 3649 2620 3713; x_wconf 77' lang='lat' dir='ltr'><strong>Ne,</strong></span> <span class='ocrx_word' id='word_1_595' title='bbox 2670 3647 2878 3717; x_wconf 83' lang='lat' dir='ltr'><strong>inquit,</strong></span> <span class='ocrx_word' id='word_1_596' title='bbox 2930 3647 3126 3702; x_wconf 76' lang='lat' dir='ltr'><strong>dicas:</strong></span> <span class='ocrx_word' id='word_1_597' title='bbox 3178 3648 3299 3715; x_wconf 81' lang='lat' dir='ltr'><strong>Ego</strong></span> <span class='ocrx_word' id='word_1_598' title='bbox 3341 3647 3522 3702; x_wconf 86' lang='lat' dir='ltr'><strong>ditavi</strong></span> <span class='ocrx_word' id='word_1_599' title='bbox 3566 3648 3801 3707; x_wconf 78' lang='lat' dir='ltr'><strong>Abram,</strong></span> 
     </span>
    </p>
   </div>
   <div class='ocr_carea' id='block_1_83' title="bbox 2109 3735 3805 3806">
    <p class='ocr_par' dir='ltr' id='par_1_83' title="bbox 2109 3735 3805 3806">
     <span class='ocr_line' id='line_1_83' title="bbox 2109 3735 3805 3806; baseline 0.001 -19"><span class='ocrx_word' id='word_1_600' title='bbox 2109 3747 2178 3788; x_wconf 93' lang='lat' dir='ltr'><strong>ne</strong></span> <span class='ocrx_word' id='word_1_601' title='bbox 2235 3735 2446 3790; x_wconf 84' lang='lat' dir='ltr'><strong>scilicet</strong></span> <span class='ocrx_word' id='word_1_602' title='bbox 2494 3750 2565 3790; x_wconf 86' lang='lat' dir='ltr'><strong>ex</strong></span> <span class='ocrx_word' id='word_1_603' title='bbox 2624 3735 2824 3805; x_wconf 91' lang='lat' dir='ltr'><strong>aliqua</strong></span> <span class='ocrx_word' id='word_1_604' title='bbox 2894 3736 3210 3806; x_wconf 80' lang='lat' dir='ltr'><strong>hypocrisis</strong></span> <span class='ocrx_word' id='word_1_605' title='bbox 3260 3735 3627 3803; x_wconf 90' lang='lat' dir='ltr'><strong>admissione,</strong></span> <span class='ocrx_word' id='word_1_606' title='bbox 3692 3750 3805 3806; x_wconf 90' lang='lat' dir='ltr'><strong>qua</strong></span> 
     </span>
    </p>
   </div>
   <div class='ocr_carea' id='block_1_84' title="bbox 2109 3823 3804 3894">
    <p class='ocr_par' dir='ltr' id='par_1_84' title="bbox 2109 3823 3804 3894">
     <span class='ocr_line' id='line_1_84' title="bbox 2109 3823 3804 3894; baseline 0 -18"><span class='ocrx_word' id='word_1_607' title='bbox 2109 3823 2467 3894; x_wconf 86' lang='lat' dir='ltr'><strong>potissimum</strong></span> <span class='ocrx_word' id='word_1_608' title='bbox 2520 3824 2760 3880; x_wconf 91' lang='lat' dir='ltr'><strong>vitiatur</strong></span> <span class='ocrx_word' id='word_1_609' title='bbox 2839 3824 3098 3891; x_wconf 89' lang='lat' dir='ltr'><strong>intentio,</strong></span> <span class='ocrx_word' id='word_1_610' title='bbox 3159 3824 3458 3879; x_wconf 79' lang='lat' dir='ltr'><strong>induxisse</strong></span> <span class='ocrx_word' id='word_1_611' title='bbox 3538 3833 3591 3879; x_wconf 92' lang='lat' dir='ltr'><strong>te</strong></span> <span class='ocrx_word' id='word_1_612' title='bbox 3667 3823 3804 3880; x_wconf 90' lang='lat' dir='ltr'><strong>mihi</strong></span> 
     </span>
    </p>
   </div>
   <div class='ocr_carea' id='block_1_85' title="bbox 2109 3911 3807 3982">
    <p class='ocr_par' dir='ltr' id='par_1_85' title="bbox 2109 3911 3807 3982">
     <span class='ocr_line' id='line_1_85' title="bbox 2109 3911 3807 3982; baseline 0 -16"><span class='ocrx_word' id='word_1_613' title='bbox 2109 3912 2364 3981; x_wconf 89' lang='lat' dir='ltr'><strong>gaudeas</strong></span> <span class='ocrx_word' id='word_1_614' title='bbox 2408 3911 2643 3981; x_wconf 90' lang='lat' dir='ltr'><strong>spiritus</strong></span> <span class='ocrx_word' id='word_1_615' title='bbox 2698 3912 3070 3982; x_wconf 88' lang='lat' dir='ltr'><strong>opulentiam,</strong></span> <span class='ocrx_word' id='word_1_616' title='bbox 3131 3912 3184 3967; x_wconf 87' lang='lat' dir='ltr'><strong>id</strong></span> <span class='ocrx_word' id='word_1_617' title='bbox 3221 3921 3306 3968; x_wconf 92' lang='lat' dir='ltr'><strong>est</strong></span> <span class='ocrx_word' id='word_1_618' title='bbox 3352 3913 3421 3968; x_wconf 90' lang='lat' dir='ltr'><strong>de</strong></span> <span class='ocrx_word' id='word_1_619' title='bbox 3473 3912 3692 3982; x_wconf 88' lang='lat' dir='ltr'><strong>peccati</strong></span> <span class='ocrx_word' id='word_1_620' title='bbox 3730 3912 3807 3967; x_wconf 87' lang='lat' dir='ltr'><strong>vi-</strong></span> 
     </span>
    </p>
   </div>
   <div class='ocr_carea' id='block_1_86' title="bbox 2108 4000 3804 4072">
    <p class='ocr_par' dir='ltr' id='par_1_86' title="bbox 2108 4000 3804 4072">
     <span class='ocr_line' id='line_1_86' title="bbox 2108 4000 3804 4072; baseline 0 -18"><span class='ocrx_word' id='word_1_621' title='bbox 2108 4000 2288 4056; x_wconf 84' lang='lat' dir='ltr'><strong>ctoria</strong></span> <span class='ocrx_word' id='word_1_622' title='bbox 2339 4001 2666 4070; x_wconf 88' lang='lat' dir='ltr'><strong>superbiam</strong></span> <span class='ocrx_word' id='word_1_623' title='bbox 2702 4015 2715 4055; x_wconf 89' lang='lat'><strong>:</strong></span> <span class='ocrx_word' id='word_1_624' title='bbox 2747 4001 3122 4071; x_wconf 89' lang='lat' dir='ltr'><strong>excipiuntur</strong></span> <span class='ocrx_word' id='word_1_625' title='bbox 3151 4016 3283 4070; x_wconf 85' lang='lat' dir='ltr'><strong>quae</strong></span> <span class='ocrx_word' id='word_1_626' title='bbox 3319 4001 3562 4072; x_wconf 89' lang='lat' dir='ltr'><strong>juvenes</strong></span> <span class='ocrx_word' id='word_1_627' title='bbox 3611 4015 3804 4056; x_wconf 89' lang='lat' dir='ltr'><strong>come—</strong></span> 
     </span>
    </p>
   </div>
   <div class='ocr_carea' id='block_1_87' title="bbox 2109 4088 3806 4159">
    <p class='ocr_par' dir='ltr' id='par_1_87' title="bbox 2109 4088 3806 4159">
     <span class='ocr_line' id='line_1_87' title="bbox 2109 4088 3806 4159; baseline -0.001 -16"><span class='ocrx_word' id='word_1_628' title='bbox 2109 4088 2274 4156; x_wconf 90' lang='lat' dir='ltr'><strong>dunt,</strong></span> <span class='ocrx_word' id='word_1_629' title='bbox 2307 4089 2447 4158; x_wconf 87' lang='lat' dir='ltr'><strong>quia</strong></span> <span class='ocrx_word' id='word_1_630' title='bbox 2475 4098 2640 4146; x_wconf 80' lang='lat' dir='ltr'><strong>extra</strong></span> <span class='ocrx_word' id='word_1_631' title='bbox 2673 4089 2948 4144; x_wconf 89' lang='lat' dir='ltr'><strong>mercedis</strong></span> <span class='ocrx_word' id='word_1_632' title='bbox 2987 4104 3144 4159; x_wconf 90' lang='lat' dir='ltr'><strong>spem</strong></span> <span class='ocrx_word' id='word_1_633' title='bbox 3173 4104 3294 4144; x_wconf 89' lang='lat' dir='ltr'><strong>esse</strong></span> <span class='ocrx_word' id='word_1_634' title='bbox 3343 4089 3666 4145; x_wconf 90' lang='lat' dir='ltr'><strong>timendum</strong></span> <span class='ocrx_word' id='word_1_635' title='bbox 3724 4095 3806 4144; x_wconf 90' lang='lat' dir='ltr'><strong>est</strong></span> 
     </span>
    </p>
   </div>
   <div class='ocr_carea' id='block_1_88' title="bbox 2108 4174 3806 4246">
    <p class='ocr_par' dir='ltr' id='par_1_88' title="bbox 2108 4174 3806 4246">
     <span class='ocr_line' id='line_1_88' title="bbox 2108 4174 3806 4246; baseline -0.002 -15"><span class='ocrx_word' id='word_1_636' title='bbox 2108 4176 2341 4246; x_wconf 90' lang='lat' dir='ltr'><strong>cuique,</strong></span> <span class='ocrx_word' id='word_1_637' title='bbox 2394 4177 2548 4246; x_wconf 88' lang='lat' dir='ltr'><strong>quod</strong></span> <span class='ocrx_word' id='word_1_638' title='bbox 2595 4175 2945 4231; x_wconf 90' lang='lat' dir='ltr'><strong>titillationes</strong></span> <span class='ocrx_word' id='word_1_639' title='bbox 2999 4176 3479 4246; x_wconf 81' lang='lat' dir='ltr'><strong>praesumptionis,</strong></span> <span class='ocrx_word' id='word_1_640' title='bbox 3525 4185 3630 4231; x_wconf 90' lang='lat' dir='ltr'><strong>aut</strong></span> <span class='ocrx_word' id='word_1_641' title='bbox 3675 4174 3806 4230; x_wconf 84' lang='lat' dir='ltr'><strong>laeti-</strong></span> 
     </span>
    </p>
   </div>
   <div class='ocr_carea' id='block_1_89' title="bbox 2111 4263 3804 4335">
    <p class='ocr_par' dir='ltr' id='par_1_89' title="bbox 2111 4263 3804 4335">
     <span class='ocr_line' id='line_1_89' title="bbox 2111 4263 3804 4335; baseline -0.002 -15"><span class='ocrx_word' id='word_1_642' title='bbox 2111 4265 2201 4320; x_wconf 89' lang='lat' dir='ltr'><strong>tiae</strong></span> <span class='ocrx_word' id='word_1_643' title='bbox 2249 4266 2318 4321; x_wconf 89' lang='lat' dir='ltr'><strong>de</strong></span> <span class='ocrx_word' id='word_1_644' title='bbox 2377 4265 2525 4320; x_wconf 90' lang='lat' dir='ltr'><strong>bono</strong></span> <span class='ocrx_word' id='word_1_645' title='bbox 2573 4272 2858 4335; x_wconf 90' lang='lat' dir='ltr'><strong>proventu</strong></span> <span class='ocrx_word' id='word_1_646' title='bbox 2902 4265 3294 4334; x_wconf 90' lang='lat' dir='ltr'><strong>subripientis,</strong></span> <span class='ocrx_word' id='word_1_647' title='bbox 3345 4265 3450 4320; x_wconf 92' lang='lat' dir='ltr'><strong>sibi</strong></span> <span class='ocrx_word' id='word_1_648' title='bbox 3499 4263 3804 4334; x_wconf 85' lang='lat' dir='ltr'><strong>aliquoties</strong></span> 
     </span>
    </p>
   </div>
   <div class='ocr_carea' id='block_1_90' title="bbox 2113 4353 3805 4423">
    <p class='ocr_par' dir='ltr' id='par_1_90' title="bbox 2113 4353 3805 4423">
     <span class='ocr_line' id='line_1_90' title="bbox 2113 4353 3805 4423; baseline -0.002 -14"><span class='ocrx_word' id='word_1_649' title='bbox 2113 4355 2352 4410; x_wconf 90' lang='lat' dir='ltr'><strong>latenter</strong></span> <span class='ocrx_word' id='word_1_650' title='bbox 2405 4353 2749 4422; x_wconf 86' lang='lat' dir='ltr'><strong>abripiunt:</strong></span> <span class='ocrx_word' id='word_1_651' title='bbox 2798 4353 3080 4423; x_wconf 88' lang='lat' dir='ltr'><strong>juventus</strong></span> <span class='ocrx_word' id='word_1_652' title='bbox 3108 4368 3245 4408; x_wconf 89' lang='lat' dir='ltr'><strong>sane</strong></span> <span class='ocrx_word' id='word_1_653' title='bbox 3289 4368 3392 4423; x_wconf 90' lang='lat' dir='ltr'><strong>pro</strong></span> <span class='ocrx_word' id='word_1_654' title='bbox 3434 4353 3713 4422; x_wconf 91' lang='lat' dir='ltr'><strong>superbia</strong></span> <span class='ocrx_word' id='word_1_655' title='bbox 3753 4359 3805 4406; x_wconf 92' lang='lat' dir='ltr'><strong>et</strong></span> 
     </span>
    </p>
   </div>
   <div class='ocr_carea' id='block_1_91' title="bbox 312 4439 3807 4518">
    <p class='ocr_par' dir='ltr' id='par_1_91' title="bbox 312 4439 3807 4518">
     <span class='ocr_line' id='line_1_91' title="bbox 312 4439 3807 4518; baseline -0.001 -24"><span class='ocrx_word' id='word_1_656' title='bbox 312 4439 451 4494; x_wconf 89' lang='lat' dir='ltr'><strong>dech</strong></span> <span class='ocrx_word' id='word_1_657' title='bbox 506 4440 624 4510; x_wconf 90' lang='lat' dir='ltr'><strong>ipse</strong></span> <span class='ocrx_word' id='word_1_658' title='bbox 649 4449 730 4497; x_wconf 89' lang='lat' dir='ltr'><strong>est</strong></span> <span class='ocrx_word' id='word_1_659' title='bbox 785 4451 976 4497; x_wconf 89' lang='lat' dir='ltr'><strong>noster</strong></span> <span class='ocrx_word' id='word_1_660' title='bbox 1013 4441 1349 4508; x_wconf 90' lang='lat' dir='ltr'><strong>intellectus,</strong></span> <span class='ocrx_word' id='word_1_661' title='bbox 1387 4442 1488 4512; x_wconf 90' lang='lat' dir='ltr'><strong>qui</strong></span> <span class='ocrx_word' id='word_1_662' title='bbox 1519 4443 1658 4513; x_wconf 90' lang='lat' dir='ltr'><strong>quia</strong></span> <span class='ocrx_word' id='word_1_663' title='bbox 1706 4459 1807 4499; x_wconf 90' lang='lat' dir='ltr'><strong>nos</strong></span> <span class='ocrx_word' id='word_1_664' title='bbox 1849 4445 2000 4514; x_wconf 87' lang='lat' dir='ltr'><strong>juste</strong></span> <span class='ocrx_word' id='word_1_665' title='bbox 2041 4464 2085 4518; x_wconf 82' lang='grc' dir='ltr'><strong>ι)</strong></span> <span class='ocrx_word' id='word_1_666' title='bbox 2115 4443 2373 4498; x_wconf 89' lang='lat' dir='ltr'><strong>fatuitate</strong></span> <span class='ocrx_word' id='word_1_667' title='bbox 2439 4441 2568 4510; x_wconf 92' lang='lat' dir='ltr'><strong>poni</strong></span> <span class='ocrx_word' id='word_1_668' title='bbox 2637 4441 2820 4497; x_wconf 89' lang='lat' dir='ltr'><strong>solet:</strong></span> <span class='ocrx_word' id='word_1_669' title='bbox 2887 4447 3034 4498; x_wconf 72' lang='lat' dir='ltr'><strong>Auer-</strong></span> <span class='ocrx_word' id='word_1_670' title='bbox 3104 4449 3296 4497; x_wconf 89' lang='lat' dir='ltr'><strong>autem</strong></span> <span class='ocrx_word' id='word_1_671' title='bbox 3361 4447 3411 4495; x_wconf 86' lang='lat' dir='ltr'><strong>et</strong></span> <span class='ocrx_word' id='word_1_672' title='bbox 3478 4441 3697 4506; x_wconf 79' lang='lat' dir='ltr'><strong>Eschol,</strong></span> <span class='ocrx_word' id='word_1_673' title='bbox 3761 4444 3807 4491; x_wconf 85' lang='lat' dir='ltr'><strong>et</strong></span> 
     </span>
    </p>
   </div>
   <div class='ocr_carea' id='block_1_92' title="bbox 315 4529 2002 4603">
    <p class='ocr_par' dir='ltr' id='par_1_92' title="bbox 315 4529 2002 4603">
     <span class='ocr_line' id='line_1_92' title="bbox 315 4529 2002 4603; baseline 0.003 -20"><span class='ocrx_word' id='word_1_674' title='bbox 315 4529 480 4598; x_wconf 86' lang='lat' dir='ltr'><strong>regit,</strong></span> <span class='ocrx_word' id='word_1_675' title='bbox 533 4529 858 4598; x_wconf 85' lang='lat' dir='ltr'><strong>appellatur</strong></span> <span class='ocrx_word' id='word_1_676' title='bbox 913 4530 1338 4599; x_wconf 87' lang='lat' dir='ltr'><strong>interpretando</strong></span> <span class='ocrx_word' id='word_1_677' title='bbox 1397 4547 1496 4584; x_wconf 76' lang='lat' dir='ltr'><strong>rea:</strong></span> <span class='ocrx_word' id='word_1_678' title='bbox 1546 4533 1754 4600; x_wconf 86' lang='lat' dir='ltr'><strong>justus,</strong></span> <span class='ocrx_word' id='word_1_679' title='bbox 1807 4535 2002 4603; x_wconf 80' lang='lat' dir='ltr'><strong>juxta,</strong></span> 
     </span>
    </p>
   </div>
   <div class='ocr_carea' id='block_1_93' title="bbox 313 4617 2000 4691">
    <p class='ocr_par' dir='ltr' id='par_1_93' title="bbox 313 4617 2000 4691">
     <span class='ocr_line' id='line_1_93' title="bbox 313 4617 2000 4691; baseline 0.002 -20"><span class='ocrx_word' id='word_1_680' title='bbox 313 4617 468 4686; x_wconf 84' lang='lat' dir='ltr'><strong>quod</strong></span> <span class='ocrx_word' id='word_1_681' title='bbox 511 4617 885 4675; x_wconf 76' lang='lat' dir='ltr'><strong>Samaritanae</strong></span> <span class='ocrx_word' id='word_1_682' title='bbox 916 4619 1172 4675; x_wconf 87' lang='lat' dir='ltr'><strong>dicitur:</strong></span> <span class='ocrx_word' id='word_1_683' title='bbox 1235 4621 1372 4674; x_wconf 82' lang='lat' dir='ltr'><strong>Voca</strong></span> <span class='ocrx_word' id='word_1_684' title='bbox 1403 4623 1577 4674; x_wconf 74' lang='lat' dir='ltr'><strong>virum</strong></span> <span class='ocrx_word' id='word_1_685' title='bbox 1621 4627 1772 4675; x_wconf 91' lang='lat' dir='ltr'><strong>tuum</strong></span> <span class='ocrx_word' id='word_1_686' title='bbox 1822 4625 2000 4691; x_wconf 84' lang='lat' dir='ltr'><strong>(Joun.</strong></span> 
     </span>
    </p>
   </div>
   <div class='ocr_carea' id='block_1_94' title="bbox 315 4707 2006 4778">
    <p class='ocr_par' dir='ltr' id='par_1_94' title="bbox 315 4707 2006 4778">
     <span class='ocr_line' id='line_1_94' title="bbox 315 4707 2006 4778; baseline 0.003 -17"><span class='ocrx_word' id='word_1_687' title='bbox 315 4721 392 4770; x_wconf 86' lang='lat' dir='ltr'><strong>tv,</strong></span> <span class='ocrx_word' id='word_1_688' title='bbox 441 4708 558 4776; x_wconf 86' lang='lat' dir='ltr'><strong>l6);</strong></span> <span class='ocrx_word' id='word_1_689' title='bbox 595 4707 692 4762; x_wconf 90' lang='lat' dir='ltr'><strong>sed</strong></span> <span class='ocrx_word' id='word_1_690' title='bbox 741 4707 882 4778; x_wconf 90' lang='lat' dir='ltr'><strong>quia</strong></span> <span class='ocrx_word' id='word_1_691' title='bbox 931 4707 1186 4776; x_wconf 89' lang='lat' dir='ltr'><strong>tepidum</strong></span> <span class='ocrx_word' id='word_1_692' title='bbox 1231 4708 1310 4764; x_wconf 91' lang='lat' dir='ltr'><strong>nil</strong></span> <span class='ocrx_word' id='word_1_693' title='bbox 1360 4709 1474 4764; x_wconf 91' lang='lat' dir='ltr'><strong>Deo</strong></span> <span class='ocrx_word' id='word_1_694' title='bbox 1517 4710 1721 4778; x_wconf 87' lang='lat' dir='ltr'><strong>placet,</strong></span> <span class='ocrx_word' id='word_1_695' title='bbox 1771 4711 2006 4767; x_wconf 88' lang='lat' dir='ltr'><strong>additur</strong></span> 
     </span>
    </p>
   </div>
   <div class='ocr_carea' id='block_1_95' title="bbox 315 4793 2004 4866">
    <p class='ocr_par' dir='ltr' id='par_1_95' title="bbox 315 4793 2004 4866">
     <span class='ocr_line' id='line_1_95' title="bbox 315 4793 2004 4866; baseline 0.002 -16"><span class='ocrx_word' id='word_1_696' title='bbox 315 4793 520 4863; x_wconf 88' lang='lat' dir='ltr'><strong>Salem,</strong></span> <span class='ocrx_word' id='word_1_697' title='bbox 581 4796 736 4865; x_wconf 91' lang='lat' dir='ltr'><strong>quod</strong></span> <span class='ocrx_word' id='word_1_698' title='bbox 786 4804 869 4851; x_wconf 90' lang='lat' dir='ltr'><strong>est</strong></span> <span class='ocrx_word' id='word_1_699' title='bbox 914 4796 1161 4866; x_wconf 91' lang='lat' dir='ltr'><strong>perfecta</strong></span> <span class='ocrx_word' id='word_1_700' title='bbox 1207 4805 1261 4853; x_wconf 91' lang='lat' dir='ltr'><strong>et</strong></span> <span class='ocrx_word' id='word_1_701' title='bbox 1307 4807 1726 4865; x_wconf 89' lang='lat' dir='ltr'><strong>consummata,</strong></span> <span class='ocrx_word' id='word_1_702' title='bbox 1777 4808 1839 4854; x_wconf 92' lang='lat' dir='ltr'><strong>ut</strong></span> <span class='ocrx_word' id='word_1_703' title='bbox 1872 4815 2004 4855; x_wconf 90' lang='lat' dir='ltr'><strong>cum</strong></span> 
     </span>
    </p>
   </div>
   <div class='ocr_carea' id='block_1_96' title="bbox 313 4883 2008 4958">
    <p class='ocr_par' dir='ltr' id='par_1_96' title="bbox 313 4883 2008 4958">
     <span class='ocr_line' id='line_1_96' title="bbox 313 4883 2008 4958; baseline 0.003 -20"><span class='ocrx_word' id='word_1_704' title='bbox 313 4883 386 4939; x_wconf 90' lang='lat' dir='ltr'><strong>sit</strong></span> <span class='ocrx_word' id='word_1_705' title='bbox 439 4899 540 4940; x_wconf 85' lang='lat' dir='ltr'><strong>rex</strong></span> <span class='ocrx_word' id='word_1_706' title='bbox 583 4885 822 4954; x_wconf 76' lang='lat' dir='ltr'><strong>justitiae</strong></span> <span class='ocrx_word' id='word_1_707' title='bbox 879 4885 985 4954; x_wconf 91' lang='lat' dir='ltr'><strong>ipsi</strong></span> <span class='ocrx_word' id='word_1_708' title='bbox 1039 4886 1266 4943; x_wconf 90' lang='lat' dir='ltr'><strong>studeat</strong></span> <span class='ocrx_word' id='word_1_709' title='bbox 1319 4887 1598 4943; x_wconf 80' lang='lat' dir='ltr'><strong>inhaerere</strong></span> <span class='ocrx_word' id='word_1_710' title='bbox 1645 4889 1906 4958; x_wconf 83' lang='lat' dir='ltr'><strong>perfecte.</strong></span> <span class='ocrx_word' id='word_1_711' title='bbox 1955 4889 2008 4943; x_wconf 84' lang='lat' dir='ltr'><strong>Is</strong></span> 
     </span>
    </p>
   </div>
   <div class='ocr_carea' id='block_1_97' title="bbox 315 4973 2005 5047">
    <p class='ocr_par' dir='ltr' id='par_1_97' title="bbox 315 4973 2005 5047">
     <span class='ocr_line' id='line_1_97' title="bbox 315 4973 2005 5047; baseline 0.002 -19"><span class='ocrx_word' id='word_1_712' title='bbox 315 4973 692 5028; x_wconf 87' lang='lat' dir='ltr'><strong>Sodomorum</strong></span> <span class='ocrx_word' id='word_1_713' title='bbox 745 4988 878 5044; x_wconf 85' lang='lat' dir='ltr'><strong>rege</strong></span> <span class='ocrx_word' id='word_1_714' title='bbox 946 4975 1208 5043; x_wconf 87' lang='lat' dir='ltr'><strong>remissa;</strong></span> <span class='ocrx_word' id='word_1_715' title='bbox 1261 4984 1315 5031; x_wconf 88' lang='lat' dir='ltr'><strong>et</strong></span> <span class='ocrx_word' id='word_1_716' title='bbox 1368 4976 1644 5047; x_wconf 89' lang='lat' dir='ltr'><strong>languida</strong></span> <span class='ocrx_word' id='word_1_717' title='bbox 1710 4978 2005 5042; x_wconf 87' lang='lat' dir='ltr'><strong>suadente,</strong></span> 
     </span>
    </p>
   </div>
   <div class='ocr_carea' id='block_1_98' title="bbox 318 5061 2008 5134">
    <p class='ocr_par' dir='ltr' id='par_1_98' title="bbox 318 5061 2008 5134">
     <span class='ocr_line' id='line_1_98' title="bbox 318 5061 2008 5134; baseline 0.002 -18"><span class='ocrx_word' id='word_1_718' title='bbox 318 5061 531 5130; x_wconf 89' lang='lat' dir='ltr'><strong>profert</strong></span> <span class='ocrx_word' id='word_1_719' title='bbox 561 5077 758 5130; x_wconf 84' lang='lat' dir='ltr'><strong>panem</strong></span> <span class='ocrx_word' id='word_1_720' title='bbox 795 5063 977 5118; x_wconf 90' lang='lat' dir='ltr'><strong>divini</strong></span> <span class='ocrx_word' id='word_1_721' title='bbox 1006 5063 1218 5134; x_wconf 90' lang='lat' dir='ltr'><strong>eloquii</strong></span> <span class='ocrx_word' id='word_1_722' title='bbox 1248 5080 1346 5120; x_wconf 91' lang='lat' dir='ltr'><strong>cor</strong></span> <span class='ocrx_word' id='word_1_723' title='bbox 1377 5065 1626 5120; x_wconf 90' lang='lat' dir='ltr'><strong>hominis</strong></span> <span class='ocrx_word' id='word_1_724' title='bbox 1651 5067 2008 5120; x_wconf 87' lang='lat' dir='ltr'><strong>contirtnan-</strong></span> 
     </span>
    </p>
   </div>
   <div class='ocr_carea' id='block_1_99' title="bbox 318 5151 2010 5223">
    <p class='ocr_par' dir='ltr' id='par_1_99' title="bbox 318 5151 2010 5223">
     <span class='ocr_line' id='line_1_99' title="bbox 318 5151 2010 5223; baseline 0.001 -19"><span class='ocrx_word' id='word_1_725' title='bbox 318 5158 450 5218; x_wconf 90' lang='lat' dir='ltr'><strong>tem,</strong></span> <span class='ocrx_word' id='word_1_726' title='bbox 479 5157 534 5205; x_wconf 92' lang='lat' dir='ltr'><strong>et</strong></span> <span class='ocrx_word' id='word_1_727' title='bbox 580 5152 768 5204; x_wconf 84' lang='lat' dir='ltr'><strong>vinum</strong></span> <span class='ocrx_word' id='word_1_728' title='bbox 795 5151 1112 5221; x_wconf 90' lang='lat' dir='ltr'><strong>spiritualis</strong></span> <span class='ocrx_word' id='word_1_729' title='bbox 1156 5155 1356 5223; x_wconf 83' lang='lat' dir='ltr'><strong>gratiae</strong></span> <span class='ocrx_word' id='word_1_730' title='bbox 1387 5168 1422 5208; x_wconf 94' lang='lat' dir='ltr'><strong>a</strong></span> <span class='ocrx_word' id='word_1_731' title='bbox 1453 5152 1734 5209; x_wconf 91' lang='lat' dir='ltr'><strong>mundiali</strong></span> <span class='ocrx_word' id='word_1_732' title='bbox 1783 5153 2010 5222; x_wconf 79' lang='lat' dir='ltr'><strong>negotio</strong></span> 
     </span>
    </p>
   </div>
   <div class='ocr_carea' id='block_1_100' title="bbox 318 5239 2008 5312">
    <p class='ocr_par' dir='ltr' id='par_1_100' title="bbox 318 5239 2008 5312">
     <span class='ocr_line' id='line_1_100' title="bbox 318 5239 2008 5312; baseline 0.004 -23"><span class='ocrx_word' id='word_1_733' title='bbox 318 5246 592 5308; x_wconf 76' lang='lat' dir='ltr'><strong>perpetua</strong></span> <span class='ocrx_word' id='word_1_734' title='bbox 657 5239 942 5298; x_wconf 86' lang='lat' dir='ltr'><strong>oblivione</strong></span> <span class='ocrx_word' id='word_1_735' title='bbox 1011 5257 1114 5298; x_wconf 92' lang='lat' dir='ltr'><strong>nos</strong></span> <span class='ocrx_word' id='word_1_736' title='bbox 1177 5243 1474 5312; x_wconf 83' lang='lat' dir='ltr'><strong>debrians;</strong></span> <span class='ocrx_word' id='word_1_737' title='bbox 1540 5242 1652 5299; x_wconf 91' lang='lat' dir='ltr'><strong>tale</strong></span> <span class='ocrx_word' id='word_1_738' title='bbox 1709 5249 1793 5298; x_wconf 90' lang='lat' dir='ltr'><strong>est</strong></span> <span class='ocrx_word' id='word_1_739' title='bbox 1856 5239 2008 5296; x_wconf 87' lang='lat' dir='ltr'><strong>enim</strong></span> 
     </span>
    </p>
   </div>
   <div class='ocr_carea' id='block_1_101' title="bbox 2119 4529 3803 4600">
    <p class='ocr_par' dir='ltr' id='par_1_101' title="bbox 2119 4529 3803 4600">
     <span class='ocr_line' id='line_1_101' title="bbox 2119 4529 3803 4600; baseline -0.003 -13"><span class='ocrx_word' id='word_1_740' title='bbox 2119 4533 2384 4597; x_wconf 81' lang='lat' dir='ltr'><strong>Mambre,</strong></span> <span class='ocrx_word' id='word_1_741' title='bbox 2447 4531 2552 4600; x_wconf 91' lang='lat' dir='ltr'><strong>qui</strong></span> <span class='ocrx_word' id='word_1_742' title='bbox 2616 4531 2916 4586; x_wconf 90' lang='lat' dir='ltr'><strong>nobiscum</strong></span> <span class='ocrx_word' id='word_1_743' title='bbox 2999 4530 3261 4596; x_wconf 87' lang='lat' dir='ltr'><strong>veniunt,</strong></span> <span class='ocrx_word' id='word_1_744' title='bbox 3318 4539 3506 4600; x_wconf 88' lang='lat' dir='ltr'><strong>partes</strong></span> <span class='ocrx_word' id='word_1_745' title='bbox 3570 4529 3803 4593; x_wconf 88' lang='lat' dir='ltr'><strong>habent,</strong></span> 
     </span>
    </p>
   </div>
   <div class='ocr_carea' id='block_1_102' title="bbox 2115 4619 3808 4691">
    <p class='ocr_par' dir='ltr' id='par_1_102' title="bbox 2115 4619 3808 4691">
     <span class='ocr_line' id='line_1_102' title="bbox 2115 4619 3808 4691; baseline -0.002 -17"><span class='ocrx_word' id='word_1_746' title='bbox 2115 4620 2256 4691; x_wconf 91' lang='lat' dir='ltr'><strong>qula</strong></span> <span class='ocrx_word' id='word_1_747' title='bbox 2311 4619 2459 4676; x_wconf 88' lang='lat' dir='ltr'><strong>inter</strong></span> <span class='ocrx_word' id='word_1_748' title='bbox 2488 4620 2658 4684; x_wconf 89' lang='lat' dir='ltr'><strong>bona,</strong></span> <span class='ocrx_word' id='word_1_749' title='bbox 2709 4633 2840 4688; x_wconf 83' lang='lat' dir='ltr'><strong>quae</strong></span> <span class='ocrx_word' id='word_1_750' title='bbox 2869 4633 2941 4674; x_wconf 87' lang='lat' dir='ltr'><strong>ex</strong></span> <span class='ocrx_word' id='word_1_751' title='bbox 2994 4621 3106 4674; x_wconf 88' lang='lat' dir='ltr'><strong>Deo</strong></span> <span class='ocrx_word' id='word_1_752' title='bbox 3135 4619 3480 4688; x_wconf 88' lang='lat' dir='ltr'><strong>accepimus,</strong></span> <span class='ocrx_word' id='word_1_753' title='bbox 3529 4633 3603 4674; x_wconf 88' lang='lat' dir='ltr'><strong>ex</strong></span> <span class='ocrx_word' id='word_1_754' title='bbox 3648 4626 3808 4688; x_wconf 89' lang='lat' dir='ltr'><strong>parte</strong></span> 
     </span>
    </p>
   </div>
   <div class='ocr_carea' id='block_1_103' title="bbox 2116 4707 3806 4778">
    <p class='ocr_par' dir='ltr' id='par_1_103' title="bbox 2116 4707 3806 4778">
     <span class='ocr_line' id='line_1_103' title="bbox 2116 4707 3806 4778; baseline -0.002 -13"><span class='ocrx_word' id='word_1_755' title='bbox 2116 4717 2311 4765; x_wconf 90' lang='lat' dir='ltr'><strong>nostra</strong></span> <span class='ocrx_word' id='word_1_756' title='bbox 2341 4708 2607 4778; x_wconf 82' lang='lat' dir='ltr'><strong>quaedam</strong></span> <span class='ocrx_word' id='word_1_757' title='bbox 2656 4707 2916 4777; x_wconf 88' lang='lat' dir='ltr'><strong>improba</strong></span> <span class='ocrx_word' id='word_1_758' title='bbox 2956 4707 3366 4776; x_wconf 86' lang='lat' dir='ltr'><strong>admiscetnus;</strong></span> <span class='ocrx_word' id='word_1_759' title='bbox 3417 4715 3640 4778; x_wconf 86' lang='lat' dir='ltr'><strong>partem</strong></span> <span class='ocrx_word' id='word_1_760' title='bbox 3670 4723 3806 4777; x_wconf 88' lang='lat' dir='ltr'><strong>ergo</strong></span> 
     </span>
    </p>
   </div>
   <div class='ocr_carea' id='block_1_104' title="bbox 2117 4796 3809 4866">
    <p class='ocr_par' dir='ltr' id='par_1_104' title="bbox 2117 4796 3809 4866">
     <span class='ocr_line' id='line_1_104' title="bbox 2117 4796 3809 4866; baseline -0.001 -13"><span class='ocrx_word' id='word_1_761' title='bbox 2117 4797 2296 4854; x_wconf 83' lang='lat' dir='ltr'><strong>nostri</strong></span> <span class='ocrx_word' id='word_1_762' title='bbox 2340 4796 2653 4866; x_wconf 90' lang='lat' dir='ltr'><strong>accipiunt,</strong></span> <span class='ocrx_word' id='word_1_763' title='bbox 2702 4811 2832 4852; x_wconf 93' lang='lat' dir='ltr'><strong>cum</strong></span> <span class='ocrx_word' id='word_1_764' title='bbox 2869 4796 2976 4866; x_wconf 81' lang='lat' dir='ltr'><strong>piae</strong></span> <span class='ocrx_word' id='word_1_765' title='bbox 3009 4804 3212 4852; x_wconf 74' lang='lat' dir='ltr'><strong>nostrae</strong></span> <span class='ocrx_word' id='word_1_766' title='bbox 3245 4804 3461 4852; x_wconf 89' lang='lat' dir='ltr'><strong>mentes</strong></span> <span class='ocrx_word' id='word_1_767' title='bbox 3507 4810 3616 4851; x_wconf 90' lang='lat' dir='ltr'><strong>sua</strong></span> <span class='ocrx_word' id='word_1_768' title='bbox 3668 4797 3724 4851; x_wconf 93' lang='lat' dir='ltr'><strong>in</strong></span> <span class='ocrx_word' id='word_1_769' title='bbox 3755 4809 3809 4850; x_wconf 84' lang='lat' dir='ltr'><strong>se</strong></span> 
     </span>
    </p>
   </div>
   <div class='ocr_carea' id='block_1_105' title="bbox 2116 4883 3810 4954">
    <p class='ocr_par' dir='ltr' id='par_1_105' title="bbox 2116 4883 3810 4954">
     <span class='ocr_line' id='line_1_105' title="bbox 2116 4883 3810 4954; baseline -0.004 -13"><span class='ocrx_word' id='word_1_770' title='bbox 2116 4886 2507 4941; x_wconf 89' lang='lat' dir='ltr'><strong>additamenta</strong></span> <span class='ocrx_word' id='word_1_771' title='bbox 2537 4883 2805 4954; x_wconf 90' lang='lat' dir='ltr'><strong>puniunt.</strong></span> <span class='ocrx_word' id='word_1_772' title='bbox 2835 4884 2980 4939; x_wconf 88' lang='lat' dir='ltr'><strong>Cum</strong></span> <span class='ocrx_word' id='word_1_773' title='bbox 3014 4884 3164 4939; x_wconf 91' lang='lat' dir='ltr'><strong>bona</strong></span> <span class='ocrx_word' id='word_1_774' title='bbox 3206 4897 3278 4938; x_wconf 91' lang='lat' dir='ltr'><strong>ex</strong></span> <span class='ocrx_word' id='word_1_775' title='bbox 3310 4883 3424 4938; x_wconf 87' lang='lat' dir='ltr'><strong>Deo</strong></span> <span class='ocrx_word' id='word_1_776' title='bbox 3455 4884 3588 4950; x_wconf 92' lang='lat' dir='ltr'><strong>sint,</strong></span> <span class='ocrx_word' id='word_1_777' title='bbox 3624 4891 3810 4954; x_wconf 87' lang='lat' dir='ltr'><strong>partes</strong></span> 
     </span>
    </p>
   </div>
   <div class='ocr_carea' id='block_1_106' title="bbox 2121 4969 3808 5044">
    <p class='ocr_par' dir='ltr' id='par_1_106' title="bbox 2121 4969 3808 5044">
     <span class='ocr_line' id='line_1_106' title="bbox 2121 4969 3808 5044; baseline -0.005 -14"><span class='ocrx_word' id='word_1_778' title='bbox 2121 4976 2392 5030; x_wconf 81' lang='lat' dir='ltr'><strong>humanae</strong></span> <span class='ocrx_word' id='word_1_779' title='bbox 2422 4972 2778 5029; x_wconf 90' lang='lat' dir='ltr'><strong>admistionis</strong></span> <span class='ocrx_word' id='word_1_780' title='bbox 2807 4972 2960 5044; x_wconf 89' lang='lat' dir='ltr'><strong>igne,</strong></span> <span class='ocrx_word' id='word_1_781' title='bbox 2991 4980 3045 5028; x_wconf 91' lang='lat' dir='ltr'><strong>et</strong></span> <span class='ocrx_word' id='word_1_782' title='bbox 3090 4971 3309 5028; x_wconf 90' lang='lat' dir='ltr'><strong>lumine</strong></span> <span class='ocrx_word' id='word_1_783' title='bbox 3345 4971 3544 5027; x_wconf 88' lang='lat' dir='ltr'><strong>divino</strong></span> <span class='ocrx_word' id='word_1_784' title='bbox 3581 4969 3808 5028; x_wconf 90' lang='lat' dir='ltr'><strong>lustrati</strong></span> 
     </span>
    </p>
   </div>
   <div class='ocr_carea' id='block_1_107' title="bbox 2120 5059 3808 5132">
    <p class='ocr_par' dir='ltr' id='par_1_107' title="bbox 2120 5059 3808 5132">
     <span class='ocr_line' id='line_1_107' title="bbox 2120 5059 3808 5132; baseline -0.003 -14"><span class='ocrx_word' id='word_1_785' title='bbox 2120 5062 2456 5132; x_wconf 90' lang='lat' dir='ltr'><strong>accipimus,</strong></span> <span class='ocrx_word' id='word_1_786' title='bbox 2539 5061 2595 5118; x_wconf 91' lang='lat' dir='ltr'><strong>id</strong></span> <span class='ocrx_word' id='word_1_787' title='bbox 2659 5068 2744 5117; x_wconf 90' lang='lat' dir='ltr'><strong>est</strong></span> <span class='ocrx_word' id='word_1_788' title='bbox 2808 5059 2935 5116; x_wconf 91' lang='lat' dir='ltr'><strong>forti</strong></span> <span class='ocrx_word' id='word_1_789' title='bbox 3012 5059 3364 5116; x_wconf 87' lang='lat' dir='ltr'><strong>continentia</strong></span> <span class='ocrx_word' id='word_1_790' title='bbox 3431 5060 3808 5130; x_wconf 90' lang='lat' dir='ltr'><strong>corripimus;</strong></span> 
     </span>
    </p>
   </div>
   <div class='ocr_carea' id='block_1_108' title="bbox 2122 5150 3705 5222">
    <p class='ocr_par' dir='ltr' id='par_1_108' title="bbox 2122 5150 3705 5222">
     <span class='ocr_line' id='line_1_108' title="bbox 2122 5150 3705 5222; baseline -0.004 -15"><span class='ocrx_word' id='word_1_791' title='bbox 2122 5151 2410 5222; x_wconf 88' lang='lat' dir='ltr'><strong>quidquid</strong></span> <span class='ocrx_word' id='word_1_792' title='bbox 2438 5150 2594 5206; x_wconf 89' lang='lat' dir='ltr'><strong>enim</strong></span> <span class='ocrx_word' id='word_1_793' title='bbox 2620 5164 2693 5206; x_wconf 86' lang='lat' dir='ltr'><strong>ex</strong></span> <span class='ocrx_word' id='word_1_794' title='bbox 2725 5157 2885 5219; x_wconf 88' lang='lat' dir='ltr'><strong>parte</strong></span> <span class='ocrx_word' id='word_1_795' title='bbox 2915 5155 3111 5205; x_wconf 89' lang='lat' dir='ltr'><strong>nostra</strong></span> <span class='ocrx_word' id='word_1_796' title='bbox 3140 5155 3244 5216; x_wconf 90' lang='lat' dir='ltr'><strong>est,</strong></span> <span class='ocrx_word' id='word_1_797' title='bbox 3278 5154 3576 5217; x_wconf 90' lang='lat' dir='ltr'><strong>peccatum</strong></span> <span class='ocrx_word' id='word_1_798' title='bbox 3599 5156 3705 5205; x_wconf 90' lang='lat' dir='ltr'><strong>est.</strong></span> 
     </span>
    </p>
   </div>
   <div class='ocr_carea' id='block_1_109' title="bbox 1601 5447 2520 5499">
    <p class='ocr_par' dir='ltr' id='par_1_109' title="bbox 1601 5447 2520 5499">
     <span class='ocr_line' id='line_1_109' title="bbox 1601 5447 2520 5499; baseline -0.002 -9"><span class='ocrx_word' id='word_1_799' title='bbox 1601 5448 1901 5490; x_wconf 74' lang='lat' dir='ltr'><strong>EXPLICIT</strong></span> <span class='ocrx_word' id='word_1_800' title='bbox 1945 5448 2141 5490; x_wconf 77' lang='lat' dir='ltr'><strong>LIBER</strong></span> <span class='ocrx_word' id='word_1_801' title='bbox 2182 5447 2496 5499; x_wconf 80' lang='lat' dir='ltr'><strong>QUARTUS</strong></span> <span class='ocrx_word' id='word_1_802' title='bbox 2508 5475 2520 5488; x_wconf 89' lang='lat'><strong>.</strong></span> 
     </span>
    </p>
   </div>
  </div>
