3956 6432
166 444 256 495 129
1372 446 1737 507 MORMJUM
1782 451 1849 508 IN
1889 452 2187 513 GENESIN
2230 455 2365 511 LIB.
2408 455 2471 511 V.

1329 873 1685 947 INCIPIT
1742 875 2029 949 LIBER
2084 875 2509 962 QUINTUS
2536 960 2543 967 _

922 1089 1781 1200 MOBALIUM
1890 1078 2054 1200 ΙΝ
2170 1096 2894 1207 GENESIM.

223 1625 343 1681 Sico
373 1625 663 1696 quosdam
699 1638 815 1680 non
850 1624 1034 1695 aequis
1082 1624 1264 1680 oculis
1290 1638 1358 1681 ea
1388 1640 1519 1696 quae
1563 1626 1849 1682 dictamus
1885 1628 1931 1681 Α
1961 1627 2350 1684 Ιῑεετθάίιειιθιη
2373 1637 2650 1698 nostram,
2678 1633 2915 1700 praemia
2944 1634 3158 1691 scilicet
3187 1651 3320 1707 quze
3350 1653 3661 1707 meremur,

161 1714 466 1782 attendere,
512 1722 569 1769 et
598 1713 669 1770 de
701 1728 894 1771 rerum
928 1728 1209 1770 novarum
1252 1714 1646 1771 molitionibus
1689 1729 1852 1771 coar-

161 1811 334 1873 gutos,
365 1803 439 1857 ad
481 1803 695 1858 vitium
725 1817 856 1874 qua:
887 1803 975 1873 pie
1005 1804 1261 1873 gerimus
1308 1803 1714 1874 intorquenda,
1748 1818 1853 1859 nos

160 1893 252 1948 etsi
297 1892 547 1949 latenter
593 1900 781 1948 tamen
824 1892 1190 1948 mordacibus
1244 1893 1505 1948 susurris
1556 1893 1850 1962 impetere.

160 1981 371 2037 Novum
418 1981 594 2052 plane
627 1989 711 2036 est
742 1981 896 2051 quod
926 1981 1214 2047 cudimus,
1260 1982 1317 2036 in
1362 1979 1524 2037 nullo
1554 1981 1767 2037 dissoni
1818 1995 1853 2037 a

160 2071 455 2136 veteribus,
520 2076 625 2125 aut
685 2069 812 2136 fide,
864 2078 965 2125 aut
1004 2070 1282 2135 sensibus,
1343 2070 1486 2140 quia
1527 2070 1848 2126 secundum

161 2160 279 2213 novi
328 2158 591 2214 mandati
622 2159 957 2214 charitatem
995 2160 1243 2229 agimus,
1279 2167 1334 2214 et
1362 2160 1409 2213 si
1440 2159 1513 2215 ab
1555 2158 1852 2229 aliquibus

160 2248 420 2315 rodimur,
456 2263 593 2304 cum
634 2248 725 2304 his
757 2263 904 2319 quos
932 2258 1152 2304 veteres
1181 2257 1235 2304 et
1265 2250 1535 2319 antiquos
1574 2250 1848 2316 vocitant,

158 2338 552 2407 aequanimiter
606 2337 727 2393 redi
758 2352 861 2393 nos
908 2337 1182 2408 patimur.
1235 2338 1390 2393 Idem
1433 2338 1681 2408 profecto
1730 2338 1851 2394 suis

160 2425 457 2480 toleravere
509 2425 889 2495 temporibus,
933 2425 1088 2481 unde
1131 2434 1187 2481 et
1241 2440 1347 2481 nos
1385 2426 1626 2482 scientes
1676 2428 1851 2497 juxta

163 2514 485 2582 Apostolum
534 2515 613 2583 (II
652 2515 771 2570 Cor.
829 2529 867 2580 ι,
916 2516 971 2580 6)
1013 2514 1272 2570 eamdem
1323 2514 1655 2584 passionum
1711 2513 1848 2570 tole-

164 2602 385 2657 rantiam
440 2602 517 2666 ei,
560 2616 692 2673 qua:
741 2602 799 2657 in
839 2602 1059 2657 mundo
1090 2610 1193 2669 est,
1246 2610 1455 2658 nostra;
1504 2602 1846 2659 fraternitati

165 2689 286 2753 ﬁeri.
319 2706 389 2745 ex
424 2692 544 2746 Deo
574 2691 813 2748 tutiores
841 2699 1027 2762 erepta
1058 2691 1487 2761 prosequimur.

794 2788 1028 2846 CAPUT
1069 2789 1192 2846 XV.

222 2878 384 2934 Vsus.
446 2882 498 2932 t.
569 2908 629 2918 —
684 2878 883 2932 Factus
930 2883 1009 2932 est
1055 2893 1228 2933 sermo
1262 2881 1476 2933 Domini
1519 2879 1595 2934 ad
1637 2880 1843 2936 Abram

164 2970 522 3035 pervisionem
558 2967 779 3022 dicens:
833 2968 964 3023 Noli
1004 2970 1207 3033 timere,
1263 2968 1493 3035 Abram,
1526 2985 1620 3034 ego
1660 2975 1844 3039 prote-

164 3061 256 3109 ctor
284 3062 404 3111 tuus
444 3071 592 3125 sum,
630 3062 681 3110 et
707 3071 905 3110 merces
938 3061 1032 3111 tua
1065 3072 1263 3126 magna
1300 3059 1486 3112 nimis.
1533 3057 1843 3128 Postquam

166 3153 371 3213 paterne
444 3146 735 3202 internam
808 3145 1109 3213 familiam,
1194 3146 1568 3216 cogitationes
1632 3147 1845 3204 scilicet

163 3246 296 3300 suas,
341 3250 454 3291 non
500 3235 703 3291 timore
750 3234 940 3291 servili
995 3235 1298 3306 religiosus
1345 3237 1598 3308 quisque
1648 3251 1844 3308 regere

163 3323 388 3391 coeperit,
440 3324 709 3379 excelsus
759 3323 894 3394 jure
940 3323 1173 3392 dicitur,
1215 3324 1319 3395 qui
1362 3325 1433 3381 ad
1468 3325 1613 3381 bene
1660 3340 1843 3396 agen-

164 3410 278 3467 dum
322 3428 434 3470 non
481 3421 712 3471 terreno
742 3414 975 3479 damno,
1026 3421 1128 3470 aut
1157 3414 1476 3481 commodo,
1526 3423 1628 3471 aut
1670 3416 1840 3472 etiam

165 3503 418 3569 gehenna,
444 3504 541 3559 sed
574 3502 783 3559 cmlcsti
816 3502 1055 3573 prtemio
1081 3502 1317 3559 ducitur
1347 3517 1360 3556 :
1396 3502 1487 3559 isti
1517 3517 1653 3575 ergo
1693 3511 1845 3574 post-

165 3603 312 3658 quam
356 3592 713 3663 temporalia,
759 3607 891 3664 quze
923 3598 1177 3663 quatuor
1224 3592 1535 3663 signantur
1585 3593 1839 3664 regibus.

164 3688 333 3736 contra
379 3683 646 3753 quinque
692 3689 915 3738 nostros
962 3695 1136 3737 sensu
1185 3679 1325 3737 alios
1370 3680 1634 3738 videlicet
1678 3696 1841 3753 reges

165 3765 400 3826 bellantia
456 3773 819 3842 percusserit,
884 3778 939 3826 et
997 3770 1267 3833 decimas,
1332 3770 1387 3825 id
1443 3778 1528 3826 est
1586 3771 1839 3828 victorim

163 3858 532 3925 perfectionem
613 3859 735 3931 regi
802 3859 957 3930 pacis
1029 3859 1464 3927 Melchisedech,
1542 3874 1659 3916 non
1730 3860 1838 3917 sibi

164 3947 472 4016 attribuerit,
537 3947 697 4014 huic,
748 3948 1015 4019 inquam,
1063 3947 1217 4003 Patri
1267 3960 1402 4004 vere
1442 3948 1686 4018 excelso,
1739 3965 1839 4020 per

164 4034 426 4104 visionem,
484 4037 542 4093 id
588 4044 673 4093 est
702 4037 873 4094 corde
897 4036 1186 4108 vigilanti,
1218 4036 1313 4093 sed
1344 4051 1581 4106 corpore
1611 4053 1645 4094 a
1679 4040 1837 4095 curis

166 4120 449 4182 forensibus
515 4126 813 4196 consopito
866 4126 1107 4197 inspirat
1164 4127 1344 4196 Deus;
1406 4127 1622 4183 Abram
1680 4129 1832 4184 enim

1961 1724 2258 1784 asportat:
2300 1717 2456 1773 illius
2500 1732 2634 1788 opes
2676 1729 2986 1791 assumpta:
3021 1736 3119 1792 per
3152 1724 3332 1780 lilium
3380 1741 3664 1797 procura-

1961 1805 2117 1867 toris,
2154 1805 2208 1860 id
2238 1812 2324 1861 est
2360 1819 2461 1875 per
2501 1821 2675 1877 opera
2707 1810 2996 1879 appetitus
3027 1811 3275 1879 fuerant,
3319 1815 3411 1869 cui
3447 1816 3665 1872 dictum

1959 1900 2084 1948 est:
2134 1896 2405 1964 Recepisti
2447 1896 2586 1950 bona
2633 1900 2693 1951 in
2728 1900 2845 1952 vita
2887 1905 2983 1953 tua
3034 1902 3179 1963 (Luc.
3214 1918 3331 1968 xvr,
3380 1906 3498 1973 23);
3546 1906 3665 1960 Da-

1959 1993 2189 2037 mascus
2245 1995 2500 2052 namque
2561 1985 2905 2055 sanguinem
2960 1988 3162 2043 bibens
3218 1991 3305 2045 vel
3360 1993 3664 2062 sanguinis

1957 2068 2162 2125 oculus
2214 2070 2445 2127 dicitur.
2501 2073 2611 2130 Iste
2658 2082 2741 2130 est
2796 2090 2969 2146 quem
3036 2077 3315 2134 Dominus
3369 2082 3659 2139 sinistram

1957 2165 2124 2213 vocat
2175 2160 2398 2226 (Matth.
2441 2176 2518 2225 vr,
2567 2162 2642 2231 3),
2675 2177 2709 2218 a
2755 2178 2871 2234 quo
2902 2178 3106 2222 cavere
3131 2166 3371 2236 jubetur
3403 2170 3659 2237 dextera,

1957 2246 2056 2317 qui
2083 2247 2226 2304 bibit
2246 2248 2632 2319 iniquitatem,
2660 2251 2713 2307 id
2739 2261 2823 2308 est
2843 2255 3209 2323 sanguinem,
3234 2260 3400 2327 quasi
3423 2273 3662 2331 aquam,

1955 2343 2011 2391 et
2038 2337 2294 2405 oculum,
2331 2338 2385 2393 id
2415 2347 2497 2396 est
2530 2342 2925 2409 intentionem,
2950 2344 3121 2400 habet
3150 2346 3223 2401 ad
3257 2356 3489 2417 peccata
3525 2364 3662 2419 pro-

1956 2426 2194 2482 clivem:
2229 2427 2445 2484 Eliezer
2472 2436 2663 2485 autem
2699 2431 2851 2487 Deus
2880 2446 3044 2488 meus
3075 2434 3325 2505 adjutor,
3358 2452 3473 2493 non
3506 2439 3661 2509 quod

1957 2516 2273 2573 Damascus
2328 2518 2387 2572 in
2416 2518 2703 2589 adjutorio
2734 2521 3015 2578 Altissimi
3043 2534 3448 2596 commoretur,
3493 2536 3558 2584 ut
3603 2530 3660 2584 in

1957 2604 2151 2659 anima
2191 2606 2469 2671 salvetur,
2510 2608 2608 2663 sed
2659 2609 2814 2680 quod
2860 2616 2959 2665 64
3009 2612 3192 2669 Deum
3236 2615 3560 2685 adjutorem
3603 2618 3659 2674 in

1955 2691 2090 2747 solis
2132 2691 2242 2749 sibi
2289 2694 2684 2765 corporalibus
2714 2698 3073 2768 deprecetur,
3108 2702 3265 2758 unde
3292 2710 3377 2759 est
3413 2718 3426 2758 :
3472 2704 3661 2760 Oratio

1956 2780 2073 2848 ejus
2127 2780 2232 2851 fiat
2285 2785 2345 2836 in
2392 2790 2671 2853 peccatum
2724 2786 2897 2855 (Psat.
2938 2792 3116 2855 cvm),
3170 2787 3225 2844 id
3277 2798 3363 2846 est
3392 2799 3512 2847 oret
3558 2806 3661 2861 pro

1959 2871 2372 2940 temporalibus
2400 2874 2607 2929 solum.
2644 2875 2715 2931 Et
2748 2890 2761 2929 :
2805 2877 3172 2945 Conﬁtebitur
3201 2879 3323 2947 tibi,
3355 2896 3474 2935 cum
3501 2882 3662 2935 bene—

1889 2939 1926 2993 Β
1953 2939 2149 3024 feceris
2190 2962 2241 3015 ei
2286 2963 2450 3029 (Psal.
2500 2976 2693 3029 xcvnr,
2746 2967 2855 3033 l9).
2903 2939 3267 3023 Vernaculus
3296 2939 3508 3039 quippe
3553 2979 3656 3037 est,

1954 3062 2070 3102 non
2118 3048 2355 3106 domum
2407 3060 2679 3120 expetens
2726 3062 3075 3118 manentem,
3126 3056 3223 3111 sed
3275 3059 3659 3127 quantulam—

1951 3150 2186 3207 cunque
2234 3139 2625 3208 temporaliter
2677 3142 3013 3208 mercedem,
3056 3157 3161 3199 nec
3196 3144 3526 3213 Dominum,
3560 3148 3656 3203 sed

1952 3224 2180 3280 Domini
2212 3227 2630 3282 munusculum
2678 3237 2863 3293 amat;
2909 3229 3054 3285 nihil
3085 3239 3278 3287 autem
3310 3247 3424 3288 non
3455 3234 3657 3291 dedisti

1950 3326 2166 3379 semen,
2209 3313 2369 3383 quia,
2403 3315 2621 3370 carnali
2654 3330 2779 3371 meo
2814 3317 3072 3387 appetitu
3103 3326 3316 3376 terram
3348 3320 3653 3391 lambente,

1949 3401 2187 3472 dignam
2229 3410 2446 3459 aeterna
2494 3404 2754 3460 mercede
2798 3405 2857 3460 in
2905 3420 2993 3461 me
3039 3421 3154 3463 non
3204 3410 3427 3479 reperio
3473 3413 3655 3468 actio-

1949 3504 2103 3545 nem.

2022 3588 2193 3644 Vens.
2224 3589 2278 3656 4,
2394 3617 2467 3630 -
2504 3591 2623 3645 Νοη
2653 3592 2778 3656 erit,
2812 3590 3003 3662 inquit
3034 3593 3333 3660 Dominus,
3370 3597 3457 3651 hic
3487 3597 3653 3653 haeres

1949 3681 2093 3743 tuus,
2145 3678 2241 3731 sed
2277 3681 2375 3746 qui
2419 3679 2727 3747 egredietur
2769 3680 2836 3734 de
2879 3686 3029 3737 utero
3076 3688 3168 3739 tuo
3198 3687 3380 3753 ipsum
3428 3687 3652 3741 habebis

1949 3766 2228 3820 liter-edem.
2280 3767 2597 3837 Edumitque
2648 3785 2767 3823 eum
2807 3772 2962 3837 foras
3010 3777 3062 3826 et
3107 3776 3188 3827 ait
3233 3773 3370 3828 illi:
3429 3776 3653 3845 Suscipe

1945 3857 2136 3910 calum
2184 3861 2235 3910 et
2294 3872 2520 3910 numera
2564 3859 2769 3924 stellas,
2833 3861 2886 3913 si
2936 3865 3107 3929 potes.
3152 3862 3242 3917 Sic
3300 3866 3406 3919 erit
3475 3880 3651 3919 semen

1949 3949 2119 3997 tuum.
2166 3944 2272 3999 Per
2304 3952 2533 4001 uterum
2578 3947 2941 4002 secretiorem
2990 3949 3171 4005 nostri
3206 3952 3495 4008 interioris
3538 3954 3649 4009 bo-

1948 4032 2117 4087 minis
2192 4040 2438 4103 partem,
2513 4033 2961 4090 rationalitatem
3033 4036 3311 4093 debemus
3369 4041 3646 4110 accipere,

1944 4131 2122 4188 quam
2166 4128 2437 4189 provocat
2486 4120 2667 4176 David
2704 4136 2717 4175 :
2767 4122 2984 4191 Omnia,
3030 4124 3129 4193 ait,
3200 4127 3465 4181 interiora
3508 4144 3646 4193 mea,

167 4210 345 4270 dicitur
369 4223 531 4285 pater
555 4215 840 4271 excelsus.
873 4214 996 4271 Noli
1028 4214 1245 4279 timere,
1281 4215 1493 4286 inquit,
1530 4216 1670 4286 quia
1696 4224 1833 4273 tuus

2022 4208 2238 4262 tedicite
2278 4211 2515 4264 'Domino
2560 4211 2730 4275 (Psal.
2793 4226 2888 4277 cn,
2954 4216 3034 4281 l);
3084 4222 3139 4271 et
3186 4214 3369 4270 alibi:
3431 4218 3491 4271 In
3531 4220 3647 4271 vita

166 4297 211 4353 in
264 4303 406 4358 omni
469 4317 570 4359 ero
623 4303 931 4359 teutatione
993 4311 1297 4374 protector,
1356 4318 1428 4359 ne
1483 4304 1715 4367 labaris,
1778 4311 1833 4360 et
1938 4313 2038 4352 sua
2071 4298 2301 4367 projecit
2330 4301 2527 4353 intima
2573 4314 2676 4353 sua
2722 4301 2912 4371 (Eccli.
2946 4317 3002 4370 χ,
3058 4304 3164 4371 l0).
3212 4302 3317 4371 Qui
3348 4319 3486 4374 ergo
3530 4321 3645 4361 non

169 4401 341 4458 magna
366 4406 579 4449 merces
609 4392 669 4449 in
696 4391 919 4463 praamii
949 4392 1253 4464 largitione
1284 4392 1585 4462 reponitur
1614 4392 1833 4448 tibi.—
1937 4386 2007 4442 de
2060 4386 2431 4444 sensualitate
2468 4401 2633 4458 vaga.
2676 4390 2771 4446 sed
2818 4391 2889 4446 de
2935 4391 3191 4448 interiori
3238 4407 3305 4448 ac
3361 4395 3643 4465 superiori

170 4475 325 4541 (Vsus.
368 4481 442 4551 2.)
472 4485 738 4551 Dixitque
760 4482 971 4536 Abram
1004 4496 1016 4536 :
1052 4483 1273 4536 Domine
1310 4485 1470 4548 Deus,
1504 4482 1642 4551 quid
1670 4482 1831 4536 dabis
1939 4484 2135 4531 nostra
2165 4477 2409 4533 essentia
2438 4476 2901 4534 intellectualiter
2931 4481 3216 4537 emittitur
3244 4490 3447 4549 actus,
3480 4483 3527 4537 is
3556 4493 3643 4539 est

169 4565 316 4621 mihi?
339 4567 478 4635 Quid
511 4568 736 4640 praemii
782 4569 923 4626 mihi
962 4569 1268 4640 polliceris,
1304 4570 1403 4641 qui
1437 4584 1644 4626 causas
1675 4584 1829 4640 prze-
1936 4564 2119 4621 haeres
2152 4573 2361 4632 noster,
2403 4566 2447 4621 si
2478 4565 2769 4631 volumus,
2819 4568 2961 4638 quia
3002 4570 3073 4625 ad
3112 4570 3302 4640 ipsum
3345 4572 3449 4642 qui
3482 4573 3643 4643 origo

171 4651 397 4725 aliorum,
454 4658 605 4713 bona
658 4657 872 4713 scilicet
929 4671 1104 4729 opera
1168 4672 1349 4729 negas
1405 4658 1586 4714 mihi?
1637 4658 1827 4715 Sancti
1938 4654 2119 4725 ipsius
2162 4663 2267 4718 est,
2301 4655 2728 4725 quodammodo
2771 4656 2924 4721 boni,
2978 4657 3025 4713 si
3072 4667 3226 4715 caste
3257 4659 3377 4727 flat,
3425 4670 3643 4731 spectat

172 4741 254 4797 viri
286 4760 393 4816 quo
436 4748 623 4817 magis
669 4762 725 4805 se
764 4748 1091 4815 attendunt,
1142 4763 1207 4803 eo
1237 4762 1297 4804 se
1337 4749 1394 4804 in
1437 4748 1558 4804 suis
1603 4748 1829 4804 actibus
1937 4743 2241 4800 retributio
2273 4744 2437 4814 boni;
2474 4744 2521 4800 is
2550 4744 2704 4799 enim
2741 4745 2964 4801 fructus
2996 4755 3119 4816 post
3149 4756 3389 4804 mortem
3427 4758 3638 4806 restat:

173 4826 503 4899 vﬂipendunt.
542 4839 661 4904 Ego
698 4837 897 4891 vadum
940 4837 1143 4906 absque
1190 4838 1396 4903 liberis,
1436 4837 1491 4893 id
1540 4845 1625 4893 est
1662 4837 1827 4893 nulla
1932 4831 2126 4888 educit
2151 4846 2256 4887 nos
2286 4833 2440 4889 Deus
2472 4833 2642 4897 foras,
2678 4847 2810 4888 cum
2846 4835 3196 4903 speculando
3226 4834 3361 4892 facit
3388 4852 3492 4893 nos
3520 4852 3642 4895 car-

176 4912 301 4973 herili
352 4924 656 4981 stabilitate
722 4940 884 4982 mens
929 4940 1058 4982 mea
1131 4927 1407 4992 consistit,
1466 4927 1561 4982 sed
1632 4926 1824 4983 servili
1933 4920 2022 4975 nis
2046 4921 2322 4977 excedere
2351 4922 2651 4993 angustias
2684 4937 2697 4975 :
2731 4922 3081 4992 suscipimus
3113 4923 3343 4989 caelum,
3372 4940 3502 4983 cum
3535 4928 3639 4984 etsi

175 5010 456 5073 evagatione
492 5014 789 5083 discurrit,
837 5030 944 5071 nec
975 5016 1045 5071 ad
1081 5015 1397 5072 libertatem
1435 5015 1672 5085 justitiaa
1722 5030 1825 5071 seu

2022 5022 2048 5063 η
2080 5008 2469 5078 pervidemus,
2501 5008 2918 5079 aliquantisper
2942 5017 3133 5067 tamen
3166 5012 3550 5071 scintillamus
3580 5015 3637 5070 in

178 5098 301 5163 regni
351 5099 550 5160 liberos
605 5111 884 5173 procreat,
942 5105 1065 5161 sed’
1101 5105 1171 5161 ad
1225 5105 1436 5176 jugum
1494 5104 1703 5160 diaboli
1758 5119 1826 5161 ac
1932 5098 2161 5154 Deum:
2203 5097 2398 5154 stellas
2439 5097 2811 5165 attendimus,
2861 5112 2994 5154 cum
3027 5099 3085 5154 in
3136 5100 3258 5170 ipso
3286 5102 3497 5171 positas
3542 5103 3638 5159 in-

177 5186 322 5241 s'rcnli
344 5203 527 5261 opera,
563 5207 696 5263 quae
723 5199 859 5249 sunt
890 5192 1011 5258 filii,
1046 5193 1335 5250 servitura
1368 5200 1667 5265 propagat.
1929 5186 2383 5243 numerabilium
2435 5193 2767 5243 sanctorum
2840 5187 3247 5246 retributiones
3303 5204 3633 5260 pensamus.

231 5270 369 5331 Vsus.
413 5281 463 5333 3.
493 5308 568 5322 —
608 5281 779 5334 Filius
824 5283 1202 5349 procuratoris
1244 5282 1350 5334 mei
1378 5283 1479 5335 iste
1527 5284 1823 5335 Damascus
1929 5275 2147 5331 Crelum
2190 5282 2385 5331 autem
2416 5275 2609 5331 vocari
2659 5277 2841 5332 Deum
2872 5278 3073 5332 creber
3103 5279 3160 5333 in
3208 5278 3446 5348 psalmis
3494 5295 3638 5336 usus

182 5357 338 5416 Eliezer
376 5366 537 5423 heres
574 5383 722 5424 meus
770 5372 891 5437 erit,
941 5371 1266 5424 vernaculus
1313 5385 1496 5424 meus:
1531 5369 1671 5424 mihi
1715 5384 1821 5423 (ιιι-
1929 5372 2033 5432 est,
2082 5371 2147 5419 ut
2178 5372 2307 5420 est:
2350 5366 2558 5419 Cretum
2587 5367 2712 5420 cali
2738 5368 2962 5420 Domino
3020 5366 3193 5436 (Psal.
3238 5381 3372 5434 εχιτ,
3420 5370 3528 5437 l6).
3566 5370 3630 5426 In

182 5448 255 5499 tem
277 5464 423 5508 semen
451 5472 556 5512 non
582 5457 803 5513 dedisti.
838 5458 1185 5515 Procurator
1204 5457 1435 5526 dicitur,
1469 5458 1623 5529 quod
1651 5471 1821 5528 porro
1929 5452 2036 5508 hoc
2068 5453 2264 5522 itaque
2294 5460 2493 5509 nostra
2523 5453 2640 5509 fixa
2669 5462 2807 5509 sunt
2827 5455 3084 5523 praemia,
3115 5469 3247 5525 quae
3275 5457 3380 5512 etsi
3406 5470 3440 5512 a
3471 5458 3638 5514 nobis

184 5545 315 5606 curet,
355 5543 402 5599 id
431 5554 512 5603 est
539 5548 815 5613 exterius,
856 5561 987 5603 cum
1023 5547 1265 5603 Domino
1291 5547 1529 5603 attineat
1577 5545 1822 5617 grandia
1864 5552 1904 5604 l)
1935 5540 2132 5611 procul
2182 5540 2315 5596 inde
2348 5542 2676 5613 jacentibus
2741 5550 3041 5612 putantur,
3085 5543 3323 5600 forsitan
3373 5545 3632 5611 minima,

184 5634 373 5697 quisque
414 5647 616 5691 curare
663 5634 925 5702 interius,
975 5635 1264 5706 appetitus
1293 5647 1429 5705 ergo
1457 5635 1667 5701 carnis,
1717 5634 1818 5704 qui
1930 5631 2015 5687 uti
2046 5629 2388 5701 parvissima
2432 5630 2773 5697 creduntur,
2804 5645 2939 5686 cum
2972 5632 3231 5688 maxima
3276 5633 3392 5688 sint
3422 5634 3652 5700 sidera,.

186 5718 406 5777 exteriora
452 5730 725 5794 procurat
752 5731 807 5779 et
845 5724 999 5780 filius
1043 5724 1171 5795 ejus
1210 5737 1356 5794 opus
1385 5724 1512 5794 ejus
1556 5730 1660 5789 est,
1714 5721 1817 5792 qui
1929 5734 2033 5777 nec
2083 5720 2396 5783 numerari,
2441 5734 2545 5774 nec
2590 5718 2995 5789 comprehendi
3043 5720 3238 5776 valent
3289 5736 3466 5792 quam
3520 5723 3635 5778 sint
