3956 6418
359 399 450 452 131
1205 391 1274 448 ν.
1336 392 1666 448 GUIBERTI
1724 393 1921 448 ABBA'.

1205 391 1274 448 ι’.
1336 392 1666 448 GUIBERTI
1724 393 2016 448 ABBATIS
2061 394 2116 446 S.
2175 393 2412 450 ΙΙΑΒῙᾸΞ
2471 394 2560 450 DE

2623 393 3010 450 NOVIGENTO
3764 396 3872 446 i3‘2

351 535 640 606 praecipua
671 547 685 586 :
716 533 793 586 sic
820 533 927 584 erit
947 545 1120 584 semen
1149 534 1322 596 tuum,
1354 530 1406 586 id
1437 537 1520 586 est
1547 544 1560 584 :
1595 528 1710 584 Etsi
1741 529 1936 584 videas
1962 529 2031 584 ad
2074 529 2120 585 Α
2151 544 2325 600 quam
2359 531 2563 587 melius
2597 530 2658 586 tlt
2687 544 2862 602 quam
2896 531 3176 587 divisione
3207 530 3322 598 illa,
3355 545 3458 586 nec
3488 538 3684 587 tamen
3721 530 3870 586 irri-

353 624 586 693 plenum
627 626 914 690 quantum
947 617 1192 683 labores,
1227 617 1420 673 videre
1451 618 1610 672 nullo
1644 617 1810 672 modo
1841 621 2050 687 poteris

353 712 410 766 in
440 709 704 780 prmsenti
758 707 899 778 quid
935 708 992 762 in
1033 706 1229 761 futuro
1261 706 1511 775 recipies.
1551 707 1617 760 Et
1650 713 1712 760 ut
1741 714 1895 760 certo
1928 706 2047 760 h:ec

349 803 560 865 teneas,
587 797 768 853 recole
795 796 935 867 quia
955 825 1023 836 —
1045 795 1234 860 (Vens.
1257 797 1314 863 '7)
1339 811 1432 862 ego
1457 795 1736 858 Dominus,
1763 797 1863 864 qui
1879 795 2049 848 edua‘i

352 892 402 942 te
445 886 511 939 de
563 887 641 942 Ur
672 885 1070 950 Chaidzorum,
1115 888 1175 937 ut
1227 881 1412 936 darem
1463 883 1566 937 tibi
1611 888 1811 936 terram
1861 885 2042 944 istam,

349 980 400 1028 et
442 975 746 1045 possideres
790 989 926 1026 eam.
983 971 1063 1028 Ur
1118 970 1286 1040 ignis,
1333 971 1584 1026 Chaldtei
1623 971 1792 1041 quasi
1841 971 2042 1027 ubera.

350 1062 517 1133 quasi
572 1062 695 1128 feri,
745 1061 909 1131 quasi
941 1059 1248 1115 dzemones.
1307 1059 1385 1113 De
1435 1059 1567 1127 igne
1603 1058 1801 1126 igitur,
1853 1057 1906 1113 id
1965 1065 2046 1114 est

349 1159 494 1206 testu
538 1150 865 1214 libidinum,
899 1147 1117 1218 quibus
1147 1161 1246 1202 rex
1280 1147 1582 1215 Babylonis
1613 1155 1872 1202 nostrum
1904 1162 2047 1203 con-

350 1245 439 1294 tra
491 1253 548 1293 se
607 1237 962 1307 decoquebat
1007 1236 1279 1304 rigorem,
1339 1235 1588 1304 primum
1636 1235 1802 1306 quasi
1864 1235 2046 1291 ubera

349 1327 752 1397 suggestionis,
785 1326 1014 1380 demum
1061 1324 1338 1380 feritatem
1381 1323 1789 1390 delectationis,
1843 1324 1914 1379 ad
1962 1324 2046 1380 ul-

347 1416 551 1472 timum
605 1414 791 1486 quasi,
828 1414 879 1468 id
911 1421 995 1468 est
1044 1427 1176 1468 vere
1204 1413 1576 1468 dmmonicam
1613 1413 1826 1468 rabiem
1857 1414 2047 1482 operis

346 1511 400 1560 et
439 1503 872 1559 consuetudinis
904 1501 1172 1568 inferens,
1207 1516 1311 1556 nos
1343 1501 1492 1556 Deus
1520 1501 1689 1567 eruit,
1721 1509 1775 1556 et
1805 1508 2039 1568 terram,

346 1600 632 1648 terrenam
657 1592 871 1646 scilicet
897 1589 1252 1646 voluntatem
1283 1589 1448 1644 nobis
1466 1589 1834 1644 excolendam
1865 1604 2041 1645 evan-

349 1681 525 1751 gelico
571 1689 763 1736 aratro
809 1679 1082 1748 iniunxit,
1115 1686 1169 1733 et
1201 1686 1265 1733 ut
1298 1692 1428 1732 cum
1477 1677 1711 1732 mitibus
1743 1679 1796 1732 in
1849 1679 2044 1733 futuro

349 1769 755 1839 impassibilem
847 1781 973 1822 eam
1059 1767 1479 1836 possideremus
1556 1781 1786 1837 sperare
1865 1767 2034 1821 etiam

341 1858 530 1929 jussit.

416 1945 588 2002 Vnus.
618 1944 673 2000 8.
713 1975 782 1984 —
829 1945 905 1998 At
936 1945 1026 1998 ille
1055 1960 1068 1998 :
1113 1946 1328 1998 Domine
1359 1945 1520 2011 Deus,
1554 1943 1695 1997 unde
1723 1945 1861 1997 scire
1902 1959 2036 2013 pos-

344 2049 462 2088 sum
492 2033 637 2103 quod
663 2048 1006 2104 possessurus
1042 2035 1146 2088 sim
1172 2049 1285 2087 eam
1303 2032 1331 2087 ‘I
1377 2033 1495 2088 Hoc
1521 2040 1606 2088 est
1639 2047 1651 2087 :
1687 2033 1848 2088 Unde
1876 2046 2032 2102 spem

345 2137 500 2178 nunc
531 2122 742 2178 habere
774 2136 980 2192 queam
1015 2122 1168 2192 quod
1199 2137 1332 2178 cum
1365 2121 1600 2177 mitibus
1629 2121 1945 2191 possideam
1977 2121 2034 2177 in

345 2210 540 2266 futuro
571 2209 818 2266 terram?
864 2239 930 2248 —
963 2210 1156 2279 (Vnus.
1189 2213 1240 2276 9,
1281 2211 1385 2276 t0.)
1416 2213 1484 2265 Et
1524 2212 1821 2265 Dominus:
1854 2210 2032 2274 Sume,

345 2297 553 2368 inquit,
602 2297 741 2351 mihi
777 2312 993 2351 vaccam
1032 2301 1310 2363 triennem,
1359 2303 1409 2352 et
1441 2313 1660 2366 capram
1695 2300 1934 2362 trimam,
1985 2304 2036 2352 et

342 2389 564 2440 arietem
605 2401 872 2440 annorum
921 2388 1106 2453 trium,
1158 2391 1424 2440 turturem
1473 2401 1686 2457 quoque
1734 2391 1784 2439 et
1833 2387 2032 2440 colum-

344 2475 487 2529 bam.
533 2476 638 2544 ()ui
688 2475 873 2528 tollens
915 2477 1192 2535 universa,
1247 2474 1353 2528 hac
1402 2473 1593 2527 divisit
1628 2490 1726 2542 per
1775 2475 2031 2542 medium,

341 2569 393 2617 et
441 2567 703 2631 utrasque
746 2568 930 2630 partes
981 2562 1324 2626 altrinsecus,
1371 2566 1421 2616 et
1472 2567 1657 2615 contra
1708 2577 1763 2615 se
1811 2565 2030 2630 posuit:

341 2665 466 2704 aves
495 2655 674 2704 autem
721 2666 826 2704 non
866 2649 1078 2704 divisit.
1129 2649 1235 2705 Per
1266 2663 1520 2717 vaccam,
1555 2665 1686 2720 qum
1731 2664 1906 2721 grave
1951 2659 2034 2707 est

341 2738 577 2805 animal,
623 2739 987 2806 sensualitas,
1047 2754 1179 2810 quze
1223 2747 1542 2809 aggravata
1581 2753 1885 2809 nunquam
1932 2747 2034 2794 aut

341 2827 439 2883 vix
468 2828 696 2884 levatur
721 2829 794 2882 ab
827 2829 986 2896 imis;
1020 2843 1122 2898 per
1149 2842 1403 2897 capram,
1439 2843 1570 2897 quae
1601 2828 1916 2884 arduorum
1948 2837 2033 2885 est

341 2919 614 2985 appetens
662 2923 718 2971 et
767 2917 1061 2986 perspicax
1114 2924 1289 2987 atque
1336 2917 1535 2971 calidm
1581 2924 1824 2982 naturae,
1875 2919 2028 2987 quod

340 3005 654 3062 secundum
699 3006 991 3076 physicam
1025 3006 1379 3075 sapientibus
1417 3007 1617 3062 attinet
1667 3006 2032 3062 intellectua-

2154 626 2277 674 tare
2324 619 2615 686 desinunt,
2666 619 2760 674 sed
2793 620 3008 675 Abram
3057 619 3322 688 abigente
3364 617 3706 689 ditTugiunt.
3755 619 3871 673 Sed

2157 706 2472 762 notandum
2522 707 2577 762 in
2629 708 2935 777 prtemissis
2981 707 3173 763 verbis
3219 707 3373 778 quod
3422 707 3659 775 dicitur,
3712 722 3876 761 sume

2153 798 2310 849 mihi.
2343 796 2448 861 Qui
2496 795 2550 851 in
2585 798 2704 851 suis
2733 797 2852 851 sive
2881 797 3136 852 externis
3169 811 3269 852 seu
3321 796 3563 852 internis
3606 796 3876 851 motibus

2154 884 2324 940 laxus
2369 891 2424 940 et
2483 884 2699 939 ﬂuidus
2744 892 2848 948 est,
2909 885 3011 941 hos
3062 899 3210 954 opus
3259 892 3341 940 est
3399 891 3607 946 sumat.
3671 883 3726 938 id
3775 891 3876 937 est

2156 979 2438 1028 correctos
2495 979 2769 1042 potestate
2814 973 3126 1035 contineat,
3175 972 3272 1027 sed
3322 986 3436 1026 non
3497 986 3601 1042 pro
3663 971 3876 1027 favore

2153 1061 2336 1130 vulgi,
2369 1068 2428 1116 at
2466 1061 2597 1128 Deo,
2657 1061 2711 1116 id
2744 1068 2826 1116 est
2871 1061 2942 1116 ad
2990 1061 3261 1116 honorem
3310 1060 3428 1115 Dei.
3490 1059 3691 1129 (Vens.
3751 1061 3874 1128 t2.)

2153 1151 2388 1218 Cumque
2427 1150 2507 1203 sol
2548 1149 2895 1216 occumberet,
2931 1163 3091 1218 sopor
3119 1150 3284 1201 irruit
3328 1164 3492 1218 super
3529 1149 3769 1212 Abram,
3811 1156 3874 1202 et

2153 1238 2345 1292 horror
2389 1253 2617 1306 magnus
2647 1243 2696 1291 et
2729 1237 3032 1291 tenebrosus
3075 1239 3282 1290 invasit
3306 1252 3445 1290 eum.
3493 1235 3586 1291 Sol
3632 1251 3877 1292 occum-

2155 1327 2252 1394 bit,
2278 1341 2408 1382 cum
2437 1326 2676 1397 justitize
2713 1326 2900 1382 fervor
2928 1326 2986 1382 in
3026 1325 3196 1380 corde
3237 1332 3573 1380 sanctorum
3605 1323 3677 1378 ad
3717 1331 3874 1380 tem-

2153 1431 2282 1486 pus,
2315 1416 2429 1471 Deo
2480 1415 2865 1484 dispensante,
2914 1414 3180 1484 tepescit:
3228 1427 3398 1482 sopor
3435 1426 3612 1482 super
3667 1427 3736 1468 or
3789 1412 3877 1467 ir-

2151 1504 2289 1569 ruit,
2331 1518 2462 1558 cum
2503 1503 2796 1572 inopinata
2821 1510 3050 1572 repente
3082 1501 3351 1572 segnities
3379 1501 3557 1556 animi
3591 1501 3796 1556 oculos
3828 1515 3871 1555 a

2153 1593 2241 1648 sui
2291 1592 2473 1662 ipsius
2530 1591 2888 1662 providentia
2935 1591 3354 1662 aliquantisper
3403 1589 3700 1645 occludit:
3753 1595 3872 1643 οε

2154 1681 2357 1736 horror
2405 1695 2652 1748 magnus
2693 1689 2748 1735 et
2789 1681 3124 1735 tenebrosus
3169 1678 3408 1740 invadit,
3467 1693 3601 1733 cum
3661 1693 3872 1734 comes

2153 1770 2370 1825 inertize
2391 1768 2718 1825 tentationis
2741 1768 3038 1822 insolentia
3055 1774 3267 1822 statum
3290 1765 3477 1821 cordis
3499 1766 3785 1830 concutit,
3802 1774 3870 1820 et

2147 1858 2399 1929 quadam
2436 1857 2680 1922 caligine
2700 1857 2920 1912 consilii
2954 1870 3093 1925 pene
3120 1855 3314 1910 lumen
3336 1855 3676 1924 exstinguit,
3712 1855 3866 1925 quia

2147 1961 2427 2017 quorsum
2451 1945 2734 2000 divertere
2763 1945 2963 2000 debeat
2986 1959 3098 1999 non
3148 1943 3382 2011 invenit,
3419 1950 3474 1999 et
3507 1943 3726 1999 dicitur
3752 1943 3805 1999 ei
3844 1959 3863 1998 :

2220 2035 2386 2090 Vnus.
2439 2036 2525 2088 l3.
2574 2034 2658 2087 14.
2701 2061 2776 2075 -
2821 2035 2964 2088 Scito
3010 2047 3363 2101 praenoscens,
3417 2031 3563 2101 quod
3605 2036 3866 2101 peregri-

2144 2138 2273 2176 num
2332 2125 2582 2188 futurum
2635 2125 2708 2175 sit
2757 2136 2932 2174 semen
2985 2125 3136 2174 tuum
3187 2124 3242 2173 in
3295 2127 3442 2173 terra
3480 2135 3584 2174 non
3621 2134 3749 2182 sua,
3803 2126 3862 2174 et

2145 2207 2431 2276 subjicient
2476 2223 2560 2262 eos
2602 2211 2854 2262 servituti
2914 2209 3328 2277 quadringentis
3380 2212 3559 2263 annis.
3618 2211 3858 2265 Verum-

2146 2303 2322 2351 tamen
2370 2303 2576 2364 gentem
2615 2301 2704 2352 cui
2729 2299 2988 2352 servituri
3033 2302 3159 2352 sunt
3187 2315 3281 2364 ego
3302 2298 3585 2366 judicabo,
3635 2304 3686 2352 et
3718 2305 3858 2368 post

2145 2385 2254 2439 haec
2283 2385 2625 2451 egredientur
2654 2401 2772 2439 cum
2818 2401 3019 2454 magna
3047 2386 3378 2441 substantia.
3420 2385 3682 2442 Scintilla
3731 2387 3858 2458 igi—

2144 2481 2242 2530 tur
2270 2473 2507 2529 rationis
2546 2473 2768 2529 cmlitus
2817 2473 3114 2530 illustratze
3164 2474 3444 2545 suggerit,
3495 2475 3649 2546 quod
3692 2475 3855 2531 bona

2144 2576 2251 2618 sua
2305 2576 2475 2633 opera
2525 2570 2866 2618 extraneum
2925 2563 3087 2633 quid,
3143 2570 3200 2618 et
3250 2563 3418 2618 valde
3469 2565 3854 2634 peregrinum

2143 2665 2384 2720 passura
2423 2652 2536 2706 sint
2567 2651 2622 2706 in
2653 2651 3121 2708 colluctationum
3163 2651 3453 2718 molestiis,
3499 2651 3638 2707 dum
3672 2664 3860 2706 accc-

2143 2739 2295 2795 dcnti
2331 2740 2398 2794 ad
2436 2740 2548 2794 Deo
2576 2740 2939 2795 serviendum
2972 2753 3072 2795 cor
3101 2739 3168 2794 ad
3217 2740 3589 2795 tentationem
3625 2753 3862 2810 paran-

2143 2828 2281 2883 dum
2339 2836 2422 2884 est
2478 2830 2642 2898 (Eccl.
2679 2844 2732 2891 ιι,
2789 2829 2860 2898 t),
2908 2837 2964 2884 et
3015 2843 3214 2884 eorum
3273 2828 3330 2884 in
3372 2829 3568 2884 futuro
3621 2827 3857 2884 din‘erri

2145 2917 2460 2971 mercedem
2487 2932 2502 2974 :
2529 2925 2691 2986 porta
2718 2918 2870 2972 enim
2907 2917 3089 2973 ferrea
3118 2916 3287 2972 duxit
3329 2917 3559 2972 Petrum
3589 2917 3661 2972 ad
3694 2919 3860 2972 civi-

2145 3013 2315 3060 tatem
2345 3006 2494 3074 (Act.
2529 3020 2627 3072 xu,
2659 3009 2742 3070 10)
2766 3022 2778 3059 :
2802 3006 2858 3060 in
2883 3013 3036 3061 terra
3058 3006 3253 3076 itaque
3276 3019 3387 3060 non
3409 3019 3515 3060 sua
3547 3004 3756 3071 ferant,
3782 3015 3860 3062 ut

341 3093 497 3163 litas;
569 3109 670 3164 per
730 3096 985 3159 arietem,
1052 3095 1154 3166 qui
1218 3095 1573 3151 eervicosum
1638 3103 1721 3148 est
1789 3094 2027 3161 animal,
2071 3091 2112 3147 C
2150 3092 2204 3147 in
2229 3100 2376 3148 terra
2399 3107 2504 3147 sua
2524 3092 2775 3163 duplicia
2801 3093 3144 3162 possideant.
3171 3093 3525 3162 Subjicimur
3555 3092 3646 3148 hic
3672 3095 3861 3148 servi-

338 3181 670 3252 imaginatio
703 3181 953 3238 carnalis
993 3181 1295 3252 accipitur,
1329 3183 1467 3253 quia
1499 3183 1775 3238 cornibus
1821 3196 2032 3252 super-

339 3270 444 3326 biae
475 3271 702 3340 spiritui
753 3271 1102 3341 reluctatur;
1147 3279 1325 3341 potest
1355 3278 1411 3326 et
1453 3286 1549 3340 per
1575 3272 1810 3327 arietem
1862 3271 2027 3338 ratio,

337 3372 469 3429 quae
496 3357 618 3412 dux
645 3366 728 3412 est
755 3365 809 3414 et
839 3359 1055 3427 praevia
1091 3357 1304 3422 nostri,
1339 3372 1438 3427 per
1470 3372 1703 3414 vaccam
1741 3357 2027 3423 voluntas,

336 3459 468 3515 quae
513 3444 662 3500 inter
691 3445 970 3501 rationem
1006 3445 1188 3514 posita
1218 3453 1274 3500 et
1303 3446 1617 3516 appetitum
1659 3445 1868 3512 carnis,
1920 3445 2029 3500 nisi

336 3533 556 3589 ratione
605 3532 886 3597 frenetur,
931 3532 1284 3588 seductibilis
1321 3533 1629 3589 admodum
1677 3548 1866 3588 vaccae
1898 3540 1982 3588 est
2014 3547 2026 3586 :

336 3634 438 3689 per
491 3633 726 3690 capram
779 3620 1090 3676 obscenum
1145 3620 1358 3676 animal
1408 3621 1693 3690 appetitus
1744 3634 2028 3691 nequam;

334 3709 457 3765 haec
501 3716 556 3764 et
589 3709 648 3764 in
681 3708 895 3764 bonum
939 3717 994 3765 et
1037 3709 1094 3764 in
1145 3709 1361 3765 malum
1408 3709 1540 3764 ferri
1589 3717 1833 3780 queunt,
1891 3709 2032 3779 quia

331 3804 388 3853 et
441 3796 586 3852 ratio
639 3795 957 3866 spiritualis
1011 3803 1212 3853 contra
1264 3797 1581 3854 humanam
1630 3797 1930 3863 dividitur,
1974 3805 2029 3852 et

332 3885 622 3955 appetitus
668 3899 735 3941 ac
787 3885 1058 3942 voluntas
1105 3886 1238 3942 boni
1289 3895 1492 3943 contra
1538 3885 1691 3942 mala
1740 3885 2024 3942 teruntur.

330 3972 479 4040 Quid
527 3982 718 4030 autem
747 3974 898 4031 inter
929 3974 1285 4032 voluntatem
1311 3982 1368 4030 et
1408 3973 1674 4030 affectum
1724 3975 1907 4038 distet.
1967 3975 2023 4030 in

333 4069 581 4119 tractatu
627 4063 880 4120 secundo
927 4063 1203 4120 diximus.
1253 4063 1450 4119 Trium
1500 4071 1692 4118 autem
1737 4077 2022 4120 annorum

329 4164 448 4206 esse
493 4152 797 4222 jubentur,
849 4159 912 4208 ut
948 4151 1244 4208 Trinitatis
1282 4165 1476 4207 amore
1516 4151 1874 4218 imbuuntur,
1922 4160 2023 4207 aut

329 4239 585 4296 oratione
631 4247 808 4311 atque
847 4241 1195 4311 operatime,
1244 4247 1301 4296 et
1349 4240 1535 4309 tertia,
1582 4255 1713 4308 quaa
1751 4240 1864 4297 duo
1915 4241 2021 4296 ista

331 4329 597 4396 instruat,
649 4327 888 4384 lectione
919 4327 1161 4398 perfecte
1192 4328 1512 4384 ﬁrmentur.
1562 4329 1667 4385 Per
1709 4337 2018 4395 turturem,

329 4417 432 4487 qui
459 4418 729 4488 egregius
753 4418 939 4487 magis
969 4425 1072 4484 est,
1108 4417 1204 4473 Dei
1235 4417 1479 4484 dilectio,
1511 4433 1644 4488 quze
1670 4419 2026 4488 contempla-

329 4505 476 4561 tivos
519 4505 669 4561 facit.
719 4505 825 4561 Per
864 4505 1211 4573 columbam,
1259 4519 1390 4575 quae
1437 4507 1698 4577 grcgaria
1732 4515 1836 4574 est,
1884 4508 2022 4563 dile-

327 4594 438 4650 ctio
486 4592 758 4663 proximi,
801 4608 934 4664 quae
976 4601 1031 4649 et
1060 4593 1278 4649 activos
1325 4595 1528 4650 nutrit.
1583 4594 1803 4651 Natura
1849 4594 2026 4666 igitur

328 4689 544 4750 nostra,
588 4682 859 4752 peccandi
905 4682 1236 4738 necessitate
1282 4691 1571 4752 corrupta,
1623 4683 1930 4739 adversum
1966 4697 2024 4738 se

328 4769 648 4826 necessario
711 4769 769 4826 in
826 4770 1016 4826 tribus
1083 4770 1370 4840 przedictis
1425 4770 1723 4838 dividitur,
1782 4771 2025 4828 virtutes

330 4873 465 4914 vero
521 4859 609 4914 hae
664 4866 720 4914 et
760 4857 817 4913 in
868 4872 928 4914 se
976 4859 1320 4914 naturaliter
1364 4859 1573 4915 eaedem
1621 4867 1774 4923 sunt.
1819 4868 1874 4916 et
1921 4875 2025 4916 nos

327 4946 500 5002 etiam
548 4945 793 5012 uniunt;
838 4959 973 5001 caro
1027 4947 1184 5002 enim
1227 4947 1577 5016 concupiscit
1623 4947 1682 5003 in
1731 4947 2022 5018 spiritum,

327 5041 381 5088 et
409 5032 648 5102 spiritus
680 5033 737 5088 in
769 5046 1000 5089 carnem
1044 5033 1250 5102 (Gaiat.
1284 5049 1340 5096 v,
1378 5035 1468 5103 l7)
1505 5049 1518 5088 :
1552 5034 1799 5104 Spiritus
1829 5043 2019 5091 autem

331 5121 448 5187 Dei,
497 5121 597 5191 qui
631 5135 793 5177 amor
820 5130 924 5190 est,
968 5129 1024 5178 et
1067 5123 1123 5178 in
1168 5137 1227 5178 se
1257 5122 1642 5194 indisjnnctus
1670 5132 1754 5180 est
1803 5137 2024 5194 nosque

329 5209 435 5264 sibi
464 5208 784 5279 subjungit.

401 5296 570 5353 Vens.
610 5299 691 5351 tl.
741 5327 810 5336 —
854 5299 1353 5368 Descenderuntque
1379 5301 1620 5354 volucres
1651 5313 1814 5368 super
1853 5297 2020 5354 cada-

327 5402 476 5450 vera,
524 5391 574 5440 et
603 5385 853 5453 abigebat
896 5402 981 5442 eos
1011 5389 1244 5443 Abram.
1278 5388 1575 5444 Daemones
1603 5387 1729 5457 qui,
1775 5386 1916 5457 quia
1964 5385 2023 5441 in

328 5473 442 5528 alia
491 5474 877 5544 superbiendo
925 5475 1214 5539 feruntur.
1250 5475 1514 5531 volucres
1544 5482 1846 5541 vocantur,
1877 5488 2022 5530 con-

327 5568 666 5620 sternantur
724 5577 900 5634 super
957 5562 1392 5622 mortificatione
1421 5569 1637 5630 nostra,
1693 5575 1826 5633 quae
1876 5577 2022 5620 nun.

2142 3181 2272 3248 tuti,
2307 3181 2446 3236 dum
2477 3181 2697 3251 corpori
2733 3189 2927 3237 nostro
2961 3181 3207 3237 velimus
3237 3166 3717 3237 nolimus'sumus
3752 3185 3858 3237 tri-

2145 3270 2374 3335 btttarii,
2416 3277 2471 3324 et
2514 3270 2968 3339 constringimur
2997 3269 3330 3325 necessitate
3379 3269 3668 3339 peccandi,
3699 3271 3857 3324 afﬂi-

2141 3359 2335 3428 gimur
2385 3358 2826 3428 quadringentis
2874 3360 3061 3421 annis,
3095 3356 3252 3413 omni
3303 3371 3558 3413 excursu
3619 3358 3854 3414 scilicet

2143 3446 2436 3515 praesentis
2482 3447 2768 3516 temporis,
2820 3445 2976 3516 quod
3027 3453 3250 3501 constat
3307 3455 3562 3516 quatuor
3607 3455 3852 3516 quater-

2138 3533 2416 3590 nitatibus
2465 3535 2669 3590 nobis:
2725 3541 2979 3604 quatuor
3021 3535 3174 3589 enim
3231 3534 3409 3598 venti,
3460 3537 3717 3603 quatuor
3749 3535 3858 3588 cli-

2140 3630 2312 3690 mata,
2345 3630 2601 3692 quatuor
2636 3623 2935 3688 elementa,
2987 3627 3240 3692 quatuor
3267 3623 3436 3677 etiam
3495 3629 3706 3688 motus,
3770 3622 3855 3679 de

2137 3711 2352 3781 quibus
2379 3726 2528 3782 saepe
2557 3711 2807 3782 agimus,
2855 3711 3055 3766 insunt
3105 3710 3321 3766 homini
3360 3724 3372 3764 :
3408 3717 3656 3765 attamen
3703 3726 3854 3779 gen-

2139 3807 2270 3868 tem,
2298 3799 2631 3870 cujusjugo
2668 3799 3070 3870 deprimimur,
3106 3799 3160 3854 id
3190 3808 3273 3854 est
3307 3798 3462 3862 vitia,
3493 3798 3646 3854 Deus
3673 3799 3846 3868 judi-

2135 3896 2244 3954 eat,
2298 3889 2436 3944 dum
2487 3887 2702 3959 potenti
2745 3901 2814 3944 ea
2863 3887 2920 3943 in
2969 3888 3134 3942 nobis
3183 3887 3402 3943 ratione
3454 3886 3726 3942 discernit
3783 3897 3852 3946 et

2139 3985 2446 4047 temperat:
2499 3975 2594 4033 sed
2653 3976 2792 4032 dum
2841 3975 3246 4046 aequanimiter
3297 3975 3640 4046 aliquandiu
3690 3977 3850 4045 pati-

2136 4079 2289 4126 mur,
2333 4079 2466 4121 cum
2505 4064 2735 4133 magnis
2765 4063 3056 4134 patientiae
3085 4062 3263 4132 copiis
3311 4062 3477 4132 quasi
3519 4076 3733 4118 aurum
3766 4063 3852 4120 de

2134 4152 2361 4209 camino
2391 4152 2462 4208 ad
2493 4165 2762 4207 coronam
2791 4151 3141 4222 egredimur.

2204 4242 2377 4298 Vens.
2415 4243 2499 4306 iii,
2559 4243 2645 4295 16.
2679 4269 2744 4282 --
2801 4239 2879 4294 Tu
2909 4246 3089 4294 autem
3132 4241 3238 4294 ibis
3283 4240 3358 4293 ad
3383 4246 3568 4310 patres
3616 4245 3734 4295 tuos
3781 4245 3848 4298 in

2135 4345 2280 4399 pace,
2343 4330 2584 4398 sepultus
2624 4331 2683 4382 in
2729 4333 2996 4383 senectute
3043 4328 3200 4382 bona.
3250 4329 3608 4383 Genei'atione
3653 4337 3848 4384 autem

2137 4421 2335 4485 quarta
2380 4421 2717 4472 revertentur
2761 4417 2862 4470 huc
2897 4432 2911 4471 :
2961 4415 3186 4471 necdum
3216 4419 3357 4470 enim
3395 4417 3664 4486 complete
3704 4427 3847 4474 sunt

2133 4507 2454 4574 iniquitates
2496 4505 2936 4560 Amorrhzorum
2991 4519 3160 4573 usque
3202 4504 3277 4558 ad
3316 4521 3554 4574 praesens
3595 4511 3839 4574 tempus.
3869 4544 3888 4556 μ

2135 4594 2208 4648 At
2261 4601 2573 4664 antequam
2630 4592 3018 4663 egrediamur,
3048 4592 3120 4648 ad
3148 4600 3334 4662 patres
3390 4601 3611 4648 nostros
3657 4593 3840 4663 imus,

2131 4681 2270 4738 dum
2301 4695 2499 4738 eorum
2531 4695 2782 4751 quorum
2826 4681 3109 4737 miramur
3134 4681 3399 4750 exempla
3423 4682 3668 4751 praeisse.
3703 4697 3845 4739 con-

2133 4769 2371 4826 ferimus
2404 4784 2506 4826 nos
2530 4769 2748 4830 merito,
2779 4777 2835 4825 et
2880 4769 2936 4824 in
2972 4783 3109 4839 pace
3156 4769 3427 4824 vitiorum
3458 4769 3576 4839 jam
3605 4775 3834 4840 statuti,

2129 4865 2185 4914 et
2243 4857 2690 4928 praesumptione
2727 4858 2972 4928 juvenili
3013 4857 3288 4927 deposita,
3341 4866 3594 4914 nostram
3649 4859 3841 4916 humi-

2132 4946 2260 5002 liter
2314 4954 2662 5002 vetustatem
2690 4946 2926 5002 confessi
2961 4945 3291 5016 sepelimur,
3356 4959 3386 5000 a
3460 4947 3834 5006 saecularium

2130 5034 2342 5090 scilicet
2397 5034 2692 5091 turbidine
2753 5035 3119 5106 negotiorum
3177 5033 3329 5090 intra
3393 5035 3602 5090 mentis
3660 5044 3836 5092 antra

2130 5123 2520 5180 recondimur.
2565 5123 2914 5194 Egredimur
2954 5123 3208 5192 corporis
3249 5128 3429 5178 morte
3459 5123 3528 5178 ad
3569 5127 3833 5193 praemia,

2130 5210 2226 5266 sed
2275 5211 2408 5278 huc,
2467 5211 2520 5268 id
2566 5221 2649 5268 est
2679 5212 2751 5267 ad
2803 5219 3037 5276 terram,
3091 5225 3222 5280 quae
3271 5211 3621 5280 promittitur
3659 5213 3836 5282 possi-

2131 5298 2339 5366 denda,
2404 5301 2752 5356 revertimur
2807 5300 3176 5371 generatione
3233 5306 3465 5370 quarta,
3531 5301 3685 5370 quod
3747 5312 3835 5360 est

2131 5389 2547 5444 resurrectione
2620 5387 2862 5457 ultima;
2933 5387 3114 5458 primo
3175 5401 3430 5458 namque
3482 5403 3836 5458 generamur

2129 5489 2198 5532 ex
2232 5489 2424 5543 carne,
2467 5477 2720 5533 secundo
2747 5490 2820 5534 ex
2853 5475 3214 5548 baptismate,
3257 5475 3422 5532 tertio
3467 5477 3713 5534 transitu
3757 5482 3828 5537 ad

2131 5563 2389 5637 requiem
2424 5564 2653 5633 animae,
2704 5572 2914 5638 quarto
2953 5563 3209 5636 corporis
3238 5564 3696 5622 resurrectione:
3733 5569 3830 5624 sed
