3956 6436
106 398 217 467 133,
1295 390 1666 448 MORALIUM
1714 391 1781 445 IN

1979 390 2131 446 ESIN
2186 391 2313 445 LIB.
2372 391 2432 445 V.
3528 395 3623 446 13’s

98 531 142 586 si
175 530 492 587 animabus
521 529 768 600 primam
794 527 997 585 stolam
1022 528 1143 598 jam
1161 528 1509 584 habentibus
1538 525 1806 582 dill‘ertur
1843 530 1882 583 Α
1916 530 2059 580 mine
2085 528 2264 594 Agar,
2316 526 2467 580 dixit
2496 530 2695 582 marito
2739 542 2871 582 suo:
2930 530 3063 582 Ecce
3095 529 3354 584 conclusit
3392 545 3474 584 me
3515 532 3615 584 bo-

97 619 300 686 altera,
341 619 627 689 patienter
657 618 997 684 sustineant,
1050 617 1293 673 scientes
1340 617 1597 673 nondum
1648 630 1801 672 com-

98 709 280 779 pletas
328 710 820 773 Amorrhmorum,
868 706 923 761 id
954 713 1038 762 est
1067 706 1513 762 amaricantium
1561 705 1683 761 suis
1712 719 1805 759 ne-

96 798 301 868 quitiis
348 798 532 853 Deum
590 796 940 867 iniquitates.
989 803 1044 851 et
1092 796 1150 851 hi
1192 795 1374 863 bonis,
1407 809 1658 865 quorum
1691 810 1801 850 nu-

94 901 295 943 merus
315 893 706 956 exspectatur,
732 885 812 940 ita
839 884 1146 941 necessarii
1178 891 1334 951 sunt,
1368 892 1433 940 ut
1462 884 1608 954 ignis
1637 897 1800 949 auro,

92 984 151 1031 et
198 976 464 1047 purgatis
512 976 582 1031 ad
642 975 878 1045 plenum
936 987 1040 1044 per
1099 974 1251 1044 ipsos
1301 972 1474 1043 justis
1527 972 1807 1029 sistentur

99 1065 378 1134 puniendi
401 1063 641 1135 judicio.

171 1153 342 1209 Vens.
376 1155 457 1213 l8.
493 1154 579 1219 19,
612 1152 700 1220 20,
747 1154 836 1206 2|.
867 1181 938 1190 —
984 1152 1048 1205 In
1085 1149 1173 1204 die
1219 1151 1314 1205 illo
1354 1151 1567 1219 pepigit
1616 1151 1799 1204 Domi-

96 1257 200 1296 nus
255 1258 377 1297 cum
433 1242 639 1297 Abram
702 1240 901 1307 fmdus.
952 1241 1187 1295 dicens:
1241 1241 1447 1295 Semini
1515 1246 1606 1293 tuo
1662 1239 1803 1293 dabo

94 1336 302 1384 terram
343 1331 487 1384 hanc
526 1349 559 1384 (ι
589 1333 755 1398 ﬂuvio
802 1332 1030 1399 Egypti
1074 1344 1243 1397 usque
1287 1330 1367 1384 ad
1406 1332 1632 1397 ﬂuvium
1678 1344 1800 1382 ma-

92 1436 262 1486 gnum
318 1420 676 1488 Euphratem,
721 1420 958 1483 Cinwos,
999 1424 1049 1471 et
1099 1420 1393 1483 Ccnezzeos,
1444 1417 1798 1483 Cedmonzos,

93 1510 360 1575 Hethzos,
414 1514 466 1561 et
526 1508 849 1572 th'czazos,
898 1508 1172 1576 Raphaim
1230 1523 1442 1577 quoque
1496 1512 1548 1560 et
1606 1508 1801 1561 Amor-

91 1597 288 1655 rhzos.
345 1601 395 1649 et
452 1580 802 1661 Cha‘nanaeos,
846 1597 1175 1663 Gergcszos,
1216 1600 1267 1649 et
1309 1595 1602 1651 Jebuszeos.
1656 1593 1801 1649 Cum

91 1686 169 1738 sol
212 1684 393 1753 igitur
430 1684 662 1749 divinze,
699 1692 760 1740 ut
808 1684 1086 1752 diximus,
1116 1682 1543 1753 compunctioni
1586 1681 1658 1737 ad
1698 1682 1798 1737 ho-

90 1786 215 1827 ram
268 1772 514 1839 abesset,
549 1781 786 1842 apparet
814 1773 1081 1829 clibanus
1121 1772 1371 1836 fumans,
1425 1771 1477 1826 id
1513 1779 1597 1826 est
1628 1779 1801 1827 aestus

91 1861 333 1917 interior
356 1861 686 1916 tentationis
718 1862 894 1917 aciem
929 1861 1136 1917 mentis
1164 1860 1533 1925 obnubilans,
1566 1868 1620 1915 et
1650 1859 1801 1915 lam-

93 1964 194 2021 pas
226 1950 381 2021 ignis
410 1950 715 2011 transiens.
750 1950 963 2005 divinze
994 1949 1259 2005 videlicet
1307 1948 1547 2004 rationis
1578 1948 1797 2015 radius,

90 2039 185 2094 sed
223 2047 596 2095 transeunter
626 2039 940 2105 illustrans,
971 2047 1025 2093 et
1056 2038 1393 2094 divisionem
1425 2037 1573 2093 inter
1611 2037 1797 2094 lucem

89 2136 144 2182 et
193 2127 469 2183 tenebras
521 2128 808 2183 subtiliter
862 2128 1089 2193 docens,
1144 2134 1199 2183 et
1247 2127 1318 2182 ad
1360 2135 1586 2196 tempus
1634 2128 1801 2182 dese-

90 2216 269 2273 rendo
311 2216 466 2287 quod
512 2230 586 2272 ex
632 2230 690 2272 se
732 2216 805 2271 sit
846 2216 1017 2271 homo
1056 2215 1366 2271 salubriter
1407 2214 1707 2281 intimans;
1741 2214 1798 2269 in

92 2306 197 2361 hoc
248 2306 363 2371 die,
414 2305 470 2360 in
522 2305 632 2360 hac
684 2305 898 2361 scilicet
947 2305 1229 2375 lampadis
1268 2304 1395 2359 luce
1437 2304 1621 2359 {tedas
1650 2304 1800 2359 Deus

90 2394 398 2450 nobiscum
431 2394 702 2464 pascitur,
744 2394 884 2449 dum
925 2408 999 2449 ex
1043 2394 1135 2449 sui
1166 2392 1589 2461 perseverantia
1632 2406 1797 2448 amo-

90 2486 166 2538 ris
195 2496 358 2551 spem
404 2481 570 2537 nobis
617 2482 674 2536 in
703 2481 978 2537 conﬂictu
1008 2480 1264 2536 victoriae
1301 2480 1611 2551 aspirando
1671 2481 1797 2550 pol-

86 2570 296 2627 licetur
330 2585 343 2624 :
394 2570 601 2625 semini
632 2579 846 2632 nostro.
882 2584 997 2625 non
1048 2570 1214 2625 nobis
1254 2570 1458 2640 utique
1506 2569 1798 2625 sterilibus

86 2659 366 2716 daturum
425 2660 578 2715 hanc
618 2667 854 2727 terram,
901 2659 1002 2714 hos
1048 2659 1296 2729 proiecto
1347 2673 1494 2729 quos
1544 2659 1799 2728 patimur

88 2757 348 2805 terrenos
397 2759 608 2811 motus.
670 2749 723 2803 id
770 2756 855 2804 est
904 2756 1136 2818 propter
1174 2748 1327 2803 bona
1376 2756 1571 2803 nostra
1624 2761 1797 2816 opera

86 2851 251 2894 senos
282 2837 452 2892 nobis
494 2836 892 2902 subditurum,
928 2850 962 2891 a
1002 2836 1181 2892 ﬂuvio
1226 2836 1482 2906 Egypti,
1512 2837 1666 2906 quod
1713 2844 1796 2892 est

82 2928 344 2994 scientia,
410 2940 532 2997 qua
601 2940 689 2982 res
753 2926 1073 2996 Egyptias,
1143 2927 1452 2981 saeculares
1507 2926 1791 2993 videlicet,

84 3017 373 3071 discutere
400 3015 693 3082 novimus,
724 3015 1022 3085 incipient,
1054 3022 1110 3069 et
1132 3014 1202 3070 ad
1236 3014 1482 3075 ﬂuvium
1514 3029 1795 3085 magnum

84 3105 445 3175 Euphratem
468 3104 810 3173 sapientiam
828 3102 1064 3171 scilicet,
1095 3117 1214 3174 qua
1233 3104 1433 3160 divina
1453 3112 1673 3159 contem
1684 3103 1794 3172 pla-

83 3208 217 3250 mur
260 3194 566 3260 inducens,
613 3192 715 3263 qui
774 3193 1188 3263 interpretatur
1224 3207 1505 3261 crescens,
1558 3207 1691 3248 nam
1725 3193 1794 3249 de

83 3283 480 3352 speculatione
534 3282 753 3351 proﬁcit
794 3282 851 3337 in
902 3296 1068 3337 rem:
1124 3290 1315 3337 motus
1357 3289 1550 3337 autem
1598 3282 1793 3337 decem

85 3373 452 3436 inseruntur,
492 3386 592 3440 per
626 3372 782 3426 hunc
813 3384 1124 3426 numerum
1171 3384 1457 3427 summam
1491 3370 1795 3425 universa-

85 3460 193 3515 lem
228 3460 544 3530 ﬁgurando
578 3459 870 3515 vitiorum.
919 3459 1061 3514 Cum
1093 3458 1146 3513 ei
1186 3458 1467 3514 dicuntur
1498 3460 1794 3527 possiden-

85 3557 165 3604 tes
196 3550 270 3603 ad
304 3556 481 3618 caput
538 3548 820 3603 malorum
856 3547 1162 3603 avaritiam
1202 3546 1470 3617 pertinet,
1521 3546 1792 3613 Cenezazi,

82 3638 359 3709 Zelotypi,
393 3645 449 3693 et
480 3637 589 3693 hoc
627 3638 695 3692 ad
748 3637 922 3692 ﬁliam
968 3638 1096 3707 ejus
1128 3637 1410 3692 invidiam
1446 3652 1458 3691 :
1516 3637 1789 3703 Cedmon,

80 3728 327 3797 antiqua
382 3726 611 3782 tristitia
637 3742 652 3794 ;
691 3727 808 3781 hzec
828 3727 982 3781 enim
1004 3725 1120 3781 duo
1140 3732 1276 3781 sunt
1306 3739 1439 3795 quas
1479 3724 1789 3794 antiquum

86 3817 141 3871 in
176 3816 384 3886 primis
407 3816 746 3885 parentibus
775 3814 941 3870 nobis
972 3814 1233 3870 inﬂixere
1265 3828 1607 3883 maerorem;
1636 3813 1793 3869 idvi-

82 3904 274 3959 dentia
314 3918 525 3973 nempe
573 3903 783 3959 diaboli
822 3917 925 3973 par
975 3903 1279 3959 avaritiam
1327 3911 1625 3958 ruerunt:
1675 3903 1792 3958 He-

82 3993 212 4049 thzei
263 4000 593 4062 stupentes;
629 3992 895 4062 sequitur
939 3993 1094 4048 enim
1144 3991 1266 4047 haec
1309 3991 1537 4061 reprobi
1588 4005 1792 4047 sensus

82 4082 412 4137 stoliditas:
472 4081 748 4137 Pberezaei
810 4088 1168 4150 superantes,
1248 4080 1335 4135 vel
1411 4080 1788 4145 disseminati,

82 4170 291 4227 scilicet
349 4180 554 4240 turpes
602 4170 820 4240 ubique
866 4171 990 4241 jam
1045 4177 1256 4237 motus,
1291 4176 1347 4226 et
1395 4168 1625 4225 illiciti:
1679 4168 1788 4224 Ba-

84 4260 299 4329 phaim,
357 4260 670 4330 gigantes;
720 4258 841 4314 haec
868 4266 952 4314 est
982 4258 1272 4328 superbia,
1320 4271 1453 4313 cum
1493 4257 1562 4313 de
1590 4258 1790 4313 crimi—

86 4362 222 4403 num
254 4348 428 4419 quasi
480 4347 764 4416 prosperis
812 4346 1117 4403 eventibus
1148 4346 1351 4403 crescit
1394 4346 1789 4416 peccatoribus

84 4437 324 4493 audacia
352 4436 382 4491 ?
413 4436 737 4492 Amorrbtei
768 4436 1171 4503 amaricantes,
1220 4450 1357 4491 nam
1386 4435 1599 4491 talibus
1626 4449 1787 4490 ama-

84 4524 300 4580 ricatur
341 4524 527 4591 Deus;
571 4521 904 4591 Cbananai,
955 4522 1374 4590 erubescentes,
1408 4523 1496 4578 vel
1541 4522 1792 4592 negotia-

83 4620 254 4682 tores;
304 4626 445 4668 nam
479 4612 569 4667 his
600 4612 803 4667 imbuti
840 4612 1194 4668 erubescunt
1223 4612 1291 4668 de
1332 4611 1664 4682 pmnitentia
1695 4625 1789 4667 co-

80 4702 278 4769 gitare,
331 4706 534 4770 utpote
577 4699 791 4770 quibus
839 4700 896 4755 in
943 4699 1283 4756 exercendis
1326 4698 1481 4756 vitiis
1526 4699 1791 4755 diabolus

78 4790 441 4861 dignoscitur
498 4787 615 4844 otia
664 4803 909 4859 negare;
977 4788 1274 4859 negotium
1341 4788 1499 4845 enim
1551 4788 1786 4855 dicitur,

79 4881 213 4947 quia
272 4886 449 4949 neget
506 4877 738 4947 otium;
797 4877 1104 4948 Gergesaei,
1153 4877 1424 4933 colonum
1472 4876 1783 4947 ejicientes,

79 4970 284 5038 seipsos
345 4981 492 5024 sane
541 4968 816 5037 primum,
849 4974 904 5022 et
928 4967 1054 5023 ideo
1083 4967 1226 5023 alios
1274 4966 1347 5022 ab
1369 4966 1785 5022 inhabitatione

79 5070 323 5126 superna
361 5057 439 5113 ad
499 5069 680 5127 quam
731 5056 917 5112 vocati
972 5062 1109 5111 sunt
1157 5053 1492 5125 ejicientes:
1538 5054 1784 5110 Jebuszei

80 5161 209 5217 ergo
241 5147 316 5203 ad
366 5145 646 5203 ultimum
697 5145 977 5202 dicuntur
1006 5143 1229 5212 calcati,
1274 5145 1332 5199 in
1382 5143 1478 5199 illo
1522 5143 1785 5199 videlicet

82 5234 222 5301 lacu,
268 5234 370 5305 qui
404 5232 733 5289 calcabitur
758 5232 933 5302 juxta
966 5230 1369 5301 Apocalypsim
1412 5232 1603 5299 (Apoc.
1662 5244 1780 5297 XVI,

80 5322 164 5393 ΞΟ)
184 5332 351 5379 extra
378 5321 698 5387 civitatem,
730 5319 831 5377 ubi
857 5319 1081 5390 passuri
1114 5326 1251 5375 sunt
1276 5328 1506 5374 aeternae
1535 5317 1784 5373 damna-

84 5411 245 5467 tionis
274 5421 639 5482 pressuram.

720 5497 954 5555 CAPUT
993 5496 1149 5554 XVI.

151 5589 315 5646 Vens.
353 5594 405 5656 ί,
439 5586 496 5643 2.
540 5615 614 5628 --
658 5588 838 5653 Igitur
879 5587 1047 5642 Sarai
1094 5601 1236 5639 ua'or
1293 5585 1512 5641 Abram
1558 5601 1665 5640 non
1697 5600 1782 5653 ge-

91 5684 274 5735 nuerat
325 5678 553 5753 liberos,
604 5675 699 5731 sed
744 5675 949 5731 habens
995 5672 1259 5731 ancillam
1306 5674 1646 5746 Egyptiam,
1680 5688 1781 5729 no-

1914 618 2115 681 minas,
2166 631 2232 669 ne
2263 631 2532 685 parerem,
2576 616 2861 683 ingredere
2907 616 2983 670 ad
3025 615 3286 672 ancillam
3336 634 3531 686 meam,
3569 615 3619 673 si

1913 706 2057 770 forte
2086 719 2154 756 ea:
2200 705 2300 758 illa
2341 706 2638 773 suscipiam
2685 705 2898 759 liberos.
2946 705 3101 760 Duas
3132 719 3254 760 esse
3287 705 3345 761 in
3383 706 3618 762 homine

1914 792 2261 858 voluntates,
2287 807 2466 848 unam
2495 793 2809 861 carnalem,
2844 792 3203 863 spiritualem
3225 799 3327 849 66
3356 795 3616 861 alteram,

1911 889 2147 949 experto
2216 880 2506 937 novimus.
2585 881 2743 937 Sarai
2815 890 3011 938 autem
3064 882 3280 938 dicitur
3354 885 3620 955 princeps

1914 983 2061 1034 mea,
2092 977 2147 1024 et
2176 970 2448 1026 voluntas
2478 979 2693 1037 nostra,
2727 970 2773 1026 si
2805 971 3021 1041 regina;
3071 970 3357 1028 innitatur
3387 973 3618 1040 rationi,

1917 1057 2183 1127 princeps
2208 1059 2335 1128 ejus
2363 1057 2643 1126 efﬁcitur;
2696 1060 2818 1115 haec
2859 1074 2999 1130 ergo
3038 1060 3244 1130 juncta
3290 1061 3527 1129 Abram,
3564 1064 3619 1119 id

1911 1155 1995 1202 est
2048 1147 2294 1216 spiritui,
2342 1157 2397 1203 et
2440 1148 2653 1204 crelesti
2731 1148 3041 1204 fecundata
3109 1150 3345 1218 semine,
3413 1151 3619 1223 dignos

1914 1235 2194 1304 libertate,
2274 1245 2469 1307 utpote
2548 1253 2695 1309 quos
2763 1238 2979 1294 veritas
3047 1238 3333 1308 liberavit,
3410 1240 3621 1297 liberos

1912 1334 2204 1395 procreat;
2251 1326 2348 1381 sed
2380 1326 2573 1382 animo
2619 1328 2677 1382 in
2726 1327 2947 1382 fervore
2996 1328 3376 1385 tentationum
3421 1343 3455 1385 a
3496 1330 3619 1387 dul-

1912 1415 2110 1470 cedine
2158 1414 2397 1485 superni
2455 1416 2856 1485 peregrinante
2899 1414 3159 1483 allectus,
3215 1417 3440 1487 torpida
3496 1416 3618 1488 jam

1911 1503 2183 1559 voluntas
2207 1504 2346 1559 dum
2376 1503 2529 1559 videt
2567 1505 2637 1559 ad
2671 1512 2870 1560 votum
2899 1504 3004 1560 sibi
3034 1504 3232 1560 divina
3263 1521 3376 1561 non
3406 1520 3617 1577 suppe-

1912 1600 2048 1659 tere,
2085 1592 2511 1662 quodammodo
2551 1593 2634 1647 sic
2681 1592 2941 1663 loquitur
2979 1594 3188 1649 rationi
3240 1609 3389 1649 suae:
3443 1595 3613 1661 Deus,

1912 1679 2128 1749 inquit,
2162 1693 2380 1735 munus
2405 1679 2607 1750 gratize
2633 1679 2704 1734 ad
2728 1679 2872 1736 bene
2895 1681 3184 1751 agendum
3218 1682 3360 1736 mihi
3392 1682 3620 1737 subtra-

1912 1767 2018 1833 xit,
2048 1774 2103 1822 et
2133 1767 2272 1823 dum
2301 1767 2372 1823 ad
2407 1767 2732 1838 spiritualia
2764 1783 2879 1823 non
2912 1769 3276 1838 praevaleam,
3310 1785 3442 1840 quae
3473 1770 3617 1826 ratio

1912 1865 1995 1912 est
2024 1864 2089 1912 ut
2132 1870 2166 1911 a
2221 1855 2485 1911 saeculari
2522 1856 2696 1911 etiam
2736 1856 2973 1911 honesta
3003 1856 3199 1926 aliqua
3239 1864 3459 1913 actione
3489 1872 3615 1913 ces-

1911 1960 2037 2001 sare
2068 1945 2305 2000 debeam
2341 1960 2353 1999 :
2384 1944 2431 1999 si
2477 1944 2672 2015 itaque
2702 1944 2932 2000 interna
2973 1959 3086 2000 non
3121 1949 3295 2014 potes,
3329 1946 3469 2017 quia
3500 1962 3615 2002 non

1910 2035 2038 2090 vult
2070 2035 2240 2099 Deus,
2274 2033 2473 2088 saltem
2526 2032 2665 2089 utile
2695 2033 2920 2104 aliquid
2966 2033 3223 2089 exterius
3250 2035 3611 2101 administra,

1911 2124 2065 2179 unde
2093 2124 2333 2195 juvetur
2358 2121 2679 2192 proximus,
2726 2137 2798 2177 nc
2841 2136 2876 2176 a
2919 2121 3113 2178 fructu
3146 2122 3463 2180 inveniaris
3491 2138 3614 2179 om-

1911 2214 2048 2267 nino
2108 2224 2349 2267 vacuus.
2412 2210 2545 2266 Haec
2600 2218 2687 2266 est
2724 2210 2995 2282 IEgyptia
3022 2212 3255 2279 ancilla,
3318 2212 3614 2269 saecularis

1911 2302 2115 2372 utique
2149 2294 2329 2365 cura,
2355 2314 2486 2370 quae
2527 2300 2686 2370 Agar
2715 2300 2947 2366 dicitur,
2984 2301 3039 2355 id
3070 2308 3153 2356 est
3189 2300 3432 2367 advena,
3481 2316 3614 2372 quae

1910 2405 2025 2446 non
2058 2390 2114 2444 in
2145 2390 2358 2445 sanctis
2388 2389 2677 2445 mentibus
2707 2388 2981 2460 indigena
3009 2398 3112 2457 est,
3145 2390 3242 2445 sed
3273 2390 3608 2461 adventitia,

1908 2479 2222 2550 procaciter
2254 2492 2311 2533 se
2350 2478 2639 2548 ingerens,
2674 2493 2788 2533 non
2822 2486 2984 2550 grate
3014 2486 3293 2548 suscepta.

1978 2568 2148 2625 Vnus.
2199 2567 2252 2622 3.
2304 2599 2370 2607 —
2419 2570 2667 2636 Cumque
2721 2568 2810 2621 illi
2859 2570 3222 2636 acquiesceret
3273 2567 3607 2638 deprecanti,

1908 2658 2035 2712 tulit
2104 2662 2263 2724 Agar
2322 2660 2639 2727 Egyptiam
2702 2658 2959 2711 ancillam
3013 2663 3137 2726 post
3205 2672 3376 2712 annos
3432 2658 3612 2714 decem

1908 2762 2072 2816 quam
2115 2747 2365 2800 habitare
2408 2750 2677 2816 eruperant
2725 2748 2783 2799 in
2837 2751 2984 2800 terra
3024 2747 3307 2815 Chanaan,
3372 2752 3423 2802 et
3458 2748 3611 2802 dedit

1906 2852 2023 2890 eam
2061 2839 2180 2890 viro
2224 2851 2320 2890 suo
2358 2852 2601 2890 umorem.
2646 2836 2752 2902 Qui
2785 2838 3062 2904 ingressus
3088 2841 3167 2891 est
3216 2837 3291 2890 ad
3337 2852 3493 2891 eam:
3551 2843 3611 2892 at

1905 2927 2005 2978 illa
2053 2929 2350 2994 concepisse
2408 2940 2464 2979 se
2517 2924 2728 2992 videns,
2789 2925 3039 2996 despexit
3100 2926 3378 2981 dominam
3431 2942 3608 2982 suam.

1905 3014 2063 3070 Multi
2093 3029 2224 3071 cum
2257 3028 2325 3069 ea
2351 3028 2482 3084 quae
2510 3014 2872 3084 praetulimus
2906 3014 3014 3070 sibi
3045 3015 3247 3071 dicunt
3286 3016 3611 3087 gratantius

1858 3106 1872 3158 Σ
1902 3118 1960 3159 se
1990 3103 2203 3159 divinis
2231 3103 2433 3159 ofﬁciis
2470 3103 2769 3159 instituros
2804 3104 2954 3159 inter
2988 3104 3242 3174 agendas
3271 3105 3467 3161 saeculi
3517 3120 3607 3161 res

1902 3192 2012 3248 sibi
2061 3191 2195 3260 ipsis
2228 3191 2571 3261 promittunt
2602 3206 2615 3245 :
2652 3198 2777 3260 post
2822 3190 3017 3245 decem
3041 3205 3180 3262 ergo
3222 3205 3406 3248 annos
3453 3196 3609 3248 acci-

1905 3282 2062 3351 pitur
2092 3282 2271 3351 Agar,
2305 3280 2467 3349 quia,
2520 3288 2880 3350 transgresso
2909 3279 3121 3335 divinas
3155 3280 3296 3351 legis
3346 3282 3606 3351 imperio,

1904 3379 2204 3440 postquam
2241 3368 2298 3423 in
2357 3376 2509 3423 terra
2538 3367 2836 3432 Chanaan,
2899 3368 2957 3423 in
3007 3368 3290 3425 soliditate
3344 3370 3606 3426 videlicet

1904 3470 2127 3512 morum
2162 3456 2499 3512 mutationis
2528 3456 2861 3512 conversari
2907 3456 3281 3525 devoverant,
3333 3465 3462 3513 totze
3510 3471 3606 3514 ra-

1902 3544 2072 3600 tionis
2104 3545 2253 3601 vires
2286 3545 2340 3600 in
2376 3546 2641 3617 ingressu
2685 3545 2929 3612 ancillae,
2965 3545 3019 3600 id
3045 3552 3129 3601 est
3161 3546 3218 3600 in
3248 3547 3606 3616 experientia

1903 3634 2215 3689 mundialis
2261 3635 2737 3704 concupiscentia)
2790 3649 2910 3690 sese
2963 3634 3287 3703 debilitant;
3330 3636 3603 3692 Chanaan

1899 3723 2052 3777 enim
2088 3731 2373 3779 mutatum
2426 3732 2614 3789 sonat,
2647 3732 2703 3780 et
2759 3731 2993 3789 terram,
3037 3726 3175 3795 quia
3236 3725 3440 3781 stabile
3494 3726 3605 3782 ele-

1902 3819 2160 3868 mentum
2222 3820 2324 3879 est,
2386 3827 2487 3882 pro
2540 3813 2821 3869 soliditate
2892 3816 3019 3882 poni
3094 3822 3364 3870 constat:
3437 3815 3604 3886 quasi

1902 3915 2053 3957 uxor
2105 3916 2243 3972 ergo
2287 3902 2607 3969 asciscitur,
2648 3902 2789 3958 dum
2848 3903 3022 3958 menti
3076 3904 3355 3959 tenaciter
3398 3903 3603 3975 agglu-

1900 3992 2139 4057 tinatur,
2169 3999 2256 4047 ast
2285 3991 2378 4046 ubi
2402 3991 2604 4061 aliqua
2625 3990 2939 4061 cupiditate
2958 3991 3191 4060 letatur,
3214 3992 3356 4062 quia
3388 4002 3609 4048 utrum-

1902 4095 2015 4150 que
2075 4079 2196 4134 ﬁeri
2262 4094 2376 4134 non
2435 4084 2638 4150 potest,
2710 4088 2764 4135 et
2822 4080 2936 4135 Deo
2988 4080 3224 4148 servire,
3291 4088 3344 4136 et
3395 4083 3607 4137 szeculo

1902 4168 2253 4235 ineumbere,
2319 4169 2590 4225 voluntas
2648 4168 2969 4239 spiritualis
3046 4184 3081 4225 a
3140 4170 3361 4226 carnali
3422 4171 3607 4240 primo

1900 4258 2312 4313 contemnitur.

1976 4346 2148 4403 Vens.
2190 4348 2242 4414 5,
2284 4347 2337 4402 6.
2387 4377 2453 4386 —
2482 4347 2701 4416 Inique,
2752 4351 2834 4401 ait
2881 4350 3047 4404 δανιιί
3093 4348 3162 4403 ab
3205 4349 3437 4416 Abram,
3486 4352 3607 4417 agis

1902 4441 2089 4490 contra
2120 4451 2243 4489 me:
2296 4438 2410 4503 Ego
2453 4435 2581 4490 dedi
2606 4438 2864 4491 ancillam
2902 4453 3075 4491 meam
3124 4441 3183 4491 in
3214 4440 3396 4491 sinum
3428 4446 3603 4505 tuum,

1900 4540 2020 4593 quae
2045 4525 2236 4580 videns
2262 4525 2408 4593 quod
2428 4529 2745 4594 conceperit,
2790 4526 3066 4594 despectui
3105 4542 3189 4580 me
3218 4528 3379 4581 habet
3410 4543 3424 4581 :
3444 4528 3602 4597 judi-

1900 4619 1978 4667 cet
2030 4614 2295 4669 Dominus
2343 4616 2485 4668 inter
2528 4628 2610 4667 me
2638 4619 2688 4667 et
2739 4619 2806 4667 te.
2843 4616 2945 4670 Cui
2992 4614 3248 4669 Abram:
3295 4618 3449 4683 Ecce,
3500 4620 3602 4683 ait,

1898 4703 2101 4757 ancilla
2137 4708 2253 4770 tua,
2304 4707 2453 4757 utere
2499 4719 2562 4756 ea
2610 4709 2671 4756 ut
2719 4704 2867 4758 libet.
2918 4705 3218 4771 Afﬂigente
3263 4705 3439 4771 igitur
3487 4720 3605 4759 eam

1898 4789 2065 4843 Sarai
2108 4791 2304 4855 fugam
2344 4792 2491 4844 iniit.
2528 4789 2610 4846 Ac
2649 4790 2693 4845 si
2738 4792 2829 4860 pia
2875 4791 3142 4846 voluntas
3191 4790 3405 4860 proprii
3440 4792 3603 4847 meti-

1896 4876 2093 4932 culosa
2148 4878 2346 4947 lapsus
2413 4878 2626 4935 rationi
2693 4879 2919 4946 inferat,
2980 4878 3303 4949 iniquitatis
3366 4881 3602 4952 coargui

1895 4965 2083 5032 debes,
2146 4981 2278 5036 quae
2336 4968 2627 5036 ancillam,
2684 4983 2816 5039 quze
2875 4983 3001 5024 meo
3058 4969 3296 5025 suberat
3343 4968 3600 5040 imperio,

1895 5053 2065 5123 quasi
2092 5056 2401 5124 quemdam
2441 5056 2595 5111 intra
2625 5057 2819 5113 sinum
2871 5057 2983 5113 sub
3023 5064 3075 5113 te
3104 5057 3469 5115 ambiendam
3502 5074 3602 5115 co-

1894 5142 2325 5213 bibendamque
2373 5144 2710 5214 susceperis,
2776 5154 2842 5202 ut
2888 5146 2972 5201 sic
3022 5155 3255 5203 curaret
3304 5147 3597 5215 forastica,

1893 5240 2185 5300 quatenus
2214 5231 2366 5287 intro
2398 5246 2513 5287 non
2560 5233 2925 5301 minuereris,
2961 5243 3016 5290 et
3055 5235 3226 5291 modo
3251 5234 3325 5291 ab
3363 5250 3433 5292 ea
3462 5251 3599 5291 con-

1894 5320 2133 5390 temptui
2166 5334 2256 5376 me
2286 5320 2487 5378 haberi
2517 5337 2632 5377 non
2678 5323 2801 5378 sine
2840 5324 3052 5393 probro
3095 5332 3195 5380 tuo
3241 5324 3470 5394 pateris.
3507 5326 3601 5381 Ju-

1891 5408 2038 5466 dicet
2088 5408 2388 5477 Dominus,
2448 5410 2502 5465 id
2560 5420 2644 5465 est
2673 5411 2980 5480 discernat,
3034 5413 3189 5483 quod
3244 5421 3346 5477 est,
3398 5413 3601 5469 discer-

1893 5511 2028 5554 nere
2065 5505 2119 5553 te
2162 5496 2353 5564 faciat,
2385 5498 2540 5569 quod
2574 5499 2717 5554 mihi
2750 5500 2940 5569 potius
2969 5515 3149 5571 quam
3196 5501 3274 5555 illi
3310 5508 3362 5557 te
3415 5502 3598 5557 inhie-

1892 5599 2016 5642 rere
2046 5592 2415 5641 convenerat.
2462 5585 2531 5640 Et
2562 5586 2709 5642 ratio
2764 5587 2810 5642 si
2863 5594 2981 5652 tua,
3018 5596 3083 5644 ut
3121 5589 3348 5655 asseris,
3389 5589 3600 5645 ancilla

1889 5682 2032 5743 erat,
2078 5686 2205 5731 eam
2253 5673 2395 5730 mihi
2428 5672 2688 5744 ingerere
2748 5689 2863 5732 non
2920 5675 3241 5747 debueras;
3300 5677 3598 5735 ancillatui
