3956 6428
337 398 432 448 lfi'i
1184 389 1244 442 V.
1296 387 1624 443 GUIBERTI
1692 386 1984 441 ABBATIS
2041 386 2097 440 S.
2164 383 2410 442 MANE
2469 386 2560 441 DE
2599 382 3006 440 NOVIGENTO
3781 383 3877 433 136

341 543 479 596 ergo
500 542 626 585 eam
658 535 758 584 tuo
795 526 1036 596 subiice,
1064 533 1119 581 et
1148 525 1192 579 si
1227 524 1465 580 rationis
1488 525 1569 579 uti
1609 523 1744 578 libet
1772 522 2028 591 imperio,
2069 525 2110 576 Α
2146 521 2435 589 gnationis
2466 521 2762 576 incussum
2793 518 2894 574 tibi
2935 531 2970 573 a
3007 516 3292 587 spirituali
3326 515 3634 573 voluntate
3685 525 3876 573 terro-

345 619 464 688 ipsa
512 618 596 673 uti
645 616 854 672 ancilla
911 623 1111 670 utere:
1161 613 1368 682 afﬂigit
1429 613 1622 683 itaque
1663 625 1789 666 eam
1851 610 2034 676 Sarni,

341 720 474 777 quae
529 706 742 760 dicitur
802 705 924 759 ideo
980 704 1245 774 princeps
1305 716 1431 756 mea
1483 701 1622 770 quia
1685 699 2034 769 principium

343 787 520 844 sumit
553 787 741 840 omnis
785 786 950 851 vigor
1006 783 1243 838 rationis
1299 783 1373 836 ab
1423 782 1565 850 ipsa,
1625 781 1766 850 quia
1821 779 2038 834 crebris

341 873 819 936 restrictionibus,
867 880 921 927 et
953 871 1171 927 timoris
1231 870 1328 925 Dei
1387 869 1614 938 objecta
1671 871 2033 934 coangustat,

343 963 440 1018 sed
503 962 599 1018 illa
646 962 842 1029 fugam
903 959 1026 1023 init,
1079 959 1220 1029 quia
1281 958 1390 1013 sub
1448 955 1786 1012 auctoritate
1846 969 1978 1018 ma;.r
2013 985 2034 994 ο

344 1059 478 1107 straa
535 1059 649 1108 tam
699 1049 942 1121 potentis
1001 1047 1270 1114 timendo,
1330 1060 1364 1101 a
1419 1046 1737 1116 petulantia
1780 1059 1839 1100 se
1891 1057 2035 1097 cnn-

345 1140 541 1196 trahit.

415 1273 591 1328 VEus.
620 1272 675 1330 ’7.
699 1275 752 1332 8.
786 1273 837 1324 9.
865 1300 922 1310 —
949 1270 1184 1337 Cumque
1204 1270 1490 1321 invenissr’t
1517 1267 1667 1319 illam
1689 1265 1911 1330 angelus
1935 1267 2034 1318 Do-

342 1364 480 1415 mini
494 1362 662 1429 jumta
683 1362 883 1426 fontem
905 1373 1060 1426 aquae
1084 1360 1142 1410 in
1167 1357 1480 1418 solitudine,
1505 1371 1623 1423 qua:
1643 1360 1717 1406 est
1739 1357 1796 1407 in
1827 1353 2035 1406 deserto

344 1453 400 1502 in
431 1451 522 1501 ria
552 1449 678 1512 Sur,
711 1447 860 1500 dixit
892 1446 966 1498 ad
993 1447 1144 1498 illam
1177 1461 1191 1498 :
1230 1449 1412 1510 Agar,
1447 1445 1648 1496 ancilla
1677 1444 1865 1507 Sami,
1893 1441 2036 1494 unde

341 1538 512 1602 renis,
547 1541 596 1588 et
643 1551 746 1603 quo
776 1533 979 1586 vadis?
1027 1534 1074 1587 A
1120 1534 1264 1598 facie
1315 1534 1480 1585 Sarai
1508 1532 1738 1584 domina'
1787 1546 1912 1583 meae
1941 1545 2034 1595 ego

341 1627 516 1690 fugio.
551 1626 847 1687 Revertere,
894 1625 994 1685 ait,
1034 1620 1108 1672 ad
1155 1620 1428 1672 dominam
1460 1624 1628 1684 tuam,
1660 1624 1710 1671 ct
1749 1619 2035 1671 humiliore

344 1713 442 1766 sub
487 1727 650 1765 manu
690 1712 886 1780 ipsius.
918 1709 1173 1777 Angelus
1203 1708 1454 1772 Domini,
1489 1714 1590 1762 aut
1629 1706 1824 1761 divina
1858 1707 2033 1775 inspi-

343 1800 488 1856 ratin
515 1807 619 1863 est,
653 1805 754 1854 aut
787 1797 968 1852 divini
1011 1796 1246 1852 monitio
1295 1795 1528 1866 eloquii,
1561 1809 1692 1866 qua!
1743 1809 1846 1850 nos
1876 1794 2033 1849 inve-

345 1889 533 1954 niunt,
563 1902 695 1942 cum
747 1901 852 1941 nos
899 1885 955 1940 in
992 1893 1188 1940 nostra
1228 1885 1508 1955 nequitia,
1541 1899 1673 1939 cum
1723 1897 1836 1938 non
1870 1897 2037 1953 quae-

345 1983 560 2032 runtur
588 1988 622 2030 a
663 1974 848 2038 nobis,
885 1972 1341 2043 deprehendunt.
1373 1973 1551 2028 Juxta
1601 1972 1811 2028 fontem
1844 1979 2035 2027 autem

343 2079 511 2136 aqum
541 2078 763 2128 sumus,
807 2063 944 2118 dum
977 2061 1080 2126 illi,
1119 2061 1174 2116 in
1217 2076 1336 2130 quo
1360 2069 1496 2116 sunt
1543 2075 1741 2116 omnes
1781 2059 2039 2116 thesauri

345 2152 637 2224 sapientia
667 2167 734 2208 ac
769 2151 1038 2218 scientize,
1075 2151 1353 2206 inhaerere
1384 2149 1746 2220 appetimus;
1779 2149 1880 2219 qui
1914 2149 2039 2204 fons

345 2243 402 2298 in
435 2241 743 2297 solitudine
773 2240 1076 2310 reperitur,
1117 2239 1252 2309 quia
1297 2239 1508 2292 divinze
1559 2237 1922 2308 profunditas
1954 2237 2037 2292 in-

344 2329 690 2400 telligentim,
723 2342 836 2383 non
882 2327 988 2382 nisi
1036 2327 1110 2382 ab
1161 2326 1250 2381 his
1279 2326 1381 2396 qui
1421 2326 1489 2380 de
1513 2325 1849 2396 evagatione
1898 2325 2042 2380 fora-

343 2419 482 2473 stica
525 2415 797 2472 redierint
846 2415 916 2469 ad
963 2429 1080 2478 cor,
1115 2413 1468 2484 attingitur:
1531 2413 1625 2468 sed
1682 2413 1927 2469 solitudo
1983 2413 2037 2468 in

345 2507 564 2562 deserto
590 2504 855 2569 habetur,
902 2503 1064 2574 quia,
1108 2503 1336 2558 nonnisi
1383 2502 1798 2572 cupiditatibus
1844 2502 2037 2558 smculi

343 2593 416 2649 ad
469 2593 705 2663 plenum
761 2592 1020 2659 desertis,
1079 2591 1200 2647 hzec
1249 2589 1456 2645 mentis
1515 2590 1680 2661 quies
1739 2597 1795 2645 et
1847 2590 2040 2646 unitas

347 2681 586 2752 perfecte
643 2681 922 2750 sentitur;
975 2687 1031 2735 et
1087 2679 1292 2734 hocin
1330 2679 1426 2734 via
1473 2678 1630 2733 Sur:
1693 2678 1806 2734 Sur
1863 2678 2038 2734 inter-

346 2777 605 2840 pretatur
646 2768 890 2836 nigredo,
947 2767 1056 2834 vel,
1109 2769 1365 2833 angustia
1420 2766 1510 2822 vel
1569 2766 1884 2833 fortitudo:
1940 2780 2041 2836 per

349 2857 707 2928 nigredinem
765 2856 1014 2927 cognitio
1080 2856 1315 2926 peccati,
1377 2870 1553 2911 comae
1607 2855 1758 2910 enim
1819 2869 2040 2924 sponsze

348 2946 530 3016 nigrae
569 2946 736 3016 quasi
788 2959 998 3000 corvus
1055 2945 1232 3012 (Cant.
1291 2960 1343 3011 v,
1403 2943 1522 3012 ll);
1566 2957 1667 3014 per
1710 2943 2038 3014 angustiam

347 3035 782 3091 commissorum
818 3034 1136 3104 poenitudo,
1184 3041 1238 3090 et
1286 3033 1488 3088 deinde
1541 3039 1740 3088 contra
1783 3032 2042 3087 adverso-

347 3136 474 3178 rum
509 3122 792 3179 molestias
831 3120 1096 3192 sequitur
1140 3120 1430 3177 fortitudo.
1480 3121 1626 3176 Dicit
1668 3134 1806 3190 ergo
1857 3119 2035 3189 Agar,
2079 3118 2120 3172 C

345 3227 476 3282 qua!
516 3212 634 3284 jam
677 3211 769 3267 hic
821 3210 1218 3280 interpretaris
1255 3223 1552 3276 conversa,
1609 3217 1664 3266 et
1713 3209 1872 3265 Sarai
1915 3210 2035 3279 jam

345 3301 594 3355 nasceris
636 3298 912 3369 principis
942 3297 1172 3364 ancilla,
1211 3299 1438 3353 attende
1489 3305 1775 3368 quantum
1814 3294 2038 3352 diil‘erat

348 3387 496 3443 inter
549 3386 601 3442 id
639 3387 794 3442 unde
824 3387 1006 3453 venis,
1053 3385 1387 3441 sa=cularem
1449 3386 1666 3441 scilicet
1697 3399 2036 3451 excursum,

343 3481 398 3529 et
429 3472 570 3528 illud
615 3473 686 3527 ad
717 3472 872 3542 quod
913 3473 1082 3528 modo
1132 3472 1336 3538 tendis,
1388 3472 1568 3528 divini
1602 3472 1855 3542 prmsidii
1911 3487 2041 3527 con-

345 3561 570 3632 fugium
603 3575 620 3629 ;
652 3573 686 3615 a
712 3559 875 3627 facie,
911 3560 1120 3631 inquit,
1158 3559 1211 3614 id
1242 3568 1325 3615 est
1364 3572 1398 3614 a
1441 3559 1893 3616 consideratione
1937 3559 2043 3630 spi-

347 3649 574 3706 ritualis
601 3648 917 3704 voluntatis
967 3648 1106 3703 mihi
1143 3647 1522 3718 prmsidentis,
1571 3655 1625 3704 et
1655 3649 1852 3703 divina
1898 3649 2039 3704 mihi

340 3737 562 3807 judicia
617 3737 962 3808 opponentis
1013 3737 1368 3806 pertimesco.
1425 3736 1748 3803 Revertere,
1812 3737 1910 3800 ait,
1970 3737 2040 3792 ad

347 3826 526 3894 illam,
561 3827 615 3882 id
643 3834 727 3882 est
753 3839 788 3880 a
817 3839 934 3896 qua
976 3825 1288 3880 immaturo
1328 3824 1522 3880 adhuc
1551 3825 1750 3880 timore
1781 3822 2034 3894 dilfugis,

343 3915 412 3970 ad
444 3915 570 3985 ejus
599 3914 968 3984 exsequenda
999 3921 1054 3970 et
1083 3913 1332 3969 amanda
1366 3920 1649 3983 praecepta
1685 3919 2036 3977 convertere,

343 4012 397 4060 et
435 4005 706 4074 operibus
722 4003 850 4074 ejus
880 4003 934 4058 iu
959 4001 1119 4058 nullo
1144 4001 1534 4072 suggruniens
1561 3997 1854 4057 humiliter
1873 4001 2036 4071 quasi

348 4092 545 4148 manui
577 4092 706 4163 ejus
733 4091 966 4147 subdita
996 4103 1152 4161 pare.

416 4221 586 4278 Vsus.
633 4227 717 4290 10,
764 4226 849 4288 11,
903 4225 986 4277 12.
1039 4252 1109 4263 -
1158 4223 1550 4292 Mulliplicans,
1610 4222 1799 4293 inquit
1858 4224 2040 4278 multi-

341 4312 556 4380 plicabo
593 4327 766 4366 semen
815 4316 987 4376 tuum,
1034 4315 1086 4365 et
1131 4327 1236 4366 non
1281 4313 1657 4367 numerabitur
1696 4329 1812 4382 pm
1854 4313 2036 4368 multi-

2149 625 2288 665 rem.
2325 611 2446 676 Hic,
2505 609 2712 679 inquit,
2763 607 2986 678 primus
3035 605 3425 660 conversionis
3473 612 3589 661 tua;
3650 613 3876 672 status,

2149 698 2318 753 homo
2347 699 2578 768 quidem
2619 697 2727 752 erit
2758 703 2988 766 propter
3034 693 3297 749 assiduos
3341 693 3686 749 carnalium
3741 701 3878 750 ten-

2145 787 2426 842 tationum
2465 785 2768 854 impulsus,
2807 784 2904 838 sed
2938 782 3094 838 ferus
3123 789 3355 852 propter
3381 783 3579 839 viriles
3622 797 3878 839 earum-

2143 874 2270 929 dem
2335 889 2446 930 non
2503 873 2746 929 feminea
2811 871 3171 937 lentitudine,
3216 871 3312 926 sed
3387 873 3547 941 regia
3589 872 3878 942 quadam

2145 967 2483 1018 auctoritate
2543 962 2824 1032 repulsus,
2884 974 3094 1016 manus
3139 960 3280 1029 ejus.
3330 960 3584 1029 potentia
3650 960 3879 1029 utique

2143 1059 2342 1107 contra
2367 1065 2565 1106 omnes
2595 1051 2793 1114 animi,
2828 1050 2914 1104 vel
2947 1048 3141 1104 carnis
3170 1047 3446 1115 assultus,
3494 1056 3550 1104 et
3577 1049 3876 1103 omnium

2147 1153 2352 1194 rursus
2409 1154 2607 1195 eorum
2658 1138 2712 1194 in
2771 1137 3037 1193 eumdem
3098 1137 3383 1205 dirigetur
3430 1135 3770 1199 incursus;
3821 1145 3880 1191 et

2145 1227 2538 1293 tabernacula,
2588 1228 2643 1283 id
2672 1235 2757 1282 est
2789 1226 3100 1296 quemdam
3148 1225 3367 1280 militim
3396 1225 3791 1280 devotionem
3845 1239 3879 1278 e

2143 1316 2376 1385 regione
2430 1316 2674 1372 fratrum
2723 1328 2984 1380 suorum,
3010 1320 3271 1368 motuum
3320 1312 3582 1368 videlicet
3635 1312 3880 1367 anima-

2145 1402 2284 1458 lium
2315 1418 2385 1459 ex
2414 1404 2610 1459 eodem
2660 1403 2866 1458 mentis
2905 1401 3114 1472 gradu,
3148 1403 3249 1472 qui
3284 1409 3525 1457 vocatur
3552 1402 3880 1471 appetitus

2141 1506 2334 1547 secum
2370 1494 2826 1562 pregenitorum;
2863 1505 2934 1546 ex
2981 1490 3088 1546 hoc
3135 1489 3288 1544 enim
3318 1497 3373 1544 et
3419 1489 3562 1545 bene
3609 1498 3673 1545 et
3711 1489 3878 1544 male

2142 1581 2466 1649 appetimus
2498 1595 2510 1634 :
2546 1581 2701 1648 ﬁget,
2760 1579 2973 1634 scilicet
3017 1578 3134 1632 lixa
3177 1578 3485 1632 indictione
3537 1583 3873 1648 proponet.

2145 1675 2207 1722 ut
2246 1667 2393 1722 sicut
2426 1667 2774 1722 desiderium
2819 1667 3076 1736 corporis
3129 1666 3339 1721 militat
3395 1665 3686 1720 adversus
3749 1665 3876 1733 spi-

2143 1756 2342 1820 ritum,
2417 1756 2496 1810 sic
2562 1756 2796 1826 spiritus
2874 1769 3050 1825 super
3089 1755 3353 1826 equitare
3409 1754 3717 1810 contendit
3785 1755 3874 1808 id-

2079 1824 2116 1877 "
2147 1844 2354 1914 ipsum.

2219 1933 2389 1988 Vsus.
2429 1931 2513 2000 13,
2554 1933 2637 1987 l4.
2687 1961 2754 1970 --
2799 1932 3026 1986 Vocavit
3080 1935 3260 1985 autem
3291 1934 3453 1998 Agar
3496 1944 3702 1983 nomen
3763 1931 3873 1982 Do-

2147 2023 2302 2088 mini,
2337 2023 2436 2091 qui
2479 2021 2797 2090 loquebatur
2834 2021 2908 2073 ad
2953 2035 3117 2074 eam:
3171 2021 3250 2074 Tu
3299 2019 3462 2084 Deus,
3509 2019 3607 2086 qui
3657 2017 3881 2070 vidisti

2146 2126 2246 2164 me.
2297 2111 2540 2174 Profecto
2607 2111 2693 2163 hic
2736 2109 2856 2162 vidi
2901 2111 3204 2178 posteriora
3259 2107 3498 2161 ridentis
3563 2121 3674 2160 me.
3738 2107 3874 2161 Pro-

2146 2205 2330 2268 pterea
2371 2201 2670 2268 appellavit
2709 2205 2934 2268 puteum
2973 2200 3168 2252 illum:
3209 2199 3437 2252 Puteum
3485 2198 3760 2262 viventis,
3821 2199 3874 2247 et

2147 2287 2382 2340 ridentis
2428 2303 2530 2340 me.
2585 2289 2709 2356 Ipse
2754 2291 2833 2340 est
2883 2290 3026 2339 inter
3073 2285 3244 2341 Gades
3285 2291 3335 2338 et
3383 2284 3588 2340 Barad.
3623 2284 3869 2340 Nomen

2149 2375 2244 2430 Dei
2275 2389 2482 2431 vocare
2506 2383 2609 2442 est,
2655 2372 2971 2430 secundum
3002 2375 3057 2430 id
3095 2373 3250 2445 quod
3293 2373 3604 2428 introrsum
3639 2371 3872 2427 discre-

2146 2461 2356 2516 tionem
2412 2461 2576 2516 nobis
2631 2460 2824 2516 dando
2882 2461 3161 2531 loquitur,
3210 2459 3278 2516 de
3325 2460 3453 2530 ejus
3491 2457 3870 2528 benignitate

2146 2563 2264 2620 qua
2293 2564 2399 2604 nos
2427 2550 2601 2616 videt,
2630 2551 2770 2620 quia
2795 2550 3041 2620 profecto
3067 2557 3328 2604 nostrum
3359 2549 3417 2603 in
3461 2562 3578 2618 quo
3605 2559 3870 2602 eramus

2145 2651 2395 2694 errorem
2424 2638 2589 2693 nobis
2619 2638 2894 2704 insinuat,
2929 2651 3190 2707 congrua
3244 2637 3566 2705 gratiarum
3615 2635 3868 2690 actione

2147 2725 2473 2781 :estimare:
2516 2726 2804 2782 anteriora
2835 2725 2952 2790 Dei,
2992 2725 3140 2779 visio
3188 2723 3384 2794 glorize
3429 2724 3556 2794 ejus
3587 2731 3680 2777 est
3719 2737 3732 2776 :
3803 2724 3864 2776 In

2145 2816 2396 2882 reliquiis
2451 2814 2604 2869 enim
2643 2816 2754 2868 tuis
2809 2814 2889 2869 ait
2941 2813 3216 2882 psalmus,
3264 2811 3610 2882 preparabis
3664 2812 3867 2864 vultus

2146 2918 2326 2956 eorum
2380 2902 2546 2971 (Psal.
2575 2917 2671 2968 xx,
2717 2901 2809 2971 13)
2841 2918 2854 2956 :
2904 2901 3236 2971 posteriora,
3272 2908 3485 2956 zeterna
3516 2899 3864 2954 damnatio:

2149 2991 2428 3060 percussit
2474 3005 2727 3062 namque
2773 2991 3033 3046 inimicos
3059 3004 3194 3045 suos
3239 2991 3294 3044 in
3325 2987 3637 3057 posteriora
3672 2987 3864 3052 (Psal.

2147 3093 2357 3145 LXXVII,
2417 3082 2527 3139 66).
2590 3081 2691 3135 Hic
2738 3093 2896 3148 ergo,
2944 3079 2998 3133 id
3042 3084 3127 3133 est
3169 3077 3224 3132 in
3259 3076 3440 3131 nostri
3495 3075 3861 3142 cognitione.

2148 3165 2432 3232 videmus,
2464 3165 2675 3221 scilicet
2700 3164 3095 3234 intelligimus,
3127 3177 3304 3234 quam
3337 3163 3494 3218 triste
3530 3170 3614 3216 est
3649 3176 3868 3233 quem-

2147 3252 2296 3323 piam
2331 3253 2462 3324 poni
2485 3254 2742 3321 dorsum,
2775 3252 3036 3308 amittere
3071 3251 3274 3322 utique
3302 3251 3400 3306 Dei
3426 3249 3681 3318 vultum,
3719 3263 3862 3306 cum

2149 3350 2264 3398 tam
2313 3341 2531 3398 malum
2571 3342 2643 3398 sit
2679 3342 2874 3397 vivere
2913 3339 3228 3411 quemlibet
3264 3338 3484 3410 absque
3523 3337 3620 3394 Dei
3673 3347 3736 3396 et
3769 3337 3862 3393 sui

2148 3429 2324 3499 ipsius
2362 3436 2620 3499 respectu
2665 3429 2982 3485 secundum
3035 3443 3280 3498 pravum
3325 3429 3587 3484 animum
3645 3441 3860 3483 suum.

2147 3519 2362 3574 Puteus
2390 3527 2580 3574 autem
2611 3525 2695 3574 est
2723 3516 3010 3586 profunda
3038 3516 3169 3572 vitae
3197 3523 3426 3580 nostrae,
3473 3523 3528 3571 et
3579 3515 3864 3571 instantis

2145 3613 2201 3662 et
2247 3607 2548 3676 praeteritae
2600 3603 2999 3671 consideratio,
3049 3603 3117 3660 de
3167 3617 3286 3674 qua
3334 3603 3649 3674 saepissime
3694 3604 3861 3658 hau-

2148 3695 2300 3751 ritur
2362 3693 2710 3750 dulcissimm
2777 3693 3235 3763 compunctionis
3285 3691 3634 3748 inundatio:
3689 3692 3859 3747 hunc

2148 3783 2324 3852 igitur
2352 3782 2728 3853 appellamus.
2770 3782 2928 3852 quod
2972 3789 3055 3838 est
3091 3780 3598 3836 animadvertendo
3626 3780 3858 3836 discer—

2149 3872 2344 3927 nimus
2393 3871 2705 3942 quamdam
2756 3869 2949 3926 vitalis
2995 3869 3314 3925 intellectus
3365 3869 3672 3939 originem,
3734 3880 3859 3938 quo

2145 3968 2201 4015 et
2233 3975 2338 4015 nos
2382 3960 2531 4028 ipsos
2581 3958 3000 4028 cognoscimus,
3044 3971 3298 4028 eumque.
3336 3971 3370 4012 a
3415 3971 3532 4027 quo
3561 3956 3861 4026 cognosci-

2151 4063 2319 4118 mur;
2373 4048 2494 4103 haec
2524 4056 2608 4103 est
2636 4048 2789 4103 enim
2836 4048 2956 4102 vita
3005 4054 3241 4112 aeterna,
3279 4053 3343 4102 ut
3387 4053 3748 4116 cognoscant
3779 4051 3858 4099 te.

2147 4138 2338 4207 inquit
2391 4138 2572 4204 (Joan.
2656 4151 2794 4196 xvu.
2870 4136 2943 4205 3).
3008 4135 3188 4190 Cades
3251 4135 3666 4204 interpretatur
3739 4147 3860 4186 mu-

2147 4230 2284 4289 tata,
2317 4225 2405 4280 vel
2426 4230 2648 4292 sancta;
2682 4223 2866 4280 Barad
2897 4223 3220 4292 benedictio;
3243 4222 3382 4278 dum
3414 4236 3669 4292 namque
3711 4221 3857 4277 hinc

2145 4314 2216 4370 ad
2247 4327 2476 4368 morum
2527 4321 2786 4368 veterum
2846 4313 3223 4369 mutationem
3257 4325 3359 4380 per
3384 4325 3559 4382 quam
3603 4311 3856 4380 attinga-

341 4403 548 4456 tu'line.
583 4402 905 4469 Concepisti,
947 4405 997 4453 et
1021 4403 1206 4470 paries
1233 4401 1408 4469 ﬁlium
1437 4418 1449 4455 :
1482 4403 1807 4470 vacabisque
1848 4417 2038 4456 nomen
2079 4418 2119 4471 ι)
2149 4415 2278 4456 mus
2307 4400 2662 4456 sanctitatem
2693 4413 3051 4465 exercemur,
3080 4406 3134 4454 et
3165 4399 3324 4454 illinc
3367 4399 3440 4454 ad
3489 4413 3702 4468 conseq
3717 4411 3852 4454 uen-

338 4487 456 4559 ejus
501 4489 715 4555 Ismael,
767 4503 824 4542 eo
872 4489 1019 4558 quod
1060 4489 1301 4542 audierit
1359 4489 1624 4544 Dominus
1684 4492 2038 4558 afflictionem

342 4581 511 4632 tuam.
556 4578 660 4631 Hic
705 4579 809 4630 erit
834 4578 987 4643 ferus
1023 4578 1195 4643 homo,
1236 4592 1429 4632 manus
1457 4577 1574 4648 ejus
1616 4583 1804 4632 contra
1833 4593 2034 4641 omnes,

339 4670 388 4720 et
418 4680 614 4720 manus
637 4667 876 4720 omnium
913 4671 1102 4720 contra
1142 4681 1288 4730 eum;
1319 4671 1370 4720 et
1413 4682 1440 4720 e
1482 4670 1697 4733 regione
1726 4672 2038 4721 cunctorum

337 4756 580 4822 fratrum
636 4769 858 4808 suorum
915 4757 1042 4821 ﬁget
1090 4755 1457 4810 tabernacula.
1507 4756 1561 4811 Si
1629 4769 1924 4820 aerumnae,
1982 4761 2038 4810 et

339 4849 650 4912 conceptus
676 4841 848 4912 juxta
885 4842 1037 4912 quod
1071 4843 1207 4898 Evze
1256 4844 1474 4900 dictum
1504 4851 1608 4910 est,
1659 4843 1762 4899 tibi
1791 4857 1882 4898 me
1919 4857 2039 4912 per-

342 4930 601 4988 mittente
653 4930 1134 5000 multiplicantur,
1180 4947 1252 4988 ne
1281 4933 1640 4999 extimescas,
1691 4930 1832 5002 quia
1871 4945 2035 4986 acce-

339 5019 609 5075 dentibus
629 5018 700 5074 ad
736 5018 916 5074 Deum
949 5019 1398 5076 innumerabiles
1422 5021 1800 5077 tentationum
1822 5029 2034 5087 motus,

338 5121 471 5178 quae
503 5114 640 5162 sunt
685 5107 906 5162 semina
935 5108 1145 5174 carnis,
1177 5115 1543 5179 exsurgunt:
1577 5107 1884 5178 concepisti
1930 5122 2037 5176 ego

340 5209 497 5265 spem
531 5194 923 5265 quarumlibet
974 5197 1375 5266 cupiditatum,
1410 5197 1506 5251 sed
1535 5196 1638 5252 tibi
1670 5209 1772 5266 per
1817 5196 2036 5251 confes-

339 5286 554 5340 sionem
585 5290 668 5338 est
711 5283 1076 5354 pariendum,
1109 5297 1439 5354 nomenque
1488 5283 1588 5339 lilii
1620 5283 1818 5352 hujus,
1863 5282 1921 5338 id
1953 5291 2037 5340 est

340 5371 606 5428 discretio
661 5372 795 5428 boni
848 5373 1012 5444 primi
1077 5373 1276 5442 hujus,
1325 5372 1480 5442 quod
1533 5380 1618 5428 est
1677 5372 2032 5441 pmnitentia,

341 5460 566 5526 lsmael,
595 5459 650 5516 id
679 5468 760 5517 est
803 5461 1024 5517 auditio
1053 5461 1150 5517 Dei
1181 5469 1439 5524 vocatur,
1474 5474 1540 5515 eo
1565 5465 1662 5514 6'!
1715 5460 1870 5530 quod
1923 5475 2036 5518 au-

338 5547 537 5611 dierit.
571 5547 629 5603 id
657 5557 741 5604 est
770 5549 959 5605 audiri
987 5547 1200 5614 fecerit,
1234 5546 1388 5616 quod
1420 5561 1534 5603 non
1559 5556 1642 5604 est
1672 5548 1827 5604 aliud
1857 5563 2033 5620 quam

340 5637 581 5707 intelligi
627 5637 994 5693 afﬂictionem
1047 5643 1246 5700 tuam,
1296 5649 1560 5704 supernae
1615 5637 1828 5694 scilicet
1880 5638 2036 5694 indi-

2143 4489 2274 4544 dam
2309 4489 2468 4558 regni
2504 4487 2740 4558 superni
2781 4487 3230 4543 benedictionem
3262 4484 3636 4555 porrigimur,
3671 4482 3848 4555 quasi

2147 4577 2202 4634 in
2261 4577 2510 4648 quodam
2567 4576 2883 4632 meditullio
2906 4575 3074 4646 positi
3129 4575 3237 4630 hac
3278 4573 3523 4644 illacque
3567 4571 3846 4630 distrahi-

2145 4680 2297 4732 mur,
2351 4672 2406 4722 et
2451 4673 2720 4721 neutrum
2768 4666 2958 4721 adhuc
3011 4663 3255 4733 perfecte
3311 4661 3844 4732 apprehendimus:

2142 4768 2215 4810 ex
2247 4754 2353 4810 hoc
2377 4763 2566 4808 autem
2588 4761 2759 4822 puteo
2787 4752 2938 4809 vires
2976 4751 3280 4818 sumimus,
3315 4750 3468 4805 unde
3506 4750 3577 4806 ad
3609 4757 3846 4806 utrum-

2145 4857 2259 4912 que
2291 4841 2595 4898 tendamus
2625 4857 2638 4896 :
2681 4840 2894 4896 dicitur
2919 4841 3090 4897 etiam
3141 4838 3328 4894 Barad
3357 4837 3550 4894 verius
3587 4838 3846 4894 transla-

2144 4937 2290 4995 tum,
2343 4929 2610 5001 grando:
2665 4929 2818 4999 quod
2865 4928 3059 4983 innuit
3107 4927 3468 4982 conscientiae
3521 4924 3847 4982 concussio-

2146 5032 2295 5086 nem,
2337 5018 2478 5088 quia
2505 5031 2666 5073 mens
2697 5017 2830 5072 hinc
2864 5016 3099 5088 quidem
3149 5029 3252 5085 per
3281 5014 3680 5080 mutationem,
3713 5025 3845 5069 san-

2143 5107 2515 5177 ctitatemque
2552 5106 2718 5177 quasi
2776 5104 3126 5170 defenditur,
3178 5104 3277 5158 sed
3332 5117 3435 5174 per
3481 5103 3841 5174 frequentem

2147 5203 2531 5266 peccatorum,
2588 5201 2644 5250 et
2712 5193 3089 5250 humanitatis
3109 5192 3496 5248 incursionem
3547 5199 3838 5257 accusata,

2145 5298 2212 5338 ac
2243 5283 2287 5339 si
2318 5283 2567 5354 quodam
2601 5282 2735 5338 hinc
2763 5281 2893 5337 inde
2941 5280 3355 5352 cogitationum
3399 5279 3572 5349 juxta
3607 5280 3843 5350 Aposto-

2146 5372 2265 5428 lum
2291 5371 2710 5439 accusantium,
2762 5377 2863 5426 aut
2889 5369 3060 5425 etiam
3103 5367 3532 5425 defendentium
3565 5370 3740 5436 (Rom.
3777 5381 3835 5432 ιι,

2150 5461 2232 5528 15)
2265 5459 2545 5530 grandine
2575 5459 2926 5514 molestatur.

2217 5549 2388 5606 Vnus.
2427 5549 2510 5602 16.
2545 5576 2609 5587 -
2645 5548 2930 5614 Octoginta
2959 5550 3008 5600 et
3037 5560 3133 5599 sea.-
3171 5560 3436 5599 annorum
3475 5545 3830 5607 eratAbram,

2146 5637 2365 5706 quando
2415 5637 2627 5706 peperit
2675 5637 2725 5689 ei
2783 5635 2940 5702 Agar
2994 5635 3287 5688 Ismaelem.
3347 5632 3692 5689 Octonarius
3762 5644 3830 5688 ex
