3956 6426
118 370 211 421 137

1220 369 1577 427 ΜΟΒΑΙᾸΠΜ
1619 371 1685 426 IN
1724 370 2048 428 GENESIN.
2083 403 2148 410 —
2183 372 2312 428 LIB.
2356 371 2428 427 V.

3536 374 3632 430 l38

108 492 511 573 quaternariis
550 512 819 560 constans
845 504 1090 561 refertur
1136 504 1209 560 ad
1250 505 1605 576 temporalia,
1659 520 1812 577 quo—
1852 509 1895 560 Α
1928 506 1987 561 in
2016 515 2327 578 conspectu
2359 515 2481 578 tuo,
2512 508 2649 563 dicit
2681 508 2859 563 Isaias
2889 508 3019 575 (lsa.
3053 523 3207 571 wa.
3241 509 3320 579 6).
3365 510 3431 565 In
3458 524 3634 567 carne

107 606 239 647 rum
274 591 538 662 patimur
570 593 625 648 in
668 593 875 649 nostris
924 592 1103 649 initiis
1154 595 1473 664 appetitum
1508 610 1519 648 :
1556 596 1820 651 senarius

106 681 177 736 ad
216 682 511 737 bonorum
559 695 797 751 operum
843 696 975 752 quae
1032 696 1203 752 agere
1251 682 1645 739 desideramus
1696 698 1819 754 pro-

109 770 355 839 fectum;
404 771 512 826 etsi
560 770 712 826 enim
771 771 914 826 bene
962 772 1217 827 exterius
1287 786 1459 840 agere
1530 772 1816 841 videmur,

108 866 299 915 tamen
334 860 683 930 plerumque
714 858 967 931 graviter
992 858 1144 915 intro
1167 860 1550 930 cupiditatum
1570 862 1820 917 stimulis

105 948 585 1018 compungimur.
652 948 947 1004 Ismaelem
1013 956 1153 1005 tunc
1219 949 1502 1019 parimus,
1581 950 1819 1021 quando

105 1036 400 1101 audiente,
463 1036 519 1092 id
574 1044 656 1093 est
710 1037 1024 1107 intelligere
1081 1052 1184 1093 nos
1244 1035 1488 1094 faciente
1549 1038 1816 1108 ineptiam

107 1132 368 1181 nostram
423 1127 557 1187 Deo.
602 1124 672 1180 ad
722 1126 1131 1182 confessionem
1175 1128 1390 1196 peccati
1450 1128 1820 1197 perducimus

108 1214 339 1269 fluxum
372 1213 626 1270 carnalis
654 1212 913 1271 allectus.

734 1337 967 1396 CAPUT
1014 1340 1199 1397 XVII.

439 1446 626 1499 Totum
646 1449 813 1513 caput
835 1446 1140 1513 promiscue
1166 1445 1496 1515 emplicatur.

174 1569 314 1632 Quze
352 1575 685 1639 sequuntur
737 1581 772 1623 a
818 1568 1017 1624 multis
1057 1570 1227 1625 etiam
1280 1570 1626 1640 tropologice
1684 1579 1821 1628 sunt

108 1664 351 1712 tractata
406 1656 755 1723 doctoribus,
797 1665 852 1712 et
903 1665 1040 1713 sunt
1079 1673 1211 1728 quae
1260 1672 1360 1728 per
1407 1672 1465 1713 se
1511 1659 1650 1714 satis
1697 1660 1820 1715 elu-

107 1754 291 1811 ceant,
333 1746 581 1815 sparsim
619 1758 755 1815 ergo
802 1745 997 1801 minus
1046 1746 1298 1815 patentia
1331 1762 1514 1817 usque
1565 1749 1636 1803 ad
1685 1762 1817 1803 eum

1925 604 2119 653 autem
2151 606 2344 652 nostra
2359 598 2464 653 hoc
2496 597 2679 653 ῐωὼιε
2704 606 2986 653 aeternum
3015 606 3117 664 est,
3146 599 3290 669 quia
3320 598 3379 654 in
3404 601 3628 655 carnali

1929 694 2124 740 nostro
2175 684 2403 752 afTectu,
2462 686 2564 755 qui
2621 685 2890 755 superius
2931 694 3081 741 terra
3133 687 3628 757 peregrinationis,

1926 781 1981 829 et
2028 773 2325 841 Chanaan,
2386 775 2540 845 quod
2586 789 2620 830 a
2665 782 2817 831 statu
2881 782 3035 830 recto
3094 790 3195 845 per
3235 790 3369 832 eum
3414 790 3632 847 evaga-

1930 876 2082 927 mur,
2136 872 2191 918 et
2240 864 2609 920 mutabilitati
2643 863 3006 934 subjicimur,
3054 864 3428 934 appellatur:
3470 873 3634 921 tenor

1927 952 2313 1020 continentiae,
2360 967 2479 1023 qua
2527 953 2641 1007 Deo
2691 953 3109 1019 connectimur,
3153 968 3382 1009 necesse
3429 954 3632 1010 obser—

1929 1048 2119 1097 γθιιιιο.

2002 1130 2173 1187 Vnus.
2216 1134 2300 1185 14.
2346 1160 2414 1171 -
2456 1132 2751 1199 Masculus,
2801 1131 2957 1199 cujus
3000 1146 3126 1185 caro
3174 1133 3496 1186 circumcisa
3528 1146 3634 1185 non

1928 1221 2118 1287 fuerit,
2170 1221 2378 1289 peribit
2428 1222 2616 1275 anima
2668 1223 2763 1275 illa
2803 1222 2868 1275 dc
2913 1222 3111 1291 populo
3170 1235 3285 1275 suo.
3330 1217 3494 1286 Quod
3547 1224 3632 1273 est

1927 1308 2116 1364 dicere
2149 1323 2161 1362 :
2192 1309 2376 1364 Fortis
2420 1309 2671 1374 animus,
2724 1324 2828 1364 nec
2878 1309 3121 1365 feminea
3170 1307 3407 1364 mollitie
3456 1307 3633 1376 dege-

1930 1411 2051 1463 ner,
2085 1398 2184 1467 qui
2211 1397 2473 1453 carnales
2511 1396 2752 1453 affectus
2803 1413 2913 1453 non
2964 1397 3290 1465 absciderit,
3342 1411 3414 1452 ex
3454 1394 3636 1450 nimia

1929 1486 2351 1542 suborientium
2399 1487 2746 1557 vulgaritate
2811 1486 3248 1552 desideriorum,
3298 1493 3353 1541 et
3400 1484 3637 1555 propria

1930 1574 2285 1630 animalitate
2321 1574 2543 1645 peribit.
2589 1574 2749 1630 Sarai
2786 1583 3002 1642 autem,
3045 1575 3096 1630 id
3140 1583 3226 1630 est
3278 1574 3633 1631 voluntatem

1930 1663 2152 1734 spiritui
2179 1678 2247 1718 ac
2274 1664 2322 1719 si
2357 1664 2562 1719 marito
2588 1678 2879 1719 annexam
2904 1665 3232 1735 conjugem,
3266 1678 3382 1719 non
3403 1663 3637 1719 vocabis

1930 1751 2251 1822 specialiter
2292 1752 2595 1808 extrinseci
2658 1760 2741 1808 tu:
2792 1761 2974 1819 actus,
3026 1767 3144 1822 quo
3216 1752 3481 1808 excelsus
3536 1749 3636 1806 tibi

108 1834 316 1900 locum,
369 1813 499 1899 ubi,
551 1813 831 1903 Apparuit
873 1813 1113 1889 Abraliz
1158 1813 1517 1890 Dominus'in
1581 1838 1820 1891 convalle
1860 1813 2162 1903 Bvideris,
2222 1844 2276 1891 et
2340 1850 2514 1906 quem
2586 1850 2687 1906 pro
2762 1813 2970 1891 sreculi'
3025 1813 3323 1892 honestate
3380 1848 3633 1901 exerces,

106 1923 368 1988 Mambre,
403 1930 541 1978 sunt
561 1922 921 1978 discutienda
948 1924 1319 1980 succinctius.

176 2010 351 2067 Vnus.
394 2014 443 2064 1.
465 2040 538 2052 -
566 2012 878 2077 Nonaginta
906 2028 1093 2066 novem
1123 2028 1390 2067 annorum
1421 2029 1531 2068 esse
1566 2020 1814 2084 cmpcrat,

106 2115 235 2156 cum
247 2100 300 2156 ei
324 2114 538 2157 nomen
552 2101 704 2156 Deus
719 2100 1005 2168 immutat,
1024 2102 1164 2172 quia
1177 2102 1246 2156 ad
1262 2103 1656 2158 centenarium
1673 2102 1817 2157 divi-

108 2202 193 2243 nae
218 2188 747 2259 contemplationis,
771 2189 871 2260 qui
898 2190 1244 2247 transfertur
1261 2190 1319 2245 iu
1340 2191 1657 2258 dexteram,
1686 2206 1816 2247 nec-

110 2277 242 2333 dum
266 2277 693 2333 homointerior
707 2287 1065 2348 pervenerat,
1083 2280 1183 2350 qui
1207 2294 1338 2335 cum
1363 2280 1815 2349 paterexcelsus,

109 2366 260 2436 quod
289 2374 378 2422 est
426 2366 664 2434 Abram,
706 2375 933 2438 propter
970 2368 1252 2439 quasdam
1286 2369 1641 2424 extrinsecas
1676 2384 1819 2424 con-

114 2454 408 2524 tinentias,
481 2469 631 2525 quas
689 2456 976 2527 attigerat,
1034 2457 1141 2513 sibi
1200 2458 1513 2514 videretur.
1578 2459 1819 2513 Ambula

111 2560 286 2598 coram
311 2560 417 2613 me,
452 2550 510 2598 et
551 2549 659 2599 esto
704 2548 999 2614 perfectus,
1044 2546 1095 2602 ei
1142 2546 1377 2611 dicitur,
1432 2555 1495 2603 ut
1544 2562 1658 2603 non
1703 2556 1819 2602 tam

111 2647 299 2689 coram
330 2634 669 2690 hominibus
700 2648 876 2705 quam
908 2635 968 2690 in
1012 2634 1289 2701 interiori,
1323 2636 1476 2705 quod
1510 2644 1593 2691 est
1624 2649 1817 2690 coram

113 2721 223 2777 Deo
270 2722 569 2792 proficere,
634 2730 688 2778 et
760 2723 957 2793 perlici
1019 2724 1270 2780 studeas.
1322 2724 1486 2779 Cadit
1544 2725 1615 2780 ad
1697 2724 1820 2778 hzec

112 2812 322 2867 Abram
348 2812 408 2867 in
440 2810 665 2876 faciem,
698 2813 840 2883 quia
864 2812 966 2883 qui
997 2828 1055 2869 se
1088 2813 1272 2869 meriti
1321 2815 1559 2883 putabat
1609 2814 1820 2869 habere

112 2900 530 2967 celsitudinem,
565 2901 633 2956 de
664 2900 889 2957 interna
928 2902 1076 2958 illico
1124 2902 1464 2973 indignitate
1503 2902 1818 2971 reprehen-

114 3003 207 3044 sus
235 3003 405 3045 suam
434 2989 722 3047 erubescit
752 2990 1083 3057 foeditatem,
1120 2993 1278 3061 quod
1308 3002 1391 3047 est
1423 2991 1480 3046 in
1510 2990 1821 3061 Scripturis

1928 1925 2244 1996 principem
2280 1939 2487 1991 meam,
2540 1926 2635 1980 sed
2677 1925 3020 1995 generaliter
3057 1933 3112 1981 et
3158 1925 3418 1980 absolute
3470 1924 3636 1994 prin—

1925 2013 2132 2083 cipem,
2197 2014 2371 2069 totius
2428 2014 2642 2069 scilicet
2710 2015 2817 2083 pia:
2876 2014 3118 2070 actionis
3196 2014 3382 2084 magis
3449 2021 3637 2069 tamen

1929 2101 2216 2157 interioris
2246 2116 2424 2172 quam
2453 2102 2754 2158 exterioris
2801 2103 3034 2171 (lucem;
3068 2103 3300 2173 proprie
3328 2102 3481 2157 enim
3522 2102 3628 2157 sibi

1926 2190 2313 2261 principatur.
2361 2191 2632 2261 quisquis
2680 2192 2831 2247 bona
2871 2207 2984 2247 non
3036 2206 3138 2262 pro
3190 2192 3324 2258 Deo,
3382 2191 3480 2247 sed
3528 2205 3630 2260 pro

1927 2278 2125 2349 aliquo
2159 2294 2263 2335 suo
2294 2280 2508 2335 honore
2553 2294 2797 2350 operaus
2829 2294 2887 2334 se
2927 2280 3192 2335 cohibere
3235 2279 3488 2335 videtur.
3543 2279 3628 2334 Ex

1927 2367 2035 2422 hoc
2067 2368 2367 2437 spirituset
2396 2369 2711 2424 voluntatis
2728 2369 2996 2439 coniugio
3017 2369 3198 2434 Isaac,
3222 2381 3349 2437 spes
3370 2366 3631 2422 videlicet

1924 2456 2160 2525 superni
2200 2456 2399 2527 gaudii
2433 2457 2709 2523 nascitur,
2736 2458 2830 2512 cui
2862 2456 3104 2513 cmiestis
3138 2455 3633 2525 multiplicationis

1927 2544 2137 2613 illapsu
2178 2544 2554 2601 benedicitur.
2608 2575 2677 2585 —
2727 2545 2917 2613 (Vens.
2974 2546 3085 2612 17.)
3136 2544 3301 2599 Ridet
3350 2542 3408 2597 in
3464 2542 3632 2598 corde

1925 2634 2362 2702 squbraham,
2410 2641 2464 2690 et
2509 2634 2567 2689 in
2615 2635 2815 2689 faciem
2863 2634 3036 2701 cadit,
3088 2632 3229 2703 quia
3276 2646 3393 2701 quo
3445 2630 3632 2702 magis

1927 2722 2303 2792 spiritualiter
2333 2723 2636 2790 imbuitur,
2670 2738 2737 2779 eo
2766 2722 2950 2793 magis
2979 2723 3047 2777 de
3088 2723 3316 2777 interna
3344 2733 3453 2776 sua
3491 2734 3632 2775 eru-

1928 2813 2143 2869 ditione
2193 2814 2525 2884 gratulatur
2579 2825 2634 2870 et
2687 2814 2991 2884 gratulans
3052 2812 3395 2868 ltumiliatur
3443 2825 3457 2864 :
3517 2811 3634 2863 Pu-

1930 2906 2099 2966 tasne,
2172 2900 2383 2970 inquit,
2442 2903 2749 2955 centenario
2829 2904 3082 2954 nascetur
3141 2900 3310 2966 ﬂlius,
3378 2901 3429 2950 et
3492 2897 3633 2953 Sara

1925 2992 2299 3056 nonagenaria
2338 2990 2561 3058 pariet?
2596 2989 2758 3055 Quod
2796 2995 2880 3043 est
2931 2995 3084 3043 recto
3138 2986 3340 3042 ordine
3398 2985 3629 3039 dicere:

115 3077 310 3134 cadere
365 3078 427 3133 in
479 3077 700 3134 faciem.
754 3079 945 3148 (Vens.
996 3080 1050 3150 4)
1111 3081 1252 3147 Ego,
1311 3080 1523 3151 inquit,
1572 3097 1690 3135 sum
1762 3080 1815 3135 id
1856 3120 1894 3175 ο
1929 3074 2018 3131 An
2050 3075 2335 3145 sperabile
2367 3075 2506 3131 mihi
2555 3090 2676 3131 esse
2720 3075 2928 3145 poterit
2973 3074 3131 3145 quod
3178 3073 3470 3138 voluntas,
3529 3072 3631 3127 etsi

115 3173 212 3231 est,
242 3166 629 3223 essentialiter
658 3166 1056 3233 immutabilis,
1096 3176 1151 3225 et
1180 3169 1312 3225 inde
1352 3179 1584 3239 pactum
1624 3184 1817 3225 meum

118 3262 320 3323 tecum,
349 3256 398 3311 si
439 3255 603 3311 fortis
648 3265 702 3313 et
749 3256 1152 3313 substantivus
1182 3266 1382 3313 contra
1430 3258 1634 3314 intima
1681 3260 1821 3314 vitia

118 3342 234 3398 sis:
299 3359 419 3400 non
467 3358 606 3415 ergo
662 3352 716 3401 te
746 3345 962 3402 frustra
1008 3346 1131 3416 jam
1181 3346 1443 3417 glorieris
1503 3347 1817 3413 excelsum,

119 3432 210 3487 sed
241 3440 464 3503 patrem
498 3434 816 3491 multarum
847 3435 1044 3503 procul
1076 3435 1253 3491 dubio
1286 3435 1548 3507 gentium
1596 3436 1744 3491 scias
1771 3444 1823 3491 te

119 3521 516 3587 constitutum,
546 3530 609 3578 ut
642 3529 882 3592 paterna
908 3523 1335 3594 dispensatione
1362 3538 1559 3589 regere
1597 3524 1824 3580 noveris

124 3606 396 3665 intestinae
428 3610 747 3667 insolentiae
782 3613 1077 3682 populum.
1113 3613 1327 3668 Ponam
1371 3620 1421 3669 te
1445 3614 1500 3667 in
1532 3614 1820 3684 gentibus,

121 3697 257 3765 quia
286 3712 405 3767 quo
454 3699 642 3769 magis
687 3701 1036 3769 proveheris,
1086 3708 1243 3757 tanto
1292 3703 1537 3772 majores
1594 3701 1827 3772 patieris

123 3786 408 3855 strepitus,
443 3787 543 3843 sed
583 3788 654 3843 ad
690 3790 792 3844 hos
822 3789 1225 3859 deprimendos
1243 3805 1424 3861 reges,
1461 3791 1514 3846 id
1535 3799 1618 3847 est
1638 3799 1827 3847 motus

125 3880 372 3941 potentes
412 3875 669 3941 rationis,
734 3875 837 3947 qui
892 3878 1013 3934 haec
1056 3879 1389 3935 contineant
1440 3893 1512 3934 ex
1560 3888 1612 3934 te
1655 3894 1827 3950 egre-

126 3960 368 4020 dientur.
403 3964 523 4020 Ero
560 3964 712 4021 Deus
740 3966 974 4022 seminis
1004 3967 1085 4024 tui
1133 3975 1259 4038 post
1287 3976 1359 4034 te,
1402 3969 1665 4039 provisor
1710 3968 1826 4023 sci-

129 4049 251 4107 licet
286 4052 369 4109 tui
426 4054 617 4124 operis
662 4062 716 4110 et
768 4064 1185 4126 remunerator,
1239 4071 1374 4114 cum
1440 4056 1829 4129 temporaliter

129 4152 243 4196 esse
271 4141 528 4198 desieris.

196 4228 365 4287 Vsus.
428 4234 516 4287 I2.
585 4263 653 4271 —
713 4234 907 4301 Infans
972 4239 1086 4290 octo
1134 4235 1350 4290 dierum
1413 4235 1829 4290 circumcidetur

131 4317 188 4370 in
212 4318 377 4373 vobis.
412 4319 516 4375 Ille
546 4334 682 4375 sane
698 4321 800 4391 qui
829 4336 902 4378 ex
933 4330 1189 4393 quatuor
1217 4323 1516 4379 elementis
1538 4332 1826 4391 constans,

133 4416 333 4475 corpus
385 4408 685 4477 proprium
740 4411 1119 4479 superaverit,
1171 4410 1240 4480 [et
1314 4411 1653 4481 temporalia
1710 4411 1831 4467 hzec

136 4493 358 4551 totidem
416 4496 815 4554 disterminata
891 4499 1225 4555 nominibus
1287 4500 1594 4567 virtutum,
1651 4514 1718 4555 ac
1786 4500 1829 4555 si

136 4580 354 4639 dierum
399 4584 531 4643 luce
584 4587 916 4654 mutaverit,
982 4588 1048 4652 is,
1102 4588 1363 4659 inquam,
1417 4602 1453 4644 a
1517 4602 1832 4659 pravarum

138 4670 546 4730 admistionum
601 4673 931 4732 incursibus
981 4690 1406 4748 usquequaque
1464 4677 1832 4748 purgabitur.

138 4758 278 4816 Nota
324 4761 727 4821 discretionem
798 4764 1055 4834 Apostoli
1104 4765 1384 4835 (Philipp.
1446 4780 1525 4834 tu,
1585 4770 1635 4834 2)
1691 4766 1838 4821 inter

140 4852 233 4903 cs
261 4852 666 4919 concisionem,
714 4860 769 4908 et
824 4853 1343 4921 circumcisionem,
1391 4868 1497 4911 nec
1540 4854 1681 4910 illud
1730 4867 1839 4909 ex-

142 4936 296 4994 cedat
339 4939 585 4995 feminas
631 4940 991 4997 Pharaonem
1031 4941 1270 5012 jussisse
1320 4942 1561 5009 servari,
1609 4950 1665 4998 et
1712 4956 1841 4999 ma—

142 5026 320 5082 sculos
376 5027 642 5096 interﬁci,
703 5029 798 5086 hic
860 5030 929 5086 de
987 5030 1211 5086 feminis
1265 5030 1486 5100 taceri,
1551 5031 1842 5087 masculos

146 5113 467 5172 circumcidi
502 5131 516 5170 :
548 5125 603 5173 et
636 5118 737 5188 qui
771 5133 885 5175 non
908 5119 1080 5175 fuerit
1102 5119 1169 5176 de
1188 5120 1361 5190 stirpe
1391 5120 1845 5191 nostrajubetur

148 5201 492 5273 circumcidi,
535 5207 676 5276 quia
712 5214 849 5264 sunt
901 5208 1166 5276 virtutes,
1223 5216 1289 5265 ut
1322 5220 1402 5265 ita
1455 5210 1664 5276 dicam,
1716 5208 1845 5279 plus

150 5304 317 5361 quam
363 5295 679 5363 naturales,
738 5304 803 5353 ut
852 5304 989 5354 sunt
1055 5298 1359 5370 virginitas
1412 5306 1466 5355 et
1513 5299 1847 5355 voluntaria

152 5380 500 5443 mendicitas.
531 5396 782 5453 quarum
814 5385 1000 5455 prima
1034 5386 1175 5442 adeo
1192 5386 1439 5455 excellit,
1477 5395 1540 5443 ut
1575 5388 1633 5441 in
1672 5399 1846 5442 carne

154 5475 347 5533 praeter
376 5484 613 5526 carnem
670 5472 864 5528 vivere
915 5481 977 5529 ut
1018 5489 1152 5530 vere
1201 5474 1466 5546 angelica
1516 5475 1669 5531 dicta
1698 5473 1790 5541 sit,
1830 5491 1843 5530 :

158 5552 351 5611 horum
380 5557 434 5612 in
464 5559 776 5628 superﬂuis
799 5562 1083 5632 praeputia
1113 5562 1574 5634 circumquaque
1606 5562 1848 5617 caedun-

159 5647 276 5711 tur;
320 5646 559 5701 Justitiaa
587 5647 740 5704 enim
796 5655 994 5705 nostrae
1033 5654 1194 5719 quasi
1238 5666 1457 5722 pannus
1502 5655 1850 5705 menstran

509 5746 788 5813 ΡΑτιιοι..
841 5749 1047 5815 CLVI.

1928 3164 2121 3219 adhuc
2161 3164 2218 3218 in
2240 3164 2639 3234 nonagenario
2668 3163 2870 3232 posita,
2922 3162 3225 3218 denarium
3277 3160 3635 3231 perfectionis

1928 3252 2123 3306 minus
2182 3252 2400 3307 habet:
2461 3250 2605 3306 velle
2670 3250 2825 3305 enim
2881 3250 2991 3305 sibi
3046 3250 3287 3319 adjacet,
3364 3248 3634 3318 perlicere

1929 3348 2127 3396 autem
2151 3355 2266 3396 non
2295 3340 2554 3395 inveniat
2588 3343 2754 3408 (Rom.
2784 3354 2860 3407 v1,
2891 3338 2933 3409 ),
2961 3339 3033 3393 ad
3062 3338 3327 3394 effectum
3375 3337 3636 3393 desiderii

1931 3443 1997 3485 ac
2036 3429 2084 3484 si
2126 3430 2199 3485 ad
2254 3432 2487 3500 partum
2549 3428 2867 3499 perveniat,
2918 3428 3156 3498 spiritus
3201 3427 3304 3498 qui
3347 3441 3634 3482 summam

1925 3518 2048 3588 jam
2081 3519 2584 3589 contemplationis
2612 3517 2821 3590 attigit.

2007 3607 2174 3663 VEltS.
2224 3610 2306 3662 18.
2350 3638 2414 3650 —-
2467 3609 2690 3663 Utinam
2731 3607 2929 3661 Ismael
2985 3608 3138 3660 vivat
3187 3620 3369 3659 coram
3409 3609 3478 3658 te.
3531 3604 3634 3659 Sed

1931 3695 2073 3764 quid
2104 3696 2172 3752 de
2203 3696 2485 3752 virtutum
2512 3695 3077 3766 excellentialoquor
3104 3695 3208 3765 qui
3232 3692 3553 3761 Ismaelem,
3581 3692 3637 3747 id

1932 3792 2018 3839 est
2044 3783 2313 3841 affectum
2364 3786 2653 3841 carnalem
2706 3784 3045 3855 sibimetipsi
3089 3798 3204 3839 non
3256 3784 3365 3838 Deo
3409 3782 3641 3838 obedire

1931 3872 2241 3940 volentem,
2317 3874 2462 3929 mori
2540 3875 2688 3930 inter
2775 3873 2916 3929 vitia
2999 3874 3191 3929 adhuc
3265 3884 3487 3927 vereor.
3573 3901 3640 3912 —

1935 3961 2110 4033 (Vnus
2176 3962 2285 4032 19.)
2341 3965 2504 4029 Sara,
2564 3963 2646 4018 ait
2706 3963 2880 4029 Deus,
2938 3964 3120 4031 pariet
3187 3961 3288 4015 tibi
3329 3960 3534 4027 ﬁlium,
3593 3965 3643 4015 et

1935 4054 2261 4105 constituam
2314 4058 2535 4121 pactum
2596 4067 2771 4105 meum
2834 4052 2922 4105 illi
2986 4054 3046 4105 in
3110 4049 3295 4117 foedus
3362 4055 3639 4104 aeternum.

1935 4140 2059 4194 Non
2125 4140 2309 4196 solum
2370 4156 2484 4196 non
2549 4141 2830 4197 morietur
2885 4140 3090 4195 Ismael
3166 4138 3646 4209 concupiscentiis

1938 4229 2322 4295 assentiendo,
2354 4230 2451 4285 sed
2484 4230 2623 4285 Sara
2652 4230 2923 4286 voluntas
2969 4230 3183 4285 scilicet
3238 4228 3377 4298 ipsa,
3405 4228 3648 4285 interius

1936 4319 2313 4387 exteriusque
2340 4318 2458 4389 jam
2494 4318 2847 4388 principans,
2882 4332 2953 4373 ex
2994 4318 3244 4387 puritate
3290 4315 3647 4373 conscientiae

1871 4406 2061 4475 Dspei
2123 4407 2418 4473 gaudiosaa
2467 4407 2718 4462 fructum
2763 4404 3063 4475 concipiet,
3119 4420 3185 4461 ex
3265 4419 3383 4476 quo
3436 4406 3650 4461 amoris

1942 4494 2142 4550 aeterni
2176 4496 2515 4551 soliditatem
2551 4509 2710 4551 mens
2733 4495 2853 4564 ipsa
2883 4496 3175 4564 suscipiet.
3213 4523 3282 4536 —
3308 4494 3504 4561 (Vens.
3538 4494 3647 4561 20.)

1945 4584 2130 4653 Super
2154 4584 2357 4639 Ismael
2390 4599 2645 4655 quoque,
2675 4598 2849 4654 quem
2885 4592 2947 4640 tu
2977 4583 3363 4639 tentationum
3402 4583 3652 4639 molibus

1943 4672 2111 4729 obrui
2146 4673 2415 4743 trepidas,
2448 4673 2778 4729 exaudieris
2807 4688 2819 4727 :
2852 4672 3150 4728 duodecim
3185 4672 3359 4728 duces
3405 4685 3652 4743 genera-

1946 4761 2047 4829 bit,
2082 4761 2247 4818 lidem
2279 4762 2492 4818 scilicet
2512 4762 2809 4817 Trinitatis
2846 4777 2980 4817 cum
3012 4761 3332 4833 evangelici
3374 4760 3653 4817 sermonis

1948 4850 2208 4906 custodia
2248 4852 2485 4908 ducatui
2532 4867 2637 4907 suo
2682 4850 2940 4907 interiori
2988 4850 3246 4907 efficacia
3294 4850 3648 4919 procreabit;

1949 4947 2204 5010 quatuor
2226 4941 2381 4997 enim
2422 4949 2526 5009 ter,
2574 4949 2630 4998 et
2662 4941 2772 4997 tria
2801 4949 3010 5011 quater
3038 4940 3340 4997 duodecim
3386 4937 3607 4996 faciunt
3638 4953 3650 4992 :

1950 5035 2005 5084 et
2040 5028 2179 5084 fides
2234 5029 2293 5085 in
2326 5029 2597 5098 ternario,
2634 5038 2865 5086 mortua
2892 5029 3120 5086 estsine
3160 5028 3449 5098 operibus,
3486 5028 3543 5084 id
3573 5034 3657 5083 est

1950 5116 2075 5172 sine
2106 5119 2563 5189 evangeliorum,
2598 5133 2701 5175 seu
2740 5127 2993 5189 quatuor
3034 5118 3317 5174 virtutum
3361 5116 3659 5187 principa—

1950 5205 2095 5262 lium
2164 5207 2587 5276 quaternario:
2674 5208 2975 5264 duodecim
3034 5208 3210 5264 duces
3268 5214 3523 5278 generat,
3612 5206 3659 5261 si

1954 5294 2328 5364 apostolicam
2372 5295 2689 5352 doctrinam
2736 5296 2975 5352 affectus
3026 5294 3475 5367 praecordialiter
3519 5310 3661 5351 con-

1954 5384 2093 5454 cipit
2145 5390 2201 5439 et
2267 5382 2517 5439 affectat.
2582 5384 2773 5454 (Vnus.
2839 5387 2955 5454 2t.)
3026 5386 3258 5441 Pactum
3320 5399 3496 5438 meum
3559 5385 3662 5437 erit

1955 5474 2031 5527 ad
2048 5474 2222 5534 Isaac,
2258 5488 2413 5541 quem
2448 5475 2631 5542 pariet
2681 5474 2783 5528 tibi
2814 5476 2958 5528 Sura
3012 5479 3245 5543 tempore
3286 5475 3391 5527 ista
3432 5474 3491 5526 in
3519 5487 3663 5525 anno

1956 5563 2146 5616 altero.
2182 5561 2266 5616 Ad
2299 5561 2457 5616 Isaac
2498 5569 2729 5631 pactum
2771 5562 3080 5629 stabilitur,
3112 5576 3247 5618 cum
3296 5560 3415 5631 spei
3454 5569 3665 5616 nostrze

1957 5651 2031 5707 ad
2064 5651 2278 5706 amoris
2324 5649 2684 5707 incentivum
2718 5658 2935 5705 aeterna
2974 5650 3127 5705 Dens
3159 5650 3396 5718 praemia
3428 5650 3665 5718 pollice-

3315 5753 3352 5809 5
