3956 6432
345 418 434 472 I39

1179 419 1242 473 V.
1290 418 1620 476 GUIBEBTI
1680 419 1973 478 ABBATIS
2029 423 2086 478 S.
2167 422 2413 478 MARIIE
2471 423 2561 478 DE
2610 423 3004 480 NOVIGENTO

3747 430 3852 482 140

339 560 466 608 tur:
502 565 674 622 quem
719 551 859 606 Sara
904 559 1154 622 tempore
1185 553 1290 608 isto
1322 553 1380 609 in
1429 568 1580 610 anno
1627 555 1806 611 altero
1851 557 2020 626 parit,
2060 557 2107 612 A
2136 558 2420 628 spirituali
2453 558 2764 614 intellectu.
2800 558 2999 615 Elevat
3048 559 3262 628 oculos,
3310 575 3444 618 cum
3493 563 3568 618 ad
3615 564 3844 620 intelle-

337 639 470 696 dum
500 640 767 695 voluntas
799 640 906 696 hac
931 640 1052 710 ipsa
1097 641 1274 696 animi
1307 643 1595 711 temperie,
1631 658 1763 699 cum
1815 645 2029 701 scilicet

339 738 481 793 Dens
535 751 728 792 secum
801 737 1038 792 rationis
1093 738 1469 794 illustratione
1529 739 1804 809 loquitur,
1861 748 1915 796 et
1970 742 2026 796 in

339 839 503 891 anno,
550 839 662 880 non
717 825 884 880 modo
945 827 1068 891 isto,
1117 826 1214 882 ubi
1263 827 1454 882 adhuc
1504 828 1832 884 decertatur
1895 845 2027 886 cum

339 913 484 970 vitiis
519 927 620 983 per
664 914 1072 982 plenitudinem
1133 915 1433 970 luminosae
1494 917 1756 983 actionis,
1812 918 1909 972 sed
1968 919 2027 973 in

339 1001 528 1067 altero,
576 1001 674 1056 ubi
735 1016 922 1071 neque
981 1003 1315 1072 strepitibus
1369 1005 1678 1073 consopitis
1735 1005 2030 1074 perficitur

338 1089 603 1146 annualis
659 1089 984 1145 solemnitas
1034 1092 1450 1160 sperandarum
1490 1100 1718 1148 aeternae
1777 1094 2026 1150 beatitu-

337 1177 532 1233 dinum
563 1177 1072 1246 contemplationis,
1123 1193 1279 1248 Spem
1330 1181 1696 1249 prosequitur
1739 1197 1923 1251 usque
1953 1183 2024 1238 ad

334 1265 737 1322 exhibitionem
765 1272 821 1320 et
848 1264 1212 1320 efﬁcientiam
1263 1267 1424 1336 digni
1469 1275 1523 1322 et
1567 1267 1752 1323 idonei
1806 1271 2020 1338 operis;

335 1369 444 1410 non
473 1354 627 1408 enim
656 1363 740 1408 est
769 1353 1010 1408 dicenda
1055 1368 1202 1423 spes,
1254 1355 1300 1408 si
1347 1355 1497 1409 hanc
1549 1355 1667 1411 ulla
1702 1372 1817 1413 non
1869 1372 2019 1414 com-

334 1443 559 1500 mendat
587 1441 734 1496 vivae
767 1441 1151 1496 exsecutionis
1183 1456 1293 1498 res.

404 1531 568 1587 Vens.
620 1533 708 1584 22.
757 1561 823 1570 —
887 1531 1071 1585 Finito
1117 1545 1377 1586 sermone
1446 1534 1699 1588 ascendit
1753 1535 1903 1590 Deus
1949 1536 2022 1592 ad

332 1619 638 1683 Abraham,
669 1633 800 1672 cum
849 1617 1135 1672 interdum
1181 1633 1300 1672 sese
1347 1619 1755 1688 dispensatorie
1793 1623 2020 1678 subtra-

333 1707 514 1762 hendo
574 1706 817 1760 ostendit
882 1706 1140 1760 humano
1198 1706 1422 1775 spiritui
1494 1722 1864 1778 nequaquam
1917 1725 2021 1766 suo

331 1795 556 1851 subesse
587 1794 822 1848 arbitrio
851 1793 1062 1848 divinae
1101 1793 1464 1863 aspirationis
1504 1796 1769 1866 gratiam,
1815 1799 1910 1852 sed
1953 1799 2020 1854 de

332 1883 593 1952 supernis
649 1896 683 1936 a
759 1881 923 1937 Patre
1006 1881 1292 1938 luminum
1351 1882 1501 1938 hanc
1576 1886 1896 1953 petendam.
1953 1918 2021 1926 —

332 1971 520 2038 (Vsus.
569 1971 656 2037 24,
689 1971 802 2039 25.)
860 1971 1186 2041 Nonaginta
1230 1985 1366 2041 ergo
1418 1985 1708 2028 annorum
1734 1983 1788 2030 et
1817 1990 2022 2032 novem

331 2059 622 2116 Abraham
653 2059 1123 2125 circumciditur,
1155 2059 1292 2115 dum
1342 2059 1414 2115 ad
1469 2061 1764 2116 dexteram
1812 2063 2021 2117 divinae

329 2147 580 2215 visionis,
612 2156 666 2203 et
699 2148 892 2218 gloriae
919 2150 1090 2202 etiam
1143 2149 1200 2202 in
1252 2150 1517 2218 praesenti
1556 2151 2020 2220 praegustandam

329 2251 456 2307 quae
505 2236 822 2306 prazlibatio
857 2237 1121 2306 quaedam
1185 2236 1366 2292 futuri
1409 2238 1628 2294 denarii
1672 2247 1774 2306 εει,
1819 2239 2022 2295 oculus

329 2321 562 2394 spiritus
590 2332 974 2393 expurgatur.
1010 2324 1385 2380 Centenarius
1417 2341 1688 2397 namque,
1721 2329 2020 2383 utdictum

327 2419 425 2478 est,
483 2414 686 2467 transit
738 2413 794 2468 in
849 2412 1167 2479 dexteram,
1245 2429 1423 2484 quam
1494 2415 1585 2470 hic
1655 2417 2022 2486 assequimur

328 2502 636 2571 aliquando
706 2503 1038 2572 speculante
1114 2505 1482 2560 beatitudinis
1555 2515 1763 2563 nostrae
1840 2508 2017 2562 Deum

328 2605 630 2646 summam.
671 2592 874 2646 Ismael
909 2593 1345 2660 quatuordecim
1396 2609 1685 2650 annorum
1711 2596 2017 2650 circumci-

326 2692 424 2734 sus
447 2679 674 2746 dicitur,
710 2679 849 2748 quia
895 2681 1146 2734 carnalis
1183 2679 1422 2736 allectus
1463 2697 1564 2751 per
1608 2683 1860 2754 decalogi
1913 2685 2018 2739 ob-

326 2769 694 2836 servantiam,
725 2777 780 2824 et
808 2769 1255 2839 Evangelioruin
1293 2771 1612 2826 custodiam
1647 2773 1719 2827 ad
1753 2772 2018 2841 puritatis

326 2857 596 2912 virtutem
626 2856 952 2912 adducitur.

395 2943 571 3000 Vens.
615 2947 700 3011 26,
737 2947 822 2999 27.
888 2945 951 3000 ln
1003 2947 1120 3015 ipso
1172 2947 1262 3001 die
1317 2961 1504 3002 mares
1559 2962 1756 3004 omnes
1811 2949 2017 3005 domus

322 3030 448 3102 ejus
515 3032 1030 3100 circumciduntur,
1104 3035 1244 3104 quia
1305 3035 1360 3089 in
1418 3035 1618 3090 eadem
1672 3051 1804 3106 quae
1897 3037 2016 3093 haec

324 3120 472 3176 Deus
563 3120 736 3175 menti
819 3121 1214 3177 ratiocinando
1303 3123 1562 3192 loquitur
1647 3126 2011 3195 aspiratione,
2051 3143 2092 3200 ο

325 3208 610 3279 quidquid
693 3208 925 3264 virtutis
1015 3209 1257 3264 interius
1339 3219 1443 3276 est,
1534 3227 1682 3282 quas
1773 3215 2008 3284 palmes,

323 3297 421 3367 qui
477 3297 583 3352 fert
612 3296 888 3360 fructum,
950 3304 1015 3352 ut
1072 3297 1256 3367 magis
1329 3297 1552 3364 afferat,
1619 3301 1820 3356 sedula
1886 3311 2014 3373 eget

319 3381 750 3450 emundatione;
799 3383 1151 3454 alienigena},
1204 3391 1260 3439 et
1307 3383 1364 3438 hi
1409 3383 1510 3453 qui
1583 3399 1696 3440 non
1755 3395 1890 3442 sunt
1944 3389 2014 3443 de

322 3477 511 3526 nostra
561 3470 758 3540 stirpe,
818 3470 1012 3526 eadem
1085 3478 1460 3540 exponuntur
1508 3474 1811 3541 sententia,
1857 3477 2013 3545 quod

321 3559 700 3629 praemisimus
755 3573 952 3630 supra,
1008 3560 1078 3614 de
1128 3560 1364 3630 reliquis
1412 3561 1788 3618 tractabimus
1840 3564 2008 3619 infra.

929 3648 1160 3704 CAPUT
1201 3649 1405 3704 XVIII.

389 3736 556 3793 Vnus.
606 3739 656 3803 -ι,
685 3739 736 3790 2.
769 3766 838 3776 -
872 3739 1150 3806 Apparuit
1207 3742 1384 3791 autem
1432 3740 1689 3792 Dominus
1729 3739 2013 3795 Abraham

319 3829 378 3880 in
403 3826 640 3879 convalle
679 3823 919 3879 Mambre
960 3824 1170 3878 sedenti
1221 3827 1280 3878 in
1325 3828 1460 3879 ostio
1515 3825 1855 3880 tabernaculi
1899 3830 2006 3895 sui,

317 3917 376 3970 in
418 3918 534 3984 ipso
581 3915 794 3981 fervore
841 3914 969 3968 diei.
1005 3916 1249 3983 Cumque
1287 3916 1540 3969 elevasset
1587 3917 1782 3981 oculos,
1833 3933 2008 3986 appa-

317 4007 540 4058 ruerunt
589 4005 640 4056 ei
700 4009 805 4056 tres
848 4004 958 4056 viri
1017 4007 1220 4056 stantes
1265 4018 1436 4072 prope
1494 4019 1632 4056 eum.
1701 4005 2008 4074 Postquam

316 4091 629 4155 Abraham,
660 4089 714 4144 id
758 4099 840 4146 est
888 4098 1049 4160 pater
1099 4090 1298 4145 videns
1335 4091 1635 4160 populum,
1681 4091 2009 4149 discernens

313 4179 522 4235 scilicet
543 4179 744 4234 turbas
773 4179 1208 4248 cogitationum,
1258 4179 1484 4243 Ismael,
1519 4178 1574 4234 id
1618 4187 1701 4235 est
1736 4181 1844 4236 sibi
1890 4197 2006 4238 non

313 4269 425 4324 Deo
453 4257 830 4334 obedientem,
879 4265 1239 4321 circumcidit
1277 4264 1566 4322 an‘ectum.
1599 4268 1821 4337 Ismael,
1852 4270 2005 4327 enim

309 4355 518 4412 dicitur
548 4355 798 4410 obediens
817 4355 948 4418 sibi,
988 4361 1043 4409 et
1073 4355 1416 4410 vernaculos
1441 4355 1697 4425 ingenita
1731 4357 1838 4413 sibi
1893 4373 2004 4414 na—

2135 647 2349 702 ctualia
2411 647 2530 702 sola
2594 649 2918 702 contuenda
2970 649 3141 718 erigit
3210 650 3398 705 cordis
3468 651 3710 708 obtutus
3773 654 3849 708 ab

2134 735 2288 790 omni
2322 735 2551 790 infirma
2599 735 3007 805 imaginatione
3048 737 3317 792 seclusos.
3377 739 3512 795 Tres
3557 741 3670 796 viri
3731 742 3848 796 sibi

2133 831 2414 893 apparent
2469 831 2701 889 stantes,
2743 839 2876 879 cum
2932 824 3296 892 sensualitas,
3365 825 3706 898 imaginatio
3777 844 3850 884 ac

2136 911 2592 967 intellectualitas
2643 912 2715 966 ad
2775 919 3125 968 momentum
3175 913 3312 969 dum
3369 930 3530 972 mens
3580 918 3852 974 tenditur

2135 1000 2194 1055 in
2219 1000 2415 1055 divina
2444 1000 2784 1067 subsistunt,
2813 1008 2867 1056 et
2900 1010 3128 1070 propter
3159 1017 3280 1068 nos,
3319 1003 3371 1058 id
3404 1011 3486 1059 est
3508 1003 3686 1074 juxta
3712 1022 3848 1064 nos.

2133 1090 2206 1144 ab
2235 1097 2472 1144 externa
2511 1089 2850 1158 evagatione
2881 1097 3158 1155 cessante,
3196 1091 3336 1146 dum
3391 1093 3542 1148 Deus
3591 1094 3668 1150 ab
3721 1095 3849 1150 hu-

2133 1177 2250 1231 mili
2283 1185 2468 1232 mente
2495 1177 2860 1246 persentitur,
2889 1192 2946 1232 se
2974 1177 3322 1247 deprimunt.

2205 1265 2372 1321 VEns.
2399 1269 2449 1331 3,
2485 1268 2538 1319 4.
2582 1296 2648 1304 —
2686 1267 2831 1330 Quos
2873 1282 2992 1320 cum
3035 1267 3280 1330 vidisset,
3339 1273 3580 1324 cucurrit
3633 1274 3694 1325 in
3751 1288 3847 1326 oc-

2130 1369 2345 1408 cursum
2375 1370 2556 1407 eorum
2588 1354 2656 1408 de
2683 1357 2818 1407 ostio
2862 1355 3198 1408 tabernaculi
3225 1359 3334 1422 sui,
3379 1363 3430 1410 et
3471 1358 3730 1413 adoravit
3786 1364 3849 1415 in

2129 1447 2299 1496 terra.
2322 1445 2392 1496 Et
2425 1442 2618 1496 dixit:
2665 1444 2903 1507 Domine,
2952 1444 3004 1496 si
3046 1445 3230 1496 inveni
3270 1447 3511 1512 gratiam
3558 1449 3615 1501 in
3665 1450 3850 1502 oculis

2130 1533 2261 1598 tuis,
2294 1547 2358 1584 ne
2393 1537 2636 1584 transeas
2692 1545 2904 1584 servum
2938 1536 3124 1585 tuum:
3178 1533 3270 1586 sed
3320 1535 3552 1602 afferam
3596 1539 3850 1604 pauxil-

2128 1619 2238 1672 lum
2268 1634 2444 1687 aquav,
2476 1624 2526 1672 et
2563 1621 2822 1673 laventur
2845 1619 3003 1687 pedes
3041 1622 3232 1685 vestri,
3283 1626 3333 1674 et
3371 1626 3687 1690 requiescite
3737 1627 3848 1678 sub

2129 1708 2338 1761 arbore.
2377 1709 2520 1762 Cum
2551 1707 2828 1762 animales
2862 1708 3094 1763 habitus
3135 1717 3356 1764 nostros
3397 1713 3846 1780 supervenienti

2132 1797 2330 1867 gratia:
2374 1797 2636 1850 substare
2692 1796 3094 1865 conspicimus,
3155 1797 3211 1852 in
3264 1813 3572 1854 occursum
3624 1815 3842 1856 eorum

2131 1885 2437 1949 currimus,
2473 1884 2613 1939 dum
2642 1884 2900 1939 studium
2934 1884 3111 1940 nostri
3154 1884 3318 1940 liberi
3362 1886 3587 1942 arbitrii
3618 1889 3690 1942 ad
3721 1903 3844 1942 ex-

2129 1971 2459 2040 cipiendum
2491 1971 2645 2041 quod
2673 1971 2863 2026 inﬂuit
2890 1985 3301 2040 pra-paramus,
3331 1980 3384 2028 et
3414 1973 3520 2028 hoc
3552 1974 3620 2029 de
3657 1975 3836 2042 ostio,

2130 2060 2198 2115 de
2237 2074 2335 2128 spe
2374 2059 2602 2125 scilicet,
2655 2074 2772 2129 qua
2806 2059 2860 2113 in
2895 2074 3145 2129 superna
3192 2075 3354 2116 mens
3393 2062 3575 2118 inhiat
3629 2063 3840 2118 taber—

2130 2147 2343 2213 naculi,
2373 2147 2426 2201 id
2462 2156 2544 2202 est
2579 2147 2791 2202 militiae
2839 2157 3045 2202 nostrae
3096 2149 3413 2204 habemus:
3447 2150 3649 2206 adorat
3692 2165 3838 2221 ergo

2130 2234 2389 2301 interra,
2424 2235 2766 2290 humiliatur
2792 2235 3132 2290 conditionis
3175 2237 3392 2292 vilitate
3439 2239 3690 2307 cognita.
3747 2239 3832 2306 Si,

2128 2323 2336 2392 inquit,
2369 2323 2668 2378 oculorum
2695 2323 3084 2391 spiritualium
3124 2324 3338 2381 scilicet
3379 2327 3662 2382 donorum
3707 2335 3838 2382 tuo-

2129 2424 2259 2465 rum
2300 2409 2484 2480 gratia
2513 2424 2602 2464 me
2631 2409 2910 2479 dignaris,
2947 2424 3018 2464 ne
3058 2419 3456 2467 momentanee
3501 2421 3564 2468 ut
3599 2413 3840 2483 aliquos

2127 2501 2270 2553 soles
2301 2513 2388 2553 me
2413 2497 2680 2567 attingas,
2711 2497 2806 2552 sed
2839 2497 2917 2552 sic
2959 2497 3151 2552 adesto
3193 2506 3255 2554 ut
3309 2499 3652 2568 immoreris,
3709 2515 3835 2556 me-

2127 2602 2240 2657 que
2271 2586 2613 2656 aliquandiu
2635 2586 2942 2640 consoleris
2969 2585 3203 2642 afl'eram
3247 2589 3576 2657 pauxillum
3633 2603 3835 2659 aquae,

2127 2676 2183 2731 id
2216 2684 2299 2730 est
2336 2675 2642 2730 elaborabo
2691 2674 2989 2744 quippiam
3037 2676 3465 2744 compuuctioni
3506 2685 3728 2746 aptum,
3778 2684 3836 2732 et

2125 2764 2342 2834 gratize,
2381 2770 2440 2818 ut
2472 2763 2650 2829 vobis,
2692 2777 2724 2816 ο
2755 2763 3117 2828 sensualitas,
3168 2763 3504 2834 imaginatio
3551 2778 3619 2820 ac
3659 2765 3834 2820 intel-

2125 2852 2466 2920 lectualitas,

2126 2949 2346 3005 vestrze,
2383 2953 2502 3010 qua
2533 2953 2633 3008 per
2658 2946 2883 2994 terrena
2925 2939 3185 2994 labimini
3233 2949 3480 3009 peccata,
3528 2943 3831 2996 munden-

2124 3036 2238 3094 tur,
2273 3043 2305 3083 a
2336 3043 2450 3098 quo
2472 3027 2735 3082 discursu
2783 3027 2978 3082 saltem
3003 3027 3141 3081 dum
3191 3028 3356 3082 modo
3400 3029 3654 3097 suppetit
3702 3031 3822 3086 sub

2125 3118 2328 3173 arbore
2358 3115 2650 3186 quiescite,
2689 3115 2743 3170 id
2773 3122 2856 3170 est
2885 3114 2994 3169 sub
3040 3113 3284 3183 Spiritus
3322 3117 3527 3185 sancti,
3557 3131 3691 3187 quae
3743 3119 3824 3174 ab

2119 3215 2263 3264 testu
2296 3206 2564 3261 vitiorum
2610 3218 2710 3259 vos
2757 3211 3034 3274 protegat,
3089 3217 3304 3274 vosque
3347 3204 3484 3274 alat,
3532 3207 3822 3276 respirate

2122 3297 2354 3351 virtute.

2193 3383 2364 3439 Vens.
2423 3385 2472 3435 5.
2503 3411 2573 3421 —
2621 3383 2822 3434 Ponam
2871 3380 3159 3434 buccellam
3199 3384 3384 3450 panis,
3418 3387 3468 3435 et
3514 3385 3828 3450 con/ortate

2121 3488 2210 3527 cor
2241 3477 2496 3536 vestrum,
2528 3475 2714 3538 postea
2743 3469 3084 3538 transibitis;
3135 3469 3337 3524 idcirco
3383 3472 3524 3524 enim
3573 3471 3826 3527 declina-

2119 3565 2218 3616 stis
2241 3561 2315 3614 ad
2342 3574 2552 3614 servum
2578 3563 2813 3612 vestrum
2847 3573 2860 3610 :
2901 3559 3026 3622 Fac,
3061 3556 3357 3626 inquiunt,
3398 3564 3458 3611 ut
3491 3559 3700 3614 locutus
3742 3576 3822 3614 es.

2121 3647 2443 3704 Buccellam
2475 3645 2638 3716 panis
2668 3647 2954 3714 ponimus,
2988 3659 3120 3700 cum
3152 3659 3329 3700 sacrae
3358 3645 3666 3715 Scriptum
3717 3648 3828 3704 ali-

2121 3735 2280 3806 quid,
2309 3735 2460 3790 unde
2495 3735 2771 3789 reddatur
2818 3733 3107 3800 fervidior,
3150 3733 3344 3788 animo
3397 3733 3828 3792 ruminandum

2117 3823 2431 3889 offerimus,
2481 3830 2546 3878 ut
2603 3821 2732 3876 inde
2785 3820 3050 3876 vivacius
3115 3820 3335 3876 fortiori
3385 3819 3537 3877 facta
3595 3826 3826 3880 ratione

2119 3913 2230 3968 Deo
2269 3926 2558 3968 vacemus.
2598 3910 2798 3964 Postea
2830 3908 3164 3974 transibitis,
3208 3909 3264 3964 id
3295 3916 3397 3976 est,
3445 3923 3580 3965 cum
3627 3912 3824 3966 cordis

2116 4007 2247 4054 voto
2275 3997 2678 4060 satisfeceritis,
2717 3997 2790 4052 ad
2846 4004 3074 4066 tempus
3107 4005 3170 4052 ut
3220 3997 3426 4053 assolet
3469 3998 3822 4054 subtrahere

2116 4087 2306 4144 oblata
2331 4087 2601 4157 poteritis,
2632 4085 2772 4150 {ideo
2821 4099 3074 4154 namque
3119 4085 3193 4140 ad
3250 4099 3485 4141 servum
3533 4093 3816 4153 vestrum,

2116 4177 2228 4232 Deo
2272 4176 2518 4246 rigorem
2563 4181 2820 4229 vestrum
2862 4172 3202 4240 inﬂectente,
3237 4173 3610 4229 declinastis:
3657 4176 3818 4231 servi

2113 4272 2304 4320 autem
2338 4271 2664 4320 nostrorum
2693 4262 2954 4317 omnium
3005 4269 3270 4317 motuum
3321 4276 3544 4331 sumus,
3594 4263 3820 4332 quibus

2114 4360 2229 4408 tam
2257 4351 2454 4408 sedulo
2483 4349 2854 4406 observandis
2880 4349 3225 4405 inservimus
3248 4364 3260 4403 :
3281 4349 3603 4408 assentiunt
3631 4349 3820 4422 igitur

309 4443 572 4501 turaliter
603 4443 772 4507 bona,
804 4449 859 4497 et
887 4440 1195 4510 emptitios,
1249 4441 1440 4498 labore
1489 4444 1743 4513 quolibet
1791 4447 1992 4517 acqui-
2038 4437 2082 4492 Ι)
2111 4441 2322 4496 divina:
2346 4437 2574 4494 rationi.

311 4529 542 4602 quisita,
580 4537 634 4585 et
665 4528 1042 4600 alienigenas,
1085 4529 1204 4584 vita
1235 4535 1337 4584 ϐυ
1385 4531 1774 4602 undecunque
1823 4535 1997 4590 conti-

305 4633 438 4691 gua,
474 4619 573 4674 illa
594 4619 956 4684 examinans,
982 4617 1090 4672 ista
1123 4632 1358 4688 prorsus
1399 4619 1719 4687 abscidens,
1758 4629 1998 4692 apparet

302 4706 354 4762 ei
376 4706 654 4762 Dominus
685 4705 742 4760 in
773 4705 1019 4761 convalli
1051 4706 1306 4762 Manbre.
1363 4707 1653 4763 Convallis
1700 4709 1997 4766 humilitas

301 4802 428 4851 est:
474 4794 711 4850 Manbre
771 4793 1099 4862 divisiones,
1161 4795 1250 4850 vel
1305 4796 1608 4866 perspicua
1671 4807 1868 4867 sonat;
1935 4799 1990 4854 in

301 4881 622 4938 humilitate
675 4883 828 4938 enim
874 4883 1164 4939 constituti
1215 4885 1616 4955 perspicaciter
1656 4886 1988 4955 dividimus,

301 4971 357 5026 id
394 4977 477 5026 est
524 4970 924 5038 discernimus,
981 4979 1034 5027 et
1083 4971 1225 5042 quid
1270 4987 1472 5028 sumus
1521 4981 1576 5029 et
1627 4974 1768 5044 quid
1824 4989 1993 5046 agere

297 5058 626 5114 debeamus.
650 5059 1110 5115 Tabernaculum
1145 5068 1334 5116 autem
1365 5070 1450 5117 est
1475 5063 1840 5132 obsequium,
1874 5077 1990 5132 quo

297 5147 410 5203 Deo
439 5146 753 5202 militamus
784 5162 797 5200 :
829 5148 886 5202 in
920 5163 1039 5218 quo
1070 5149 1280 5204 ostium
1312 5157 1414 5218 est,
1447 5150 1588 5220 quia
1637 5150 1712 5205 ibi
1756 5164 1885 5220 spes
1915 5165 1990 5207 ex

297 5235 404 5291 hoc
445 5235 772 5306 egrediendi
831 5236 901 5292 ad
953 5237 1210 5307 requiem
1263 5245 1367 5306 est,
1427 5237 1486 5293 in
1543 5239 1649 5294 hoc
1702 5239 1984 5306 sedemus,

291 5323 432 5393 quia
462 5323 520 5378 in
554 5323 660 5379 hac
691 5338 787 5393 spe
819 5331 1252 5394 perseveranter
1278 5325 1649 5394 quiescimus,
1684 5339 1818 5380 nam
1849 5325 1986 5380 dor-

292 5410 469 5467 mitur
500 5411 646 5467 inter
671 5413 884 5468 medios
909 5412 1088 5468 cleros
1127 5413 1297 5476 (Psal.
1331 5427 1504 5476 vau,
1550 5415 1656 5478 14),
1689 5421 1744 5468 ει
1791 5413 1986 5467 sedere

291 5513 654 5568 perseverare
699 5509 803 5568 est,
860 5508 926 5556 ut
971 5501 1112 5556 illud
1157 5515 1170 5554 :
1224 5501 1298 5554 In
1350 5501 1611 5554 cathedra
1665 5502 1986 5570 pestilentiae

286 5603 393 5642 non
419 5589 557 5642 sedit
595 5589 760 5659 (Psat.
793 5605 812 5642 ι
858 5591 942 5657 1);
993 5588 1048 5644 in
1097 5589 1222 5658 ipso
1287 5587 1507 5644 fervore
1554 5589 1686 5654 diei,
1744 5590 1849 5644 hoc
1901 5597 1984 5645 est

285 5676 343 5732 in
372 5677 568 5733 eodem
598 5692 714 5748 quo
747 5677 1106 5733 circumcisio
1155 5675 1425 5746 praedicta
1470 5685 1598 5733 acta
1641 5685 1726 5733 est
1777 5676 1984 5735 mentis

2179 4528 2346 4585 Vsus.
2393 4529 2446 4593 6,
2491 4531 2542 4580 7.
2601 4555 2670 4566 -—
2719 4527 3017 4580 Festinavit
3063 4526 3346 4579 Abraham
3377 4527 3436 4578 in
3474 4526 3814 4582 tabernacu-

2104 4617 2216 4672 lum
2243 4617 2317 4670 ad
2348 4617 2544 4671 Saram
2580 4613 2865 4683 :dimitque
2896 4617 2947 4667 ei
2977 4629 2989 4667 :
3019 4613 3290 4682 Accelera,
3327 4615 3436 4667 tria
3465 4620 3592 4670 sata
3611 4617 3813 4671 similae

2103 4707 2398 4766 commisce,
2459 4707 2508 4756 et
2564 4703 2651 4773 fac
2715 4703 3096 4757 subcinericios
3146 4716 3331 4771 panes.
3390 4703 3519 4771 Ipse
3550 4718 3675 4758 vero
3732 4705 3810 4758 ad

2101 4799 2402 4847 armentum
2431 4793 2692 4858 cucurrit,
2731 4795 2782 4844 et
2821 4791 2948 4844 tulit
3001 4790 3132 4846 inde
3170 4790 3402 4844 vitulum
3451 4795 3806 4847 tenerrimam

2099 4887 2149 4936 et
2177 4885 2460 4950 Optimum,
2516 4881 2773 4949 deditque
2817 4894 3001 4948 puero.
3051 4879 3156 4944 Qui
3203 4881 3506 4944 festinavit,
3557 4884 3608 4934 et
3651 4885 3806 4936 comit

2097 4971 2276 5024 illum.
2325 4969 2470 5025 Cum
2519 4983 2656 5038 ergo
2711 4966 3130 5037 opportunitas,
3177 4974 3232 5022 et
3281 4966 3558 5022 habitudo
3617 4969 3801 5025 animi

2097 5058 2170 5114 ad
2223 5057 2336 5113 Deo
2381 5056 2830 5126 supplicandum
2881 5055 3158 5119 arrident,
3204 5054 3429 5110 festinet
3475 5055 3799 5127 Abraham,

2097 5161 2268 5218 quem
2313 5151 2470 5216 pater
2539 5145 2729 5200 videns
2773 5145 3033 5214 populum
3095 5143 3459 5213 interpretari
3513 5144 3793 5216 diximus,

2093 5235 2234 5305 quia
2287 5243 2528 5308 paterna
2573 5233 2777 5302 pietate
2827 5247 2893 5288 ac
2940 5233 3196 5304 legitima
3261 5239 3532 5302 potestate
3581 5235 3796 5304 populo

2093 5323 2266 5390 videt,
2300 5323 2358 5378 id
2400 5330 2485 5378 est
2533 5322 2821 5392 providet;
2868 5320 3113 5389 festinet,
3155 5321 3419 5390 inquam,
3475 5321 3796 5390 spiritualis

2093 5412 2196 5468 iste
2218 5411 2510 5467 Abraham
2537 5411 2594 5466 in
2633 5409 3072 5466 tabernaculum
3111 5409 3182 5464 ad
3215 5413 3436 5476 Saram,
3496 5424 3630 5480 qua;
3667 5411 3792 5482 jam

2091 5499 2186 5556 hic
2215 5499 2625 5570 interpretatur
2653 5503 2848 5562 virtus,
2890 5499 3068 5554 ascita
3106 5499 3308 5568 utique
3346 5497 3451 5553 sibi
3492 5498 3791 5556 voluntate

2093 5590 2242 5644 bona
2267 5588 2388 5644 sine
2415 5603 2533 5659 qua
2562 5588 2848 5658 quidquid
2878 5587 3106 5657 agimus
3144 5601 3256 5641 non
3283 5593 3368 5642 est
3399 5587 3607 5654 virtus,
3638 5587 3787 5642 divi-

2089 5691 2224 5733 nam
2281 5675 2656 5747 aggrediatur
2713 5674 2994 5740 militiam,
3045 5673 3313 5743 dicatque
3360 5673 3408 5728 ei
3463 5676 3785 5732 secundum

2549 2851 2718 2921 pedes
2785 2851 3072 2919 laventur,
3139 2853 3475 2908 mobilitatis
3559 2853 3834 2909 videlicet
3921 2859 3925 2864 ‘
