3956 6436
98 452 179 502 lii
1320 442 1690 500 MORALIUM
1730 442 1796 496 IN
1838 441 2134 497 GENESIN
2175 440 2310 497 LIB.
2351 442 2413 495 V.

3514 447 3613 499 142

88 600 276 641 rerum
316 582 713 640 efﬁcientiam.
742 582 898 648 Sata,
930 580 1140 650 inquit,
1175 579 1376 637 simila
1416 581 1548 649 tria,
1582 592 1797 650 purum
1836 581 1883 633 A
1912 580 2085 635 surde
2124 579 2419 635 moraliter
2447 579 2606 635 aliud
2654 580 2938 649 accepisse
2990 580 3301 638 Dominum
3329 595 3612 652 apparen-

91 673 344 729 videlicet
412 671 761 728 exteriorem
836 668 1152 736 hominem,
1230 683 1438 738 puram
1512 668 1800 724 interioris

91 761 444 828 memoriam,
520 760 894 816 subtilitatem
977 758 1475 827 contemplationis
1549 756 1800 826 denique

91 864 313 920 puram,
348 849 425 905 ad
466 863 642 904 unam
693 848 790 903 Dei
823 847 1015 918 placiti
1058 841 1433 902 intentionem
1470 846 1797 913 commisce,

90 947 139 994 et
178 938 265 994 {ac
296 952 501 1007 panes,
554 937 764 993 nitidos
793 936 1010 991 scilicet
1040 935 1271 990 vivendi
1308 934 1541 990 institue
1591 948 1795 999 mores,

92 1042 233 1099 quos
263 1036 461 1083 tamen
519 1026 669 1097 ignis
708 1025 936 1092 veteris,
969 1024 1063 1079 sed
1097 1023 1365 1079 exstincti
1397 1024 1609 1083 cinere.
1644 1024 1799 1092 quod

92 1126 168 1173 est
224 1116 467 1186 peccati,
532 1116 591 1170 in
660 1122 711 1171 te
776 1114 1073 1185 quondam
1141 1112 1437 1183 regnantis
1501 1112 1795 1180 memoria,

96 1212 289 1260 contra
321 1204 720 1273 insurgentem
743 1202 1028 1272 superbia
1051 1208 1253 1271 typum
1284 1214 1496 1270 preme.
1530 1204 1801 1255 Armenta

97 1293 188 1348 Dei
217 1301 377 1359 sunt,
442 1294 731 1348 virtutum
773 1302 1149 1360 quarumque
1200 1288 1437 1344 fortium
1472 1288 1795 1357 proposita:

95 1388 352 1436 armenta
392 1387 591 1436 autem
631 1379 906 1435 dicuntur
943 1378 1016 1433 ab
1060 1375 1259 1444 armis,
1298 1376 1439 1446 quia
1485 1376 1615 1431 inde
1644 1375 1801 1431 anti-

96 1469 288 1540 quitus
318 1482 509 1535 arma,
562 1467 774 1534 lorica,
810 1465 988 1537 galea
1019 1464 1232 1521 ﬁebant
1258 1471 1312 1520 et
1337 1471 1535 1520 scuta:
1589 1465 1662 1519 ad
1697 1465 1801 1520 hoc

96 1566 424 1615 armentum
480 1557 797 1628 spiritualis
832 1555 1083 1627 quisque
1127 1554 1422 1611 Abraham
1479 1553 1801 1609 devotionis

96 1648 377 1703 celeritate
459 1647 776 1709 concurrit.
857 1653 912 1700 et
983 1643 1233 1699 vitulum
1290 1658 1508 1698 novum
1565 1641 1796 1707 scilicet,

94 1746 339 1793 attamen
382 1735 720 1791 intentionis
740 1733 1025 1806 gravitate
1043 1740 1360 1798 maturum,
1380 1732 1599 1801 abjecta
1624 1746 1799 1786 sacu-

94 1826 193 1880 lari
225 1832 537 1890 vetustate,
567 1831 741 1893 atque
762 1821 1144 1878 obstinatione
1177 1820 1572 1886 tenerrimum,
1603 1827 1658 1874 et
1678 1818 1800 1875 sine

94 1914 422 1970 voluntaria
480 1911 837 1969 carnalitatis
897 1924 965 1965 ac
1020 1908 1384 1979 negligentiae
1454 1908 1800 1963 admissione

96 2004 371 2072 optimum
406 2001 617 2071 arripit
650 1999 983 2070 principalis
1013 1998 1325 2068 cujuslibet
1365 1997 1598 2053 virtutis
1633 1997 1801 2052 insti-

99 2099 323 2157 tutum;
365 2090 556 2145 sancti
593 2092 746 2144 enim
780 2088 909 2144 licet
957 2086 1181 2142 cunctis
1237 2087 1545 2141 videantur
1600 2085 1801 2141 florere

99 2179 433 2245 virtutibus,
469 2176 670 2248 gratiis
702 2184 889 2233 tamen
922 2174 1274 2245 quibusdam
1306 2175 1637 2230 innituntur
1668 2189 1802 2244 spe-

100 2268 337 2324 cialibus
352 2283 369 2336 ;
385 2265 703 2321 divisiones
719 2264 874 2320 enim
892 2264 1212 2335 gratiarum
1230 2272 1386 2331 sunt,
1408 2263 1803 2334 proutcuique

104 2357 429 2427 impertitur
451 2354 687 2424 spiritus
710 2356 758 2420 (1
788 2356 907 2410 Cor.
944 2367 1043 2419 xu,
1066 2351 1143 2419 4).
1178 2352 1347 2406 Hunc
1371 2353 1576 2408 damus
1602 2367 1798 2422 puero,

104 2446 332 2516 quando
362 2445 526 2500 illius
556 2443 690 2499 novi
732 2441 982 2498 hominis
1029 2440 1240 2497 Christi
1273 2440 1490 2496 bonum
1538 2449 1801 2497 nostrum

104 2534 562 2590 examinandum
613 2546 680 2587 ac
708 2532 753 2587 si
781 2532 851 2586 ad
883 2544 1079 2586 veram
1110 2529 1371 2599 regulam
1404 2529 1805 2600 mancipamus

105 2623 362 2693 exemplo
390 2638 404 2677 :
435 2623 539 2693 qui
567 2621 903 2677 festinanter
926 2619 1145 2690 coquit,
1170 2633 1302 2673 cum
1321 2618 1606 2688 quidquid
1639 2618 1805 2674 nobis

106 2723 171 2764 ex
200 2709 371 2766 nobis
401 2708 614 2765 accidit
643 2705 873 2763 duritia
905 2706 1142 2776 spiritus
1167 2706 1257 2762 sui
1287 2705 1522 2762 ﬂamma
1554 2706 1805 2763 velocius

108 2798 296 2854 mollit.

171 2888 341 2943 Vens.
379 2888 435 2953 8,
467 2888 520 2949 9,
558 2886 641 2939 lO.
674 2915 743 2924 -—
794 2885 944 2940 Tulit
990 2900 1200 2954 quoque
1232 2884 1486 2953 butyrum
1516 2890 1567 2940 et
1614 2887 1718 2951 lac,
1755 2889 1804 2939 et

107 2977 329 3030 vitulum
378 2990 542 3045 quem
573 2979 814 3041 coxerat,
869 2978 921 3028 et
961 2976 1149 3043 posuit
1194 2990 1375 3028 coram
1403 2976 1499 3028 eis.
1533 2975 1656 3043 Ipse
1682 2989 1806 3028 vero

108 3065 280 3120 stabat
332 3066 513 3133 jumta
568 3078 652 3117 eos
697 3063 796 3117 sub
848 3063 1060 3117 arbore.
1136 3063 1374 3131 Cumque
1434 3063 1805 3131 comedissent,

110 3154 363 3208 dixerunt
403 3153 483 3207 ad
533 3168 679 3207 eum:
713 3152 814 3207 Ubi
842 3157 921 3207 est
967 3152 1110 3208 Sara
1140 3168 1283 3206 umor
1315 3158 1408 3207 tua
1436 3152 1463 3204 ?
1494 3153 1646 3218 Ecce,
1704 3151 1804 3216 ait,

111 3246 163 3297 in
206 3242 557 3297 tabernaculo
605 3247 704 3295 est.
738 3242 837 3297 Cui
883 3240 1066 3295 dixit:
1112 3243 1396 3296 Revertens
1455 3245 1550 3294 ’τυ
1593 3243 1809 3295 veniam

112 3332 179 3385 ad
205 3338 253 3386 te
295 3338 538 3401 tempore
587 3332 693 3384 isto
720 3335 839 3384 vita
863 3332 1070 3397 comite,
1104 3334 1153 3384 et
1184 3330 1402 3384 habebit
1444 3331 1620 3398 ﬁlium
1666 3330 1809 3384 Sara

113 3436 245 3475 uxor
267 3426 384 3476 tua.
423 3422 541 3488 Quo
570 3418 761 3473 audito
808 3420 952 3475 Sara
994 3421 1125 3473 risit
1168 3424 1292 3488 post
1320 3420 1518 3474 ostium
1551 3418 1806 3473 taberna-

113 3511 229 3563 culi.
263 3511 556 3579 Butyrum
589 3507 840 3563 tollimus
867 3521 1001 3563 cum
1031 3507 1308 3564 beneﬁcia
1335 3507 1635 3563 charitatis
1682 3506 1810 3562 aliis

113 3596 494 3668 impendenda
523 3595 932 3665 aggredimur:
970 3595 1055 3650 lac
1109 3594 1417 3665 sumimus,
1467 3610 1599 3652 cum
1642 3595 1807 3649 inno-

114 3695 297 3741 center
350 3686 411 3741 in
443 3684 613 3741 nobis
661 3683 800 3753 ipsis
854 3683 1142 3753 vivimus;
1200 3691 1338 3739 sunt
1366 3684 1520 3740 enim
1567 3684 1669 3754 qui
1702 3682 1810 3739 sibi

115 3775 339 3831 innoxie
371 3774 605 3840 vivunt,
638 3772 734 3828 sed
776 3770 907 3828 aliis
936 3771 1080 3826 nihil
1138 3772 1366 3842 pietatis
1423 3771 1804 3842 impendunt:

116 3863 383 3933 butyrum
414 3870 615 3919 autem
646 3875 760 3916 non
786 3859 972 3916 solum
1002 3860 1126 3916 esui
1157 3874 1336 3917 suave
1364 3868 1467 3927 est,
1497 3860 1592 3915 sed
1614 3868 1668 3916 et
1698 3860 1812 3916 alia

118 3951 453 4023 impinguat,
482 3950 639 4006 unde
681 3956 735 4004 et
773 3948 1119 4019 obsequium
1150 3948 1446 4005 charitatis
1476 3949 1762 4020 signiﬁcat
1795 3964 1807 4003 :

118 4040 258 4095 idem
289 4041 347 4095 in
403 4038 683 4109 propheta
712 4036 1012 4104 sentimus,
1048 4037 1150 4093 ubi
1180 4036 1392 4109 legitur
1421 4052 1433 4091 :
1465 4039 1733 4106 Butyrum
1763 4042 1813 4091 et

118 4131 213 4182 mel
240 4128 473 4183 comedet
532 4128 664 4197 (Isa.
725 4140 822 4192 vn,
879 4125 991 4193 15),
1047 4134 1103 4181 et
1148 4134 1371 4181 catera.
1435 4126 1579 4181 Cum
1633 4125 1815 4196 igitur

123 4217 245 4273 boni
271 4231 476 4273 sumus
508 4215 570 4271 in
609 4213 796 4279 nobis,
827 4221 881 4270 et
913 4214 1225 4270 bonitatem
1269 4213 1658 4283 impendimus
1682 4228 1812 4281 pro-

123 4303 306 4372 ximis,
338 4312 482 4361 tunc
511 4310 665 4359 recte
692 4302 941 4358 vitulum
970 4310 1183 4358 sancta
1219 4302 1549 4372 cujuspiam
1588 4302 1815 4372 profes-

126 4392 308 4460 sionis,
339 4401 571 4450 coctum
611 4391 742 4461 igne
794 4391 1065 4461 puritatis
1096 4391 1434 4447 inferimus:
1488 4404 1680 4446 coram
1712 4391 1813 4458 eis,

1910 676 2042 734 tem,
2084 667 2243 723 aliud
2266 676 2381 724 tres
2412 668 2567 724 viros
2598 676 2836 723 stantes.

1980 755 2140 811 Dixtt
2168 771 2306 826 ergo
2345 757 2668 812 Dominus:
2706 757 2890 827 prima
2919 757 3021 812 Dei
3061 759 3343 829 apparitio
3393 760 3612 816 homini

1911 842 1968 898 in
1998 845 2391 900 conversione.
2425 844 2531 912 Qui
2563 853 2752 901 tamen
2784 859 2819 901 a
2853 845 3018 901 nobis
3046 861 3161 903 non
3209 863 3313 904 nos
3341 848 3609 906 deserens

1910 946 2336 1003 usquequaque
2405 934 2746 1005 digreditur,
2822 936 2960 990 dum
3037 950 3138 1005 per
3193 938 3609 1007 experientiam

1908 1022 2112 1090 nostri,
2144 1022 2478 1092 peccatique
2511 1023 2804 1078 victoriam
2846 1038 2949 1079 nos
2988 1024 3201 1091 erudit,
3239 1032 3494 1097 tuncque
3537 1026 3610 1081 ad

1910 1124 2012 1165 nos
2096 1110 2282 1180 gloria
2351 1111 2711 1181 opulentiore
2758 1112 3097 1167 revertitur:
3159 1127 3231 1168 ne
3291 1114 3485 1183 itaque
3541 1114 3610 1170 de

1908 1212 2013 1253 suo
2047 1199 2313 1255 imbecilli
2367 1208 2523 1256 statu
2578 1201 2814 1257 interior
2846 1201 3014 1256 homo
3062 1210 3380 1271 quaratur,
3414 1203 3461 1258 si
3491 1204 3610 1260 vita

1909 1302 2098 1343 comes
2135 1289 2325 1356 fuerit,
2367 1289 2422 1345 id
2451 1299 2532 1346 est
2574 1290 2617 1344 si
2656 1290 2712 1344 in
2752 1290 2887 1345 vita
2935 1291 3225 1360 proposito
3274 1305 3609 1361 persevera-

1911 1377 2077 1443 verit,
2112 1384 2168 1433 et
2196 1384 2425 1447 tempus
2455 1378 2627 1446 idem,
2682 1378 2734 1433 id
2767 1386 2851 1434 est
2882 1380 3184 1450 temperies
3215 1388 3279 1436 ut
3310 1380 3392 1436 sic
3420 1381 3606 1437 dicam

1908 1466 2127 1531 eadem,
2181 1466 2579 1537 habitudoque
2646 1467 2822 1522 animi
2874 1468 3222 1538 perstiterit;
3282 1470 3347 1525 iu
3388 1470 3608 1527 fervore

1908 1554 2063 1610 enim
2092 1555 2203 1610 diei
2226 1555 2506 1611 Dominus
2532 1569 2601 1611 ea
2632 1555 2936 1612 locuturus
2977 1558 3266 1627 apparuit,
3300 1568 3605 1629 postquam

1912 1643 2060 1698 inter
2110 1644 2446 1699 tentatioucs
2483 1645 2939 1700 conversationis
2985 1646 3265 1702 unitatem
3320 1648 3603 1703 tenuerit:

1910 1731 2063 1787 Sara
2097 1732 2250 1787 ﬁlius
2295 1732 2487 1799 datur,
2532 1733 2671 1802 quia
2702 1734 2990 1789 voluntati
3015 1734 3137 1804 jam
3194 1750 3307 1791 non
3356 1736 3603 1805 novitia,

1913 1820 2010 1875 sed
2042 1819 2286 1875 viriliter
2311 1821 2547 1876 militari
2580 1823 2834 1892 quadam
2856 1822 3101 1879 audacia
3123 1832 3321 1879 contra
3350 1825 3489 1880 vitia
3509 1825 3605 1881 de-

1839 1883 1883 1939 B
1913 1908 2148 1964 sudanti
2173 1924 2301 1979 spes
2351 1924 2467 1965 non
2500 1917 2564 1965 ut
2598 1883 2777 1980 prius
2807 1911 3028 1976 timida,
3088 1913 3184 1967 sed
3240 1912 3607 1978 delectabilis,

1909 2006 1963 2054 et
1990 1998 2334 2054 certitudine
2378 1999 2566 2068 plena,
2617 2000 2836 2055 ratione
2882 1999 3105 2055 calitus
3154 2000 3436 2057 illustrata
3477 2017 3611 2073 pro—

1912 2086 2176 2142 mittitur.
2211 2087 2352 2143 Sara
2410 2088 2482 2143 ad
2544 2088 2664 2143 hac
2711 2088 2854 2153 risit,
2915 2088 3056 2159 quia
3112 2091 3381 2145 voluntas
3412 2099 3612 2147 nostra

1909 2175 2015 2231 etsi
2049 2175 2121 2230 ad
2154 2174 2307 2230 bona
2336 2176 2576 2241 nitatur,
2609 2189 2681 2231 ex
2737 2177 2985 2246 propria
3016 2183 3207 2234 tamen
3260 2178 3613 2236 infirmitatis

1911 2262 2364 2319 consideratione
2397 2264 2564 2333 quasi
2595 2264 2968 2319 subsannans
2996 2279 3128 2335 qua
3165 2279 3200 2321 a
3221 2280 3319 2337 spe
3341 2268 3445 2323 sibi
3476 2277 3615 2325 sunt

1911 2351 2193 2407 destinata
2251 2351 2476 2418 difﬁdit,
2509 2351 2663 2407 unde
2718 2360 2773 2408 et
2807 2360 2931 2423 post
2984 2352 3196 2410 ostium
3253 2356 3613 2414 tabernaculi

1910 2440 2122 2496 dicitur
2152 2439 2361 2515 risisse,
2396 2448 2460 2496 ut
2510 2441 2867 2512 intelligatur
2909 2442 2998 2497 sui
3050 2442 3263 2499 laboris
3295 2446 3614 2502 difﬁdentia

1911 2526 1983 2582 ab
2013 2542 2112 2597 spe
2141 2527 2448 2597 paululum
2477 2528 2786 2585 decidisse:
2819 2530 2963 2586 ﬁlios
2992 2539 3183 2588 autem
3206 2542 3448 2603 nostros,
3484 2550 3614 2605 spes

1912 2624 2138 2671 nostras
2207 2617 2277 2672 ob
2337 2617 2721 2686 posteritatem
2799 2620 3013 2676 scilicet
3068 2622 3320 2678 solemus
3380 2638 3610 2682 vocare.

1914 2706 2055 2761 Sara
2086 2705 2281 2776 itaque
2308 2706 2491 2762 ﬁlium
2538 2722 2656 2764 non
2685 2709 2875 2775 habet,
2908 2710 3174 2779 quandiu
3214 2712 3445 2768 animus
3475 2728 3613 2783 pas—

1912 2794 2141 2850 sionum
2192 2794 2422 2851 nebulis
2474 2796 2820 2853 obscuratus
2878 2807 3097 2869 quanto
3142 2799 3384 2856 inferius
3432 2802 3611 2870 timet,

1914 2883 2108 2939 minus
2127 2883 2397 2953 superius
2415 2898 2638 2952 amans,
2668 2886 2862 2942 minus
2888 2887 3060 2943 etiam
3093 2896 3304 2958 sperat,
3339 2890 3396 2945 in
3428 2892 3614 2961 seipso

1913 2972 2106 3028 adhuc
2134 2971 2592 3029 ﬂuctuabundus
2623 2974 2837 3043 haret;
2871 2983 2927 3032 at
2958 2977 3198 3032 Domino
3255 2987 3377 3046 post
3424 2987 3615 3037 tenta—

1915 3061 2139 3116 tionum
2169 3074 2274 3116 nos
2303 3061 2582 3118 invisente
2612 3062 2998 3133 triumphum,
3030 3064 3367 3134 cum'plena
3408 3068 3614 3125 hilari-

1846 3184 1888 3241 Ο
1918 3157 2004 3204 tas
2033 3149 2191 3204 cordi
2247 3149 2597 3215 infunditur,
2647 3152 2886 3220 suscipit
2941 3152 3191 3220 profecto
3231 3153 3370 3210 Sara
3406 3155 3610 3212 ﬁlium.

1988 3237 2161 3293 Vnus.
2200 3240 2284 3304 ti,
2322 3241 2407 3292 l2.
2455 3266 2528 3278 —
2569 3240 2744 3292 Erant
2784 3244 2965 3293 autem
3021 3241 3176 3295 ambo
3217 3255 3385 3310 senes,
3428 3260 3619 3313 prove-

1918 3330 2119 3394 ctaque
2142 3328 2342 3393 atatis,
2371 3332 2420 3380 et
2451 3325 2724 3382 desierant
2759 3328 2915 3382 Sara
2951 3329 3260 3384 muliebria.
3317 3331 3442 3398 Qua
3490 3336 3621 3388 risit

1919 3416 2118 3469 occulte
2147 3414 2368 3470 dicens:
2421 3418 2716 3486 Postquam
2770 3419 3040 3485 consenui,
3092 3424 3143 3472 et
3178 3421 3437 3476 Dominus
3466 3437 3621 3478 meus

1918 3505 2127 3558 vetulus
2176 3510 2274 3570 est,
2307 3506 2577 3574 voluptati
2629 3521 2849 3575 operam
2893 3506 3033 3561 dabo
3060 3506 3088 3560 ?
3144 3507 3230 3563 Ac
3277 3510 3324 3564 si
3355 3512 3624 3568 voluntas

1919 3592 2158 3648 diceret:
2194 3593 2314 3663 Ego
2367 3593 2685 3649 inveteravi
2718 3594 2870 3650 inter
2920 3609 3119 3651 omnes
3164 3595 3426 3655 inimicos
3468 3615 3623 3657 meos

1920 3681 1981 3737 in
2015 3690 2166 3738 terra
2196 3682 2385 3738 aliena
2439 3684 2705 3751 (Psal.v1,
2736 3684 2809 3754 8;
2839 3685 3073 3739 Baruch.
3134 3699 3215 3750 lli,
3266 3686 3369 3758 tl),
3428 3696 3484 3745 et
3530 3691 3624 3746 vir

1919 3784 2083 3827 meus
2125 3771 2461 3840 spiritualis,
2513 3772 2724 3828 scilicet
2774 3772 3116 3840 intellectus,
3167 3788 3283 3830 non
3323 3776 3442 3847 jam
3475 3779 3624 3848 sapit

1920 3859 2031 3915 nisi
2062 3859 2243 3916 veteri
2303 3860 2521 3916 homini
2584 3874 2862 3931 congrua,
2927 3862 3219 3918 incassum
3252 3868 3624 3936 .contempla-

1921 3949 2094 4005 tionis
2147 3948 2360 4005 divina
2390 3948 2760 4019 acquirenda
2808 3950 3091 4020 voluptati
3122 3965 3155 4006 a
3208 3953 3624 4025 meimpende-

1923 4045 2085 4093 retur
2123 4052 2318 4107 opera,
2346 4040 2440 4094 cui
2482 4038 2668 4108 prima
2704 4039 2857 4095 deest
2889 4041 3352 4110 compunctionis
3400 4044 3623 4115 gratia:

1924 4125 2232 4182 muliebria
2261 4136 2455 4183 autem
2487 4134 2785 4184 menstrua
2816 4136 2973 4195 sunt,
3022 4144 3153 4200 qua
3183 4144 3317 4186 cum
3348 4133 3469 4188 fieri
3495 4147 3624 4188 mu-

1926 4214 2165 4270 lieribus
2193 4214 2487 4281 desinunt,
2522 4229 2722 4285 parere
2779 4217 3082 4273 desistunt.
3127 4218 3273 4285 Quid
3335 4235 3472 4293 ergo
3524 4236 3628 4292 per

1927 4311 2225 4359 menstrua
2276 4303 2383 4358 nisi
2434 4303 2795 4361 internarum
2829 4306 3039 4361 anima
3084 4305 3340 4364 sordium
3374 4325 3470 4380 per
3499 4325 3627 4366 con-

1925 4390 2228 4447 fessionem
2260 4391 2614 4447 vacuefactio
2641 4394 2669 4446 ?
2715 4393 2859 4449 Cum
2904 4409 3159 4464 namque
3213 4395 3483 4454 voluntas
3526 4414 3629 4456 nec

129 4481 344 4551 ingenio
373 4481 616 4545 scilicet,
649 4480 922 4535 memoria
952 4486 1007 4535 et
1045 4480 1309 4534 sensibus
1336 4479 1565 4544 nostris,
1603 4486 1668 4535 ut
1694 4479 1815 4535 hac
1852 4488 1898 4544 Ι)
1928 4480 2179 4551 perfecta
2207 4480 2314 4536 sibi
2348 4481 2527 4535 inesse
2554 4481 2833 4551 conspicit
2889 4482 2946 4537 in
2994 4484 3334 4541 conﬁtendis
3374 4489 3631 4545 reatibus

130 4570 229 4626 sibi
280 4568 685 4627 inviscerando
714 4582 783 4623 ac
833 4568 879 4624 si
936 4568 1129 4624 cibum
1189 4566 1525 4623 reﬁciantur
1574 4582 1647 4623 ex
1679 4568 1815 4623 his:

130 4661 425 4716 comedunt
454 4672 618 4727 ergo,
658 4663 714 4711 et
758 4663 915 4711 tanto
946 4656 1138 4711 acrius
1165 4656 1234 4711 de
1266 4655 1356 4711 sui
1387 4663 1569 4712 status
1623 4656 1822 4712 humi-

133 4745 275 4803 litate
296 4748 671 4817 queruntur:
709 4742 815 4800 Ubi
845 4752 949 4806 est.
990 4746 1175 4811 aiunt,
1214 4742 1355 4800 Sara
1384 4758 1537 4800 uxor
1568 4752 1667 4800 tua
1689 4744 1716 4798 ?
1757 4759 1824 4800 ac

131 4835 172 4891 si
192 4836 511 4892 diceretur;
554 4832 611 4889 Si
659 4840 723 4889 tu
754 4834 921 4889 modo
954 4834 1136 4889 Deum
1163 4833 1266 4889 tibi
1322 4832 1659 4889 inclaruisse
1715 4833 1821 4889 ali-

129 4933 403 4996 quatenus
442 4923 659 4981 sentire
701 4921 941 4992 coepisti,
990 4937 1164 4992 pensa
1194 4921 1294 4978 ubi
1347 4921 1487 4977 Sara
1531 4923 1819 4991 consistat,

131 5012 182 5068 id
209 5022 289 5069 est
339 5026 616 5084 quanam
669 5011 803 5067 insit
843 5011 1083 5067 ﬁrmitas
1116 5019 1229 5067 tua
1260 5024 1449 5081 nuper
1484 5011 1824 5067 illuminata

129 5102 395 5159 voluntati
418 5119 436 5175 ;
469 5116 594 5173 quo
614 5100 766 5156 enim
792 5099 967 5156 altius
986 5100 1300 5164 reﬁcimur,
1324 5114 1390 5155 eo
1411 5100 1627 5156 arctius
1646 5100 1825 5172 quid—

132 5203 256 5247 nam
309 5193 491 5249 simus
526 5198 895 5246 contuemur.
947 5189 1113 5255 Ecce,
1174 5188 1273 5253 ait,
1332 5187 1387 5242 in
1450 5185 1824 5243 tabernaculo

130 5286 223 5347 est,
253 5281 388 5352 quia
417 5295 478 5337 se
509 5284 716 5335 contra
764 5276 1038 5333 vitiorum
1086 5276 1359 5332 examina
1389 5274 1657 5343 militare,
1687 5288 1825 5330 con-

134 5368 364 5426 scientia
424 5369 706 5441 proﬁcere
766 5366 1092 5436 incipientis
1143 5379 1483 5435 responsum
1522 5371 1645 5433 est;
1706 5363 1826 5433 ipsa

137 5469 371 5529 namque
399 5458 597 5523 infert,
633 5456 754 5525 ipsa
782 5455 981 5511 refert:
1008 5455 1108 5511 Cui
1136 5454 1306 5509 dixit.

198 5546 516 5605 Notandum
543 5552 632 5603 est
677 5544 833 5615 quod
864 5558 997 5599 cum
1032 5542 1302 5613 superius
1330 5541 1550 5598 dictum
1579 5541 1653 5598 sit
1681 5540 1821 5612 quia

138 5638 488 5695 comederunt
520 5644 577 5692 et
607 5634 920 5690 dixerunt:
956 5632 1064 5689 Ubi
1093 5639 1176 5688 est
1206 5631 1395 5687 Sara?
1424 5645 1581 5687 nunc
1613 5629 1828 5686 dicitur

141 5723 265 5792 quia
293 5724 666 5799 singulariter
697 5720 873 5776 dixit:
908 5719 1008 5777 ubi
1042 5718 1396 5791 intelligatur
1433 5731 1537 5774 nos
1572 5732 1686 5774 non
1718 5717 1827 5773 ab-

1929 4567 2321 4623 conversionis
2359 4566 2542 4632 initia,
2578 4575 2881 4639 postquam
2934 4569 3106 4639 juxta
3158 4574 3405 4642 propria
3444 4577 3629 4631 consi-

1930 4654 2241 4711 derationis
2270 4655 2655 4711 humilitatem
2703 4657 3011 4714 senectutis
3063 4659 3265 4729 typica
3298 4662 3446 4720 intra
3501 4680 3632 4721 con-

1930 4743 2227 4799 scientiam
2261 4744 2600 4814 provehitur
2648 4745 2875 4810 inertia,
2909 4762 3023 4802 non
3067 4747 3236 4805 habet
3284 4764 3358 4808 ex
3402 4768 3479 4821 se,
3529 4769 3634 4811 nec

1931 4832 2085 4887 circa
2133 4846 2192 4887 se
2260 4832 2499 4897 invenit,
2560 4833 2715 4888 unde
2773 4834 2881 4890 sibi
2933 4836 3230 4892 nascitura
3288 4853 3633 4909 prasumere

1931 4919 2107 4991 possit
2150 4920 2296 4991 ejus,
2351 4935 2483 4991 qua
2513 4934 2614 4990 per
2660 4921 2924 4978 intimam
2985 4937 3018 4978 a
3073 4925 3186 4980 Deo
3232 4930 3633 4997 aspirationem

1932 5008 2311 5079 promittitur,
2353 5008 2611 5076 sincera,
2647 5018 2703 5065 et
2733 5009 3036 5080 intrepida
3072 5012 3192 5082 spei
3242 5017 3456 5084 gaudia
3486 5033 3499 5072 :
3533 5019 3636 5088 qui

1932 5095 2083 5153 enim
2115 5097 2259 5153 nihil
2291 5105 2563 5164 meretur,
2607 5097 2650 5152 si
2685 5103 2924 5169 pramia
2967 5114 3199 5169 sperare
3236 5102 3494 5172 jubetur,
3526 5106 3635 5162 nisi

1935 5185 2199 5254 respiciat
2228 5186 2299 5242 ad
2333 5187 2601 5256 gratiam,
2647 5202 2760 5243 non
2796 5195 2912 5244 tam
2945 5188 3015 5244 de
3068 5191 3348 5260 promisso
3404 5196 3633 5265 gaudet,

1934 5288 2112 5345 quam
2144 5275 2285 5345 quia
2312 5288 2426 5330 non
2456 5276 2667 5333 meruit
2702 5276 2928 5332 irrideri
2957 5286 3208 5334 veretur.

2005 5362 2112 5418 Sed
2169 5363 2451 5419 Dominus
2504 5364 2574 5419 ad
2625 5365 2913 5421 Abraham
2974 5366 3237 5437 loquitur
3292 5370 3519 5427 dicens:
3574 5401 3643 5416 ι·-

1935 5452 2130 5523 (VERS.
2183 5454 2275 5519 13,
2340 5452 2447 5517 14.)
2484 5455 2665 5519 Quare
2713 5458 2841 5509 risit
2908 5457 3047 5511 Sara
3098 5472 3241 5510 uxor
3288 5463 3401 5529 tua,
3435 5461 3640 5529 dicens,

1934 5543 2075 5598 Num
2117 5556 2239 5594 vere
2260 5544 2519 5610 paritura
2567 5557 2687 5597 sum
2718 5560 2854 5598 anus
2879 5548 2905 5598 ?
2931 5546 3192 5613 Nunquid
3222 5548 3327 5601 Deo
3357 5554 3435 5603 est
3474 5552 3643 5618 quiil-

1936 5645 2100 5698 quum
2132 5630 2416 5699 difﬁcile?
2462 5632 2635 5685 ,Πιερία
2672 5633 2978 5688 condictum
3024 5640 3269 5688 revertar
3326 5637 3402 5689 ad
3444 5643 3493 5691 te
3550 5641 3645 5692 hoc

1935 5719 2116 5773 eodem
2170 5725 2402 5788 tempore
2450 5722 2563 5772 vita
2594 5722 2803 5787 comite,
2864 5727 2914 5775 et
2974 5723 3192 5777 habebit
3243 5724 3385 5779 Sara
3439 5725 3642 5795 ﬁlium.
