3956 6448
335 468 428 521 H3

1203 467 1271 523 V.
1316 465 1649 522 GUIBERTI
1684 466 1978 523 ABBATIS
2014 467 2071 523 S.
2112 464 2353 522 MABUE
2393 467 2484 524 DE
2526 465 2930 524 NOVIGENTO

3723 467 3816 521 144

330 609 404 662 Ac
447 605 494 662 si
523 605 670 662 Deus
715 612 910 676 aperte
937 604 1192 661 diceret:
1225 605 1279 660 Si
1327 605 1395 661 de
1433 613 1533 660 tua
1588 603 1817 660 inﬁrma
1851 605 2018 662 homo
2057 606 2096 660 Δ
2127 603 2446 673 introgerit,
2502 605 2614 660 Deo
2663 611 2982 673 przcstante.
3019 603 3091 659 ad
3149 603 3393 674 pristina
3425 603 3568 660 bene
3608 601 3818 674 agendi

330 695 615 750 voluntate
646 693 894 760 dubitas,
929 693 1022 748 cui
1055 708 1188 748 cum
1224 707 1326 748 nec
1362 693 1506 749 velle
1552 693 1622 748 ad
1659 693 1799 748 bene
1829 706 2012 762 agen-

327 783 462 839 dum
493 781 765 852 adjaceat,
801 781 1070 850 perlicere
1104 795 1216 835 non
1267 781 1412 848 dico,
1472 781 1567 836 sed
1620 796 1724 836 nec
1766 780 2014 849 incipere

327 869 601 933 invenias,
637 869 734 923 Dei
754 868 1228 937 omnipotentiam
1258 882 1366 923 cur
1393 867 1746 936 desperando
1775 868 2015 922 subsan-

327 972 450 1024 nas,
481 969 609 1014 cum
656 970 773 1026 prae
824 955 1004 1011 oculis
1035 963 1114 1010 tot
1165 955 1294 1025 ejus
1339 957 1394 1010 in
1441 955 1597 1011 omni
1654 963 2012 1024 peccatorum

326 1059 532 1117 genere
559 1044 976 1100 misericordias
1009 1043 1268 1098 habeas?
1314 1045 1440 1099 Vita
1475 1059 1650 1114 quam
1688 1043 1790 1100 tibi
1837 1042 2012 1112 inspi-

322 1135 504 1191 rando
551 1132 887 1195 contradidi,
955 1134 1028 1188 sit
1084 1134 1643 1202 perseverantissima
1709 1133 1763 1186 in
1828 1132 2017 1187 omnis

321 1223 450 1278 boni
497 1221 685 1292 operis
725 1220 1077 1276 exhibitione
1121 1236 1328 1286 comes,
1383 1228 1438 1276 et
1467 1221 1544 1275 sic
1573 1221 1628 1275 in
1685 1220 1791 1275 hoc
1819 1220 2015 1274 eodem

319 1319 590 1380 tempore,
627 1310 736 1364 hoc
785 1309 998 1365 scilicet
1037 1310 1158 1379 ipso
1191 1309 1476 1365 interioris
1506 1311 1586 1365 tui
1623 1309 1868 1364 hominis
1899 1309 2014 1364 fer-

319 1411 454 1454 vore
499 1398 793 1468 perdures,
858 1404 920 1452 ut
968 1411 1193 1467 semper
1255 1399 1461 1453 horum
1520 1397 1775 1452 subsidio
1828 1404 2018 1451 motus

319 1486 570 1542 carnalis
597 1485 908 1542 voluntatis
948 1487 1180 1541 studeas
1213 1485 1419 1541 rationi
1465 1485 1780 1555 subjugare
1827 1485 2016 1540 rebel-

323 1575 424 1640 les,
454 1582 512 1630 et
549 1581 686 1630 tunc
737 1575 808 1629 ad
861 1573 1314 1630 remunerandos
1344 1589 1432 1628 me
1490 1575 1560 1628 ad
1616 1583 1665 1628 te
1698 1580 2015 1629 revertente

325 1663 668 1733 triumphos,
693 1663 1022 1718 clarissima:
1054 1662 1156 1717 tibi
1182 1663 1299 1730 spei
1331 1662 1554 1716 oriatur
1585 1662 1770 1731 proles
1803 1677 1816 1716 :
1855 1662 2018 1731 prius

323 1765 525 1808 exerce
579 1752 940 1817 medicinam,
999 1764 1117 1820 qua
1167 1750 1422 1806 febiibus
1476 1765 1691 1813 careas,
1746 1761 1868 1820 post
1915 1751 2016 1806 tibi

329 1840 600 1896 virtutum
631 1855 937 1909 suggeram
961 1840 1152 1908 dapes,
1178 1840 1391 1909 quibus
1411 1838 1482 1895 ab
1507 1838 1856 1906 infirmitate,
1886 1856 2017 1909 qua:

325 1928 577 1984 febribus
599 1936 890 1984 contracta
921 1936 1004 1983 est
1049 1929 1401 1984 revalescas:
1455 1927 1502 1982 si
1542 1928 1740 1983 feceris
1789 1933 1875 1982 ’τι
1917 1943 2018 1997 pro

323 2015 507 2072 salute
561 2016 640 2072 tui
672 2017 826 2087 quod
873 2017 1125 2083 condixi,
1178 2017 1332 2085 quod
1389 2024 1443 2071 et
1491 2015 1646 2071 factu
1705 2016 1866 2071 facile
1913 2024 2015 2082 est,

322 2105 676 2161 incrementa
705 2106 775 2161 de
818 2105 1035 2176 quibus
1065 2106 1368 2175 desperare
1395 2104 1606 2159 videris
1649 2105 1750 2160 tibi
1791 2105 2020 2160 submi-

321 2193 568 2250 nistrare
597 2193 825 2249 diliicile
851 2194 992 2249 mihi
1041 2209 1156 2248 non
1199 2201 1303 2249 est.
1337 2193 1498 2248 Victa
1530 2193 1893 2248 convenienti
1933 2207 2021 2248 ra-

323 2282 475 2338 tione
521 2281 808 2346 voluntas,
858 2297 916 2337 se
949 2282 1115 2352 quasi
1151 2297 1266 2337 non
1304 2281 1632 2350 desperasse
1670 2281 2016 2346 dissimulat,

321 2377 377 2426 et
413 2369 535 2440 jam
563 2369 637 2424 ad
689 2369 923 2424 meliora
952 2369 1268 2440 gerendum
1324 2369 1799 2438 pollicitationum
1835 2370 2020 2439 maje-

323 2467 466 2514 state
495 2472 787 2524 succensa,
859 2457 1146 2513 erubescit
1198 2458 1504 2527 cogitando
1565 2457 1840 2526 replicare
1888 2472 2020 2528 quae

323 2553 596 2614 senserat,
650 2560 826 2616 quam
875 2553 1066 2602 tamen
1119 2561 1292 2602 verus
1332 2545 1482 2602 testis
1515 2552 1578 2601 ut
1624 2546 1697 2601 ad
1746 2546 2023 2614 poeniten-

324 2634 464 2690 tiam
495 2635 671 2705 ipsius
698 2635 903 2705 ineptae
933 2633 1343 2705 desperationis
1385 2642 1666 2704 provocet,
1702 2635 2021 2690 intellectus

325 2721 738 2792 improperator
765 2730 1033 2778 accusat:
1083 2723 1234 2778 unde
1264 2722 1514 2778 dicenti:
1545 2751 1618 2763 —
1667 2722 1860 2790 (Vens.
1906 2723 2020 2792 15.)

325 2811 444 2866 Non
472 2813 592 2878 n‘si,
616 2814 812 2878 risisti,
842 2811 1051 2881 inquit.

397 2899 568 2976 vatis.
608 2903 684 2955 l6.
742 2931 810 2939 —
857 2901 1092 2968 Cumque
1141 2903 1508 2956 surrexissent
1557 2901 1687 2955 inde
1742 2903 1870 2961 viri,
1929 2899 2018 2954 di-

325 2991 584 3044 remerunt
631 2990 807 3043 oculos
837 3004 960 3043 suos
1010 2995 1198 3043 contra
1227 2989 1532 3056 Sodomam,
1560 2995 1614 3042 et
1635 2989 1917 3043 Abraham
1945 2991 2020 3041 si-

327 3079 440 3132 mul
469 3077 826 3144 gradiebatur
856 3077 1118 3132 deducens
1140 3093 1246 3132 eos.
1279 3078 1421 3134 Cum
1445 3093 1560 3134 non
1591 3077 1699 3132 nisi
1729 3077 1802 3132 ab
1833 3077 2022 3132 humi-

329 3166 486 3223 libus
513 3171 567 3223 et
617 3165 815 3222 divino
865 3167 1066 3222 timore
1095 3167 1403 3222 contractis
1447 3167 1728 3231 sensibus,
1769 3173 1823 3220 et
1873 3180 2016 3235 quo-

327 3253 626 3311 dammodo
656 3255 1004 3322 sedentibus,
1057 3255 1294 3324 superni
1315 3254 1568 3310 convivii
1599 3254 1841 3310 dulcedo
1890 3267 2025 3324 gus-

330 3350 504 3410 tetur,
533 3350 679 3398 recte
710 3343 1028 3398 surrexisse
1052 3343 1347 3409 dicuntur,
1379 3358 1513 3399 cum
1543 3343 1614 3397 ad
1640 3349 1883 3398 externa
1915 3350 2026 3397 stu-

331 3431 426 3489 dia
454 3431 688 3487 sollicito
714 3431 892 3486 animi
925 3432 1111 3501 rigore
1143 3433 1475 3486 tenduntur.
1509 3433 1710 3486 Contra
1737 3432 2022 3486 Sodomam

331 3528 524 3576 autem
572 3520 750 3576 oculos
795 3520 1076 3591 dirigunt,
1131 3534 1264 3576 cum
1321 3520 1392 3575 ad
1466 3519 1898 3574 similitudinem
1957 3533 2025 3575 ac

329 3608 784 3665 conformitatem
839 3608 1161 3664 carnalium
1223 3617 1504 3672 motuum,
1559 3609 1647 3663 vel
1699 3609 2020 3674 hominum,

330 3696 670 3754 intentiones
721 3696 948 3768 figunt:
984 3696 1227 3752 Sodoma
1276 3710 1528 3767 namque
1573 3697 1875 3752 similitudo
1932 3713 2024 3751 eo-

333 3801 478 3853 rum,
510 3791 609 3841 aut
636 3787 846 3839 caecitas
885 3791 986 3840 aut
1012 3800 1176 3854 pecus
1223 3787 1386 3840 silens
1412 3785 1865 3856 interpretatur;
1899 3793 2025 3856 post

337 3873 792 3929 conformitatem
813 3887 950 3929 sane
967 3873 1110 3941 vitii,
1134 3878 1236 3930 aut
1256 3874 1644 3943 szecularium,
1671 3875 2022 3931 incurrimus

333 3962 646 4018 caecitatem
699 3963 982 4028 cordium,
1035 3970 1090 4019 et
1144 3962 1417 4018 distracta
1468 3964 1838 4019 sensualitate
1891 3977 2024 4019 cum

334 4048 844 4121 imaginationibus
876 4051 934 4106 in
963 4050 1192 4117 luxum,
1228 4052 1460 4107 venitur
1487 4051 1555 4106 ad
1583 4052 1817 4121 pecuale
1847 4052 2026 4108 silen-

335 4137 504 4202 tium,
535 4139 672 4195 dum
705 4138 868 4194 nulla
897 4139 1135 4195 rationis
1163 4141 1489 4210 congressio
1519 4140 1581 4195 tit
1606 4148 1808 4196 contra
1835 4140 2027 4196 carnis

333 4227 633 4292 assultum,
680 4227 774 4282 sed
825 4228 1144 4296 perniciosa
1172 4242 1308 4297 pace
1338 4235 1566 4284 tenetur
1593 4229 1663 4284 ad
1703 4229 2026 4300 cuiuspiam

333 4315 548 4384 peccati
579 4314 934 4384 dominium;
985 4315 1150 4371 sileat
1201 4316 1376 4381 enim,
1435 4331 1547 4372 usu
1579 4331 1754 4372 sacrm
1801 4317 2025 4388 paginae

335 4403 542 4459 teritur
569 4415 670 4472 pro
705 4402 1016 4472 quiesvere,
1056 4411 1111 4460 et
1156 4418 1268 4458 non
1301 4405 1578 4471 resistere,
1613 4413 1677 4460 ut
1700 4413 1820 4460 est:
1855 4407 2028 4461 Sileat

2120 708 2179 749 se
2219 693 2540 749 rediturum
2584 693 2879 748 exercitia.
2919 693 3154 762 Propter
3192 693 3485 748 Abraham
3521 690 3679 748 enim
3713 691 3822 746 ad-

2121 781 2280 836 ducit
2309 781 2590 836 Dominus
2621 796 2752 852 quze
2783 782 3009 836 locutus
3045 788 3129 836 est
3159 782 3372 847 omnia,
3413 781 3552 836 dum
3587 787 3822 850 propter

2125 869 2448 926 interiorem
2477 869 2653 924 animi
2685 870 2755 924 de
2785 884 2890 924 sua
2919 883 3094 939 quam
3127 870 3388 934 attendit,
3421 883 3526 924 nec
3555 869 3821 924 evincere

2121 957 2334 1013 sulticit
2363 958 2642 1027 pravitate
2679 959 2962 1028 rugitum.
2996 957 3164 1028 quasi
3215 957 3410 1012 Israeli
3441 957 3499 1012 in
3549 957 3822 1027 Egyptia

2123 1046 2398 1101 servitute
2435 1046 2726 1110 clamanti,
2774 1047 3025 1101 victoriae
3055 1046 3369 1115 aliquando
3416 1045 3823 1101 subministrat

2123 1134 2433 1190 auxilium.
2465 1134 2710 1190 Suscitat
2739 1134 2892 1190 enim
2928 1135 3118 1190 viduae
3151 1135 3431 1190 Dominus
3469 1133 3677 1202 tilium,
3707 1146 3826 1188 ma-

2125 1223 2226 1278 tris
2254 1225 2557 1278 miseratus
2586 1222 2850 1278 allectum
2877 1225 2976 1288 (ιιι
3006 1225 3135 1290 Reg.
3169 1238 3304 1289 xvu,
3334 1222 3448 1292 22).

2195 1311 2361 1366 Vsus.
2395 1314 2485 1379 20,
2528 1315 2618 1366 21.
2661 1341 2732 1352 -
2781 1311 2944 1365 Dia-it
2999 1313 3184 1380 itaque
3239 1312 3544 1365 Dominus:
3595 1310 3832 1365 Clamor

2122 1400 2472 1455 Sodomorum
2538 1409 2588 1454 et
2639 1401 3106 1454 Gomorrhzorum
3162 1401 3558 1469 multiplicatus
3613 1405 3713 1466 est,
3777 1405 3832 1452 et

2119 1495 2397 1557 peccatum
2427 1504 2609 1542 eorum
2652 1493 3014 1554 aggravatum
3035 1494 3113 1542 est
3139 1490 3322 1542 nimis.
3375 1487 3732 1554 Descendam,
3773 1494 3827 1541 et

2123 1577 2313 1631 videbo
2360 1583 2545 1630 utrum
2609 1578 2894 1631 clamorem
2941 1579 3039 1646 qui
3075 1579 3221 1631 venit
3247 1577 3321 1630 ad
3376 1592 3459 1631 me
3495 1593 3652 1646 opere
3681 1591 3824 1630 com-

2119 1667 2406 1734 pleverint,
2439 1682 2510 1718 an
2539 1681 2645 1718 non
2674 1671 2752 1718 est
2789 1668 2888 1726 ita,
2939 1671 3001 1718 ut
3026 1667 3213 1719 sciam.
3268 1665 3590 1720 Gomorrha
3631 1666 3832 1734 populi

2123 1753 2342 1819 seditio,
2370 1753 2456 1808 vel
2491 1757 2654 1806 timor
2706 1753 2954 1818 dicitur;
2991 1754 3044 1808 in
3096 1762 3282 1808 mente
3327 1767 3580 1822 namque
3625 1767 3832 1808 eversa

2131 1842 2346 1912 populi,
2382 1842 2702 1896 carnalium
2737 1842 2939 1910 utique
2971 1843 3329 1897 tumultuum
3379 1841 3600 1902 seditio,
3659 1849 3716 1896 et
3755 1854 3830 1894 ex

2058 1908 2100 1964 Β
2131 1908 2323 1999 pravas
2369 1931 2726 1985 conscientiae
2766 1908 2994 1999 obiectu
3025 1931 3194 1985 timor
3219 1945 3334 1985 non
3362 1929 3486 1994 Dei,
3515 1929 3612 1984 sed
3641 1927 3832 1983 homi-

2129 2032 2272 2073 num
2327 2019 2577 2088 suspicio
2629 2027 2913 2075 versatur.
2978 2019 3067 2074 Ex
3123 2018 3366 2074 Sodoma
3420 2032 3556 2088 ergo
3610 2024 3666 2072 et
3728 2015 3834 2072 Go-

2129 2107 2382 2164 morrha.
2415 2107 2604 2162 cordis
2632 2107 2843 2162 scilicet
2873 2106 3144 2170 eiecitate,
3178 2119 3245 2162 ac
3297 2106 3648 2175 ﬂagitiorum
3679 2104 3832 2160 sedi-

2129 2196 2278 2249 tione
2303 2195 2519 2250 clamor
2547 2195 2827 2259 oboritur,
2861 2209 2993 2250 cum
3033 2195 3250 2264 pudore
3277 2194 3516 2264 depulso
3538 2193 3833 2264 quidquid

2127 2298 2377 2353 nequam
2406 2292 2459 2338 et
2501 2284 2855 2354 impudicum
2898 2293 2980 2338 est
3028 2283 3180 2338 intra
3229 2284 3509 2349 animum,
3563 2290 3626 2338 ut
3654 2283 3831 2337 etiam

2125 2371 2380 2426 exterius
2397 2380 2737 2441 exercetur;
2772 2373 2816 2426 is
2847 2371 3240 2441 multipliciter
3268 2379 3645 2441 aggravatur,
3690 2371 3832 2425 dum

2126 2460 2508 2515 diuturnitate
2536 2459 2970 2515 consuetudinis
3011 2459 3340 2515 induratur.
3375 2459 3528 2514 Deus
3560 2472 3701 2514 vero
3758 2456 3832 2512 ad

2129 2549 2420 2604 Abraham
2456 2549 2578 2604 hzec
2608 2548 2883 2618 loquitur,
2943 2562 3075 2604 cum
3125 2547 3197 2603 ab
3251 2547 3372 2616 ipso
3429 2545 3610 2602 nostri
3665 2545 3835 2601 nobis

2129 2637 2346 2706 peccati
2417 2637 2748 2692 immanitas
2813 2636 3131 2692 intimatur.
3194 2636 3333 2690 Inde
3399 2643 3454 2690 et
3511 2634 3829 2700 descendit,

2129 2725 2182 2780 id
2206 2733 2290 2780 est
2309 2739 2382 2780 ex
2403 2725 2686 2794 superbiae
2709 2733 2912 2780 nostrze
2937 2723 3088 2780 fastu
3113 2723 3456 2779 descendere
3474 2737 3576 2778 nos
3599 2722 3756 2790 facit,
3777 2729 3834 2777 et

2128 2813 2302 2878 videt,
2333 2821 2529 2869 nostra
2549 2828 2653 2869 nos
2673 2814 2883 2868 scilicet
2906 2812 3185 2868 desideria
3210 2826 3284 2866 an
3305 2825 3472 2881 opere
3493 2811 3563 2865 ad
3595 2812 3832 2879 plenum

2125 2902 2566 2971 expleverimus,
2600 2901 2795 2956 videre
2825 2915 2928 2956 nos
2955 2901 3089 2957 facit
3117 2917 3132 2967 ;
3177 2900 3302 2970 ipsa
3329 2913 3582 2969 namque
3613 2899 3836 2954 clamor

2128 3002 2263 3046 sunt
2293 2991 2349 3045 in
2371 2991 2612 3046 auribus
2635 2991 2754 3057 Dei,
2779 2995 2840 3044 ut
2864 2993 3056 3056 sciam,
3091 2989 3300 3059 inquit,
3327 2996 3390 3044 ut
3412 2989 3555 3043 scire
3580 2987 3834 3057 profecto

2128 3078 2352 3146 faciam,
2389 3079 2448 3133 in
2493 3093 2672 3149 quam
2717 3078 3143 3134 destitutionem
3176 3077 3384 3132 misera
3429 3090 3592 3132 mens
3622 3074 3832 3141 ruerit,

2061 3206 2102 3260 Β
2133 3167 2270 3260 quid
2304 3167 2626 3260 appetierit.
2651 3169 2796 3260 quid
2827 3167 3145 3236 appetitum
3179 3179 3415 3260 quoque
3447 3164 3755 3260 peregerit.

2203 3255 2373 3310 Vens.
2406 3257 2490 3308 22.
2521 3285 2589 3294 —-
2637 3257 3126 3322 Convertcruntque
3184 3268 3240 3308 se
3291 3253 3440 3319 inde,
3488 3259 3538 3306 et
3576 3253 3839 3306 abierunt

2131 3343 2450 3409 Sodomam;
2506 3343 2792 3398 Abraham
2849 3358 2970 3397 vero
3015 3344 3196 3396 adhuc
3242 3341 3427 3397 stabat
3485 3356 3666 3394 coram
3742 3343 3840 3394 Do-

2131 3434 2294 3485 mino.
2353 3432 2502 3486 Dum
2554 3432 2806 3486 exterior
2853 3432 3021 3486 homo
3077 3438 3272 3486 noster
3315 3429 3430 3500 jam
3484 3428 3836 3498 cogitatione

2131 3533 2401 3589 perversa
2430 3520 2638 3576 saeculo
2688 3519 3034 3575 conformari
3089 3518 3396 3585 desiderat,
3455 3516 3607 3583 inde,
3661 3515 3718 3569 id
3750 3523 3837 3570 est

2131 3622 2204 3662 ex
2235 3608 2324 3663 sui
2357 3608 2536 3676 ipsius
2565 3622 2790 3664 necesse
2809 3615 2891 3663 est
2921 3607 3126 3664 humili
3161 3605 3323 3676 prius
3351 3603 3834 3668 consideratione,

2131 3709 2309 3765 quam
2341 3697 2452 3752 Deo
2501 3696 2574 3751 ad
2609 3696 2901 3752 Abraham
2931 3703 3189 3751 nostrum
3231 3693 3498 3764 loquente
3550 3693 3832 3760 concepit,

2133 3784 2206 3839 ab
2237 3784 2475 3854 ipsoque
2505 3785 2618 3840 Deo
2648 3799 2707 3840 se
2747 3790 3068 3848 convertat,
3111 3790 3176 3838 ut
3206 3781 3428 3837 bestiali
3475 3783 3629 3842 vitae,
3665 3780 3722 3834 id
3749 3787 3837 3835 est

2133 3871 2389 3927 Sodomae
2441 3873 2788 3928 intendendo
2829 3871 3107 3928 caecutiat.
3154 3870 3258 3926 Sed
3305 3869 3497 3925 adhuc
3545 3869 3839 3923 Abraham

2131 3977 2310 4016 coram
2342 3963 2561 4016 Domino
2584 3963 2714 4027 stat,
2746 3961 2888 4030 quia
2917 3959 3235 4015 intellectus
3264 3957 3544 4013 divinitus
3583 3956 3839 4012 sentiens

2134 4049 2288 4105 intra
2345 4049 2595 4118 seipsum
2647 4049 2704 4104 in
2734 4063 2865 4120 quae
2911 4049 3064 4104 mala
3102 4055 3367 4118 properet
3425 4045 3839 4117 gemebundus

2131 4146 2370 4208 pensat;
2407 4140 2508 4194 iste
2548 4138 2788 4194 Domino
2832 4137 3282 4208 appropinquat,
3339 4150 3473 4190 cum
3503 4133 3835 4190 secundum

2136 4226 2482 4298 Scripturas,
2530 4234 2716 4282 status
2771 4240 3035 4297 quosque
3081 4225 3289 4280 mentis
3344 4222 3711 4286 examinans,
3766 4223 3840 4277 de

2133 4315 2376 4386 singulis
2403 4316 2685 4372 discutere
2705 4316 2858 4386 apud
2887 4328 2946 4371 se
2977 4313 3200 4381 nititur,
3234 4311 3376 4382 quid
3417 4312 3570 4366 Deus
3599 4309 3836 4365 sentiat.

2132 4402 2428 4473 —(vens.
2461 4403 2576 4472 23).
2632 4402 2893 4472 Nunquid
2935 4402 3148 4472 perdes,
3203 4399 3415 4470 inquit,
3441 4399 3655 4468 justum
3713 4412 3841 4450 cum

333 4491 507 4545 omnis
536 4496 680 4544 terra
708 4508 742 4544 a
761 4493 907 4557 facie
933 4494 1148 4546 Domini
1189 4493 1425 4562 (Habac.
1460 4509 1514 4555 ιι,
1571 4495 1686 4562 20).
1732 4494 2023 4550 Abraham
2066 4506 2109 4560 ι)
2141 4492 2352 4562 impio?
2378 4493 2459 4547 Ac
2489 4492 2536 4547 si
2575 4491 2785 4548 diceret
2811 4507 2824 4546 :
2856 4489 3136 4561 Nunquid
3161 4488 3264 4545 etsi
3293 4503 3368 4545 ex
3415 4487 3608 4544 carnis
3645 4486 3839 4542 imbe-

333 4587 526 4635 autem
556 4580 658 4634 hos
695 4579 984 4634 deducens
1012 4579 1186 4636 simul
1212 4581 1497 4651 graditur,
1526 4581 1666 4638 dum
1699 4583 1845 4637 ratio
1871 4583 2023 4649 visu,

331 4673 386 4720 et
440 4667 692 4737 cogitatu
748 4667 1107 4736 phantastico
1155 4668 1422 4738 perpulsa
1453 4669 1521 4724 ad
1579 4670 1852 4740 proclivia
1883 4670 2028 4726 faci-

331 4768 540 4811 norum
571 4753 824 4821 ducitur,
849 4754 954 4811 scit
985 4769 1239 4812 errorem
1273 4769 1468 4823 suum,
1503 4772 1607 4813 nec
1646 4772 1764 4828 prae
1789 4757 2028 4812 infirmi-

331 4849 446 4898 tate
483 4841 770 4908 renititur,
803 4842 910 4898 hoc
943 4843 1065 4898 ﬁeri
1113 4844 1272 4912 solet,
1333 4843 1477 4901 scire
1506 4845 1720 4901 scilicet
1767 4859 1922 4912 suos,
1959 4859 2025 4902 ac

330 4930 703 5002 ingemiscere
732 4929 945 5000 lapsus,
980 4939 1293 5003 antequam
1332 4933 1556 4988 cmcitas
1588 4933 1920 4990 omnimoda
1951 4933 2030 4990 in-

330 5025 603 5074 nascatur
630 5018 940 5075 mentibus.

405 5105 579 5162 VERS.
634 5110 717 5160 Π.
748 5137 814 5146 --
845 5110 1108 5176 Dixitque
1139 5109 1446 5164 Dominus:
1472 5111 1614 5164 Num
1642 5110 1814 5164 celare
1838 5115 2026 5180 potero

331 5195 616 5250 Abraham
655 5211 776 5265 qua:
820 5203 1069 5262 gesturus
1117 5199 1286 5253 sum?
1323 5198 1482 5254 Unde
1502 5206 1557 5254 et
1604 5199 1884 5256 Dominus
1911 5214 2028 5256 non

330 5296 390 5338 se
441 5297 600 5352 posse
629 5283 814 5339 celare
845 5285 1138 5340 Abraham
1169 5285 1324 5356 quod
1377 5295 1644 5356 gesturus
1671 5295 1753 5342 est
1803 5286 2030 5356 proﬁte-

333 5378 449 5438 tur,
507 5385 641 5427 cum
697 5371 755 5428 in
805 5381 1030 5442 gentem
1085 5389 1380 5445 magnam,
1446 5389 1514 5430 ac
1573 5375 2026 5432 robustissimam

331 5459 567 5516 futurus
610 5460 682 5516 sit
736 5461 892 5532 (Gen.
933 5477 1032 5530 xu,
1075 5465 1148 5532 ‘2),
1208 5464 1350 5534 quia
1399 5463 1505 5534 ipsi
1553 5473 1746 5520 nostro
1794 5463 2026 5534 spiritui

329 5563 432 5619 per
462 5549 604 5605 vitia
633 5551 913 5607 violenter
939 5559 1085 5620 acto,
1135 5552 1402 5622 quaedam
1448 5553 1788 5623 plerumque
1824 5551 2028 5608 infun-

330 5639 489 5696 ditur
540 5654 660 5696 suze
686 5640 898 5697 futurae
941 5641 1127 5698 ruinae
1160 5655 1228 5697 ac
1252 5642 1689 5698 resurrectionis
1719 5641 2025 5712 providen-

330 5727 428 5796 tia,
463 5735 518 5784 et
560 5728 699 5784 dum
722 5743 780 5784 se
805 5729 960 5786 videt
989 5729 1184 5802 spargi
1208 5743 1308 5800 per
1335 5729 1600 5796 crimina,
1644 5745 1802 5800 spem
1833 5739 2022 5787 tamen

2132 4580 2362 4635 cillitate
2396 4579 2454 4634 in
2502 4579 2706 4634 vitium
2763 4577 2942 4645 labor,
2984 4591 3090 4648 ego
3125 4576 3362 4646 spiritus
3409 4575 3513 4646 qui
3559 4573 3837 4630 condele-

2129 4675 2252 4724 ctor
2296 4667 2587 4737 legi.Dei,
2638 4674 2694 4723 et
2749 4665 3071 4722 secundum
3141 4665 3472 4720 interiorem
3539 4662 3836 4718 hominem

2129 4757 2326 4812 vivere
2355 4757 2576 4826 gratius
2615 4755 2818 4818 habeo,
2866 4768 2942 4810 ne
2985 4754 3232 4819 videam,
3291 4760 3392 4808 aut
3421 4751 3627 4807 videns
3679 4764 3842 4806 exse-

2131 4845 2234 4916 qui
2263 4845 2492 4914 cupiam
2523 4845 2677 4914 quod
2707 4845 2933 4914 justum
2975 4849 3076 4910 est,
3111 4841 3284 4897 etiam
3313 4839 3565 4897 caecitate
3595 4838 3839 4894 damna-

2133 4933 2237 4989 bor
2254 4935 2284 4988 ?
2301 4963 2370 4974 —
2385 4933 2580 5004 (Vnus.
2604 4931 2720 5003 24.)
2740 4933 2806 4986 Si
2822 4933 3032 4996 fuerint
3045 4931 3448 5000 quinquaginta
3462 4929 3606 4997 justi
3622 4929 3682 4981 in
3701 4929 3840 4982 civi-

2133 5027 2243 5077 tate
2255 5024 2511 5092 peribunt
2539 5022 2702 5076 simul
2721 5022 2751 5068 ‘I
2776 5020 2882 5075 Per
2910 5017 3486 5090 quinquagenarium
3517 5029 3837 5072 numerum

2131 5111 2468 5180 poenitentia
2508 5109 2808 5178 accipitur,
2849 5109 3005 5179 quod
3035 5121 3110 5163 ex
3149 5105 3367 5176 psalmo
3407 5105 3838 5176 quinquagesi-

2133 5213 2227 5255 mo
2260 5207 2454 5268 aperte
2484 5199 2797 5268 probatur;
2841 5197 3248 5266 quinquaginta
3275 5209 3412 5266 ergo
3433 5197 3580 5264 justi
3605 5200 3745 5248 sunt
3775 5197 3838 5247 in

2133 5290 2369 5354 civitate,
2400 5301 2533 5344 cum
2587 5287 2748 5358 digni
2801 5285 3148 5356 paenitentiae
3205 5290 3396 5340 motus
3423 5290 3736 5338 versantur
3777 5283 3836 5337 in

2134 5384 2340 5432 mente.
2359 5405 2432 5418 —
2462 5377 2658 5446 (Vens.
2682 5375 2796 5446 26.)
2824 5375 2886 5431 Si
2901 5377 3168 5440 invcnero,
3195 5372 3404 5442 inquit,
3429 5373 3836 5440 quinquaginta

2123 5463 2306 5533 justas
2353 5465 2412 5518 in
2440 5464 2614 5518 medio
2656 5464 2914 5527 civitatis,
2961 5463 3238 5516 dimittam
3267 5461 3416 5515 omni
3462 5460 3572 5513 loco
3613 5465 3837 5528 propter

2134 5568 2238 5607 eos.
2271 5553 2335 5606 In
2359 5552 2534 5606 medio
2571 5554 2810 5606 civitatis
2861 5550 3002 5622 justi
3049 5549 3450 5616 inveniuntur,
3506 5562 3642 5604 cum
3673 5563 3835 5605 com-

2133 5641 2461 5712 punctionis
2491 5649 2680 5696 motus
2722 5641 2779 5695 in
2828 5640 2949 5709 ipso
3004 5638 3193 5694 cordis
3249 5637 3568 5694 meditullio
3614 5651 3733 5693 non
3763 5636 3834 5692 ad

2136 5733 2358 5795 horam,
2391 5737 2491 5785 aut
2519 5744 2593 5784 ex
2622 5729 2814 5795 latere,
2873 5735 2937 5783 ut
2981 5727 3204 5792 assolet,
3255 5727 3351 5782 sed
3400 5736 3836 5796 perseveranter
