3956 6422
138 364 232 416 HS
1318 359 1675 417 MORALIUM
1713 360 1787 416 IN
1824 361 2132 417 GENESIN
2174 362 2306 418 LIB.
2348 363 2411 416 V.

3549 368 3649 423 146

125 500 179 548 et
229 505 361 548 cum
435 491 664 561 integro
718 489 859 546 vitia
915 490 1240 561 corrigendi
1295 496 1427 546 voto
1470 497 1827 561 nascuntur;
1868 490 2028 548 Ario
2057 493 2256 562 pedem
2288 493 2466 550 animi
2508 495 2812 565 ponimus;
2848 512 2964 553 non
3014 496 3194 568 igitur
3241 498 3299 553 in
3356 498 3462 555 hoc
3496 506 3652 555 statu

125 580 280 635 omni
321 587 520 635 autem
568 580 689 634 loco
736 578 1064 645 dimittitur,
1114 593 1244 634 cum
1288 578 1465 634 menti
1494 592 1530 633 a
1577 592 1683 635 sua
1714 579 1837 634 dis-

126 669 389 738 persione
437 668 710 735 collectae,
764 675 819 723 et
872 672 965 721 η
1009 667 1248 722 omnino
1292 667 1410 738 jam
1459 666 1623 724 facta}
1670 667 1835 723 locati

125 757 486 827 indulgetur,
519 771 591 813 ne
623 757 679 812 in
707 758 987 813 deteriora
1013 757 1263 812 labatur.

194 846 367 903 Vsus.
404 848 500 913 27,
550 848 637 900 28.
696 875 764 884 —
816 847 1053 915 Loquar,
1102 846 1202 911 ait,
1248 845 1323 899 ad
1388 848 1673 899 Dominum
1718 861 1837 900 cum

124 939 226 991 sim
249 938 457 1003 pulvis,
491 941 542 989 et
568 938 721 990 cinis.
754 935 910 1001 Quod
938 938 989 989 si
1022 939 1428 1004 quinquaginta
1470 937 1640 1004 justis
1667 940 1837 1007 quin-

125 1042 226 1095 que
247 1028 429 1079 minus
454 1028 668 1091 fuerint
692 1022 948 1079 inventi?
976 1027 1115 1089 Non,
1164 1025 1244 1081 ait
1297 1025 1594 1097 Dominus,
1632 1024 1834 1092 delebo,

124 1118 174 1170 si
214 1118 469 1169 invenero
518 1112 893 1184 quadraginta
955 1115 1214 1181 quinque.
1269 1113 1363 1168 Ad
1412 1114 1701 1167 Dominum
1750 1113 1838 1168 lo-

126 1203 385 1274 quimur,
412 1217 545 1259 cum
577 1202 645 1257 de
677 1210 871 1257 nostra
904 1202 1185 1271 pravitate
1213 1202 1366 1272 apud
1399 1201 1585 1271 ipsum
1617 1202 1838 1257 orando

126 1292 582 1363 conquerimur;
618 1291 912 1361 pulverem
956 1305 1061 1345 nos
1104 1290 1373 1357 fatemur,
1403 1306 1536 1347 cum
1582 1298 1684 1346 aut
1735 1305 1838 1346 nos

127 1388 473 1452 peccatores,
507 1388 609 1436 aut
639 1380 709 1436 ad
759 1394 984 1436 omnem
1035 1379 1363 1436 tentationis
1410 1388 1622 1435 statum
1666 1379 1839 1434 insta-

127 1470 266 1528 biles
305 1484 410 1525 nos
455 1484 578 1525 esse
624 1469 1060 1539 cognoscimus;
1110 1468 1368 1539 peccanti
1416 1469 1567 1525 enim
1618 1468 1835 1525 dictum

126 1567 245 1615 est:
279 1559 473 1613 Pulvis
529 1572 585 1611 es
644 1557 796 1627 (Gen.
854 1572 935 1622 ni,
1003 1557 1109 1627 l9).
1166 1557 1323 1613 Cinis
1363 1572 1498 1613 vero
1550 1557 1699 1627 ignis
1741 1557 1839 1613 ab-

125 1647 338 1717 sumpti
389 1645 670 1702 indicium
713 1654 812 1709 est,
868 1646 1024 1717 quod
1068 1646 1355 1717 significat
1414 1646 1837 1716 praeteritorum

127 1744 493 1804 peccatorum
521 1735 878 1802 memoriam,
927 1750 1059 1806 qua:
1103 1736 1253 1791 sicut
1296 1734 1441 1790 cinis
1490 1736 1701 1806 ignem,
1752 1736 1833 1791 sic

125 1825 272 1881 fovet
303 1833 359 1880 et
385 1823 616 1879 refricat
649 1824 773 1879 vitii
807 1824 1094 1894 cujusque
1132 1824 1402 1879 calorem.
1449 1825 1606 1880 Cinis
1636 1825 1832 1895 itaque

126 1928 345 1979 sumus,
380 1914 610 1983 quoties
631 1912 872 1983 pristina
892 1920 1087 1968 nostra
1116 1913 1269 1967 mala
1292 1912 1636 1983 voluptuosa
1658 1928 1837 1969 recor-

125 2003 355 2059 datione
382 2002 718 2071 nutrimus;
749 2002 842 2058 sed
872 2016 985 2057 non
1017 2001 1299 2069 delemur,
1341 2004 1392 2056 si
1433 2005 1839 2072 quinquaginta

117 2094 288 2162 justis
338 2094 582 2162 quinque
609 2093 789 2146 minus
837 2090 1111 2147 habentes
1160 2091 1507 2156 invenimur,
1562 2091 1702 2162 quia
1733 2092 1839 2148 etsi

127 2188 590 2251 perpetratorum
641 2195 746 2236 nos
793 2180 1049 2250 pmnitet,
1103 2188 1158 2237 et
1212 2180 1569 2237 imbecillitas
1600 2182 1838 2238 interio—

124 2272 201 2327 ris
230 2270 486 2327 hominis
512 2270 584 2325 ad
615 2270 905 2341 integrum
946 2270 1292 2341 restringere
1340 2270 1603 2341 quinque
1647 2271 1839 2327 carnis

126 2374 326 2416 sensus
356 2375 476 2415 non
518 2360 691 2426 valet,
726 2366 916 2415 tamen
961 2359 1160 2415 divina
1192 2359 1496 2415 clementia
1544 2360 1834 2416 tantillum

128 2448 440 2519 paenitendi
469 2448 789 2519 appetitum
835 2462 951 2503 non
999 2456 1222 2516 renuet,
1258 2462 1361 2504 nec
1408 2450 1704 2504 residuum
1738 2449 1837 2505 bo-

129 2552 213 2593 nae
262 2537 582 2593 introrsum
642 2536 958 2592 voluntatis
1017 2537 1184 2603 delet,
1237 2552 1369 2593 cum
1436 2552 1596 2592 mens
1645 2538 1840 2593 minus

128 2641 300 2697 quam
329 2626 604 2682 convenit
643 2625 1071 2681 sensualitatem
1102 2641 1216 2681 non
1248 2626 1511 2694 audacia,
1545 2627 1638 2682 sed
1670 2626 1839 2682 inﬁr-

128 2717 319 2771 mitate
349 2721 601 2771 coercet.
641 2714 1025 2782 Quadraginta
1071 2724 1263 2769 autem
1316 2718 1555 2783 quinque
1586 2716 1640 2769 in
1675 2715 1839 2771 nobis

130 2804 520 2874 reperiuntur,
554 2818 688 2859 cum
723 2817 823 2873 per
852 2802 1096 2875 gratiam
1146 2804 1473 2874 Evangelii,
1522 2818 1653 2873 quze
1684 2818 1836 2875 qua-

131 2895 375 2949 ternario
423 2893 711 2963 signatur,
770 2900 823 2948 et
866 2893 1047 2948 ductu
1114 2892 1400 2963 Decalogi,
1450 2894 1550 2963 qui
1600 2892 1839 2949 denario

132 2982 428 3053 accipitur,
479 2981 824 3037 sensualitas
865 2982 1122 3049 interior,
1159 2982 1213 3037 id
1243 2990 1327 3037 est
1359 2981 1693 3052 imaginatio
1728 2982 1841 3051 ple-

134 3086 200 3127 ne
229 3072 453 3142 regitur
478 3086 494 3141 ;
525 3070 633 3126 nisi
662 3070 817 3126 enim
847 3084 1050 3126 sensus
1076 3070 1135 3124 hi
1166 3070 1418 3140 corporis
1448 3070 1664 3126 arctius
1696 3070 1841 3125 mul-
1877 3101 1917 3156 ρ

135 3167 185 3216 to
213 3162 423 3216 animae
450 3160 720 3227 inessent,
744 3172 1048 3229 nunquam
1075 3173 1299 3227 eorum,
1329 3174 1461 3230 quze
1482 3159 1835 3227 audivimus,

136 3250 442 3320 tetigimus,
491 3248 810 3314 olfecimus,
861 3256 1033 3304 tantae
1063 3263 1122 3303 se
1151 3248 1202 3303 ei
1236 3249 1567 3304 memoriter
1594 3249 1836 3304 delecta-

135 3338 310 3394 tiones
338 3338 771 3408 immergerent.

200 3427 371 3483 Vnus.
404 3428 497 3481 29.
530 3456 600 3465 -
632 3428 731 3482 Sin
758 3431 937 3480 autem
959 3427 1335 3495 quadraginta
1364 3429 1574 3480 inventi
1605 3429 1837 3493 fuerint,

135 3517 265 3585 quid
291 3518 465 3583 facies
484 3517 514 3570 ?
541 3517 676 3570 Ait:
715 3517 829 3571 Non
856 3518 1161 3584 percutiam
1187 3522 1412 3584 propter
1439 3516 1835 3584 quadraginta.

138 3604 196 3658 In
226 3604 693 3675 quadragenario
735 3618 958 3670 sumus,
991 3619 1121 3659 cum
1172 3612 1273 3659 aut
1319 3618 1526 3673 corpus
1576 3612 1838 3659 nostrum

134 3701 381 3763 quatuor
426 3694 743 3749 subsistens
786 3692 1080 3748 elementis
1129 3692 1365 3748 denario
1416 3694 1574 3763 legis,
1624 3693 1835 3748 addici-

135 3796 277 3850 mus,
317 3789 419 3838 aut
454 3782 593 3852 quia
622 3782 898 3837 denarius
920 3796 993 3837 ex
1024 3790 1235 3851 septem
1262 3790 1313 3837 et
1350 3782 1557 3845 tribus,
1593 3790 1834 3847 constat,

136 3871 492 3940 septenarius
522 3884 659 3925 vero
703 3884 777 3926 ex
826 3879 1079 3942 quatuor
1118 3880 1172 3926 et
1222 3870 1425 3937 tribus,
1478 3886 1688 3941 corpus
1736 3885 1835 3926 no-

135 3965 311 4015 strum
355 3958 733 4030 quaternario
780 3958 1115 4030 figuratum,
1168 3959 1545 4030 animamque
1587 3960 1838 4014 ternario

137 4061 229 4116 per
254 4056 511 4118 quatuor
538 4047 987 4118 Evangeliorum
1036 4048 1377 4114 custodiam,
1431 4057 1533 4104 aut
1582 4056 1837 4118 quatuor

138 4134 534 4204 principalium
601 4134 885 4191 virtutum
941 4135 1367 4191 observantiam
1412 4136 1481 4191 ad
1541 4136 1838 4193 Trinitatis

138 4222 460 4280 inducimus
508 4223 789 4290 notitiam,
836 4238 1016 4295 quam
1071 4224 1151 4280 nil
1200 4225 1358 4281 aliud
1406 4222 1671 4293 dicimus,
1729 4226 1836 4281 nisi

137 4325 377 4382 corpore,
425 4319 485 4368 et
522 4311 718 4367 anima
766 4313 876 4368 Deo
907 4313 1251 4369 observandi
1300 4314 1677 4383 diligentiam.
1719 4314 1837 4370 Νο-

139 4401 289 4455 tandi
319 4409 512 4458 autem
546 4408 681 4457 sunt
729 4416 829 4472 per
875 4416 1148 4459 numeros
1193 4410 1453 4458 statuunt
1504 4403 1739 4474 gradus,
1784 4404 1840 4457 in

141 4489 346 4557 quibus
374 4504 409 4546 a
455 4490 792 4561 paenitentia
829 4491 1195 4547 continentiae
1244 4490 1466 4561 proficit
1497 4492 1703 4558 virtus,
1738 4506 1841 4547 nec

142 4576 229 4647 pia
260 4579 496 4635 intentio
518 4579 770 4649 perversi
793 4587 958 4635 actus
972 4580 1174 4635 merito
1193 4580 1461 4651 exigente
1489 4581 1836 4636 concutitur.

140 4695 201 4707 ·-
227 4668 417 4733 (Vitas.
446 4669 561 4739 30.)
590 4669 754 4735 Ouid,
787 4672 993 4738 inquit,
1021 4669 1074 4723 si
1102 4671 1371 4723 inveneris
1413 4670 1516 4723 tibi
1564 4672 1792 4738 triginta
1812 4675 1840 4724 ?

142 4755 275 4822 Non,
307 4758 406 4823 ait,
434 4760 759 4826 inter/icium
787 4764 1014 4828 propter
1061 4760 1315 4826 triginta.
1365 4758 1739 4829 Trigenarius
1766 4774 1840 4815 ex

141 4847 338 4903 sexties
363 4848 564 4918 quinis
593 4855 832 4904 constat.
861 4848 1134 4904 Senarius
1167 4856 1383 4913 autem,
1416 4849 1555 4918 quia
1584 4862 1685 4903 sex
1714 4848 1840 4904 die-

144 4933 244 4989 bus
266 4950 371 4991 sua
400 4937 555 4992 Deus
583 4950 757 5007 opera
801 4938 1104 5008 peregerit,
1139 4950 1242 5006 pro
1293 4936 1637 5007 perfectione
1684 4936 1841 4991 acci-

143 5023 329 5091 pitur;
380 5024 695 5095 quinarius
734 5040 870 5081 vero
914 5040 1031 5081 non
1082 5025 1268 5082 solum
1312 5026 1384 5081 ad
1431 5025 1745 5081 exteriores
1786 5034 1842 5081 ct

146 5110 468 5171 intrinsecos
493 5128 718 5182 sensus,
751 5116 847 5171 sed
877 5116 1050 5171 etiam
1085 5115 1157 5170 ad
1188 5128 1363 5185 opera
1403 5115 1528 5185 ipsa
1556 5116 1836 5181 refertur;

144 5200 609 5273 quinquepartita
638 5204 790 5258 enim
820 5211 904 5260 est
948 5218 1354 5273 corporearum
1388 5218 1581 5259 rerum
1617 5204 1836 5270 divisio,

148 5288 200 5343 in
227 5303 525 5359 personam
576 5292 809 5362 scilicet,
859 5307 992 5363 quae
1030 5292 1331 5363 quippiam
1366 5293 1502 5362 agit,
1540 5294 1839 5348 materiam

145 5378 287 5434 unde
314 5379 450 5449 agit,
484 5388 710 5436 motum
735 5394 835 5450 per
866 5396 1041 5452 quem
1073 5380 1223 5445 facit,
1270 5382 1625 5437 occasionem
1658 5395 1840 5450 quare

148 5463 575 5529 fecit,eliectum
626 5469 780 5539 quod
839 5469 993 5525 facit.
1044 5469 1203 5526 Cumt
1231 5484 1369 5539 ergo
1409 5470 1481 5525 ad
1524 5470 1836 5538 perfectum

148 5558 583 5619 sensualitatem,
632 5558 1118 5630 imaginationem,
1168 5572 1526 5629 operumque
1554 5558 1837 5625 ordinem,

150 5652 303 5711 prout
328 5647 681 5705 humanitati
722 5648 994 5719 suppetit,
1044 5646 1438 5718 producimus,
1484 5649 1540 5705 in
1580 5646 1839 5718 trigena-

1946 580 2346 650 interfectioni,
2376 584 2471 640 sed
2502 584 2803 641 salvationi
2845 587 3001 641 locus
3041 595 3149 641 est.
3196 615 3245 627 -
3289 588 3481 657 (Vens.
3538 589 3652 659 3t.)

1947 670 2221 741 Sequitur
2247 672 2574 728 vicenarius
2607 689 2887 729 numerus
2931 675 2988 729 in
3020 690 3135 745 quo
3166 675 3357 731 adhuc
3404 691 3517 732 non
3552 691 3650 747 pe-

1945 759 2020 814 rit
2050 760 2287 828 civitas;
2336 763 2666 818 vicenarius
2693 776 2766 818 ex
2816 764 3152 833 septenariis
3199 764 3443 830 duobus,
3479 774 3534 821 et
3572 780 3655 822 se-

1946 850 2109 904 nario
2146 857 2407 905 constat:
2456 865 2556 920 per
2588 866 2774 907 unum
2818 866 2956 923 ergo
2989 852 3372 921 septenarium
3430 861 3654 924 tempo-

1947 938 2113 1005 ralia,
2163 954 2295 1009 quae
2343 947 2560 1009 septem
2606 940 2927 996 volvuntur
2973 940 3196 1007 diebus,
3265 955 3361 1010 per
3405 942 3653 998 alterum

1946 1035 2210 1083 nostrum
2241 1043 2469 1099 corpus,
2519 1037 2574 1085 et
2624 1030 2847 1096 anima;
2894 1044 2996 1100 per
3036 1031 3328 1086 senarium
3381 1032 3653 1101 spiritua-

1946 1117 2016 1174 lis
2035 1125 2314 1173 creaturae
2345 1117 2629 1188 accipitur
2658 1119 2861 1189 gratia,
2896 1118 2990 1174 cui
3010 1120 3177 1188 quasi
3213 1121 3500 1190 magistraa
3520 1122 3654 1177 sub-

1940 1206 2179 1278 jicimur
2214 1207 2595 1278 restringendi
2627 1222 2750 1275 nos,
2804 1215 2858 1263 et
2897 1223 3147 1278 quaeque
3195 1209 3394 1264 mundi
3435 1224 3653 1267 concu—

1946 1296 2263 1367 piscihilia;
2300 1297 2468 1353 homo
2497 1297 2651 1353 enim
2683 1297 2868 1352 factus
2895 1304 2979 1352 est
3020 1298 3112 1352 die
3141 1304 3304 1353 sexta
3337 1312 3349 1351 :
3382 1297 3492 1352 sub
3533 1312 3653 1367 qua

1946 1396 2078 1437 cum
2103 1397 2226 1449 nos,
2268 1389 2323 1437 et
2366 1382 2653 1437 exteriora
2703 1389 2899 1437 nostra
2948 1382 3327 1451 posuerimus,
3363 1382 3434 1437 ad
3477 1396 3650 1453 regu-

1948 1470 2061 1526 lam
2105 1470 2354 1541 primam
2399 1469 2695 1525 charitatis
2745 1469 3009 1525 videlicet
3055 1470 3333 1526 unitatem
3382 1470 3646 1540 perveni-

1945 1575 2096 1626 mus,
2130 1560 2187 1614 in
2220 1573 2339 1628 qua
2379 1559 2563 1628 perire
2593 1573 2704 1613 non
2739 1573 3066 1628 possumus.

2020 1649 2189 1705 Vens.
2243 1652 2331 1703 32.
2386 1678 2446 1688 --
2496 1648 2743 1715 Obsecro,
2816 1651 3019 1718 inquit,
3089 1664 3154 1701 ne
3206 1650 3487 1715 irascaris,
3552 1651 3647 1703 Do-

1945 1740 2110 1803 mine,
2164 1742 2214 1792 si
2260 1740 2455 1807 loquar
2484 1737 2663 1791 adhuc
2695 1739 2869 1792 semel.
2908 1737 3057 1802 Quid
3091 1740 3142 1791 si
3184 1740 3396 1793 inventi
3438 1740 3651 1805 fuerint

1945 1828 2027 1882 ibi
2054 1828 2231 1881 decem
2252 1827 2280 1883 ?
2310 1826 2709 1882 Animadverti
2740 1826 2924 1892 debet,
2958 1827 3113 1897 quod
3149 1827 3307 1882 semel
3335 1841 3391 1881 se
3434 1826 3502 1881 ad
3538 1827 3650 1882 Do-

1945 1918 2168 1973 minum
2210 1917 2371 1987 loqui
2417 1917 2649 1986 ccepisse
2696 1923 3123 1972 commemorat.
3179 1916 3355 1972 Semel
3405 1916 3463 1970 in
3495 1916 3649 1971 Scri-

1945 2006 2134 2076 pturis
2162 2020 2264 2075 pro
2293 2021 2358 2061 eo
2381 2004 2534 2076 quod
2564 2012 2648 2060 est
2694 2005 3243 2061 incommutabiliter
3281 2005 3527 2075 positum
3561 2019 3655 2060 re-

1945 2095 2242 2165 perimus;
2280 2093 2828 2150 incommutabiliter
2850 2093 3029 2163 igitur
3057 2094 3129 2149 ad
3155 2094 3460 2149 Dominum
3493 2092 3651 2160 loqui

1948 2184 2145 2253 incipit
2172 2184 2441 2255 quisquis
2470 2184 2599 2239 vitae
2627 2182 2979 2253 perfectioris
3009 2182 3339 2238 institutum
3366 2182 3657 2252 precibus,

1943 2280 2000 2329 et
2041 2273 2230 2328 studio
2273 2286 2508 2341 operum
2558 2278 2993 2341 perseveranter
3040 2284 3075 2326 a
3119 2272 3229 2326 Deo
3275 2270 3509 2340 expetit.
3563 2271 3663 2326 De-

1948 2360 2147 2416 narius
2176 2374 2312 2431 ergo
2333 2361 2402 2415 ad
2434 2368 2760 2415 extremum
2791 2360 3046 2429 ponitur,
3081 2360 3182 2429 qui
3214 2359 3273 2415 in
3306 2360 3473 2415 vinea
3512 2359 3661 2415 labo-

1947 2449 2211 2505 rantibus
2242 2450 2596 2518 promittitur
2619 2450 2803 2518 (Matt.
2838 2464 2935 2515 xx,
2976 2450 3071 2515 2);
3108 2449 3230 2504 haec
3280 2456 3364 2505 est
3394 2448 3493 2503 illa
3528 2450 3656 2505 uni-

1945 2539 2186 2594 versalis
2216 2538 2506 2608 perfectio,
2538 2545 2753 2593 aeterna
2779 2537 3009 2604 scilicet,
3043 2538 3135 2593 cui
3159 2537 3218 2591 in
3241 2537 3435 2593 futuro
3454 2538 3657 2592 viden-

1946 2628 2033 2683 dae
2064 2643 2221 2683 nunc
2252 2628 2576 2693 insudatur,
2608 2627 2707 2681 Dei
2740 2626 2905 2693 visio,
2930 2641 3062 2697 quae
3086 2634 3171 2681 est
3191 2628 3377 2682 omnis
3400 2629 3658 2696 plenaria

1945 2715 2232 2772 felicitatis
2265 2717 2445 2786 origo,
2478 2716 2627 2771 sicut
2658 2716 2934 2771 denarius
2964 2716 3229 2786 quaedam
3271 2716 3499 2771 numeri
3531 2731 3662 2771 con-

1946 2810 2057 2861 stat
2087 2814 2242 2861 certa
2290 2805 2575 2875 perfectio,
2608 2812 2662 2859 et
2691 2804 2814 2860 sine
2844 2819 2960 2875 quo
2991 2804 3238 2859 aliorum
3276 2805 3374 2875 qui
3408 2819 3657 2873 sequun-

1947 2903 2059 2956 tur,
2087 2910 2201 2950 non
2236 2893 2295 2948 tit
2332 2908 2713 2949 numerorum
2746 2894 2865 2949 ulla
2896 2893 3169 2949 collectio.
3204 2924 3271 2931 —
3320 2893 3509 2962 (Vens.
3543 2895 3651 2962 33.)

1945 2985 2103 3039 Abiit
2132 2986 2407 3048 Dominus,
2432 2988 2722 3053 postquam
2753 2985 2982 3037 cessavit
3004 2984 3154 3051 loqui
3176 2981 3252 3035 ad
3271 2982 3575 3047 Abraham,
3606 2988 3655 3035 et

1947 3075 2039 3127 ille
2068 3088 2313 3127 reversus
2345 3078 2424 3126 est
2462 3074 2518 3125 in
2547 3074 2719 3126 locum
2762 3087 2937 3126 suum.
2994 3072 3124 3126 Post
3168 3070 3319 3126 hanc
3344 3085 3479 3141 ergo
3510 3086 3653 3126 con—

1948 3162 2198 3217 scientiae
2226 3160 2686 3226 illustrationem,
2720 3173 2840 3228 qua
2856 3174 2988 3228 quae
3014 3158 3237 3229 agenda
3258 3158 3421 3215 nobis
3444 3160 3654 3215 suntin

1948 3251 2192 3306 diversis
2222 3251 2354 3305 vitae
2394 3250 2656 3314 statibus,
2693 3248 2860 3318 quasi
2894 3249 3002 3303 Deo
3035 3261 3137 3316 per
3178 3254 3454 3303 attactum
3487 3250 3656 3303 ratio-

1948 3339 2039 3395 nis
2064 3354 2170 3395 nos
2195 3339 2521 3409 alloquente
2551 3337 2860 3408 vigilanter
2898 3336 3287 3392 attendimus:
3321 3336 3452 3391 Abit
3482 3338 3657 3390 Domi-

1946 3444 2069 3496 nus,
2104 3428 2245 3498 quia
2273 3435 2498 3482 ostenso
2527 3426 2660 3482 vitae
2703 3425 2927 3481 tramite
2973 3424 3250 3494 relinquit
3300 3424 3461 3480 nobis
3490 3424 3655 3480 liberi

1949 3517 2171 3573 arbitrii
2204 3531 2438 3583 munus,
2493 3524 2547 3571 et
2596 3515 2763 3587 quasi
2805 3515 3073 3571 secedens
3112 3513 3185 3569 ad
3217 3521 3444 3584 tempus
3474 3529 3655 3583 expe-

1949 3608 2149 3663 riendo
2188 3621 2292 3662 nos
2318 3604 2593 3676 permittit
2621 3618 2791 3676 agere
2819 3618 2951 3674 quae
2979 3603 3285 3673 volumus;
3320 3603 3655 3674 praesidente

1948 3696 2146 3766 itaque
2176 3696 2289 3751 Deo
2319 3695 2495 3750 menti
2528 3703 2736 3751 nostrae
2762 3708 2937 3763 supra
2963 3708 3068 3749 nos
3097 3706 3322 3759 sumus,
3360 3692 3654 3748 recedente

1948 3794 2139 3841 autem
2171 3782 2554 3853 dispensative
2588 3784 2727 3853 ipso,
2760 3783 2830 3837 ad
2869 3782 3056 3837 locum
3106 3787 3366 3837 nostrum
3411 3781 3652 3837 reverti-

1946 3888 2100 3942 mur,
2138 3874 2277 3943 quia
2306 3873 2377 3927 ad
2406 3886 2533 3928 eam
2561 3872 2738 3927 animi
2771 3871 3054 3941 torpidam
3082 3869 3476 3926 habitudinem
3508 3870 3654 3924 rela-

1949 3962 2143 4019 bimur
2168 3962 2340 4027 illico,
2372 3975 2551 4032 quam
2581 3974 2654 4016 ex
2686 3974 2836 4031 pura
2870 3960 3227 4016 humanitate
3273 3959 3571 4024 habemus,
3607 3959 3651 4013 si

1945 4051 2100 4107 enim
2134 4051 2557 4120 perpendamus
2579 4049 2720 4120 quid
2749 4064 2822 4105 ex
2866 4049 3032 4105 nobis
3054 4048 3256 4114 simus,
3285 4048 3651 4105 mendacium

1946 4139 2129 4206 verbi,
2161 4147 2216 4194 et
2244 4139 2430 4209 operis
2457 4138 2817 4195 solummodo
2850 4137 2909 4193 in
2938 4137 3102 4194 nobis
3133 4136 3508 4194 advertimus.

2581 4226 2815 4283 CAPUT
2852 4226 3011 4282 XIX.

2022 4322 2115 4371 τε
2140 4316 2310 4372 Vnus.
2351 4320 2401 4382 l,
2431 4317 2482 4370 2.
2518 4345 2575 4356 -
2609 4318 2986 4384 Veneruntque
3015 4315 3122 4369 duo
3154 4316 3336 4383 angeli
3364 4315 3651 4371 Sodomam

1883 4405 2185 4475 Dvespere,
2246 4406 2458 4461 sedente
2506 4406 2604 4459 Lot
2657 4408 2715 4458 in
2760 4407 2976 4471 foribus
3042 4405 3303 4459 civitatis.
3367 4406 3472 4474 Qui
3532 4418 3653 4457 cum

1948 4496 2177 4549 vidisset
2214 4510 2321 4561 eos,
2366 4497 2609 4549 surrexit
2653 4500 2703 4549 et
2746 4497 2848 4548 ivit
2895 4495 3108 4547 obviam
3150 4494 3246 4553 eis,
3292 4494 3654 4560 adoravitque

1944 4600 2155 4655 pronus
2184 4588 2244 4639 in
2272 4590 2495 4649 terram,
2520 4590 2570 4637 et
2599 4584 2746 4637 dixit
2778 4598 2790 4637 :
2825 4583 3070 4650 Obsecro,
3113 4581 3339 4649 domini,
3388 4582 3653 4635 declinate

1946 4676 2006 4728 in
2055 4674 2271 4728 domum
2316 4676 2478 4744 pueri
2519 4677 2707 4737 vestri,
2759 4680 2809 4726 et
2856 4678 3065 4727 manete
3097 4671 3212 4725 ibi:
3267 4672 3447 4726 lavate
3492 4670 3652 4741 pedes

1948 4768 2175 4829 ves-tros,
2216 4769 2266 4817 et
2316 4778 2472 4817 mane
2502 4762 2925 4832 proﬁciscemini
2967 4764 3023 4814 in
3068 4764 3218 4815 viam
3260 4768 3513 4816 vestram.
3549 4760 3654 4815 Per

1948 4852 2093 4907 duos
2138 4852 2373 4923 angelos
2429 4851 2773 4907 sensualitas
2843 4854 2899 4905 et
2973 4848 3306 4920 imaginatio
3376 4850 3655 4919 accipitur

1949 4956 2082 5011 quae
2116 4950 2264 4997 recte
2293 4940 2505 5011 angeli,
2539 4939 2595 4995 id
2626 4947 2708 4995 est
2734 4942 2918 4994 nuntii
2947 4939 3244 5005 dicuntur,
3283 4940 3424 5010 quia
3452 4953 3655 4994 sensus

1948 5030 2200 5086 exterior
2266 5029 2680 5100 cogitationum
2748 5028 2979 5084 nuntiat
3047 5027 3273 5095 visioni,
3331 5043 3461 5099 quae
3517 5028 3655 5083 foris

1949 5118 2207 5185 senserit,
2244 5132 2569 5187 rursusque
2617 5116 3003 5187 imaginalitas
3031 5116 3201 5172 refert
3249 5116 3652 5173 intellectuali-

1950 5208 2071 5272 tati,
2106 5221 2238 5277 qua)
2270 5191 2764 5263 sibi'sensualitas
2803 5206 3070 5262 forastica
3118 5205 3488 5275 impresserit,
3530 5205 3651 5261 haec

1948 5300 2055 5351 duo
2080 5297 2322 5352 veniunt
2355 5296 2662 5363 Sodomam,
2722 5310 2852 5351 cum
2894 5308 3170 5351 curarum
3216 5294 3647 5352 mundanarum

1949 5388 2185 5442 irruunt
2231 5386 2563 5452 czecitatem,
2620 5393 2675 5441 et
2723 5399 2975 5454 vespere,
3025 5383 3237 5439 divinae
3279 5384 3492 5440 scilicet
3535 5382 3652 5450 spei

1947 5474 2240 5530 deficiente
2297 5473 2504 5528 calore.
2586 5474 2682 5527 Lot
2742 5480 2935 5528 autem
3011 5474 3070 5525 in
3120 5471 3334 5536 foribus
3412 5473 3652 5525 civitatis

1946 5562 2120 5630 sedet,
2155 5562 2295 5632 quia
2325 5561 2558 5617 animus
2588 5569 2781 5617 noster
2810 5575 2845 5615 a
2886 5561 3039 5617 linea
3066 5558 3303 5632 juSIitiaa
3329 5562 3448 5631 jam
3479 5558 3652 5613 decli-

1948 5663 2114 5717 nans,
2146 5657 2201 5705 et
2217 5648 2662 5705 delectationum
2704 5648 2927 5705 retibus
2968 5649 3221 5710 vinctus.
3273 5647 3653 5717 ﬂammasque
