3956 6480
361 366 454 419 H7
1295 365 1357 416 V.
1401 365 1735 422 GUIBERTI
1774 367 2064 424 ABBATIS
2101 370 2156 424 S.
2201 368 2439 424 MARIE
2479 369 2566 424 DE
2604 367 3000 424 NOVIGENTO
3757 370 3846 422 li8

349 497 512 553 avari
550 493 803 550 desiderii
860 496 1104 564 spirans,
1149 495 1220 550 ad
1266 495 1556 565 ingressus
1597 497 2032 564 suggestionum
2069 503 2115 556 Α
2145 499 2220 552 ad
2265 514 2438 553 senem
2481 502 2652 553 omnis
2705 499 2936 567 populus
2983 497 3169 552 simul.
3240 499 3684 566 Vocaveruntque
3728 499 3844 564 Lot,

350 585 561 655 segnis,
625 589 677 640 et
732 582 1043 653 languidus
1092 586 1310 653 torpet;
1364 584 1643 640 adversus
1712 587 1830 641 huic
1891 587 2045 642 enim

349 672 620 729 standum
655 679 758 738 est,
798 671 851 726 id
884 679 967 726 est
994 671 1403 727 decertandum
1435 687 1450 729 :
1497 688 1628 728 cum
1676 675 1830 730 enim
1872 675 2048 731 dixis-

348 770 430 818 set
459 759 792 829 Apostolus:
825 760 976 815 State
1007 762 1060 813 in
1094 761 1232 829 ﬁde,
1283 770 1699 831 consequenter
1746 763 2047 819 stationem

367 850 502 906 llam
533 847 796 918 exposuit
829 847 1059 903 dicens:
1096 850 1343 904 Viriliter
1391 853 1538 917 agite
1563 851 1610 918 (Ι
1633 853 1753 907 Cor.
1789 867 1904 918 xxx,
1941 855 2042 920 t3).

359 938 458 994 Ille
505 937 690 1007 itaque
748 936 850 1006 qui
905 939 1061 1006 prius
1107 938 1400 994 Abraham
1453 948 1682 1009 propter
1727 955 1762 996 a
1815 941 1927 996 Deo
1975 941 2047 997 il-

370 1027 624 1083 lustratze
667 1025 1021 1080 discretionis
1069 1027 1502 1096 intelligentiam
1547 1029 1734 1084 dictus
1763 1036 1865 1096 est,
1897 1037 2050 1099 post-

367 1128 546 1185 quam
591 1111 659 1170 ad
698 1113 886 1168 locum
932 1128 1101 1169 suum
1154 1115 1480 1183 revertitur,
1530 1117 1630 1172 Lot
1672 1117 1903 1183 dicitur,
1944 1117 2045 1188 qui

343 1202 519 1273 juxta
551 1202 704 1273 quod
735 1215 914 1272 supra
945 1203 1270 1272 expositum
1311 1213 1415 1271 est,
1456 1205 1754 1273 declinans,
1806 1207 1892 1261 vel
1918 1209 2046 1260 vin-

343 1295 479 1357 ctus,
509 1290 596 1346 vel
631 1294 843 1344 utinam
895 1290 1324 1360 interpretatur,
1382 1294 1438 1348 in
1493 1309 1609 1363 quo
1649 1295 1870 1350 utinam
1904 1294 2045 1349 illud

341 1385 470 1446 apte
527 1385 777 1444 notatur,
828 1379 982 1448 quod
1031 1379 1276 1449 legitur:
1311 1383 1382 1434 In
1429 1383 1713 1436 desideriis
1759 1390 1836 1436 est
1873 1386 2045 1437 omnis

344 1469 545 1521 otiosus
595 1467 769 1536 (Prov.
825 1481 942 1532 xxi,
995 1471 1128 1537 23$);
1186 1469 1406 1524 utinam
1467 1470 1623 1526 enim
1665 1471 1916 1540 optantis
1961 1480 2045 1526 est

346 1555 638 1611 verbum:
685 1555 878 1610 sedere
920 1556 1091 1610 etiam
1134 1557 1450 1626 judicantis
1503 1566 1606 1613 est.
1663 1558 1823 1614 Sedet
1869 1559 2046 1628 igitur

346 1645 448 1698 Lat
479 1647 540 1697 in
566 1644 773 1711 foribus
827 1646 1090 1710 civitatis,
1135 1644 1272 1698 dum
1326 1645 1578 1700 humano
1627 1647 1770 1702 ratio
1813 1661 1847 1702 a
1892 1654 2043 1702 recto

347 1732 475 1789 licet
531 1731 837 1795 declinans,
891 1740 948 1788 et
1009 1732 1242 1788 vinculo
1315 1734 1789 1804 concupiscentiae
1861 1742 2041 1791 tracta

346 1821 663 1876 secundum
734 1820 925 1875 saeculi
991 1820 1364 1887 honestatem,
1437 1823 1680 1892 proprize
1746 1824 2036 1891 examina,

345 1910 644 1964 introitum
711 1908 1140 1978 delectationis;
1193 1909 1332 1965 dum
1377 1911 1530 1966 enim
1573 1927 1776 1968 sensus
1823 1921 2044 1968 nostros

341 2011 407 2052 ac
453 1997 823 2066 cogitationes
873 1997 931 2052 in
979 1997 1212 2067 pecuale
1254 1998 1518 2055 videmus
1563 2000 1678 2055 labi
1728 2001 2041 2066 silentium,

343 2099 448 2141 nec
469 2084 530 2140 in
559 2083 653 2141 Dei
677 2086 920 2141 auribus
961 2086 1192 2142 vitalem
1239 2088 1549 2158 cujuslibet
1597 2089 1760 2144 bona:
1805 2090 2044 2146 actionis

339 2174 508 2230 edere
537 2188 762 2241 sonum,
806 2173 1082 2244 pudorem
1139 2174 1480 2246 plerumque
1526 2187 1788 2233 verentes
1845 2179 2044 2234 huma-

344 2275 508 2328 num,
545 2259 946 2330 restringimus
989 2261 1321 2330 petulantiae
1369 2271 1576 2318 nostra;
1613 2264 1860 2332 ﬂuxum,
1908 2279 2043 2321 sur-

344 2349 556 2419 gimus,
589 2349 642 2407 id
665 2356 770 2415 est,
801 2349 1078 2417 erigimus
1114 2349 1362 2405 desidem
1411 2351 1483 2405 ad
1517 2351 1636 2407 huic
1679 2352 2045 2422 reprimenda

344 2439 628 2505 animum,
673 2445 728 2493 et
775 2437 1087 2493 adoramus
1130 2441 1189 2492 in
1237 2444 1437 2493 terram
1476 2441 1662 2509 proni,
1711 2441 2043 2510 superbien-

346 2534 455 2582 tem
479 2527 708 2590 scilicet,
750 2540 822 2581 ne
869 2525 1190 2595 pereflluat,
1227 2528 1285 2582 in
1315 2528 1766 2584 consideratione
1800 2530 2042 2599 propriae

342 2613 684 2670 conditionis
740 2613 1118 2668 humiliamus
1176 2614 1464 2671 affectum.
1537 2617 1778 2684 Obsecro,
1830 2617 2040 2688 inquit,

343 2703 572 2764 domini.
609 2701 870 2756 declinate
907 2704 966 2755 in
1013 2702 1229 2757 domum
1251 2707 1412 2772 pueri
1441 2708 1624 2772 vestri,
1677 2706 1728 2760 id
1761 2714 1864 2771 est,
1895 2707 2044 2762 intra

344 2790 700 2848 conscientiae
781 2798 1063 2846 secretum
1125 2805 1160 2846 a
1209 2791 1489 2848 forinseca
1546 2808 1648 2848 vos
1706 2796 2044 2864 evagatione

349 2881 688 2951 restringite,
764 2879 1041 2948 vobisque
1117 2880 1350 2936 rationis
1425 2882 1724 2938 servitium
1786 2883 2044 2939 adhiberi

347 2967 896 3038 permittitegibique
923 2973 1152 3035 manete,
1204 2969 1316 3024 sub
1365 2984 1432 3025 ea
1475 2971 1687 3026 scilicet
1719 2985 1820 3027 vos
1863 2986 2047 3041 perse-

347 3058 573 3112 veranti
603 3056 873 3112 instantia
896 3055 1169 3121 cohibete,
1204 3059 1364 3126 pedes
1395 3065 1595 3113 vestros
1617 3061 1813 3126 lavate,
1852 3061 2046 3116 sordes

345 3145 600 3211 malitiae,
646 3158 795 3214 quas
838 3144 1154 3201 affectando
1197 3153 1422 3203 terrena
1459 3149 1838 3214 contraxistis,
1873 3149 2048 3218 poeni-

346 3236 517 3290 tenilo
564 3233 798 3302 diluite,
848 3249 1004 3293 mane
1050 3236 1109 3288 in
1156 3237 1306 3290 viam
1334 3242 1569 3291 vestram
1609 3240 2042 3306 proﬁciscemini,

349 3323 510 3378 radio
554 3322 751 3392 utique
811 3323 1020 3378 divinae
1069 3323 1364 3379 charitatis
1424 3325 1628 3380 vestris
1672 3326 1933 3381 sensibus
1971 3327 2048 3382 in-

351 3409 624 3477 tulgente,
677 3409 990 3476 Christum,
1058 3410 1158 3480 qui
1221 3413 1314 3465 via
1339 3411 1409 3466 ad
1431 3426 1490 3466 se
1543 3412 1910 3468 tendentibus
1939 3421 2044 3479 est,

349 3497 614 3555 desiderii
643 3498 820 3553 sancti
849 3498 1112 3568 passibus
1142 3499 1579 3568 aggrediemini.
1613 3502 1717 3566 Qui
1749 3501 2044 3556 dixerunt:

351 3584 596 3652 Minime,
621 3585 714 3639 sed
745 3587 802 3638 in
830 3587 1014 3654 platea
1039 3587 1396 3640 manebimus.

425 3674 595 3731 Vnus.
642 3675 692 3727 3.
740 3675 1012 3742 Compulit
1050 3675 1172 3728 illos
1211 3675 1432 3743 oppido,
1481 3680 1542 3729 ut
1603 3675 1930 3731 diverterent
1975 3677 2051 3732 ad

352 3777 472 3815 eum
499 3778 513 3828 ;
545 3764 906 3830 ingressisque
935 3761 1152 3816 domum
1196 3763 1348 3816 illius
1377 3764 1509 3828 fecit
1541 3766 1863 3830 convivium,
1904 3767 2051 3818 coxit

353 3865 569 3917 azyma,
601 3853 649 3904 et
677 3849 1034 3903 comederunt.
1061 3851 1124 3904 In
1138 3851 1325 3918 platea
1351 3864 1582 3906 manere
1607 3851 1877 3921 gestiunt,
1911 3852 2051 3922 quia

355 3945 572 3994 arctam
611 3945 664 3994 et
711 3945 1019 4008 angustam
1069 3938 1244 4004 viam,
1292 3953 1411 4008 qua
1449 3939 1521 3994 ad
1564 3939 1740 3994 vitam
1773 3940 2046 4008 tenditur,

354 4041 634 4082 sensuum
670 4025 1201 4096 cogitationumque
1285 4035 1613 4082 nostrarum
1665 4027 2051 4084 volubilitates

354 4114 686 4185 refugiunt;
730 4114 843 4169 lata
882 4127 1019 4184 ergo
1067 4114 1139 4169 ad
1185 4113 1536 4171 manendum
1584 4114 1852 4184 diligunt,
1909 4116 2047 4171 dum

358 4210 548 4271 patere
577 4202 746 4272 nugis
789 4200 1142 4272 quibuslibet
1189 4209 1383 4269 portas
1431 4202 1634 4256 mentis
1685 4202 2050 4272 corporisque

355 4303 458 4344 nos
510 4296 792 4353 metuunt,
840 4295 894 4343 et
935 4302 1037 4343 vas
1099 4302 1267 4344 omne
1317 4289 1438 4344 sine
1500 4290 1770 4358 operculo
1809 4291 2053 4346 immun-

2153 593 2203 642 et
2231 588 2492 641 dixerunt
2517 592 2600 641 ei:
2655 588 2758 642 Ubi
2809 592 2936 641 sunt
2981 590 3108 654 viri,
3159 589 3256 656 qui
3301 589 3632 641 introierunt
3679 586 3758 640 ad
3801 592 3849 640 te

2152 675 2350 730 nocte?
2397 675 2548 730 Educ
2581 690 2666 729 eos
2710 675 2830 740 huc,
2879 679 2941 728 ut
2985 688 3364 740 cognoscamus
3400 688 3505 727 eos.
3550 673 3715 728 Imus
3756 687 3852 726 cu-

2155 763 2343 830 bitum,
2395 763 2627 834 quando
2672 763 2732 818 in
2783 763 2943 817 nobis
2990 763 3284 832 quiescere
3335 762 3534 831 incipit
3579 761 3854 830 strepitus

2155 852 2514 921 negotiorum
2558 853 2908 908 forensium:
2965 852 3123 916 prius
3176 859 3366 906 autem
3415 864 3593 921 quam
3637 851 3714 906 ab
3767 850 3854 904 his

2153 943 2522 1011 consopiatur
2568 941 2817 1006 animus,
2876 944 2987 994 vu-i
3050 942 3312 1007 civitatis,
3377 939 3588 994 feroces
3643 937 3851 993 videli-

2153 1037 2240 1084 cet
2275 1037 2463 1085 motus
2489 1029 2744 1098 corporis
2787 1029 3022 1084 domum
3069 1027 3306 1093 vallant,
3345 1027 3399 1081 id
3428 1035 3513 1081 est
3549 1026 3851 1081 scientiam

2153 1126 2573 1187 coangustant;
2621 1131 2720 1187 per
2757 1130 2918 1172 senes
2970 1130 3275 1186 possumus
3325 1115 3638 1185 intelligere
3681 1115 3852 1185 origi-

2155 1206 2328 1272 nalia,
2378 1220 2480 1275 per
2537 1220 2742 1275 pueros
2788 1204 3038 1259 actualia
3085 1219 3216 1275 qum
3255 1218 3430 1274 super
3467 1203 3760 1267 addimus,
3799 1210 3852 1257 et

2152 1295 2557 1350 adinvenimus
2601 1293 2771 1349 etiam
2821 1293 3021 1360 mala;
3075 1293 3233 1348 verbi
3281 1293 3465 1362 gratia
3509 1306 3641 1346 cum
3676 1291 3852 1346 libido

2153 1383 2493 1438 naturaliter
2536 1383 2699 1438 nobis
2754 1383 2908 1448 insit,
2973 1389 3036 1436 ut
3083 1382 3153 1436 de
3195 1383 3416 1436 caeteris
3464 1389 3708 1447 taceam,
3759 1394 3853 1434 no-

2151 1474 2356 1526 vitates
2393 1471 2646 1540 quotidie
2669 1470 2993 1535 libidinum,
3015 1478 3070 1525 et
3103 1479 3308 1539 praeter
3333 1469 3572 1525 solidam
3606 1469 3851 1525 coeundi

2152 1561 2411 1629 regulam
2456 1567 2865 1615 commentatus
2911 1559 3214 1625 miramur,
3261 1567 3314 1614 et
3377 1558 3643 1613 mirando
3697 1557 3851 1613 dole-

2153 1663 2300 1703 mus.
2347 1649 2432 1702 Ex
2479 1649 2742 1702 sensibus
2788 1647 2948 1716 pueri
2999 1648 3054 1702 in
3095 1648 3214 1701 dies
3258 1647 3548 1713 oriuntur,
3589 1646 3734 1716 quia
3781 1659 3852 1700 ex

2151 1735 2408 1806 ingenita
2446 1737 2814 1806 corruptione
2855 1751 3042 1791 novus
3102 1736 3489 1791 indesinenter
3538 1735 3661 1790 vitii
3710 1734 3853 1789 fetor

2149 1823 2475 1893 egreditur;
2507 1831 2642 1878 sunt
2692 1837 2925 1892 quoque
2982 1822 3145 1892 pueri
3188 1823 3456 1892 quaedam
3515 1837 3630 1878 non
3678 1830 3848 1878 natu-

2153 1911 2296 1967 ralia
2327 1911 2589 1974 crimina,
2641 1911 2762 1965 sine
2809 1911 3024 1980 quibus
3070 1917 3126 1966 et
3177 1925 3250 1966 ex
3300 1917 3461 1980 parte
3505 1911 3679 1966 fuisse
3728 1917 3852 1965 tra-

2151 1998 2374 2054 duntur
2415 2006 2545 2054 ante
2604 1998 2889 2053 diluvium
2942 2007 3212 2068 tempora,
3279 2007 3344 2054 ut
3394 2006 3531 2054 sunt
3579 1998 3846 2064 avaritia,

2150 2087 2484 2154 cenodoxia,
2520 2087 2902 2156 cultuumque
2931 2094 3302 2142 externorum
3353 2087 3645 2156 superbia,
3677 2085 3848 2156 longo

2151 2182 2341 2229 autem
2379 2183 2501 2244 post
2534 2183 2787 2244 tempore
2829 2183 3078 2243 reperta,
3125 2175 3239 2230 imo
3281 2175 3583 2244 producta,
3630 2175 3847 2229 acriore

2151 2277 2309 2318 nunc
2339 2263 2558 2318 fervent
2607 2263 2866 2331 insania;
2900 2277 3062 2317 senes
3107 2277 3242 2318 vero
3289 2263 3712 2332 gastrimargia,
3743 2262 3846 2327 ira,

2152 2351 2400 2417 tristitia,
2452 2351 2708 2406 luxuria.
2761 2350 2826 2406 Hi
2863 2352 3059 2420 itaque
3105 2365 3239 2406 cum
3286 2351 3443 2406 omni
3491 2352 3848 2421 cogitatuum

2149 2439 2469 2494 carnalium
2521 2439 2730 2508 populo
2780 2439 2879 2494 Lot
2916 2446 3176 2506 evocant,
3231 2440 3372 2508 quia
3410 2439 3848 2494 delectationum

2151 2528 2571 2597 praeteritarum
2606 2527 2957 2592 dulcedines,
2985 2535 3040 2582 et
3063 2541 3265 2582 earum
3311 2541 3522 2593 rerum,
3557 2541 3688 2596 quae
3735 2525 3849 2580 im-

2151 2617 2585 2686 praesentiarum
2611 2623 2898 2681 tenentur,
2942 2630 3166 2672 amores
3216 2617 3425 2672 rationi
3454 2617 3766 2687 objectant,
3797 2623 3849 2670 et

2151 2707 2222 2761 ad
2263 2706 2412 2760 bona
2437 2705 2720 2759 exteriora
2767 2704 3089 2760 haurienda
3139 2704 3496 2774 compellant.
3547 2704 3657 2758 Ubi
3701 2709 3845 2768 sunt,

2152 2794 2446 2864 inquiunt,
2478 2795 2590 2847 viri
2618 2797 2713 2861 qui
2743 2795 3068 2847 introierunt
3097 2793 3172 2846 ad
3201 2799 3249 2846 te
3286 2800 3457 2857 nocte,
3505 2801 3699 2848 tenera
3736 2791 3847 2846 sci-

2153 2883 2280 2938 licet
2328 2883 2424 2937 illa
2470 2882 2764 2952 quondam
2815 2881 3054 2936 interior
3090 2882 3459 2952 exteriorque
3504 2880 3846 2936 sensualitas

2153 2979 2272 3036 tua,
2339 2984 2517 3039 quam
2585 2985 2740 3025 nunc
2795 2971 2901 3024 sub
2959 2969 3112 3024 virili
3166 2970 3368 3025 robore
3415 2968 3846 3033 constrinxeris,

2083 3092 2124 3148 ο
2158 3059 2384 3114 attende
2417 3059 2472 3112 in
2499 3072 2615 3128 quo
2660 3065 2812 3112 statu
2845 3058 2936 3123 sit,
2991 3070 3065 3112 an
3121 3056 3180 3112 in
3227 3071 3295 3112 eo
3345 3071 3712 3126 perseverare
3750 3055 3846 3111 tibi

2158 3147 2422 3217 possibile
2479 3147 2572 3211 sit,
2621 3145 2723 3216 qui
2757 3146 2829 3200 ad
2873 3149 2929 3201 te
2971 3153 3164 3210 noctu,
3215 3145 3269 3200 id
3323 3153 3405 3199 est
3436 3145 3744 3214 improvise
3771 3147 3849 3198 in-

2155 3235 2456 3301 troierunt,
2491 3233 2648 3304 quod
2687 3240 2865 3288 totum
2913 3240 2998 3288 est
3025 3233 3100 3288 ab
3147 3232 3531 3288 exterioribus
3569 3246 3703 3302 quae
3745 3229 3846 3286 sibi

2156 3323 2440 3394 pertinent
2485 3323 2657 3378 rebus
2715 3322 3006 3388 curandis,
3074 3321 3146 3376 ad
3213 3320 3536 3390 spiritualia
3582 3335 3717 3390 quze
3761 3318 3848 3374 sui

2155 3411 2324 3466 officii
2346 3425 2460 3466 non
2481 3418 2638 3470 sunt,
2673 3424 2776 3465 nec
2802 3410 2931 3465 ferri
2957 3416 3196 3478 possunt
3227 3415 3340 3475 34,
3371 3423 3430 3464 se
3457 3409 3847 3474 intruserunt;

2155 3501 2307 3554 Educ
2334 3515 2418 3553 eos
2463 3500 2581 3562 huc,
2631 3512 2871 3554 exerens
2921 3513 3124 3553 sensus
3170 3498 3242 3552 ad
3283 3497 3718 3567 exsequendum
3755 3510 3849 3552 or-

2157 3585 2349 3641 dinem
2379 3600 2668 3654 usumque
2698 3585 3096 3654 temporalium
3144 3585 3237 3639 cui
3281 3584 3522 3640 fruendo
3555 3584 3687 3640 facti
3720 3590 3850 3639 sunt

2156 3679 2219 3727 ut
2272 3689 2647 3741 cognoscamus
2709 3688 2816 3738 eos,
2890 3680 2954 3728 ut
3029 3673 3207 3727 nostri
3275 3672 3521 3741 profecto
3591 3672 3849 3729 notitiam

2152 3761 2281 3832 jugi
2309 3763 2391 3817 eis
2421 3761 2774 3831 experientia
2809 3761 3117 3830 voluptatis
3147 3761 3448 3816 addamus.

2231 3851 2399 3906 Vens.
2437 3853 2488 3916 6,
2530 3854 2584 3917 7,
2631 3850 2686 3904 8.
2743 3879 2812 3888 —
2869 3851 3132 3916 Egressus
3179 3849 3253 3902 ad
3299 3865 3385 3903 eos
3436 3850 3534 3904 Lot
3580 3854 3704 3918 post
3741 3855 3851 3903 ter-

2157 3955 2285 4007 gum
2331 3939 2616 3992 accludens
2662 3940 2858 3991 ostium
2903 3940 3014 3991 ait:
3067 3939 3262 4002 Nolite,
3311 3939 3516 4003 fratres
3558 3941 3686 4005 mei,
3733 3951 3852 3990 ma-

2158 4029 2268 4082 lum
2339 4029 2432 4081 hoc
2485 4030 2684 4094 facere.
2741 4027 2920 4080 Habeo
2997 4025 3135 4080 duas
3212 4027 3377 4094 filias,
3437 4041 3555 4094 qum
3616 4025 3850 4080 nondum

2156 4122 2510 4182 cognoverunt
2538 4119 2738 4178 virum,
2781 4115 3003 4168 educam
3049 4129 3138 4169 eas
3187 4115 3262 4168 ad
3305 4129 3418 4180 vos,
3455 4121 3505 4168 et
3561 4115 3850 4170 ubutimini

2157 4208 2254 4267 eis,
2301 4207 2442 4259 sicut
2489 4204 2761 4272 placuerit
2818 4203 2991 4270 vobis,
3038 4203 3324 4256 dummodo
3365 4203 3502 4257 viris
3544 4205 3671 4258 istis
3711 4201 3852 4256 nihil

2156 4297 2380 4360 faciatis
2409 4295 2562 4360 mali,
2605 4295 2735 4361 quia
2765 4293 2998 4359 ingressi
3043 4297 3171 4345 sunt
3205 4292 3305 4345 sub
3354 4293 3549 4345 umbra
3598 4292 3848 4347 culminis

354 4379 494 4434 dum
533 4392 651 4435 esse
695 4375 1013 4432 secundum
1059 4376 1259 4446 legem,
1299 4377 1629 4447 suggerenti
1679 4379 1886 4434 rationi
1932 4394 2047 4434 non
2089 4387 2130 4440 ι)
2157 4384 2281 4436 mei.
2329 4383 2428 4435 Lot
2470 4381 2544 4433 ad
2589 4395 2674 4434 eos
2732 4379 3074 4449 ingreditur,
3129 4380 3268 4435 dum
3333 4380 3405 4435 ad
3437 4380 3848 4436 discutiendam

354 4470 691 4524 assentiunt.
721 4465 936 4536 Oppido
964 4473 1157 4522 autem
1209 4465 1578 4536 impellimur,
1629 4480 1762 4521 cum
1802 4467 2051 4522 timendo

284 4541 304 4552 “
357 4558 694 4614 humanitus
741 4571 813 4612 ne
865 4555 1202 4626 pedetentim
1248 4556 1582 4625 tepescendo
1630 4555 1896 4612 Iabamur
1935 4571 2051 4628 prae

355 4645 538 4702 oculis
570 4645 866 4700 hominum
909 4643 967 4698 in
1009 4643 1245 4714 aliquod
1295 4658 1470 4714 grave
1512 4644 1818 4715 ﬂagitium,
1863 4645 2054 4701 carnis

355 4733 652 4789 frenamus
684 4732 1018 4802 impulsum,
1060 4739 1161 4788 aut
1209 4731 1391 4787 divini
1430 4733 1601 4788 etiam
1643 4732 1846 4803 judicii
1888 4734 2053 4790 nobis

357 4822 695 4892 opponendo
745 4829 980 4887 metum,
1025 4822 1224 4890 sicque
1261 4820 1487 4876 laudem
1531 4836 1565 4875 a
1615 4821 1840 4891 publico
1881 4822 2052 4878 incu-

358 4911 458 4968 rize
483 4910 823 4967 divertimus
852 4910 908 4964 in
938 4909 1174 4965 rationis
1201 4909 1462 4979 asylum;
1495 4910 1590 4965 sed
1622 4911 1712 4965 his
1753 4911 2052 4967 conscien-

357 4999 449 5054 tite
493 4997 810 5055 munimine
876 5011 995 5052 sese
1039 4997 1382 5063 foventibus,
1433 4998 1724 5065 orationis,
1773 4999 2048 5066 lectionis,

356 5085 853 5156 contemplationis
923 5085 1254 5140 convivium
1317 5087 1666 5156 suggeritur,
1732 5094 2054 5157 expurgato

357 5175 589 5232 malitiae
645 5173 937 5236 fermento,
1009 5186 1208 5242 azyma
1269 5173 1630 5244 sinceritatis,
1677 5183 1733 5232 et
1793 5175 2054 5231 veritatis

356 5265 414 5336 (Ι
433 5265 562 5318 (.‘or.
591 5277 646 5330 v,
675 5263 731 5330 7)
775 5262 956 5317 sancti
986 5261 1056 5316 ad
1089 5276 1310 5331 purum-
1351 5264 1588 5332 spiritus
1626 5263 1759 5335 igne
1793 5277 2054 5334 coquun-

355 5361 475 5421 tur,
520 5359 576 5408 et
608 5351 715 5406 hac
743 5349 1062 5412 refectionis
1110 5351 1402 5422 voluptate
1451 5352 1816 5418 intrinsecus,
1857 5360 1914 5407 et
1955 5365 2054 5407 ex-

357 5443 638 5498 trinsecus
667 5438 1006 5495 sensualitas
1035 5441 1387 5510 vagabunda
1413 5448 1658 5497 tenetur.

433 5530 608 5585 Vnus.
651 5529 705 5595 4,
757 5531 808 5582 5.
859 5557 929 5568 -
967 5531 1128 5582 Prius
1166 5535 1348 5584 autem
1395 5545 1559 5598 quam
1601 5531 1741 5583 irent
1786 5528 2049 5593 cubitum,

353 5621 466 5673 viri
521 5619 760 5673 civitatis
797 5617 1138 5671 vallaverant
1191 5617 1409 5672 domum
1453 5617 1570 5685 ejus
1604 5633 1640 5671 a
1683 5631 1853 5686 puero
1881 5631 2052 5684 usque

2159 4469 2428 4540 aquibus
2473 4467 2873 4537 interpellatur
2917 4469 3189 4524 vitiorum
3227 4467 3566 4537 qualitatem
3617 4468 3709 4524 vis
3757 4479 3851 4522 ra-

2161 4557 2331 4614 tionis
2374 4557 2670 4625 exeritur;
2724 4560 2847 4626 post
2887 4560 3102 4624 tergum
3145 4559 3343 4610 ostium
3393 4556 3661 4622 accludit,
3713 4554 3850 4611 dum

2161 4646 2364 4702 mentis
2391 4645 2612 4702 aditum
2644 4645 2733 4700 his
2773 4659 2904 4714 quae
2938 4653 3088 4700 retro
3127 4652 3282 4710 sunt,
3316 4645 3730 4714 temporalibus
3758 4642 3851 4698 sci-

2160 4735 2288 4791 licet
2316 4733 2605 4790 anteriora
2649 4740 2865 4802 petens,
2901 4733 2955 4788 id
3003 4740 3087 4788 est
3123 4741 3356 4799 mterna,
3389 4733 3656 4800 obstruit,
3706 4740 3762 4788 et
3798 4731 3848 4784 in

2161 4824 2285 4894 ipsa
2330 4823 2680 4878 discussione
2726 4822 2938 4890 peccati
2986 4835 3057 4876 ne
3103 4821 3369 4890 voluptas
3414 4821 3624 4877 furtive
3676 4818 3850 4877 subri~

2161 4913 2298 4982 piat,
2331 4926 2451 4966 sese
2482 4910 2710 4978 munit;
2730 4913 2943 4976 fratres
2985 4917 3178 4965 autem
3214 4909 3393 4964 nostri
3423 4909 3529 4979 ipsi
3561 4918 3698 4966 sunt
3744 4923 3852 4964 mo-

2163 5007 2255 5055 tus
2310 4997 2586 5068 corporei,
2645 5011 2718 5052 ex
2761 4998 2960 5053 eadem
3009 5011 3128 5068 qua
3172 5005 3228 5052 et
3285 4998 3524 5053 virtutes
3577 4999 3850 5067 prodeunt

2159 5094 2346 5143 mente
2394 5085 2716 5155 progeniti;
2749 5086 2946 5141 eadem
3005 5086 3156 5140 enim
3222 5093 3372 5141 terra
3435 5100 3568 5154 quae
3609 5092 3847 5156 segetem

2161 5183 2412 5244 generat,
2437 5176 2651 5244 spinas,
2692 5182 2746 5230 et
2791 5173 3032 5230 tribulos
3053 5175 3264 5244 pariter
3310 5181 3607 5244 procreat:
3657 5175 3843 5235 Nolite,

2160 5265 2257 5330 ait,
2299 5265 2394 5318 hoc
2434 5264 2636 5317 malum
2681 5265 2882 5330 facere,
2929 5263 3002 5317 ad
3043 5262 3281 5317 evidens
3323 5260 3582 5316 videlicet
3630 5275 3720 5317 me
3753 5259 3845 5313 lla-

2160 5351 2364 5422 gitium
2423 5365 2748 5420 provocare.
2798 5351 2936 5406 Duae
2989 5351 3117 5405 tiliae
3169 5349 3309 5404 mihi
3358 5349 3631 5404 videntur
3696 5357 3844 5419 posse

2159 5440 2340 5510 accipi
2373 5439 2488 5496 duo
2521 5439 2809 5510 quaedam,
2830 5453 2961 5509 quae
2992 5451 3263 5509 magnam
3287 5437 3345 5492 in
3379 5436 3545 5493 bonis
3565 5435 3844 5492 mentibus

2160 5528 2601 5584 teneritudinem
2649 5529 2902 5598 pariunt,
2959 5526 3207 5583 habendi
3265 5525 3572 5596 cupiditas,
3637 5533 3693 5582 et
3735 5521 3843 5592 opi-

2160 5616 2346 5672 nionis
2373 5629 2554 5681 amor,
2602 5615 2654 5671 id
2685 5622 2771 5670 est
2799 5613 3112 5670 cenodoxia
3143 5633 3158 5680 ;
3195 5615 3297 5668 vix
3350 5612 3504 5668 enim
3547 5612 3758 5683 aliquis
3794 5608 3844 5661 in
