3956 6436
115 327 212 380 149
1320 323 1683 382 MORALIUM
1724 324 1794 380 IN

1982 329 2140 386 ESIN
2183 329 2310 384 LIB.
2353 329 2414 382 V.
3544 336 3643 387 150

109 461 376 531 profectu
416 463 641 533 positus
677 462 985 518 tentatione
1022 460 1318 531 quidpiam
1370 460 1613 516 habendi
1648 466 1822 526 caret,
1862 463 1910 516 A
1940 462 2153 519 scilicet
2218 462 2550 519 tentationis
2610 462 2870 533 indigna,
2935 464 3054 534 jam
3120 464 3202 520 eis
3259 465 3643 523 adulantibus

108 551 444 621 vixjustus
473 550 804 606 cenodoxize
833 548 1088 618 impulsu
1120 555 1460 607 vacuusest.
1505 548 1678 603 etiam
1711 562 1828 618 quo
1937 550 2170 619 ostium,
2247 550 2351 621 qui
2419 550 2746 621 subripiant
2816 565 2929 605 non
2993 560 3075 607 est
3135 552 3192 607 in
3274 554 3638 610 conscientia.

100 639 321 709 justior
346 648 464 706 est;
501 640 620 695 haec
647 654 784 709 ergo
827 645 983 703 sunt,
1017 652 1149 707 quae
1189 636 1427 692 rationis
1475 637 1655 692 robur
1691 636 1825 692 eil‘e-
2008 640 2181 695 Vens.
2237 643 2321 706 l2,
2368 639 2452 695 l3.
2502 668 2575 680 —
2628 642 2904 694 Dia-erunt
2946 646 3126 694 autem
3171 642 3246 695 ad
3291 644 3388 696 Lot
3423 658 3434 696 :
3464 644 3639 698 Habes

106 728 360 796 minant,
400 729 558 784 unde
609 736 661 784 et
721 727 850 783 filim
907 733 1062 792 sunt,
1110 742 1243 795 quze
1302 740 1415 781 non
1470 734 1828 797 cognoscunt
1936 728 2023 782 hic
2063 734 2278 783 tuorum
2305 731 2657 798 quempiam?
2685 744 2960 796 generum,
2995 736 3091 783 aut
3127 732 3288 798 ﬁlios,
3325 736 3422 785 aut
3450 734 3640 801 filias?

104 820 310 883 cirum,
379 818 523 888 quia
570 832 685 872 non
744 817 1132 886 experiuntur
1172 815 1412 870 rationis
1470 815 1823 885 dominium;

104 906 327 962 dicitur
358 907 516 961 enim
561 905 838 961 cuidam:
896 906 1034 958 Voca
1074 906 1255 957 virum
1308 909 1459 957 tuum
1511 906 1688 971 (Joan.
1744 918 1820 969 Iv,

110 996 215 1063 l6),
253 995 311 1049 id
350 1003 437 1051 est
481 994 863 1062 intellectum”;
904 1000 1040 1048 sunt
1080 1006 1333 1063 namque
1374 992 1684 1059 innumeri,
1720 992 1824 1062 qui

102 1083 451 1153 corporalia.
487 1091 541 1138 et
573 1098 705 1152 qua:
737 1081 912 1153 vulgo
952 1081 1228 1151 probrosa
1268 1089 1403 1137 sunt
1443 1080 1582 1136 vitia
1638 1082 1823 1152 magis

103 1172 293 1228 vereri
340 1172 548 1237 solent,
607 1178 671 1226 ut
712 1177 847 1225 sunt
916 1169 1190 1240 gulositas
1244 1183 1310 1224 ac
1357 1170 1821 1225 extraordinaria

102 1262 399 1325 luxuries,
442 1274 623 1332 quam
668 1257 1010 1328 spiritualia,
1046 1266 1109 1313 ut
1157 1257 1401 1312 avaritia
1447 1266 1501 1313 et
1548 1259 1820 1328 superbia

103 1357 264 1417 sunt,
299 1350 640 1405 exhorrent.
676 1349 809 1404 Haec
839 1349 1033 1416 itaque
1055 1347 1405 1412 educuntur,
1439 1347 1578 1403 dum
1619 1348 1690 1403 ab
1722 1348 1819 1404 illa

100 1440 297 1494 adhuc
348 1438 556 1493 divina
611 1436 782 1492 nimis
830 1435 1105 1506 sapiente,
1162 1443 1217 1491 et
1261 1436 1502 1491 terrenis
1562 1437 1818 1493 inhiante

102 1529 330 1586 ratione
402 1523 1059 1596 voluntatiZdaamonicze
1119 1524 1565 1594 prostituuntur,
1601 1526 1818 1595 quibus

101 1630 199 1687 per
228 1616 439 1672 eadem
474 1614 718 1670 crimina
748 1614 1033 1669 abutitur.
1069 1614 1183 1669 Hoc
1217 1629 1273 1668 se
1318 1614 1608 1668 facturum
1639 1629 1810 1684 spon-

99 1707 211 1774 det,
246 1706 396 1761 dum
446 1704 603 1771 viris,
658 1703 714 1758 id
763 1710 847 1758 est
895 1703 1160 1758 sensibus
1198 1716 1318 1757 sese
1352 1702 1592 1757 viriliter
1635 1717 1808 1772 agen-

99 1796 254 1851 tibus
295 1793 448 1849 nihil
484 1793 581 1849 fiat
618 1792 772 1858 mali,
807 1791 862 1847 id
908 1798 993 1847 est
1044 1790 1320 1856 scandali,
1377 1791 1517 1860 quia
1573 1794 1813 1860 ingrcssi

98 1889 222 1939 sunt
261 1883 367 1938 sub
413 1882 610 1936 umbra
645 1882 896 1936 culminis
934 1882 1061 1948 mei,
1118 1879 1192 1935 ab
1245 1886 1389 1935 aestu
1430 1879 1641 1936 scilicet
1693 1896 1814 1937 car-

99 1972 322 2028 nalium
358 1970 748 2040 appetituum,
795 1968 867 2023 ad
912 1982 1002 2023 me
1030 1967 1307 2022 rationem
1345 1982 1403 2023 se
1440 1969 1814 2026 contulerunt

99 2060 281 2116 sancti
309 2059 568 2130 Spiritus
597 2058 675 2113 ibi
707 2057 1115 2127 protectionem
1138 2056 1413 2123 habituri,
1448 2057 1549 2127 qui
1584 2065 1811 2129 tegmen

98 2149 265 2220 capiti
299 2163 434 2203 meo
456 2155 539 2203 est
570 2147 627 2202 in
661 2146 750 2202 die
780 2145 936 2202 belli.

163 2238 344 2295 Vsus.
378 2238 437 2292 9.
471 2266 539 2275 —
590 2237 666 2291 At
698 2236 786 2289 illi
825 2236 1087 2289 dixerunt
1116 2250 1130 2288 :
1165 2234 1373 2288 Recede
1411 2235 1567 2302 illuc;
1600 2242 1650 2289 et
1695 2252 1813 2290 rur-

98 2343 229 2383 sus:
279 2330 571 2395 Ingressus
619 2341 691 2391 es,
747 2327 1024 2393 inquiunt,
1072 2329 1136 2378 ut
1180 2324 1410 2391 advena,
1460 2326 1713 2395 nunquid
1750 2332 1812 2381 ut

96 2415 345 2486 judices?
383 2419 460 2469 Te
496 2429 622 2481 ergo
667 2415 843 2480 magis
882 2428 1048 2481 quam
1078 2414 1173 2467 hoc
1215 2415 1560 2481 af/ligcmus;
1594 2417 1811 2483 vimque

99 2506 374 2572 faciebant
433 2505 535 2558 Lot
590 2504 1067 2557 vehementissime.
1101 2500 1262 2568 Quod
1296 2510 1378 2557 est
1435 2510 1614 2558 totum
1666 2518 1732 2558 ac
1762 2505 1808 2559 si

100 2596 284 2650 carnis
326 2592 625 2663 appetitus
677 2592 785 2647 sub
818 2591 1003 2661 specie
1035 2591 1308 2646 vitiorum
1339 2591 1551 2647 diceret
1596 2592 1807 2648 ironice

101 2683 300 2738 rationi
346 2696 359 2735 :
396 2680 611 2735 Recede
652 2694 787 2750 ergo
836 2693 870 2734 a
901 2680 1186 2735 bonorum
1238 2680 1638 2749 temporalium
1671 2696 1803 2749 usu,

101 2772 309 2841 quibus
352 2770 511 2825 licite
544 2769 823 2824 inhaerere
872 2775 1119 2838 poteras,
1170 2769 1240 2823 ad
1296 2768 1805 2826 intellectualitatis

50 2930 55 2937 ~
102 2874 383 2916 summam
420 2860 481 2913 in
509 2871 628 2928 qua
658 2870 1025 2928 perseverare
1062 2872 1179 2913 non
1213 2872 1413 2928 queas,
1444 2858 1542 2913 ubi
1588 2867 1643 2914 et
1674 2873 1805 2915 cor-

104 2951 244 3020 poris
273 2964 486 3005 sensus
533 2947 773 3003 ridicule
816 2947 988 3001 nimis
1041 2960 1076 3000 a
1128 2961 1234 3002 suo
1282 2947 1471 3003 officio
1510 2948 1805 3004 abstinens

1934 833 2111 871 omnes
2142 820 2240 887 qui
2284 820 2365 871 tui
2396 823 2524 872 sunt
2566 818 2697 871 educ
2733 818 2798 871 de
2840 819 2971 871 urbe
3014 820 3133 872 hac.
3172 821 3465 874 Delebimus
3495 824 3637 875 enim

1934 907 2104 959 locum
2132 908 2318 972 istum,
2371 922 2427 959 eo
2458 906 2603 976 quod
2653 908 2944 960 increverit
2981 908 3183 960 clamor
3224 923 3403 961 eorum
3454 925 3635 963 coram

1933 996 2173 1061 Domino,
2208 998 2304 1064 qui
2345 998 2496 1049 misit
2526 1010 2642 1061 nos,
2685 999 2746 1049 ut
2769 996 3063 1065 perdamus
3108 996 3250 1051 illos.
3300 997 3445 1051 Dum
3496 1011 3633 1067 ergo

1930 1098 2135 1139 sensus
2190 1083 2370 1139 nostri
2426 1084 2571 1155 ejus,
2628 1098 2758 1154 quas
2824 1098 2941 1153 prae
2988 1084 3172 1140 oculis
3224 1093 3327 1150 est,
3389 1093 3631 1141 terrenae

1930 1172 2124 1243 gloriae
2180 1172 2374 1228 seduci
2434 1172 2728 1228 blanditiis
2775 1172 2995 1239 timent,
3049 1173 3169 1242 ipsa
3216 1188 3323 1228 sua
3370 1175 3631 1243 passione

1928 1262 2207 1315 rationem
2249 1262 2475 1330 docent,
2533 1262 2910 1317 succidendos
2939 1276 2973 1316 a
3004 1276 3063 1317 se
3092 1263 3395 1318 universos
3427 1264 3629 1319 mundi

1927 1350 2183 1412 affectus,
2264 1365 2524 1421 generos,
2604 1365 2813 1420 pravos
2889 1351 3100 1406 scilicet
3168 1352 3449 1420 homines,
3525 1353 3627 1423 qui

1923 1440 2092 1508 ﬁlias,
2149 1439 2203 1493 id
2264 1447 2348 1494 est
2405 1439 2636 1494 infirma
2708 1440 2918 1506 adhuc,
2999 1440 3246 1495 necdum
3316 1440 3482 1510 plene
3553 1442 3625 1497 ad

1925 1528 2105 1582 Deum
2145 1541 2325 1596 prona
2346 1528 2626 1583 desideria
2660 1535 2854 1583 nostra
2885 1528 3004 1582 suis
3034 1527 3333 1598 exemplis,
3370 1530 3621 1597 monitis,

1923 1624 2024 1671 aut
2058 1616 2441 1671 familiaritate
2484 1616 2553 1670 ad
2589 1624 2813 1671 terrena
2844 1623 3230 1685 prosternunt,
3261 1620 3397 1682 ﬁlios
3428 1618 3621 1682 etiam,

1922 1720 2077 1775 spem
2125 1705 2385 1760 videlicet
2425 1713 2679 1760 nostram
2718 1705 2775 1759 in
2826 1705 3093 1759 futurum
3141 1706 3621 1773 transferendam,

1922 1802 2025 1850 aut
2078 1794 2415 1849 saecularem
2462 1794 2795 1863 potentiam,
2826 1801 2925 1848 aut
2974 1792 3144 1849 fortia
3173 1794 3375 1849 mundi
3426 1808 3619 1865 opera,

1923 1883 2078 1939 unde
2123 1883 2226 1939 Job
2273 1882 2410 1938 dicit
2458 1890 2699 1938 mortem
2748 1882 2985 1952 elegisse
3033 1896 3163 1937 ossa
3207 1896 3313 1938 sua
3358 1883 3473 1953 (Job
3519 1899 3618 1951 vu,

1918 1972 2031 2041 15),
2066 1986 2197 2042 quae
2231 1971 2620 2026 masculorum
2653 1971 2833 2025 solent
2869 1970 3083 2040 signari
3117 1984 3379 2040 persona,
3424 1986 3622 2028 omnes

1919 2061 2207 2117 eliminari
2239 2067 2550 2115 monentur
2581 2074 2615 2115 a
2665 2059 3047 2127 conscientia;
3082 2058 3279 2114 vident
3308 2059 3461 2115 enim
3507 2059 3620 2115 im-

1919 2150 2187 2221 possibile
2212 2150 2812 2219 concupiscentiarum
2837 2150 3026 2220 ignem
3051 2148 3297 2204 interius
3339 2149 3615 2215 enutrire,

1917 2247 1974 2295 et
2004 2240 2263 2295 admotas
2300 2240 2372 2294 ab
2431 2239 2562 2309 igne
2609 2239 2971 2307 voluptatum
3014 2237 3206 2306 paleas
3244 2251 3357 2292 non
3398 2237 3615 2307 abripi;

1916 2328 2328 2399 exstinguatur
2356 2328 2662 2397 cupiditas,
2693 2342 2799 2382 nec
2835 2326 3061 2382 nocebit
3094 2326 3362 2396 peccandi
3405 2341 3618 2397 oppor-

1917 2418 2153 2473 tunitas.
2186 2418 2399 2473 Omnes
2439 2417 2504 2471 de
2550 2418 2682 2472 urbe
2713 2416 3033 2480 educimus,
3078 2416 3181 2486 qui
3228 2415 3407 2471 nostri
3458 2424 3615 2480 sunt,

1916 2521 2050 2563 cum
2076 2521 2111 2561 a
2140 2507 2331 2562 carnis
2361 2506 2659 2562 desideriis
2702 2505 3106 2561 rationalitatis
3152 2504 3402 2575 insignia
3447 2519 3618 2575 sepa-

1916 2610 2136 2662 ramus,
2181 2595 2347 2665 quasi
2377 2609 2411 2650 a
2456 2595 2633 2665 paleis
2680 2608 2927 2665 granum
2967 2609 2980 2648 :
3016 2596 3311 2658 Emeamus,
3370 2593 3620 2663 Aposto—

1914 2684 2007 2740 lus
2034 2684 2132 2751 ait,
2174 2685 2247 2738 ad
2275 2687 2454 2739 Jesum
2485 2688 2644 2737 ea-tra
2673 2688 2855 2738 castra
2890 2682 3075 2753 (Hebr.
3113 2697 3192 2747 xr,
3227 2683 3318 2750 34)
3360 2696 3373 2736 :
3416 2696 3621 2737 sensus

1914 2782 2107 2830 autem
2149 2776 2322 2829 locum
2350 2774 2558 2841 delent,
2594 2788 2725 2829 cum
2761 2772 3194 2829 mundanorum
3240 2785 3434 2827 rerum
3470 2771 3619 2826 ima-

1914 2863 2256 2934 ginationes,
2310 2871 2654 2933 exterasque
2704 2862 2972 2927 visiones,
3018 2869 3305 2930 quantum
3356 2868 3615 2930 possunt,

1913 2966 1948 3008 a
1978 2968 2035 3008 se
2064 2952 2293 3008 abolent
2328 2957 2423 3006 95
2458 2967 2469 3005 :
2521 2952 2679 3007 locus
2725 2958 2915 3006 noster
2964 2949 3057 3005 hic
3088 2949 3345 3004 mundus
3392 2956 3493 3013 est,
3561 2948 3617 3003 in

102 3039 379 3095 occultare
434 3046 489 3093 te
540 3036 750 3107 putas?
804 3035 967 3092 Ratio
1013 3034 1232 3090 homini
1286 3035 1465 3091 fateor
1508 3036 1641 3091 data
1693 3044 1799 3105 est,
1839 3063 1881 3119 ο
1912 3056 2031 3111 quo
2087 3041 2375 3097 conﬂatur
2436 3040 2608 3111 juxta
2660 3039 2764 3095 Job
2829 3052 3043 3094 aurum
3099 3038 3212 3105 (Job
3269 3051 3470 3105 xxvm,
3535 3037 3611 3103 1),

103 3143 222 3198 quae
248 3128 373 3183 sine
406 3126 547 3183 ullis
573 3126 844 3181 'externze
877 3123 956 3179 rei
1003 3124 1420 3194 cupiditatibus
1451 3127 1563 3180 Deo
1593 3140 1799 3181 vacare

103 3217 310 3273 debeat.
353 3216 428 3271 Et
464 3217 587 3271 hzec
614 3214 948 3281 vernacula,
989 3221 1044 3269 et
1077 3222 1140 3269 ut
1172 3213 1253 3269 sic
1291 3213 1476 3269 dicam
1526 3214 1799 3286 indigena

101 3304 305 3360 homini
365 3311 485 3372 est;
549 3309 613 3358 tu
683 3308 877 3356 autem
939 3300 1255 3356 adventitia
1318 3301 1375 3355 in
1439 3301 1798 3357 conscientize

102 3393 329 3459 aditum,
366 3390 544 3463 quasi
581 3390 807 3453 ancilla,
848 3389 1208 3445 dominatum
1242 3389 1478 3445 imitans
1520 3390 1799 3447 fallaciter

103 3483 435 3553 ingrederis,
471 3495 606 3550 quae
644 3480 785 3535 vitia
815 3479 1137 3549 spiritualia
1166 3479 1550 3549 prosequeris,
1575 3488 1629 3535 et
1666 3495 1798 3535 cor-

102 3571 307 3642 poralia
338 3585 445 3641 pro
477 3570 597 3625 solo
629 3569 846 3638 pudore
890 3568 1145 3623 humano
1181 3567 1419 3639 refugis,
1456 3583 1632 3638 pensa
1680 3584 1798 3639 quo

101 3660 263 3716 animi
290 3660 501 3716 robore
538 3658 729 3713 sedem
760 3657 1039 3713 adversus
1069 3672 1172 3712 nos
1213 3657 1417 3727 judicii
1456 3665 1646 3713 tenere
1693 3672 1797 3727 po-

102 3749 251 3819 teris;
279 3762 396 3803 non
426 3762 571 3817 ergo
606 3753 720 3801 tam
753 3746 1064 3801 adversum
1086 3753 1214 3801 tuos
1244 3760 1448 3801 sensus
1497 3748 1797 3803 machinas

101 3837 419 3893 tentationis
449 3834 752 3907 erigimus,
795 3848 975 3906 quam
1014 3842 1213 3891 contra
1246 3835 1531 3891 reflandos
1583 3837 1665 3892 tui
1697 3844 1795 3892 tu-

103 3926 263 3982 moris
312 3939 499 3981 novos
567 3924 776 3989 fastus;
861 3923 990 3978 inde
1045 3923 1222 3995 igitur
1278 3924 1377 3979 Lot
1454 3924 1540 3979 isti
1607 3925 1794 3995 typico

105 4012 325 4069 internae
346 4012 704 4083 tempestatis
733 4012 903 4067 turbo
960 4012 1313 4082 congeritur.

166 4102 327 4159 Vnus.
380 4105 470 4169 l0,
512 4105 599 4155 ll.
654 4130 712 4141 —
758 4103 880 4155 Jam
926 4117 1094 4170 prope
1125 4106 1262 4167 erat,
1312 4106 1371 4154 ut
1419 4103 1794 4169 infringerent

104 4192 251 4255 fores.
288 4192 365 4246 Et
393 4206 511 4245 ecce
536 4192 803 4244 miserunt
829 4206 1051 4244 manum
1092 4190 1226 4255 viri,
1273 4195 1324 4243 et
1368 4191 1793 4246 introduxerunt

105 4279 170 4332 ad
196 4295 246 4333 se
292 4278 428 4347 Lot;
480 4280 899 4348 clauseruntque
950 4280 1186 4333 ostium:
1237 4284 1289 4332 et
1335 4294 1441 4342 eos,
1491 4282 1587 4347 qui
1635 4286 1792 4335 erant

1909 3130 2077 3186 vallis
2135 3130 2524 3199 lacrymarum
2576 3128 2736 3184 locus
2778 3141 2949 3197 quem
2997 3127 3187 3195 posuit
3239 3127 3411 3182 Deus.
3463 3126 3613 3181 Missi

1908 3226 2065 3284 sunt,
2096 3226 2159 3274 ut
2197 3218 2440 3287 perdant
2469 3230 2624 3283 eum,
2659 3216 2799 3285 quia
2839 3214 3033 3281 creati,
3066 3213 3155 3269 vel
3189 3213 3370 3278 missi,
3406 3227 3438 3269 a
3488 3226 3613 3267 cor-

1910 3306 2088 3377 porali
2122 3306 2334 3361 scilicet
2371 3304 2670 3374 voluptate
2698 3302 2889 3359 emissi
2930 3309 3083 3369 sunt,
3132 3309 3194 3357 ut
3226 3301 3613 3358 exterminent

1908 3395 1967 3449 in
2015 3394 2214 3464 seipsis
2254 3392 2459 3448 mundi
2518 3391 2867 3462 appetitum;
2920 3390 3085 3461 pravi
3144 3390 3299 3446 enim
3347 3390 3607 3446 desiderii

1906 3483 2169 3539 ululatus
2194 3482 2325 3537 inde
2356 3482 2544 3552 surgit
2580 3481 2651 3536 ad
2683 3481 2885 3535 Deum.

1982 3574 2147 3630 Vnus.
2202 3571 2291 3625 14.
2348 3601 2410 3611 -
2473 3573 2728 3638 Egressus
2780 3572 2965 3638 itaque
3016 3572 3116 3623 Lot
3159 3570 3365 3622 locutus
3407 3573 3486 3621 est
3535 3567 3610 3621 ad

1906 3678 2123 3733 generos
2164 3676 2308 3727 suos,
2348 3662 2446 3731 qui
2477 3662 2754 3729 accepturi
2788 3663 2944 3712 erant
2968 3660 3115 3727 ﬁlias
3145 3658 3282 3728 ejus,
3325 3661 3375 3711 et
3412 3656 3559 3710 dixit
3590 3675 3604 3712 :

1905 3754 2142 3821 Surgite,
2202 3756 2253 3805 et
2299 3751 2625 3818 egredimini
2672 3749 2738 3803 de
2800 3750 2908 3803 loco
2967 3752 3094 3816 isto,
3144 3750 3278 3816 quia
3349 3749 3607 3802 Dominus

1904 3842 2101 3896 delebit
2122 3843 2398 3894 civitatem
2446 3842 2642 3905 istam;
2694 3842 2744 3891 et
2786 3840 2937 3891 visus
2971 3842 3048 3891 est
3094 3839 3169 3891 eis
3209 3835 3370 3905 quasi
3418 3836 3607 3891 ludens

1903 3931 2068 3999 loqui.
2103 3928 2305 3985 Generi
2339 3934 2578 3997 possunt
2622 3926 2798 3981 altius
2839 3926 3081 3997 intelligi
3118 3939 3131 3978 :
3165 3926 3423 3982 diximus
3460 3927 3607 3982 duas

1902 4019 2066 4086 ﬁlias,
2117 4016 2441 4082 avaritiam,
2483 4023 2538 4071 et
2580 4014 2977 4081 cenodoxiam,
3039 4014 3180 4084 quia
3235 4029 3368 4069 cum
3422 4014 3603 4085 aliqui

1902 4108 2173 4178 proficere
2206 4107 2263 4161 in
2290 4104 2539 4183 alicujus
2586 4104 2720 4160 boni
2773 4104 2960 4173 operis
3009 4103 3366 4159 exhibitione
3420 4117 3603 4173 cmpe-

1901 4197 2038 4263 rint,
2073 4197 2142 4252 ad
2186 4193 2555 4251 ambitionem
2590 4192 2842 4259 honoris,
2893 4200 2995 4249 aut
3043 4191 3322 4262 pecuniae,
3355 4205 3457 4247 seu
3488 4191 3604 4247 hu-

1899 4284 2057 4340 mani
2088 4283 2302 4339 favoris
2334 4282 2594 4353 aspirant
2626 4297 2638 4336 :
2674 4282 2762 4338 ba:
2795 4281 2988 4352 itaque
3024 4280 3153 4335 tiliae
3194 4279 3371 4336 fluxae
3398 4278 3603 4335 mentis

105 4369 248 4435 foris.
316 4371 706 4438 Ρενουεεθηιηί
780 4370 1016 4421 emittite
1091 4383 1126 4419 α
1193 4369 1418 4421 minimo
1486 4383 1655 4438 usque
1717 4370 1792 4424 ad
1830 4366 2064 4430 Dﬂuidi
2097 4381 2231 4429 sunt
2259 4379 2589 4441 conceptus,
2621 4370 2830 4427 harum
2873 4384 3007 4425 vero
3038 4369 3248 4437 mariti,
3305 4369 3419 4424 imo
3461 4382 3603 4423 con-

106 4460 405 4525 maximum,
440 4459 525 4511 ita
566 4461 627 4510 ut
664 4458 861 4509 ostium
910 4457 1154 4509 invenire
1197 4470 1304 4509 non
1339 4462 1575 4525 possent.
1628 4458 1792 4513 Fores

108 4545 510 4615 infringuntur,
546 4558 680 4600 cum
724 4551 1007 4614 prmeepta
1062 4543 1180 4611 Dei,
1215 4551 1316 4599 aut
1373 4545 1559 4601 virtus
1589 4546 1789 4615 animi,

109 4647 212 4703 qua
238 4634 384 4689 Deus
414 4632 764 4699 admittitur,
801 4632 1097 4703 hostisque
1144 4632 1494 4700 excluditur,
1529 4635 1589 4690 in
1628 4635 1794 4690 nobis

112 4722 314 4778 diabolo
343 4724 616 4793 pulsante
646 4720 967 4791 laeduntur;
1001 4721 1097 4775 sed
1130 4736 1353 4775 manum
1381 4725 1489 4776 viri
1531 4724 1788 4793 mittunt,

110 4818 156 4865 et
187 4813 278 4865 Lot
322 4812 397 4865 ad
436 4827 493 4865 se
543 4809 939 4876 introducunt,
971 4824 1105 4865 cum
1151 4809 1496 4866 sensualitas
1542 4820 1792 4884 utraque

114 4899 297 4969 rejecta
328 4898 585 4957 naturali
616 4898 850 4954 mollitie
897 4898 1289 4954 fortitudinem
1333 4900 1555 4957 virilem
1585 4903 1791 4970 exerit,

112 4994 159 5041 et
182 5002 347 5045 manu
377 4988 562 5045 divini
597 4986 800 5043 auxilii
831 4988 1111 5043 rationem
1148 4987 1255 5042 sibi
1292 4988 1617 5059 astringens
1641 4990 1792 5046 inte-

116 5076 247 5133 riora
296 5078 450 5148 petit,
506 5084 566 5133 et
625 5079 842 5143 ostium,
913 5076 1191 5132 fenestras
1246 5077 1458 5133 scilicet
1513 5080 1790 5149 corporis,

117 5178 218 5234 qua
264 5182 414 5223 mors
486 5166 805 5231 subintrat,
860 5165 1128 5229 obstruit,
1207 5167 1406 5236 sicque
1455 5168 1793 5238 temporalia

118 5262 298 5310 cuncta
324 5271 455 5326 quae
500 5269 611 5311 nos
645 5254 872 5310 irritant
918 5268 952 5309 a
1003 5254 1256 5310 minimis
1293 5257 1363 5311 ad
1416 5258 1670 5312 maxima
1700 5265 1793 5313 ut-

120 5350 226 5408 pote
288 5342 709 5402 contemnendo
776 5343 1055 5409 destituit,
1120 5352 1175 5399 et
1239 5359 1390 5399 caeca
1454 5345 1638 5413 nullo,
1701 5348 1794 5401 vi-

120 5426 290 5487 delicet
318 5435 473 5505 quod
530 5432 643 5488 abs
686 5432 941 5502 quolibet
986 5431 1164 5502 probo
1197 5434 1523 5503 concupisci
1569 5435 1790 5504 debeat,

125 5522 479 5587 prosperitatis
534 5518 760 5577 lumine
830 5519 1051 5591 fulgere
1105 5521 1381 5589 ostendit;
1454 5537 1586 5592 quae
1659 5537 1792 5579 cum

124 5603 306 5664 fuerint
356 5610 628 5681 judicata
676 5608 828 5663 omni
887 5608 1074 5664 cordis
1130 5618 1391 5679 respectu
1439 5611 1511 5666 ad
1572 5618 1797 5681 tempus

1902 4470 2256 4534 stupratores
2286 4460 2601 4529 concupita;
2649 4460 2729 4514 rei
2770 4467 2926 4524 sunt,
2970 4459 3057 4515 vel
3114 4466 3368 4515 externae
3418 4457 3605 4513 laudis

1901 4552 2199 4620 obtentus;
2254 4548 2503 4604 obtentis
2555 4547 2709 4604 enim
2772 4562 2904 4618 quae
2969 4547 3257 4618 cupimus,
3324 4548 3490 4618 quasi
3543 4546 3599 4602 in

1901 4639 2156 4712 quadam
2221 4637 2473 4695 libidinis
2536 4636 2853 4706 expletione
2913 4635 3350 4705 jocundamur:
3407 4633 3601 4706 generi

1901 4743 2039 4800 ergo
2109 4726 2256 4783 filias
2320 4726 2634 4795 accepturi,
2694 4723 2920 4779 fructus
2964 4730 3102 4779 sunt
3163 4722 3494 4793 cupiditatis
3547 4730 3601 4778 et

1902 4818 2098 4890 gloriae
2130 4815 2338 4881 inanis,
2389 4814 2491 4885 qui
2520 4821 2931 4883 exspectantur
2968 4812 3220 4868 venturi.
3273 4812 3386 4867 Hos
3413 4824 3449 4867 a
3495 4810 3599 4867 So-

1901 4907 2073 4962 doma
2094 4906 2487 4967 dehortamur,
2515 4917 2648 4957 cum
2682 4901 2761 4957 nil
2803 4901 2863 4957 in
2906 4900 3117 4956 saeculo
3147 4913 3396 4970 sperare,
3441 4908 3494 4956 et
3526 4900 3600 4955 ab

1900 4995 2027 5066 ejus
2058 4992 2435 5049 similitudine
2465 4989 2772 5047 deformari
2804 5003 3141 5055 monemus;
3173 5003 3412 5060 surgere
3439 5003 3595 5056 vero,

1901 5091 2188 5153 torporem
2237 5080 2528 5150 repellere,
2586 5079 2799 5150 egredi,
2857 5092 3042 5134 mores
3086 5092 3301 5134 exuere
3332 5078 3597 5143 dicimus,

1902 5173 2043 5242 quia
2089 5170 2170 5226 sic
2210 5169 2418 5224 delebit
2476 5169 2533 5223 in
2580 5167 2789 5224 all‘ectu
2845 5174 3040 5223 nostro
3096 5166 3300 5223 mundi
3348 5180 3598 5223 amorem

1906 5259 2227 5317 Dominus:
2278 5258 2510 5313 videtur
2563 5265 2754 5313 tamen
2802 5257 2885 5313 eis
2930 5256 3096 5327 quasi
3159 5257 3366 5313 ludens
3416 5257 3598 5328 loqui,

1904 5350 2044 5420 quia
2068 5348 2332 5403 discretio
2364 5347 2602 5403 rationis
2642 5362 2755 5402 non
2800 5347 2870 5401 ad
2904 5346 3133 5416 plenum
3168 5360 3201 5401 a
3232 5347 3346 5401 Deo
3382 5346 3601 5401 illumi-

1904 5445 2072 5503 natae,
2102 5435 2181 5491 nil
2205 5435 2436 5501 serium,
2469 5435 2550 5491 nil
2577 5436 2798 5503 stabile,
2831 5442 2933 5491 aut
2966 5443 3185 5491 certum
3217 5435 3409 5490 carnis
3451 5435 3600 5491 valet

1906 5525 2154 5580 motibus
2198 5523 2468 5587 suadere;
2501 5539 2617 5579 non
2663 5524 2817 5579 enim
2876 5525 3133 5595 tangitur
3191 5523 3428 5593 spiritus
3486 5539 3599 5580 un-

1905 5613 2101 5684 guine.
2135 5612 2234 5668 Lot
2270 5619 2460 5668 autem
2502 5613 2572 5669 ad
2604 5627 2699 5669 eos
2745 5613 2867 5668 haec.
2926 5612 3229 5669 locuturus
3284 5612 3597 5682 egreditur,
