3956 6490
363 383 448 435 151
1260 378 1322 430 ν.
1364 377 1697 434 GUIBERTI
1738 378 2030 434 ABBATIS
2065 379 2121 434 S.
2165 376 2402 433 MARLE
2439 375 2530 432 DE
2569 376 2958 433 NOVIGENTO

3765 379 3788 428 -1
3804 379 3875 428 5‘2

354 511 495 584 quia
523 511 760 580 spiritus
787 510 979 566 carnis
1011 507 1302 564 illecebras
1330 506 1430 562 etsi
1488 521 1598 562 non
1621 507 1827 576 operis,
1863 513 2049 562 tamen
2091 508 2139 563 A
2168 506 2464 576 apostasia:
2517 505 2754 573 malum,
2817 505 3030 562 nedum
3081 522 3231 563 onus
3294 521 3464 577 super
3517 521 3609 564 me
3661 504 3882 562 levare

355 599 718 669 cogitationis
739 597 1141 668 praevolatione
1165 597 1271 652 ista
1292 595 1589 652 tractando
1611 595 2050 666 transgreditur.

427 690 600 748 Vsus.
655 691 739 742 l5.
791 715 866 729 —
913 688 1148 755 Cumque
1197 690 1332 739 esset
1389 701 1564 751 mane,
1615 685 1872 752 cogebant
1937 699 2055 738 eum

357 780 542 846 angeli
587 777 815 832 dicens:
850 777 1042 842 Surge,
1088 781 1138 830 et
1187 775 1308 828 tolle
1347 790 1568 828 uxorem
1617 779 1788 841 tuam,
1818 778 1868 827 et
1917 773 2054 829 duas

355 869 502 936 ﬁlias
549 881 686 936 quas
730 865 912 930 habes,
948 881 1013 918 ne
1055 869 1105 918 et
1157 869 1216 918 tu
1250 866 1466 933 pariter
1514 878 1705 933 pereas
1757 866 1814 916 in
1861 862 2058 918 scelere

358 957 618 1009 civitatis.
651 952 922 1020 Quandiu
965 951 1194 1007 turbam
1229 950 1405 1006 animi
1451 951 1722 1006 tentando
1777 950 2055 1020 patimur,

361 1057 476 1099 nox
515 1050 600 1098 est
633 1042 816 1106 nobis,
848 1048 904 1097 et
947 1053 1244 1096 moramur
1275 1039 1331 1094 in
1382 1038 1661 1105 Sodomis,
1693 1037 1752 1092 in
1800 1037 2054 1108 quadam

360 1129 577 1185 scilicet
617 1128 869 1184 caecitate
921 1125 1154 1182 mentis.
1217 1126 1289 1181 At
1345 1125 1457 1180 Deo
1500 1124 1685 1180 cordis
1745 1124 2056 1180 irradiante

359 1217 557 1273 sinum
596 1217 657 1273 fit
686 1229 871 1278 mane.
906 1222 961 1270 et
1005 1215 1261 1285 pristina:
1295 1213 1440 1268 illico
1485 1228 1587 1267 nos
1614 1212 1788 1282 pudet
1831 1213 2053 1282 cogita-

362 1305 566 1376 tionis;
597 1306 670 1361 ab
703 1305 840 1375 ipsis
867 1303 1022 1362 enim
1062 1304 1179 1374 jam
1211 1302 1474 1373 cogimur
1513 1301 1750 1371 angelis,
1793 1302 2058 1358 sensibus

361 1394 566 1466 utique
597 1395 824 1460 nostris,
857 1393 958 1464 qui
1003 1392 1220 1463 pridem
1263 1391 1620 1462 cogebantur
1650 1390 1886 1460 imperio
1937 1390 2055 1457 Lot,

364 1483 422 1539 id
463 1491 547 1538 est
573 1482 840 1548 rationis;
893 1488 1182 1551 coguntur
1230 1493 1483 1549 namque
1533 1478 1608 1534 ab
1651 1479 1874 1550 angelis
1925 1493 2058 1536 cum

361 1571 571 1628 rationi
596 1572 696 1642 jus
725 1570 846 1640 ipsa
889 1585 1008 1625 suae
1061 1569 1289 1623 nuntiat
1331 1567 1704 1632 necessitatis,
1752 1583 1864 1622 non
1901 1583 2059 1637 posse

363 1675 567 1716 sensus
625 1659 874 1716 cohiberi
938 1672 972 1711 a
1028 1655 1488 1726 concupiscentia
1539 1655 1599 1711 in
1658 1656 1935 1720 Sodomis,
2003 1657 2060 1712 in

362 1747 786 1804 cohabitatione
869 1745 1129 1800 videlicet
1198 1743 1494 1799 saecularis
1579 1745 2054 1815 conversationis;

364 1853 480 1893 non
513 1836 666 1893 enim
699 1841 880 1906 potest
910 1833 1224 1904 quisquam
1254 1847 1370 1887 non
1400 1839 1648 1888 aestuare
1673 1833 1728 1888 in
1761 1833 2008 1889 flammis
2040 1851 2052 1888 :

366 1926 549 1996 Surge
601 1939 758 1995 ergo,
817 1921 1112 1993 inquiunt,
1175 1929 1239 1978 tu
1283 1921 1500 1991 praevia
1555 1921 1720 1988 ratio,
1769 1921 1820 1976 id
1853 1930 1936 1978 est
1985 1923 2056 1978 ad

364 2015 520 2072 vitiis
558 2012 937 2070 resistendum
981 2011 1220 2081 erigere,
1278 2023 1540 2078 uxorem,
1573 2009 1627 2065 id
1659 2018 1745 2066 est
1789 2011 2060 2066 volunta-

365 2111 477 2161 tem
506 2111 688 2168 tuam,
721 2116 854 2173 quae
895 2115 1010 2156 non
1059 2100 1337 2156 hactenus
1377 2098 1520 2169 jugo
1551 2099 1760 2167 mariti,
1793 2100 1948 2170 quod
1976 2107 2061 2155 est

368 2191 711 2256 intellectus,
771 2189 953 2245 teneri
1010 2202 1070 2243 se
1145 2187 1492 2257 patiebatur,
1554 2187 1650 2242 sed
1721 2187 2062 2243 adulterinis

369 2279 576 2349 passim
627 2277 924 2334 amoribus
973 2275 1418 2340 distrahebatur,
1468 2275 1620 2339 tolle,
1675 2290 1800 2332 eam
1859 2277 2061 2346 utique

368 2383 502 2438 qua:
537 2376 588 2424 te
619 2366 768 2421 male
800 2365 1025 2430 tulerat,
1060 2364 1145 2420 uti
1177 2364 1490 2434 paralytieo
1544 2364 1756 2420 dicitur
1796 2366 1945 2434 (Luc.
2003 2381 2056 2430 v,

370 2456 480 2521 2i),
513 2454 708 2512 tollere
732 2455 874 2524 jam,
909 2453 1015 2508 hoc
1042 2461 1126 2507 est
1154 2467 1348 2523 regere
1377 2452 1548 2514 disce,
1582 2461 1637 2508 et
1673 2453 1888 2522 pariter
1918 2454 2064 2510 duas

372 2545 535 2609 filias,
569 2550 635 2600 ut
663 2542 914 2613 profecto
951 2541 1068 2611 jam
1102 2555 1218 2596 non
1251 2549 1478 2602 terrena
1529 2541 1585 2596 in
1640 2541 1916 2607 Sodomis,
1963 2542 2059 2597 sed

366 2632 615 2688 coelestia
662 2631 722 2686 in
761 2630 970 2685 divinis
1016 2629 1236 2699 cupias,
1295 2637 1351 2685 et
1395 2619 1630 2699 puritati
1661 2631 1852 2700 potius
1884 2645 2062 2700 quam

368 2721 529 2776 inani
588 2719 722 2776 foris
769 2718 966 2790 gloriae
1021 2718 1253 2774 studeas
1307 2732 1379 2773 ne
1433 2726 1488 2774 et
1546 2726 1609 2774 tu
1661 2719 1875 2789 pariter
1931 2734 2063 2776 cum

371 2823 571 2879 pecore
591 2807 777 2864 silenti
810 2820 1024 2877 pereas.

442 2897 611 2954 Vnus.
653 2897 733 2963 16,
791 2899 870 2950 l7.
922 2925 990 2935 —-
1040 2896 1427 2960 Dissimulante
1453 2895 1548 2949 illo
1588 2895 2065 2964 apprehenderunt

371 3001 590 3040 manum
631 3000 768 3054 ejus,
816 2989 866 3038 et
917 2999 1136 3038 manum
1178 2985 1388 3048 uxoris,
1435 2999 1499 3036 ac
1533 2983 1767 3038 duarum
1814 2986 2064 3053 filiarum

371 3076 506 3144 ejus,
562 3089 620 3128 eo
682 3072 828 3142 quod
871 3077 1115 3141 purcrret
1166 3072 1255 3125 illi
1312 3072 1605 3126 Dominus.
1663 3074 2062 3143 Posueruntque
2098 3090 2139 3146 ο
2171 3079 2278 3142 231,
2321 3090 2434 3131 11011
2461 3083 2546 3130 est
2575 3090 2746 3131 suum
2781 3075 2919 3130 dare
2951 3075 3418 3145 superbientibus
3447 3075 3649 3143 nobis;

371 3167 528 3214 castra
549 3162 822 3214 civitatem
854 3158 972 3232 [al.,
1004 3160 1085 3212 ibi
1119 3160 1283 3214 locuti
1307 3165 1434 3214 sunt
1472 3160 1546 3213 ad
1573 3159 1738 3230 eum],
1779 3161 1876 3214 ubi
1913 3161 2061 3215 locu-

372 3256 460 3305 tus
507 3256 585 3303 est
635 3249 709 3302 ad
737 3265 856 3302 eum
912 3249 1192 3302 Dominus.
1235 3249 1399 3303 Salva
1442 3251 1680 3302 animam
1729 3255 1899 3314 tuam,
1951 3251 2065 3304 noli

373 3341 636 3408 respicere
666 3342 785 3406 post
815 3344 1043 3404 tergum,
1083 3353 1178 3392 nec
1207 3343 1313 3392 stes
1345 3340 1404 3391 in
1444 3341 1590 3393 omni
1635 3342 1787 3393 circa
1828 3342 2058 3408 regione,

371 3427 468 3481 sed
485 3429 544 3481 in
581 3432 756 3481 monte
787 3429 996 3480 salvum
1027 3431 1076 3480 te
1104 3428 1214 3494 fac.
1245 3426 1710 3494 Dissimulamus,
1744 3442 1877 3484 cum
1915 3429 2064 3484 bona

370 3528 504 3584 qua;
534 3521 588 3570 et
626 3527 904 3569 sensuum
949 3528 1015 3569 ac
1053 3514 1532 3585 imaginationum
1585 3515 1841 3570 molestia
1870 3525 2064 3574 nostro

376 3601 605 3671 spiritui
651 3601 772 3657 fieri
811 3601 1116 3658 convenire
1147 3603 1399 3670 nuntiat,
1451 3603 1771 3660 differimus
1803 3619 1816 3658 :
1851 3619 2065 3676 appre-

375 3689 638 3746 hendunt
669 3705 876 3746 manus
899 3691 1046 3761 ejus,
1080 3693 1301 3758 uxoris,
1334 3706 1400 3747 ac
1429 3693 1698 3760 ﬁliarum,
1729 3708 1861 3749 cum
1905 3695 2065 3765 cogi-

374 3777 626 3842 tationis,
650 3777 1073 3848 sensualitatisq
1085 3793 1154 3833 ue
1173 3779 1349 3834 dubia
1366 3780 1433 3833 de
1445 3793 1502 3834 se
1523 3779 1826 3836 infirmitas
1847 3779 2065 3835 auxnlio

374 3865 630 3924 rationis.
678 3867 840 3923 bonze
871 3866 1205 3936 voluntatis,
1239 3869 1344 3934 pia;
1372 3868 1442 3922 ad
1493 3876 1689 3924 sancta
1728 3883 1898 3938 opera
1942 3868 2064 3924 avi-

373 3954 584 4020 ditatis,
619 3969 748 4009 cum
785 3969 884 4024 spe
913 3954 1109 4025 gloriae
1151 3970 1266 4010 non
1295 3956 1607 4025 inanitatis,
1649 3957 1745 4012 sed
1776 3956 2064 4012 aeternita-

374 4041 446 4096 tis
497 4042 716 4098 fortiter
767 4041 1120 4109 innituntur,
1172 4044 1370 4114 sicque
1418 4053 1580 4100 extra
1630 4045 1917 4100 civitatem
1971 4060 2067 4114 po-

375 4137 618 4196 nuntur,
650 4131 846 4200 sicque
873 4145 907 4186 a
940 4132 1138 4187 mundi
1167 4131 1460 4187 desideriis
1495 4133 1841 4189 alienantur.
1873 4134 2062 4201 Salva,

377 4219 566 4288 inquit
614 4219 890 4275 Dominus
945 4219 1172 4285 rationi,
1235 4221 1376 4290 quid
1425 4220 1570 4276 facto
1617 4236 1761 4290 opus
1805 4223 1875 4278 sit
1931 4222 2066 4278 insi-

375 4321 582 4373 nuans,
629 4310 880 4362 animam
925 4314 1101 4375 tuam,
1145 4308 1256 4364 noli
1313 4309 1590 4379 respicere
1639 4317 1762 4378 post
1815 4319 2062 4380 tergum,

2163 595 2386 661 molior,
2428 602 2746 651 retroactus
2784 594 3074 651 inveniam
3125 609 3323 652 casum
3358 611 3370 650 :
3411 602 3497 652 est
3530 595 3742 651 civitas
3779 593 3885 649 hic

2157 685 2348 756 juxta,
2375 683 2609 740 humilis
2629 683 2975 755 paenitentiae
3018 685 3258 740 firmitas
3299 686 3357 740 in
3389 692 3659 755 promptu
3699 683 3888 739 arbi—

2163 773 2256 828 trii
2306 780 2392 829 est
2439 774 2568 839 sita,
2610 787 2742 843 quae
2774 788 2903 826 cim
2954 773 3025 829 sit
3074 787 3274 843 parva,
3319 788 3433 828 non
3479 771 3677 843 captui
3740 786 3891 828 meo

2163 863 2334 918 nimis
2361 870 2614 929 austera,
2665 862 2745 918 ibi
2788 864 3046 918 salum-i1
3089 864 3330 933 captabo
3360 863 3624 933 perfugia
3659 877 3673 916 :
3716 876 3892 917 nun-

2162 951 2305 1020 quid
2339 965 2452 1006 non
2490 951 2714 1007 modica
2742 951 2871 1007 est?
2897 953 2980 1006 Ac
3009 951 3056 1006 si
3086 951 3296 1008 diceret
3330 967 3342 1006 :
3375 951 3423 1007 si
3469 966 3541 1008 ex
3590 950 3892 1020 superbia

2166 1040 2364 1109 primae
2394 1039 2727 1109 perditionis
2764 1039 2925 1110 origo
2978 1041 3268 1110 processit,
3316 1055 3507 1095 nonne
3538 1053 3638 1110 per
3679 1038 3892 1095 humi-

2165 1127 2339 1182 litatis
2403 1127 2820 1198 depressionem
2874 1141 2943 1183 ac
2988 1128 3320 1183 modestiam
3366 1127 3578 1183 salvari
3623 1126 3890 1183 licebit?

2168 1217 2359 1285 Vivat,
2414 1217 2624 1288 inquit,
2677 1218 2872 1272 anima
2913 1231 3058 1284 mea,
3113 1225 3434 1286 perseveret
3466 1217 3522 1272 in
3565 1225 3722 1273 statu
3759 1215 3893 1271 ali-

2165 1308 2335 1377 cujus
2364 1307 2497 1363 boni
2542 1307 2731 1379 operis
2767 1307 2883 1361 vita
2913 1321 3057 1360 mea.
3118 1306 3368 1374 Suscepi,
3425 1306 3504 1361 ait
3561 1306 3886 1370 Dominus,

2163 1398 2336 1451 etiam
2373 1396 2430 1450 in
2479 1395 2584 1451 hoc
2614 1409 2808 1465 preces
2839 1403 2986 1460 tuas,
3022 1401 3086 1450 ut
3125 1403 3240 1450 tam
3287 1394 3474 1450 ardua
3523 1395 3656 1450 vitae
3706 1393 3890 1450 insti-

2166 1493 2291 1540 tuta
2323 1485 2632 1554 refugiens,
2682 1484 2923 1550 modica,
2961 1483 3016 1539 id
3055 1491 3138 1538 est
3163 1483 3471 1538 mediocria
3500 1481 3886 1550 consecteris,

2168 1573 2294 1628 licet
2335 1574 2559 1642 justum
2617 1573 2926 1636 videretur,
2995 1572 3040 1627 si
3097 1572 3248 1627 Deus
3302 1571 3556 1626 districte
3599 1571 3890 1641 judicare

2167 1662 2512 1730 disponeret,
2539 1670 2601 1716 ut
2622 1662 2722 1731 qui
2756 1662 2905 1716 bona
2931 1675 3062 1732 qua:
3091 1667 3270 1730 potest
3294 1674 3463 1729 agere
3509 1660 3884 1726 dissimulat,

2170 1750 2262 1804 illa
2295 1750 2466 1805 etiam
2498 1764 2628 1819 quze
2658 1749 2779 1817 agit
2816 1749 3049 1819 perdere
3073 1748 3306 1817 debeat;
3356 1748 3560 1804 merito
3605 1763 3888 1818 namque

2170 1838 2293 1908 ipsa
2321 1837 2631 1908 paenitendi
2648 1837 2870 1893 allectio
2893 1838 2950 1892 in
2979 1837 3670 1903 hominesubverteretur,
3690 1838 3802 1907 qui
3823 1837 3888 1892 in

2166 1927 2292 1982 aliis
2319 1927 2533 1996 quibus
2547 1926 3052 1996 potestvirtutibus
3066 1941 3180 1981 nou
3201 1933 3540 1981 exercetur:
3571 1940 3708 1981 cum
3730 1940 3888 1996 ergo

2167 2015 2341 2071 statui
2374 2023 2568 2070 nostro
2617 2016 2768 2070 Deus
2822 2015 2948 2070 licet
2982 2015 3170 2084 tepido
3213 2014 3633 2081 condescendit,
3670 2023 3889 2084 aperte

2171 2104 2359 2159 innuit
2387 2104 2527 2173 quia
2549 2119 2680 2159 cum
2705 2104 2949 2175 gratiam
2979 2103 3442 2173 compunctionis
3462 2103 3624 2158 nobis
3650 2103 3888 2172 impen-

2169 2193 2271 2259 dit,
2301 2192 2356 2246 id
2393 2205 2637 2260 parvum
2662 2193 2816 2262 quod
2852 2197 2948 2246 *16
2975 2192 3230 2261 gerimus
3259 2207 3374 2246 nou
3407 2192 3644 2260 respuit,
3668 2192 3752 2247 sic
3777 2206 3887 2248 ur-

2171 2281 2296 2335 bem
2330 2295 2505 2348 quam
2535 2280 2805 2351 eligimus
2845 2280 3115 2350 quamvis
3141 2293 3377 2350 parvam
3406 2295 3520 2335 non
3559 2279 3880 2335 subvertit.

2241 2369 2414 2424 Vsus.
2447 2372 2536 2423 22.
2577 2399 2645 2410 -
2675 2371 2920 2433 Festina,
2952 2375 3003 2423 et
3030 2370 3246 2422 sulcare
3283 2370 3381 2422 ibi.
3416 2369 3474 2424 id
3515 2376 3598 2425 est
3642 2369 3688 2423 si
3738 2383 3885 2424 m0-

2170 2455 2302 2512 dica
2345 2457 2528 2528 eligis,
2581 2458 2640 2513 in
2691 2459 2779 2514 his
2823 2458 3023 2513 saltem
3067 2458 3452 2528 exsequendis
3507 2457 3766 2518 sedulus,
3823 2465 3884 2513 et

2170 2547 2358 2602 alacer
2386 2555 2525 2612 esto,
2574 2546 2774 2601 festiue
2827 2561 3147 2616 procurans
3199 2547 3250 2601 in
3284 2561 3400 2615 quo
3453 2547 3715 2602 salveris.
3751 2549 3885 2600 Non

2166 2641 2352 2704 potero
2380 2637 2559 2702 facere
2583 2637 2907 2704 quidquam,
2937 2635 3100 2689 donec
3131 2635 3462 2702 ingrediaris
3493 2636 3638 2690 illuc.
3663 2633 3885 2702 Quan-

2171 2723 2271 2778 diu
2301 2723 2452 2778 enim
2493 2723 2645 2778 vitiis
2693 2723 3078 2792 acquiescere,
3124 2722 3436 2778 bestialiter
3468 2722 3634 2778 silere
3699 2722 3883 2777 dulce

2174 2810 2452 2867 habemus
2495 2810 2552 2864 in
2591 2810 2867 2873 Sodomis,
2924 2825 3037 2865 non
3093 2817 3271 2879 potest
3339 2811 3490 2865 Deus
3539 2809 3878 2880 quidquam

2170 2897 2396 2968 operari
2423 2897 2652 2954 virtutis
2689 2897 2748 2952 in
2782 2898 2966 2964 nobis,
3001 2912 3137 2952 nam
3168 2905 3231 2953 ut
3277 2897 3405 2952 filiis
3433 2898 3685 2953 Zebedzei
3721 2897 3881 2953 dici—

2174 2996 2308 3043 tur:
2337 2987 2531 3042 sedere
2577 2987 2647 3042 ad
2679 2987 2964 3049 dextram,
3010 2986 3099 3042 vel
3151 2985 3442 3042 sinistram
3492 2987 3710 3057 (Matth.
3761 3001 3879 3053 xx,

3707 3075 3882 3144 prius

2170 3163 2323 3220 enim
2353 3163 2671 3219 secundum
2703 3163 2858 3233 quod
2880 3163 3021 3218 alias
3050 3163 3225 3218 dicit:
3258 3162 3541 3218 daemonia
3581 3163 3760 3232 ejicit,
3822 3171 3882 3219 et

2171 3253 2254 3309 sic
2281 3253 2514 3308 demum
2558 3252 2830 3307 sanitates
2885 3251 3124 3322 perficit,
3159 3252 3310 3323 quod
3351 3265 3725 3322 nequaquam
3760 3253 3878 3307 nisi

2171 3341 2365 3412 ejectis
2407 3339 2768 3396 daemonibus
2798 3340 2918 3394 fieri
2950 3339 3158 3409 possit;
3212 3354 3327 3394 non
3359 3341 3512 3394 enim
3563 3340 3724 3396 adest
3765 3355 3876 3396 au-

2171 3429 2332 3491 ditio,
2363 3428 2474 3484 nisi
2517 3427 2700 3498 primo
2738 3427 2991 3484 surditas
3035 3428 3419 3484 excludatur:
3469 3427 3880 3499 ingrediamur

2177 3517 2353 3588 igitur
2379 3524 2590 3572 sanctae
2633 3516 2974 3572 modicitatis
3011 3516 3258 3586 asylum,
3289 3523 3353 3572 ut
3382 3516 3648 3572 abdicata
3686 3517 3880 3573 obsti-

2175 3605 2404 3660 natione
2428 3603 2662 3674 peccati,
2695 3603 2880 3659 valeat
2903 3605 3073 3670 Deus,
3102 3603 3205 3673 qui
3241 3603 3321 3658 nil
3373 3602 3650 3672 injustum
3685 3603 3881 3659 facere

2179 3693 2465 3764 praevalet,
2498 3693 2838 3748 medicinam
2883 3691 3047 3746 nobis
3094 3691 3366 3746 adhibere
3411 3691 3730 3760 virtutum;
3787 3692 3881 3746 in-

2169 3782 2393 3853 justum
2423 3795 2678 3851 namque
2705 3787 2873 3846 esset,
2907 3779 2953 3835 si
2984 3778 3210 3834 diabolo
3239 3779 3529 3834 hominem
3562 3779 3882 3848 possidenti

2175 3871 2325 3924 Deus
2378 3869 2588 3938 pariter
2650 3867 3032 3934 cohabitaret;
3091 3868 3374 3937 impotens
3431 3880 3570 3937 ergo
3630 3867 3701 3921 ad
3762 3867 3882 3922 hoc

2176 3972 2411 4028 prorsus
2450 3958 2600 4012 Deus
2645 3964 2747 4012 est.
2798 3956 3008 4010 Idcirco
3059 3962 3306 4010 vocatum
3357 3960 3436 4009 est
3477 3971 3667 4008 nomen
3714 3956 3880 4009 urbis

2173 4047 2322 4100 illius
2365 4047 2568 4112 Segor:
2623 4044 2702 4100 sol
2752 4058 3020 4114 egressus
3073 4058 3244 4113 super
3274 4051 3484 4098 terram
3543 4050 3597 4098 et
3642 4043 3742 4098 Lot
3799 4043 3881 4098 in-

2175 4148 2405 4205 gressus
2454 4133 2646 4204 Segor.
2709 4131 2886 4202 Segor
2932 4133 3342 4202 interpretatur
3379 4130 3720 4196 meridiana,
3780 4131 3876 4188 vel

2170 4237 2390 4291 parva:
2424 4235 2604 4291 parva
2647 4221 2719 4277 ob
2751 4219 3154 4286 humilitatem,
3199 4220 3510 4274 meridiano
3541 4227 3774 4288 propter
3815 4219 3872 4274 in

2172 4318 2313 4366 aestu
2358 4309 2630 4366 vitiorum
2677 4307 3200 4373 obumbrationem;
3254 4308 3440 4364 virtus
3485 4309 3637 4364 enim
3692 4307 3876 4364 Altis-

375 4394 427 4449 id
458 4401 542 4448 est
572 4409 642 4450 ne
690 4403 910 4464 repetas
937 4410 1025 4462 ea,
1059 4395 1274 4466 quibus
1313 4396 1552 4452 intulisti
1587 4395 1680 4469 [r.,
1729 4397 2059 4469 indulsisti],
2103 4389 2146 4442 Ι)
2176 4399 2325 4466 simi,
2349 4413 2480 4468 quae
2511 4397 2676 4456 nobis
2702 4398 3026 4462 obumbrat,
3060 4412 3174 4452 non
3204 4397 3313 4452 nisi
3341 4411 3516 4466 super
3562 4395 3873 4460 humilem,

372 4484 786 4538 contemnendo
812 4483 1069 4550 dorsum,
1117 4499 1223 4540 nee
1267 4485 1344 4540 sis
1390 4485 1683 4552 vitiorum,
1733 4500 1865 4555 qua;
1895 4485 2064 4541 abdi-

370 4572 530 4637 casti,
583 4571 840 4626 materiei
871 4571 1200 4643 contiguus,
1260 4573 1418 4628 verbi
1487 4574 1692 4644 gratia,
1762 4573 1876 4630 noli
1944 4589 2066 4630 esse

370 4658 560 4713 affinis
595 4659 952 4727 mulieribus,
986 4668 1216 4730 propter
1255 4661 1409 4730 quod
1457 4661 1732 4716 relabaris
1777 4661 1833 4717 in
1879 4662 2061 4732 pejus,

371 4747 467 4802 sed
501 4747 558 4802 in
609 4755 880 4812 montem,
917 4749 972 4803 in
1025 4755 1543 4819 quantamcunque
1589 4749 1801 4805 scilicet
1833 4749 2066 4806 virtutis

368 4833 766 4891 excellentiam
815 4836 988 4892 altius
1035 4836 1171 4892 eniti
1201 4845 1358 4907 potes
1400 4837 1638 4908 emigra,
1688 4851 1761 4892 ne
1807 4851 1880 4893 ex
1926 4837 2064 4893 mali

369 4922 616 4979 confinio
645 4923 744 4979 tibi
771 4924 1068 4980 oboriatur
1089 4925 1310 4980 occasio
1334 4925 1505 4980 saluti
1547 4927 1854 4981 contraria.

441 5011 611 5068 Vens.
650 5012 732 5079 l8,
761 5014 844 5080 19,
869 5013 956 5080 20,
983 5016 1072 5067 21.
1096 5042 1156 5052 -
1174 5015 1294 5068 Νοη
1311 5029 1552 5082 possum,
1577 5014 1786 5084 inquit,
1816 5015 2063 5079 Domine,

368 5101 578 5153 salvari
607 5102 664 5153 in
706 5106 898 5168 monte,
938 5117 1004 5155 ne
1030 5105 1174 5168 forte
1207 5103 1580 5170 apprehendat
1620 5119 1703 5156 me
1743 5105 1966 5166 malum,
2015 5108 2065 5156 et

367 5189 593 5242 moriar.
637 5191 734 5244 Est
766 5192 960 5244 civitas
993 5191 1078 5243 hic
1104 5191 1294 5258 juxta,
1319 5190 1394 5243 ad
1422 5206 1585 5258 quam
1615 5205 1832 5260 possum
1851 5194 2062 5259 fugere,

367 5288 564 5343 parva,
586 5280 637 5328 et
660 5277 912 5330 salvabor
937 5279 995 5330 in
1015 5293 1097 5342 ea,
1123 5279 1376 5346 nunquid
1393 5295 1498 5334 non
1517 5279 1727 5333 modica
1739 5285 1836 5346 est,
1859 5285 1910 5332 et
1924 5282 2066 5332 vicet

369 5364 556 5416 anima
597 5365 758 5417 mea?
784 5367 935 5432 Ecce,
968 5365 1047 5421 ait
1093 5366 1390 5433 Dominus,
1427 5369 1592 5420 etiam
1623 5369 1681 5420 in
1711 5367 1806 5421 hoc
1851 5369 2065 5434 suscepi

366 5465 548 5519 preces
580 5457 722 5520 tuas,
755 5458 816 5506 ut
849 5468 956 5507 non
980 5455 1290 5510 subvertam
1329 5455 1535 5524 urbem,
1581 5471 1684 5524 pro
1715 5470 1824 5524 qua
1853 5454 2062 5509 locutus

367 5539 469 5593 es?
511 5539 637 5595 Non
667 5555 900 5611 possum
937 5542 1148 5600 salvari
1194 5544 1251 5598 in
1304 5549 1518 5610 monte,
1567 5541 1626 5597 in
1675 5541 1849 5597 nimis
1877 5541 2062 5598 arduo

365 5628 683 5686 sanctitatis
725 5643 914 5702 opere,
965 5644 1035 5687 ne
1065 5631 1458 5704 apprehendat
1513 5643 1605 5686 me
1623 5629 1906 5697 elationis,
1961 5637 2063 5686 aut

2171 4495 2228 4544 et
2283 4486 2545 4558 quietum
2591 4485 2871 4553 illabitur,
2925 4499 3042 4556 quo
3099 4485 3332 4540 nomine
3377 4483 3696 4554 spiritualis
3759 4483 3878 4540 ista

2177 4575 2417 4631 munitio
2447 4574 2518 4630 ad
2547 4587 2726 4644 quam
2764 4573 3149 4643 confugimus,
3185 4573 3386 4628 merito
3414 4572 3749 4643 insignitur.
3802 4604 3875 4612 —

2176 4662 2372 4731 (Vens.
2416 4661 2533 4731 23.)
2586 4661 2700 4730 Sol,
2757 4661 2948 4716 fervor
2975 4660 3188 4716 scilicet
3232 4659 3561 4716 tentationis
3591 4673 3664 4714 ex
3695 4659 3876 4715 insita

2173 4750 2397 4820 corpori
2427 4750 2902 4820 eorruptibilitate
2921 4748 3215 4820 egreditur
3230 4763 3406 4817 super
3432 4756 3662 4816 terram,
3697 4747 3754 4804 id
3784 4758 3874 4805 est

2174 4840 2243 4895 ad
2279 4839 2459 4908 ipsam
2491 4839 2874 4908 corporalium
2900 4846 3158 4894 motuum
3187 4837 3429 4892 velimus
3458 4836 3710 4891 nolimus
3736 4837 3873 4892 effi—

2171 4928 2459 4994 cientiam,
2493 4926 2591 4982 sed
2623 4929 2738 4994 Lot,
2771 4927 2916 4982 ratio
2967 4925 3229 4981 videlicet
3258 4933 3474 4990 nostra,
3507 4924 3664 4980 subit
3695 4926 3871 4994 quasi

2174 5014 2464 5084 quoddam
2493 5013 2900 5070 umbraculum
2924 5013 3118 5083 Segor,
3153 5013 3206 5067 id
3239 5019 3323 5067 est
3345 5010 3750 5068 humilitatem.

2247 5102 2414 5157 Vens.
2458 5104 2546 5167 24,
2593 5104 2680 5167 25,
2729 5104 2818 5156 26.
2866 5130 2939 5142 -
2987 5103 3167 5169 Igitur
3209 5103 3463 5154 Dominus
3520 5101 3665 5170 pluit
3702 5115 3872 5168 super

2174 5190 2459 5245 Sodomam
2490 5196 2542 5244 et
2577 5191 2934 5244 Gomorrham
2981 5191 3216 5258 sulphur
3262 5195 3312 5243 et
3348 5191 3526 5258 ignem
3568 5204 3602 5242 a
3642 5191 3868 5244 Domino

2172 5280 2238 5331 de
2281 5279 2448 5332 cailo:
2499 5282 2550 5331 et
2596 5277 2862 5332 subvertit
2906 5280 3155 5332 civitates
3208 5278 3328 5340 has,
3377 5282 3428 5331 et
3477 5293 3682 5332 omnem
3720 5282 3868 5333 circa

2171 5369 2436 5434 regionem
2465 5369 2741 5421 universos
2785 5367 3116 5421 habitatores
3147 5365 3384 5433 urbium,
3417 5371 3468 5420 et
3497 5371 3687 5420 cuncta
3708 5378 3868 5422 ten-at

2171 5457 2427 5508 virentia.
2473 5455 2892 5524 Respiciensque
2917 5470 3060 5508 umor
3087 5455 3203 5522 ejus
3230 5459 3354 5524 post
3381 5469 3454 5519 se,
3486 5469 3644 5508 versa
3686 5459 3768 5508 est
3807 5459 3866 5511 in

2170 5548 2408 5596 statu-im
2453 5544 2608 5597 satis.
2670 5543 2821 5598 Pluit
2888 5543 3168 5598 Dominus
3223 5556 3396 5612 super
3459 5541 3763 5599 Sodomam
3808 5552 3864 5600 et

2170 5629 2572 5697 Gomorrham,
2611 5645 2746 5686 cum
2794 5643 2896 5700 per
2925 5629 3358 5685 instillatiouem
3413 5643 3681 5701 supernae
3738 5646 3857 5689 mo-
