3956 6422
106 382 195 433 133
1291 374 1657 432 ΜοΒΑιΙυΜ
1706 376 1737 430 II

1977 375 2123 430 ESIN
2175 376 2306 432 LIB.
2364 378 2422 430 V.
3519 383 3616 437 154

99 515 329 572 nitionis
354 513 618 580 fetorem,
653 512 754 584 qui
801 512 1069 585 signatur
1097 512 1158 567 in
1215 511 1515 583 sulphure,
1561 517 1616 568 et
1666 525 1801 567 cru-
1839 512 1883 564 Α
1917 510 2112 583 digna,
2144 525 2322 582 quam
2354 512 2735 582 praetulimus,
2768 514 3025 583 intentio,
3057 529 3130 571 ex
3180 516 3429 574 duarum
3465 517 3616 574 filia-

99 604 309 661 ciatum
336 604 440 674 qui
492 603 553 658 in
610 602 760 673 igne,
805 602 1063 668 czecitati,
1115 608 1170 656 et
1220 600 1484 656 seditioni
1527 598 1801 656 vitiorum

98 694 451 749 demonstrat
486 691 653 748 nobis
678 691 879 746 inesse.
916 691 1138 746 Bonum
1187 696 1475 761 quantum
1527 690 1586 746 in
1632 690 1801 746 nobis

97 790 197 848 est,
229 780 401 851 quasi
433 782 587 836 Deus
625 794 726 835 nos
753 780 1020 835 habitans
1063 787 1146 835 est
1187 795 1200 834 :
1253 779 1528 835 Dominus
1551 794 1708 850 ergo,
1744 779 1799 834 id

96 878 175 927 est
210 870 440 926 bonitas
469 870 530 925 in
560 869 725 924 nobis
758 869 990 939 degens,
1043 882 1078 924 a
1129 868 1366 924 Domino
1393 868 1608 935 haurit,
1643 868 1797 938 quod

100 960 258 1015 nobis
304 959 374 1015 de
415 958 580 1025 coelo,
637 957 859 1014 ratione
915 957 1128 1013 scilicet
1184 956 1467 1013 divinitus
1515 964 1667 1013 tacta
1726 957 1800 1013 ad

96 1048 514 1104 subvertendos
540 1047 829 1104 daemones
849 1047 1199 1102 habitatores
1230 1046 1486 1112 urbium,
1522 1060 1801 1104 sensuum

98 1139 296 1208 utique
354 1145 687 1193 nostrorum
736 1135 883 1207 pluit
932 1149 945 1189 :
1003 1149 1231 1191 omnem
1290 1135 1437 1191 circa
1482 1136 1795 1207 regionem,

98 1225 295 1279 mundi
319 1224 683 1287 afﬁnitatem,
720 1231 775 1279 et
814 1230 1022 1279 cuncta
1051 1230 1220 1278 terrae
1248 1223 1517 1291 virentia,
1555 1231 1799 1280 terrenae

98 1313 211 1383 spei
242 1313 519 1384 quaelibet
557 1311 936 1380 delectabilia,
960 1311 1069 1367 hac
1101 1312 1253 1368 Deus
1283 1312 1569 1369 inlusione
1600 1312 1797 1384 cogni-

99 1403 263 1458 tionis
327 1402 669 1473 exstinguit,
741 1408 1029 1473 quantum
1095 1408 1336 1471 puteant
1391 1410 1799 1472 quantumque

98 1492 352 1548 crucient
391 1491 704 1547 criminum
751 1506 926 1558 cura),
962 1498 1222 1560 patenter
1265 1491 1529 1546 ostendit.
1583 1492 1710 1547 Post
1740 1506 1799 1547 se

98 1589 284 1636 autem
317 1594 475 1637 uxor
530 1581 630 1636 Lot
675 1579 925 1650 respicit,
987 1594 1117 1635 cum
1168 1579 1318 1635 bona
1372 1580 1643 1636 voluntas
1676 1579 1799 1650 pri-

97 1670 219 1725 dem
251 1668 594 1726 medullitus
625 1670 826 1725 innixa
857 1668 1063 1724 rationi
1112 1669 1184 1724 ad
1218 1683 1286 1725 ea
1317 1683 1448 1740 quae
1480 1676 1794 1739 spreverat,

98 1756 288 1812 saeculi
331 1755 754 1811 oblectamenta
802 1755 1121 1826 appetenda
1182 1755 1417 1825 tepescit
1470 1775 1481 1808 :
1548 1763 1675 1825 post
1739 1770 1798 1813 se

98 1844 343 1915 respicit,
377 1859 517 1901 cum
547 1853 783 1915 accepto
821 1852 976 1900 statu
1010 1844 1281 1900 deficiens
1313 1844 1467 1901 infra
1510 1859 1569 1901 se
1626 1845 1797 1916 quip-

101 1935 246 2005 piam
300 1933 664 2003 concupiscit
713 1948 726 1987 :
770 1933 866 1988 sed
914 1932 1163 1988 vertitur
1217 1932 1276 1988 in
1337 1940 1587 1989 statuam
1639 1932 1796 2001 salis,

100 2038 226 2080 cum
266 2024 420 2079 hanc
455 2023 753 2093 apostasiae
785 2022 1190 2079 hebetudinem
1222 2022 1691 2078 animadvertens
1739 2022 1801 2078 in

100 2127 153 2168 se
182 2110 487 2182 redarguit
525 2111 801 2181 sapientia
831 2110 1128 2180 salutaris;
1163 2124 1299 2165 nam
1347 2124 1513 2165 suam
1546 2111 1619 2165 ad
1674 2112 1800 2180 ple-

101 2214 234 2255 num
281 2199 676 2266 stoliditatem,
724 2212 902 2267 quam
950 2204 1139 2254 statua
1179 2198 1391 2270 signat,
1443 2198 1796 2270 dignoscere,

100 2303 226 2359 pars
256 2289 517 2345 maxima
546 2295 630 2343 est
658 2287 928 2355 scientia,
965 2302 1096 2358 quae
1118 2295 1353 2343 notatur
1381 2288 1439 2343 in
1469 2288 1619 2344 sale.’

164 2378 335 2435 Vens.
378 2382 472 2444 27,
528 2379 619 2431 28.
659 2406 727 2416 -—
782 2376 1071 2431 Abraham
1118 2391 1442 2445 consurgens
1484 2391 1660 2445 mane,
1705 2378 1802 2433 ubi

101 2472 313 2522 steterat
364 2469 529 2537 prius
585 2482 704 2520 cum
735 2468 975 2528 Domino,
1021 2466 1258 2521 intuitus
1307 2473 1386 2520 est
1433 2466 1720 2521 Sodomam
1749 2472 1800 2521 et

105 2558 472 2623 Gomorrham,
541 2559 593 2608 et
672 2557 986 2609 universam
1048 2560 1250 2610 terram
1314 2557 1553 2623 regionis
1607 2557 1795 2623 illius;

101 2646 340 2713 viiitque
371 2643 745 2699 ascendentem
763 2645 1021 2710 favillam
1069 2643 1134 2698 de
1164 2649 1312 2698 terra
1351 2647 1513 2713 quasi
1552 2644 1798 2711 fornacis

102 2736 324 2799 fumum.
376 2733 675 2789 Abraham
728 2746 899 2789 mane
955 2734 1272 2803 consurgit,
1308 2748 1442 2789 cum
1486 2735 1601 2789 Deo
1635 2749 1694 2790 se
1733 2734 1800 2789 il-

105 2822 377 2879 lustrante
424 2823 498 2878 ad
532 2822 734 2878 altiora
763 2837 925 2879 mens
953 2823 1396 2893 contemplanda
1438 2838 1497 2879 se
1526 2823 1796 2893 subrigit,

107 2911 158 2965 in
190 2912 456 2967 eumdem
517 2925 776 2981 regressa
822 2918 1063 2978 statum,
1114 2913 1172 2968 in
1222 2927 1342 2982 quo
1388 2912 1458 2968 de
1515 2913 1799 2968 mentium

108 3000 211 3055 situ
248 3000 538 3056 bonarum
571 3014 672 3069 per
725 3014 1102 3056 numerorum
1154 3000 1372 3071 gradus
1410 2999 1802 3056 altercabatur

1910 613 2062 667 rum,
2096 615 2244 671 quas
2275 601 2671 672 exposuimus,
2718 603 3140 661 cohabitatione
3188 606 3416 663 funesta
3445 616 3615 663 nota-

1909 697 2009 746 tur
2041 705 2054 744 :
2087 690 2377 760 praedictis
2409 691 2603 762 itaque
2633 706 2704 748 ex
2756 692 2946 748 causis
2978 693 3032 749 in
3090 694 3279 764 tepido
3322 696 3490 767 quasi
3541 695 3612 752 ti-

1910 793 2070 834 mens
2126 779 2431 848 persistere
2476 781 2714 836 vivendi
2771 782 2958 846 modo,
3019 782 3127 839 hoc
3172 791 3255 839 est
3312 784 3366 839 in
3417 783 3610 856 Segor,

1908 868 2115 923 transit
2131 868 2189 923 in
2214 877 2491 936 montem,
2512 869 2589 926 ibi
2607 879 2799 926 tamen
2820 871 2878 927 in
2900 873 3176 942 spelunca
3194 872 3479 940 victurus,
3505 874 3609 944 qui

1910 957 2164 1014 ferarum
2195 966 2250 1014 et
2279 958 2575 1016 latronum
2622 968 2706 1015 est
2731 959 2911 1029 locus,
2957 961 3099 1032 quia
3138 962 3231 1017 cui
3259 962 3399 1018 tales
3429 964 3613 1019 comi-

1909 1047 2045 1103 tiam
2079 1047 2337 1117 praebent
2368 1047 2517 1114 ﬁliae,
2552 1049 2813 1105 crudeles
2847 1064 3152 1120 nunquam
3185 1050 3393 1106 deserit
3436 1065 3611 1122 appe-

1912 1136 2067 1193 titus.
2091 1165 2163 1177 —
2184 1136 2359 1191 Vnus.
2384 1139 2443 1192 3t
2460 1136 2496 1207 .)
2525 1139 2668 1192 Dicit
2687 1154 2811 1206 ergo
2830 1137 3010 1209 major
3033 1139 3106 1193 ad
3125 1142 3414 1194 minorem:
3448 1141 3612 1195 Pater

1908 1232 2090 1282 noster
2113 1241 2276 1279 senem
2304 1232 2403 1292 est,
2436 1232 2486 1279 et
2530 1227 2712 1280 nullus
2760 1230 3005 1281 virorum
3058 1231 3326 1282 remansit
3353 1233 3408 1282 in
3441 1234 3610 1298 terra,

1909 1318 2006 1385 qui
2032 1316 2207 1384 possit
2230 1314 2450 1381 ingredi
2477 1315 2552 1368 ad
2583 1330 2679 1369 nos
2701 1316 2874 1384 juxta
2904 1331 3103 1370 morem
3135 1319 3402 1371 universe
3432 1322 3606 1373 terra.

1912 1409 2004 1458 η
2066 1403 2248 1473 Major
2290 1404 2607 1459 cenodoxia
2654 1405 2889 1460 omnino
2933 1412 3083 1460 recte
3133 1405 3436 1475 accipitur,
3478 1420 3611 1477 quae

1908 1506 2041 1548 cum
2068 1491 2217 1547 bona
2244 1500 2530 1561 operetur,
2564 1493 2620 1547 id
2676 1507 2789 1547 non
2828 1493 2968 1563 agit,
3030 1501 3090 1549 ut
3134 1495 3285 1550 Deus
3316 1494 3608 1564 glorifice-

1906 1586 2025 1645 tur,
2048 1580 2145 1635 sed
2168 1580 2336 1650 quasi
2368 1580 2621 1650 quadam
2656 1580 3052 1648 idolololatria,
3086 1597 3152 1637 ac
3181 1583 3506 1653 sacrilegio,
3552 1590 3616 1637 ut

1908 1668 2078 1723 homo
2121 1675 2465 1738 praepostere
2529 1669 2879 1739 bonoretur;
2938 1670 3200 1740 loquitur
3241 1685 3383 1742 ergo
3437 1685 3615 1727 ceno-

1907 1756 2080 1812 doxia
2106 1757 2177 1812 ad
2207 1757 2602 1826 cupiditatem,
2636 1757 2776 1813 dum
2808 1758 2965 1828 quod
3007 1758 3288 1814 violenter
3338 1759 3463 1829 rapi
3498 1773 3614 1815 non

1910 1853 2108 1916 potest,
2166 1847 2428 1917 suggerit
2458 1847 2683 1918 acquiri
2735 1862 2895 1917 posse
2927 1863 3028 1917 per
3075 1848 3397 1904 sanctitatis
3426 1849 3614 1904 simu-

1908 1935 2201 1991 lationem.
2239 1936 2406 1989 Pater
2435 1941 2637 2001 noster,
2668 1937 2901 1992 animus
2930 1937 3161 2002 scilicet,
3192 1936 3291 2006 qui
3324 1937 3476 1993 malo
3509 1951 3615 1993 suo

1911 2023 2051 2080 tales
2099 2023 2374 2095 genitrice
2408 2024 2630 2080 carnali
2680 2023 2980 2080 atfeetione
3029 2027 3251 2093 genuit,
3283 2041 3465 2092 senex,
3519 2027 3611 2080 in-

1909 2113 2056 2184 quit,
2102 2120 2205 2180 est,
2268 2113 2341 2168 ad
2403 2121 2601 2169 vetera
2660 2120 2715 2169 et
2767 2114 3107 2183 temporalia
3139 2128 3359 2183 pronus
3400 2121 3505 2181 est,
3555 2121 3612 2169 et

1908 2201 2108 2258 nullus
2153 2202 2412 2257 virorum
2464 2201 2941 2258 intellectualium
2977 2203 3143 2271 plane
3173 2210 3461 2269 motuum,
3510 2201 3615 2273 qui

1907 2290 2270 2347 atfectualem
2301 2291 2357 2347 in
2413 2292 2579 2347 nobis
2633 2291 3193 2361 mollitiem‘regant,
3248 2292 3523 2349 remansit
3556 2291 3615 2349 in

1910 2387 2079 2447 terra,
2114 2380 2173 2435 in
2204 2380 2501 2437 fructifera
2530 2380 2847 2451 quondam,
2879 2389 2931 2437 et
2959 2380 3203 2437 cultibili
3242 2381 3611 2448 conscientia,

1907 2467 2009 2537 qui
2044 2467 2216 2538 possit
2248 2469 2470 2539 ingredi
2501 2468 2572 2523 ad
2605 2484 2727 2536 nos,
2765 2473 3084 2539 irrumpere
3127 2470 3282 2524 avidi
3323 2470 3511 2525 cordis
3541 2471 3613 2526 ad

1908 2569 2013 2611 nos
2042 2556 2383 2611 evertendos
2404 2556 2868 2623 obstinationem,
2896 2556 3068 2627 juxta
3116 2572 3333 2613 morem
3365 2558 3609 2614 univer-

1907 2658 1983 2700 sae
2005 2652 2193 2711 terra,
2227 2645 2283 2700 id
2313 2654 2396 2700 est
2429 2646 2486 2700 in
2514 2653 2825 2716 quantum,
2859 2647 2948 2702 vel
2976 2648 3146 2718 juxta
3176 2648 3336 2718 quod
3384 2662 3615 2703 necesse

1906 2741 2053 2789 esset
2104 2734 2359 2802 reparari
2421 2749 2634 2790 morem
2683 2734 2897 2790 scilicet
2947 2735 3253 2805 pristinum
3327 2735 3614 2791 universae

1907 2823 2268 2879 conscientiae
2316 2838 2328 2878 :
2393 2831 2577 2893 posset
2616 2838 2752 2880 sane
2799 2825 2945 2880 ratio
2999 2824 3221 2897 ingredi
3278 2824 3349 2880 ad
3390 2839 3614 2881 remor-

1906 2911 2152 2967 dendam
2185 2911 2493 2981 cujuslibet
2534 2920 2801 2973 mentem.
2839 2914 2934 2967 sed
2967 2928 3082 2968 non
3140 2913 3302 2969 facile
3331 2913 3403 2968 ad
3432 2913 3603 2968 inno-

1907 3000 2166 3055 vandum
2188 3000 2421 3055 vivendi
2445 3014 2680 3056 morem.
2715 3032 2784 3040 —
2816 3002 3014 3069 (Vens.
3048 3004 3168 3071 32.)
3206 3004 3360 3070 Veni,
3398 3002 3610 3072 inquit,

111 3089 170 3143 ad
202 3089 533 3155 Dominum,
571 3089 722 3144 unde
751 3096 805 3144 et
836 3103 1046 3143 nomen
1082 3090 1201 3157 jam
1233 3102 1394 3143 mens
1444 3090 1568 3158 ipsa
1596 3088 1797 3158 recipit
1838 3118 1878 3172 ρ
1911 3090 2075 3156 heus,
2110 3097 2174 3145 tu
2199 3088 2506 3159 cupiditas,
2539 3090 2679 3159 quia
2709 3090 2823 3145 vim
2858 3090 3067 3146 inferre
3093 3092 3163 3146 ad
3194 3106 3260 3146 ea
3292 3106 3423 3161 quae
3452 3092 3614 3161 cupis

111 3174 390 3230 Abraham
414 3173 596 3244 patris
626 3172 869 3229 videntis
898 3173 1198 3243 populum,
1231 3188 1363 3244 quae
1402 3187 1561 3228 nunc
1612 3187 1798 3242 usque

114 3264 239 3318 Loth
265 3264 421 3319 dicta
451 3270 556 3330 est,
590 3277 661 3318 ex
694 3277 810 3333 quo
840 3262 913 3318 ab
953 3262 1280 3333 integritate
1326 3261 1521 3317 vincta
1550 3270 1797 3331 coeperat

109 3348 386 3406 declinare
443 3364 457 3404 :
507 3356 618 3405 stat
667 3357 861 3406 autem
906 3364 1039 3405 cum
1098 3350 1358 3417 Domino,
1415 3350 1652 3420 quando
1699 3364 1798 3418 per

109 3440 274 3495 animi
326 3440 731 3496 rectitudinem
789 3455 904 3496 non
964 3440 1223 3497 dissentit
1253 3442 1326 3496 ab
1378 3441 1496 3511 ipso
1538 3441 1798 3497 intuetur

109 3527 397 3584 Sodomam
448 3536 504 3584 et
560 3528 959 3596 Gomorrham,
1015 3536 1191 3599 atque
1256 3528 1506 3600 regionis
1562 3536 1793 3593 terram,

107 3633 226 3673 cum
274 3618 624 3689 ﬂagitiorum
707 3619 1141 3686 turbulentiam,
1192 3627 1247 3674 et
1307 3632 1511 3675 sensus
1568 3618 1796 3688 reprobi

105 3708 427 3774 caecitatem,
479 3721 801 3778 eorumque
840 3706 1313 3763 circumstantem
1342 3707 1644 3763 materiam
1699 3707 1793 3762 di-

106 3795 312 3853 vinitus
358 3796 637 3852 irradiata
669 3796 917 3867 dispicit,
976 3796 1251 3867 videtque
1290 3796 1694 3851 ascendentem
1727 3794 1795 3850 de

109 3890 249 3939 terra
277 3884 555 3949 favillam,
580 3884 652 3939 ab
679 3884 894 3940 intimis
923 3898 1061 3940 sane
1082 3885 1443 3941 conscientiae
1471 3898 1794 3954 exsurgen-

110 3978 209 4027 tem
272 3972 620 4043 poenitentize
699 3974 1197 4043 compunctionem
1256 3972 1365 4028 sibi
1412 3973 1794 4029 necessariam

112 4060 282 4117 solum
325 4063 447 4133 jam
496 4062 782 4133 intelligit,
836 4062 1027 4133 quasi,
1088 4061 1141 4117 id
1170 4069 1254 4117 est
1288 4076 1492 4119 revera
1546 4063 1796 4119 fornacis

112 4146 341 4217 fumum,
374 4150 592 4206 scilicet
628 4151 868 4218 ardoris,
891 4159 947 4207 et
975 4152 1270 4207 cruciatus
1301 4151 1509 4206 interni
1536 4150 1793 4221 signum.

116 4237 298 4305 Tange,
326 4239 425 4304 ait,
460 4245 689 4306 montes,
745 4245 796 4294 et
848 4240 1203 4308 fumigabunt
1261 4238 1436 4310 (Psal.
1471 4254 1662 4307 cxuu,
1716 4241 1790 4308 5),

114 4324 161 4379 id
208 4335 287 4381 est
336 4326 528 4383 cordis
581 4327 829 4384 dolorem
896 4342 999 4398 per
1034 4329 1321 4397 lacrymas
1366 4329 1790 4398 evaporabunt.

112 4442 173 4453 ——
204 4415 532 4487 (Vnus.29.)
567 4419 701 4473 Cum
728 4432 853 4486 ergo
897 4420 1229 4473 subverteret
1259 4422 1398 4474 Deus
1441 4421 1687 4473 civitates
1712 4435 1793 4472 re-
1833 4425 1877 4479 ι)
1906 4424 2137 4495 penitus
2183 4423 2360 4479 oblita
2401 4424 2666 4480 abutitur
2711 4416 2900 4481 mente
2953 4440 2965 4479 :

112 4505 271 4568 gionis
315 4507 490 4572 illius,
555 4506 610 4561 id
667 4514 749 4562 est
790 4521 924 4563 cum
980 4506 1123 4563 vitia
1178 4506 1392 4563 diaboli
1441 4507 1499 4562 in
1566 4507 1796 4564 homine

115 4590 409 4651 habitantis
437 4596 798 4652 munimenta
818 4596 1142 4662 subrueret,
1166 4596 1506 4653 recordatur
1521 4596 1792 4664 Abrahae,

112 4681 373 4739 rationem
425 4683 679 4754 profecto
728 4685 861 4740 facit
925 4700 1046 4742 suae
1097 4684 1396 4758 dignitatis
1442 4684 1791 4752 meminisse,

111 4776 157 4824 et
212 4770 347 4829 Loth
416 4773 601 4844 ipsam
666 4773 867 4845 utique
905 4774 1247 4831 humanitus
1303 4774 1547 4845 lapsam,
1603 4788 1675 4830 ne
1733 4774 1793 4829 in

112 4860 401 4929 reprobum
449 4868 745 4918 evertatur
780 4877 1012 4920 sensum
1065 4877 1169 4935 per
1212 4863 1352 4919 vitia
1399 4863 1616 4935 quibus
1649 4863 1793 4919 sub-

109 4944 291 5015 jacuit,
316 4949 596 5021 dignatur
626 4950 890 5009 liberare.

176 5034 340 5092 VERS.
381 5040 468 5093 30.
497 5069 561 5079 —
606 5040 971 5109 Ascenditque
1002 5040 1139 5095 Loth
1171 5041 1237 5095 de
1275 5042 1459 5109 Segor,
1510 5041 1630 5095 duae
1659 5056 1790 5110 quo-

116 5137 203 5189 que
265 5124 394 5196 ﬁliae
443 5127 568 5199 ejus
621 5144 740 5182 cum
804 5145 892 5195 eo;
952 5132 1210 5185 timuerat
1255 5133 1397 5184 enim
1452 5146 1669 5185 manere
1734 5132 1792 5184 in

114 5210 277 5281 Segor,
334 5222 383 5270 et
428 5220 637 5272 mansit
666 5220 725 5271 in
770 5218 1028 5288 spelunca
1077 5223 1211 5288 ipse,
1244 5224 1296 5273 et
1324 5220 1445 5274 duae
1500 5221 1629 5288 ﬁlim
1671 5220 1791 5288 ejus

114 5313 216 5354 cum
266 5320 339 5359 eo.
403 5308 503 5362 Lot
561 5307 816 5363 ascendit
872 5307 941 5364 de
1000 5308 1194 5379 Segor,
1242 5322 1373 5363 cum
1424 5308 1663 5364 humani
1719 5307 1789 5363 ti-

116 5400 250 5446 more
273 5394 509 5462 pndoris
550 5408 623 5449 ne
669 5395 883 5453 scilicet
917 5396 1107 5467 palam
1139 5395 1334 5466 lapsus
1362 5397 1569 5467 probro
1600 5404 1791 5467 pateat

118 5474 386 5539 humanus
409 5483 734 5540 intellectus
789 5485 848 5541 in
880 5486 1119 5541 minoris
1170 5485 1305 5541 vitae
1337 5486 1624 5558 proposito
1656 5500 1789 5555 per-

116 5576 321 5626 manere
365 5581 623 5638 veretur,
684 5581 739 5629 et
785 5575 857 5630 ad
914 5574 1291 5631 excellentius
1339 5574 1790 5631 conversationis

120 5650 417 5718 institutum
450 5662 624 5735 quasi
678 5664 749 5719 ad
805 5672 1056 5721 montem
1085 5672 1457 5734 promovetur
1486 5680 1500 5719 :
1534 5678 1666 5735 quae
1693 5663 1788 5719 in-

1908 3178 2222 3235 obtinenda
2264 3194 2379 3235 non
2411 3180 2708 3248 praevales,
2740 3193 2846 3247 age
2878 3180 3019 3234 dum
3066 3179 3212 3234 clam
3260 3180 3403 3234 meis
3451 3186 3612 3235 utere

1907 3268 2128 3323 officiis.
2173 3269 2497 3323 Inebriemus
2576 3284 2693 3322 eum
2758 3271 2903 3330 vino,
2976 3268 3031 3322 id
3099 3275 3201 3335 est,
3272 3268 3612 3336 impleamus

1905 3357 2167 3412 animum
2222 3358 2605 3428 jucunditatis
2663 3357 2992 3427 temporalis
3065 3357 3301 3428 gaudio,
3353 3357 3610 3412 dormia-

1906 3460 2155 3515 musque
2244 3461 2378 3502 cum
2458 3462 2545 3513 eo,
2628 3446 2803 3502 totius
2879 3447 3091 3502 scilicet
3169 3446 3475 3501 oblivionis
3557 3452 3611 3500 et

1905 3535 2271 3606 negligentia;
2319 3536 2447 3603 ejus
2485 3536 2885 3605 oppriniamus
2934 3535 3353 3605 providentiam
3387 3549 3606 3602 somno,

1905 3629 1967 3679 ut
1997 3639 2213 3678 servare
2231 3628 2501 3694 possimus
2532 3641 2707 3680 semen
2738 3642 2805 3679 ea:
2836 3632 2994 3694 patre
3022 3631 3227 3692 nostro,
3260 3632 3323 3680 ut
3355 3624 3609 3679 fructum

1905 3713 2109 3783 utique
2166 3713 2492 3785 cujuspiam
2544 3714 2872 3782 temporalis
2937 3714 3216 3770 commodi
3277 3712 3606 3783 exigamus,

1902 3802 1992 3857 vel
2024 3802 2455 3858 delectationem
2500 3802 2750 3873 alicujus
2780 3803 2989 3873 peccati
3025 3804 3227 3858 crebra
3274 3803 3331 3857 in
3366 3801 3605 3857 modum

1903 3891 2131 3946 feminis
2160 3890 2570 3961 propagatione
2618 3892 2937 3947 iterandam
2967 3891 3266 3947 eliciamus
3299 3904 3371 3945 ex
3415 3890 3608 3945 animo

1903 3979 2107 4036 talium
2139 3978 2361 4035 fetuum
2388 3978 2688 4035 affectibus
2720 3980 3021 4034 inclinato.

1977 4068 2145 4125 VERS.
2183 4070 2271 4123 33.
2306 4098 2368 4109 —-
2414 4068 2695 4122 Dederunt
2738 4071 2925 4139 itaque
2954 4072 3109 4138 patri
3165 4083 3261 4123 suo
3301 4068 3485 4122 bibere
3518 4069 3606 4121 vi-

1902 4173 2031 4211 num
2060 4162 2210 4211 nocte
2241 4159 2358 4213 illa.
2410 4157 2532 4214 Nox
2560 4157 2670 4213 ista
2717 4157 2958 4213 allectus
2996 4164 3284 4226 concepte
3326 4155 3605 4226 nequitiae

1903 4253 2007 4301 est.
2048 4246 2385 4316 Ingreditur
2429 4249 2633 4315 major,
2691 4246 3018 4316 dormitque
3063 4260 3194 4300 cum
3239 4252 3421 4315 patre,
3471 4258 3605 4299 cum

1904 4335 2094 4390 inanis
2124 4334 2309 4404 gloria
2332 4343 2446 4390 toto
2490 4336 2726 4391 rationis
2756 4351 2995 4391 assensu
3049 4335 3156 4391 sibi
3198 4340 3489 4390 contracto
3514 4332 3605 4388 sui

3018 4424 3171 4481 unde
3223 4424 3436 4479 dicitur
3461 4422 3604 4493 quia

1903 4527 2018 4569 non
2076 4513 2271 4581 sensit,
2330 4521 2554 4569 reatum
2612 4513 2874 4570 videlicet
2916 4528 3091 4570 suum
3147 4527 3298 4583 aegre
3350 4511 3602 4579 ferendo,

1903 4601 2140 4671 quando
2181 4602 2475 4669 accubuit,
2532 4617 2663 4657 cum
2714 4604 2927 4658 scilicet
2981 4617 3079 4658 cor
3133 4603 3204 4658 ad
3282 4600 3605 4671 nequitiam

1901 4688 2146 4757 inﬂexit,
2175 4697 2227 4744 et
2255 4690 2490 4760 quando
2520 4692 2790 4757 surrexit,
2838 4689 2896 4744 id
2920 4698 3003 4745 est
3032 4705 3163 4745 cum
3210 4692 3265 4744 in
3299 4690 3605 4744 audaciam

1902 4778 1972 4833 de
2013 4778 2274 4833 criminis
2329 4793 2389 4835 se
2444 4780 2863 4848 perpetratione
2905 4778 3103 4834 erexit.
3157 4778 3401 4848 Impellit
3430 4777 3602 4833 etiam

1902 4868 2109 4936 major,
2141 4868 2296 4936 quod
2352 4874 2436 4923 est
2475 4860 2814 4927 cenodoxia.
2858 4867 3149 4937 juniorem
3195 4865 3393 4936 procul
3424 4866 3604 4923 dubio

1900 4957 2295 5026 cupiditatem,
2335 4964 2399 5013 ut
2428 4972 2560 5012 cum
2591 4965 2752 5026 patre
2779 4958 3027 5012 dormiat
3061 4972 3073 5010 :
3107 4957 3251 5027 quia
3296 4964 3603 5026 postquam

1904 5059 2003 5114 per
2082 5045 2429 5114 hypocrisim
2500 5045 2702 5101 infelix
2791 5046 3080 5116 quispiam
3161 5044 3486 5115 prosperari
3543 5059 3602 5101 se

1902 5133 2127 5201 viderit,
2168 5133 2241 5188 ad
2294 5140 2505 5203 apertte
2546 5133 2666 5205 jam
2709 5130 3040 5205 cupiditatis
3086 5134 3302 5190 rabiem
3330 5132 3600 5189 etlrenari

1899 5221 2262 5278 dissimulata
2300 5222 2668 5278 simulatione
2714 5223 2936 5294 incipit,
2971 5230 3026 5279 et
3072 5238 3223 5279 caeco
3269 5231 3493 5293 pectore
3527 5223 3600 5279 ab

1899 5326 1967 5367 ea
1992 5325 2051 5367 se
2094 5310 2311 5366 involvi
2358 5312 2654 5381 permittit.
2707 5312 2971 5369 Secunda
3010 5328 3127 5368 nox
3156 5320 3241 5368 est
3293 5327 3364 5367 ex
3398 5311 3600 5368 inolita

1901 5399 2173 5471 peccandi
2227 5398 2521 5455 voluntate
2554 5401 2779 5471 reprobi
2837 5416 3043 5456 sensus
3107 5401 3453 5469 obstinatio;
3526 5413 3600 5455 ex

1899 5488 2153 5560 imagine
2183 5501 2436 5557 namque
2478 5487 2623 5545 fictae
2674 5490 3016 5553 sanctitatis,
3057 5489 3327 5545 citissime
3357 5487 3600 5543 deveni-

1898 5585 1994 5634 tur
2015 5577 2084 5632 ad
2114 5586 2327 5646 aperta:
2364 5577 2741 5646 opprobrium
2774 5578 3183 5649 perversitatis,
3218 5577 3356 5648 quia
3396 5576 3599 5631 vinum

1897 5665 2209 5721 arridentis
2237 5664 2346 5721 sibi
2403 5665 2795 5723 insimulando
2845 5666 3041 5739 gloriae
3074 5664 3400 5737 temporalis
3450 5678 3601 5735 pree-
