3956 6434
366 371 461 423 155
1240 367 1304 422 ν.
1347 366 1681 424 GUIBEHTI
1723 365 2012 423 ABBATIS
2051 369 2105 422 S.
2152 368 2386 422 MANE
2423 368 2516 423 DE

2580 367 2962 423 NOVIGENTO
3765 363 3862 416 l56

355 499 553 570 cipitat
601 498 858 554 animam
884 498 954 553 ad
1005 498 1256 554 furorem
1305 498 1548 567 publicae
1595 497 1947 564 temeritatis,
1981 503 2044 554 ut
2078 503 2123 556 Α
2154 504 2440 567 quantum
2500 498 2572 554 ad
2613 497 2871 553 humana
2931 503 3145 566 spectat
3189 494 3429 566 judicia,
3471 493 3636 551 nulla
3686 495 3864 551 dam-

355 587 742 642 concubantes
766 585 910 642 lilias
958 601 1074 642 non
1126 587 1353 652 sentiat,
1387 601 1488 641 nec
1520 593 1838 654 surgentes,
1874 599 2050 654 spur-

356 675 520 731 citias
573 675 775 745 procul
833 675 1010 731 dubio
1069 675 1232 731 nulla
1294 675 1633 730 discretione
1691 673 1877 728 doleat
1934 689 2051 729 sese

358 763 652 827 fcedantes,
715 778 817 818 nec
847 764 1071 819 animos
1101 765 1370 833 reprimat
1403 764 1471 818 de
1522 763 1717 816 eadem
1768 777 1875 817 sua
1927 762 2050 830 pol-

357 849 573 906 lutione
664 851 939 904 laetantes.
1017 850 1360 919 Concipiunt
1431 864 1568 919 ergo
1642 849 1781 919 ﬁliae
1839 849 1938 903 Lot
1983 865 2050 902 ea:

353 943 532 1008 patre,
578 952 713 993 cum
760 952 918 1007 spem
975 939 1231 1009 ingenita
1298 938 1459 994 nobis
1518 938 1655 992 vitia
1708 937 2049 1006 pravitatem

356 1026 674 1097 quamlibet
731 1027 1064 1082 admitteudi
1127 1027 1322 1082 fovent
1357 1035 1679 1095 susceptam
1732 1040 1802 1081 ex
1855 1026 2049 1082 animo

351 1115 472 1184 jam
505 1114 756 1170 labante.

425 1201 605 1272 Major
636 1203 784 1272 parit
829 1205 1024 1272 ﬁlium,
1081 1218 1212 1258 cum
1252 1203 1568 1258 cenodoxia
1607 1203 1677 1258 ad
1711 1203 2046 1259 deteriorem

354 1291 500 1346 male
557 1299 737 1360 empta
814 1293 1070 1361 perducit
1129 1292 1415 1357 effectum,
1496 1301 1777 1362 vocatque
1855 1292 2040 1352 Moab.

353 1379 506 1450 quod
538 1383 622 1434 est
649 1395 718 1432 ea:
742 1386 918 1449 patre,
957 1396 1069 1434 nou
1103 1381 1269 1436 modo
1291 1396 1362 1436 ex
1395 1396 1501 1435 suo
1535 1389 1716 1450 patre,
1747 1381 1841 1435 sed
1874 1381 2046 1436 abso-

354 1467 470 1523 lute
498 1482 569 1522 ex
613 1475 794 1537 patre.
856 1469 910 1523 id
955 1477 1038 1524 est
1080 1469 1307 1524 diabolo
1363 1470 1537 1524 totius
1583 1470 1906 1539 iniquitatis
1935 1483 2047 1525 au—

350 1563 522 1620 ctore,
549 1557 650 1625 qui
682 1557 969 1625 praecipue
1013 1558 1198 1626 periit,
1235 1557 1640 1627 hominemque
1687 1557 1880 1612 fefellit
1914 1566 2046 1626 typo

351 1643 542 1699 inanis
569 1644 763 1714 gloriae
796 1659 809 1697 :
840 1644 1050 1699 dlCllUl'
1093 1645 1264 1698 etiam
1317 1644 1482 1699 Moab
1529 1645 1718 1711 exlex,
1751 1646 1891 1713 quia
1943 1646 2048 1713 hy-

351 1731 572 1802 pocrita
599 1747 734 1788 cum
762 1731 1020 1802 legaliter
1051 1745 1222 1802 agere
1255 1732 1538 1799 videatur,
1589 1746 1625 1787 a
1675 1732 1874 1787 divina
1903 1733 2043 1788 vivit

2161 586 2287 641 nari
2325 595 2502 656 potest
2529 587 2756 641 interim
2789 586 2928 656 lege.
2974 588 3169 651 Minor,
3221 599 3352 655 qua:
3405 591 3489 640 est
3536 583 3855 652 cupiditas.

2162 682 2396 745 generat
2446 681 2700 738 Ammon,
2738 675 2791 728 id
2847 682 2930 730 est
2976 675 3168 745 populi
3196 676 3299 727 mei
3339 674 3536 741 ﬁlium,
3584 672 3744 727 illius
3777 673 3864 726 vi-

2159 763 2380 826 delicet,
2428 763 2496 818 de
2545 779 2660 834 quo
2719 762 2977 819 dicitur:
3023 764 3349 820 Obliviscere
3403 762 3668 830 populum
3708 765 3867 814 tuum

2159 851 2323 921 (Psat.
2358 867 2507 917 xuv,
2549 852 2652 920 tl),
2685 853 2738 906 in
2791 867 2908 922 quo
2969 852 3171 922 utique
3203 847 3546 905 concrevisti
3579 847 3864 902 vitiorum

2160 939 2493 995 tumultum.
2529 941 2590 995 ln
2625 941 2752 995 liliis
2783 949 2975 996 autem
3015 954 3170 1008 spem
3207 937 3457 993 maxime
3484 936 3870 1007 propagatio-

2160 1028 2247 1082 nis
2295 1029 2611 1097 habemus;
2669 1029 3040 1098 propagatrix
3091 1042 3224 1083 vero
3259 1027 3432 1082 totius
3480 1023 3869 1095 malignitatis

2158 1119 2326 1189 quasi
2365 1119 2570 1174 inliniti
2632 1119 2824 1188 populi
2868 1117 3114 1172 avaritia
3152 1125 3256 1182 est,
3292 1123 3486 1185 utpote
3521 1129 3655 1185 quae
3685 1113 3866 1166 radix

2158 1211 2394 1260 omnium
2438 1210 2701 1260 malorum
2751 1214 2827 1259 est
2858 1208 2915 1276 (I
2967 1207 3111 1260 Tim.
3149 1220 3226 1268 Vl,
3260 1207 3377 1270 i0);
3407 1204 3502 1259 sed
3561 1202 3861 1273 quomodo

2158 1295 2422 1362 avaritia,
2459 1297 2544 1350 vel
2600 1296 2916 1350 cenodoxia
2962 1302 3195 1364 generat
3235 1294 3501 1362 seipsam,
3532 1290 3868 1346 absurdum

2157 1384 2409 1448 videtur,
2439 1386 2481 1438 si
2515 1391 2725 1438 matres
2752 1392 2806 1438 et
2839 1383 2934 1437 lilii
2987 1396 3086 1452 pro
3128 1381 3322 1436 eodem
3357 1387 3691 1450 ponantur;
3738 1377 3868 1433 hzcc

2156 1485 2292 1540 ergo
2343 1479 2483 1526 ratio
2530 1479 2613 1526 est
2671 1486 2683 1524 :
2747 1471 2900 1525 Filiae
2932 1485 3062 1539 quae
3124 1468 3409 1524 masculos
3453 1467 3727 1537 gignunt,
3775 1475 3866 1520 te-

2157 1573 2308 1613 nerae
2329 1568 2464 1614 sunt
2492 1561 2674 1628 primo
2707 1559 2913 1614 mentis
2938 1558 3294 1612 nutabundze
3327 1556 3674 1620 alTectiones,
3723 1568 3864 1624 quae

2156 1646 2570 1701 audacissimos
2603 1662 2825 1716 magum
2873 1645 3336 1716 praesumptionis
3363 1652 3526 1699 actus
3555 1644 3864 1708 emittunt,

2154 1740 2210 1788 et
2239 1734 2478 1802 populos
2525 1734 2878 1789 imitatorum
2932 1732 3328 1802 exemplorum
3377 1731 3722 1787 auctoritate
3752 1730 3864 1786 sibi

351 1801 409 1876 in
463 1820 767 1888 semetipso
823 1801 1047 1875 alienus
1099 1801 1245 1891 lege,
1297 1828 1353 1876 et
1393 1827 1550 1876 tanto
1601 1819 1870 1891 nequius,
1922 1835 2040 1892 quo
2081 1801 2124 1856 Β
2154 1801 2495 1891 congerunt,
2529 1821 2808 1877 sicutillae
2832 1801 3558 1877 MoabitasietAmmonitas
3587 1827 3862 1890 egerunt.

1656 1975 1958 2018 EXPLICIT
2003 1975 2198 2018 LIBER
2241 1973 2565 2027 QUINTUS.

1548 2252 1902 2326 INCIPIT
1957 2251 2241 2326 LIBER
2299 2251 2658 2326 SEXTUS

1112 2443 1964 2551 MORALIUM
2072 2447 2234 2548 IN

421 2877 514 2928 τε
546 2872 862 2928 Fastidium
891 2871 1103 2928 laboris
1132 2873 1242 2929 mei
1274 2873 1442 2934 levat.
1473 2872 1631 2944 quod
1681 2887 1716 2928 a
1748 2871 2040 2930 benevolis

344 2974 412 3016 ac
456 2960 718 3017 litteratis
747 2961 1004 3016 studium
1054 2975 1248 3017 meum
1280 2961 1514 3031 probari
1565 2961 1901 3031 considero;
1933 2975 2038 3016 nec

2351 2445 3070 2551 GENESIM.

2148 2873 2385 2936 Geraris,
2441 2887 2572 2929 cum
2637 2886 2670 2927 a
2725 2871 2936 2927 caelesti
2999 2880 3230 2942 torpens
3273 2872 3552 2928 desiderio
3609 2873 3854 2944 spiritus

2146 2969 2338 3018 noster
2372 2969 2654 3032 evagatur
2709 2961 2958 3016 motibus
3005 2961 3300 3030 superbis;
3347 2961 3560 3018 Gerara
3635 2977 3845 3032 nempe

343 3049 539 3106 minus
568 3047 942 3120 suffragatur,
973 3050 1128 3120 quod
1161 3050 1530 3106 intentionem
1569 3050 1697 3119 ejus
1728 3050 2033 3115 universae,
2073 3085 2114 3140 ε
2145 3051 2356 3106 dicitur
2407 3051 2601 3106 Latine
2647 3051 2889 3103 colonum
2947 3049 3189 3119 ejiciens,
3241 3051 3300 3105 in
3378 3065 3494 3120 quo
3552 3052 3849 3121 praecipue

342 3137 387 3194 si
423 3137 542 3194 ﬁeri
593 3147 796 3208 posset,
828 3138 1272 3194 Christianitatis
1310 3138 1538 3194 lucrum
1579 3139 1714 3193 scio.
1761 3139 2036 3194 l’rzeterea

341 3225 462 3282 sive
509 3229 701 3298 prosit,
758 3242 861 3284 seu
917 3227 1187 3284 videatur
1235 3227 1454 3293 inutile,
1491 3227 1712 3296 aliquid
1766 3242 1854 3282 me
1893 3229 2038 3283 citra

341 3314 510 3370 fidem
559 3329 625 3371 ac
669 3330 896 3372 morum
953 3317 1305 3372 honestatem
1355 3315 1568 3371 dixisse
1619 3315 1930 3384 aestimans,
1963 3331 2035 3372 ex

343 3403 442 3460 Dei
474 3404 694 3460 auxilio
722 3405 984 3475 prosequi
1007 3411 1190 3474 coepta
1221 3403 1536 3459 destinabo.

994 3493 1218 3549 CAPUT
1257 3493 1386 3548 XX.

421 3580 593 3636 νεεδ.
643 3585 690 3647 1,
724 3585 778 3636 2.
823 3610 889 3622 —
920 3583 1200 3647 Profectus
1231 3582 1357 3635 inde
1401 3581 1688 3635 Abraham
1730 3583 1787 3634 in
1835 3584 2037 3635 terram

343 3669 660 3736 australem,
715 3670 984 3723 habitavit
1021 3672 1166 3724 inter
1192 3671 1378 3732 Gades,
1419 3675 1470 3724 et
1511 3670 1636 3736 Sur,
1695 3675 1744 3722 et
1787 3673 2033 3738 peregri-

343 3762 506 3811 natus
560 3763 639 3810 est
676 3759 735 3812 in
791 3760 1030 3815 Geraris.
1071 3760 1330 3826 Dixitque
1378 3757 1444 3810 de
1498 3759 1639 3813 Sara
1673 3773 1839 3811 umore
1885 3773 1986 3812 sua
2015 3776 2033 3812 :

345 3846 508 3901 Soror
538 3862 656 3900 mea
709 3852 808 3900 est.
859 3849 1012 3901 Misit
1041 3862 1166 3911 ergo
1213 3847 1540 3912 Abimelech,
1587 3863 1686 3900 rex
1718 3847 1952 3913 Gerarav,
1985 3852 2034 3901 et

345 3936 472 3990 tulit
497 3951 631 3988 eam.
677 3935 962 4006 Superbas
1001 3943 1220 3991 mentes
1268 3943 1424 3991 tanto
1465 3935 1666 3990 intima
1709 3949 1833 4001 sua,
1862 3936 2034 4006 juxta

343 4023 499 4093 quod
555 4023 786 4095 legitur,
846 4024 901 4079 in
958 4025 1077 4078 vita
1134 4039 1242 4079 sua
1311 4032 1532 4080 certum
1591 4032 1674 4080 est
1736 4025 2029 4094 projicere,

341 4120 558 4182 quanto
615 4127 712 4168 eas
780 4119 999 4168 constat
1065 4126 1167 4182 per
1235 4121 1588 4168 exteriorum
1647 4112 2033 4168 volubilitates

339 4203 591 4259 efﬂuere.
642 4204 722 4258 De
770 4202 1016 4258 convalli
1051 4203 1244 4273 itaque
1273 4201 1546 4262 Mambre.
1595 4202 1663 4257 de
1693 4201 2033 4258 humilitatis

342 4289 592 4359 profecto
673 4290 1055 4359 depressione,
1127 4291 1184 4346 in
1242 4304 1360 4360 qua
1425 4291 1782 4346 discretionis
1838 4297 2033 4360 utpote

2147 3138 2417 3208 superbia
2445 3147 2694 3198 notatur.
2731 3153 2830 3207 per
2873 3152 3051 3208 quam
3097 3146 3152 3194 et
3183 3138 3444 3209 angelica
3490 3146 3544 3195 et
3579 3139 3848 3195 humana

2148 3235 2359 3282 natura
2430 3241 2464 3281 a
2530 3228 2761 3296 propria
2820 3226 3050 3296 regione
3103 3226 3456 3292 demittitur;
3515 3226 3850 3298 subjugalis

2145 3331 2284 3385 ergo
2316 3315 2410 3370 illa
2437 3315 2595 3377 Sara.
2646 3313 2917 3369 voluntas
2961 3315 3174 3370 scilicet
3207 3315 3412 3370 rationi
3463 3315 3570 3370 rite
3616 3315 3850 3371 addicta

2147 3405 2205 3459 in
2236 3418 2487 3459 sororem
2541 3403 2884 3469 admittitur,
2919 3403 3060 3458 dum
3109 3403 3164 3458 in
3221 3403 3565 3474 parilitatem
3614 3404 3848 3474 pestifc-

2146 3506 2269 3548 ram
2301 3499 2621 3562 contempto
2667 3489 2918 3546 dominio
2968 3499 3284 3558 evocatur;
3347 3507 3451 3547 nec
3507 3494 3744 3560 mirum,
3803 3493 3848 3546 si

2147 3581 2438 3650 respuitur
2462 3594 2496 3635 a
2522 3579 2815 3634 voluntate
2837 3578 3180 3644 dominium,
3199 3593 3329 3634 cum
3354 3593 3528 3635 suum
3556 3579 3678 3650 ipsa
3700 3581 3850 3636 ratio

2145 3670 2410 3726 deliciens
2466 3668 2754 3740 abjurarit
2811 3667 3140 3736 imperium.
3196 3667 3529 3723 Abimelech
3573 3670 3850 3738 interpre-

2144 3766 2302 3814 tatur
2343 3763 2500 3826 ναίον
2539 3772 2687 3810 meus
2725 3772 2844 3819 rer,
2900 3769 3002 3810 rex
3055 3763 3247 3812 autem
3275 3755 3520 3812 Gerarae.
3553 3756 3663 3823 Qui
3707 3772 3849 3828 ergo

2142 3863 2260 3908 rem,
2298 3847 2414 3916 ipse
2443 3852 2601 3915 pater
2660 3843 2949 3899 hominem
2977 3857 3011 3897 a
3043 3843 3156 3898 Deo
3193 3843 3479 3914 ejicientis
3527 3845 3843 3914 superbiae,

2142 3935 2406 3991 diabolus
2436 3935 2664 3994 scilicet.
2712 3932 2812 4001 qui
2858 3939 2914 3986 et
2975 3939 3137 4001 pater
3195 3931 3472 3988 mendacii
3512 3932 3850 4002 appellatur

2141 4024 2322 4095 (Joan.
2357 4038 2474 4090 vin,
2505 4023 2620 4089 44),
2655 4036 2800 4074 meus
2826 4027 3042 4086 autem,
3090 4021 3162 4075 ad
3195 4035 3290 4075 eos
3318 4019 3420 4090 qui
3465 4020 3572 4076 sibi
3628 4035 3844 4091 super-

2141 4113 2238 4169 bia
2264 4111 2676 4180 mendacioque
2721 4110 2965 4179 pessima
3024 4107 3295 4164 ﬁliatione
3333 4107 3705 4176 conveniunt,
3745 4125 3844 4167 re-

2139 4202 2345 4259 fertur.

2211 4289 2380 4347 Mittit
2433 4303 2568 4359 ergo
2616 4285 2964 4353 Abimelech,
3031 4294 3086 4341 et
3139 4286 3281 4341 tollit
3327 4300 3479 4354 eam,
3532 4299 3664 4342 cum
3710 4300 3842 4357 post

341 4379 496 4434 intra
521 4393 580 4434 se
623 4378 833 4449 degens
880 4379 1184 4434 fruebatur
1229 4378 1444 4435 lumine
1473 4379 1766 4435 Abraham
1818 4387 2029 4447 noster,
2070 4378 2518 4450 Daliquantulaa
2575 4375 2868 4446 religionis
2920 4375 3179 4430 studium
3244 4375 3502 4446 suggerit
3567 4375 3844 4432 diabolus

336 4467 452 4538 jam
489 4465 577 4522 sui
608 4467 820 4522 oblitus
857 4467 1116 4522 numinis
1156 4467 1470 4538 egreditur,
1526 4475 1582 4523 et
1611 4467 1684 4522 ad
1714 4470 2030 4532 australem,

339 4555 721 4626 cupiditatum
777 4555 993 4612 solibus
1048 4556 1474 4626 decoquendus,
1521 4557 1746 4612 excedit
1809 4561 2028 4622 terram,

340 4651 404 4700 ut
459 4651 670 4700 terram
730 4643 932 4713 sapiat,
993 4651 1046 4699 et
1106 4643 1220 4699 illic
1276 4644 1552 4708 avaritiae,
1609 4659 1677 4699 ac
1727 4644 2028 4700 libidinum

339 4733 507 4802 aquis
539 4731 782 4798 infusus,
823 4731 1049 4787 easdem
1088 4731 1296 4787 iterum
1337 4731 1511 4799 sitiat,
1540 4733 1714 4804 juxta
1740 4733 1894 4802 quod
1927 4733 2032 4788 Sa-

338 4822 635 4877 maritana:
720 4820 1002 4876 Dominus
1047 4820 1330 4876 enuntiat.
1381 4822 1528 4874 Inter
1585 4821 1764 4876 Gades
1822 4828 1872 4876 et
1921 4823 2034 4876 Sur

339 4908 578 4973 habitat,
613 4907 751 4963 dum
784 4909 918 4964 hinc
943 4908 1213 4979 cogitatio
1240 4909 1612 4976 intellectum,
1648 4910 1815 4980 quasi
1866 4925 2030 4980 quaa-

338 4995 472 5051 dam
501 4995 656 5050 tinea
691 5009 825 5050 eum
855 5009 889 5051 a
930 5003 1085 5051 statu
1137 4995 1230 5064 pio
1289 4995 1588 5052 dimovens
1632 5004 1840 5062 vastat,
1873 4997 2034 5052 illinc

339 5082 614 5138 memoria
642 5083 940 5151 prateritae
985 5097 1103 5153 qua
1129 5083 1394 5140 exhibuit
1443 5091 1638 5140 contra
1688 5085 1827 5140 vitia
1871 5084 2030 5140 forti-

339 5169 556 5226 tudinis
635 5179 1008 5241 coangustat;
1069 5171 1248 5227 Gades
1311 5186 1469 5228 enim
1519 5176 1797 5228 commotio
1855 5177 2030 5240 tinem,

339 5257 450 5314 Sur
485 5259 772 5326 fortitudo,
834 5259 920 5316 vel
974 5264 1234 5329 angustia
1279 5261 1529 5329 dicitur;
1589 5269 1770 5332 potest
1821 5270 1876 5319 et
1933 5276 2034 5332 per

337 5353 602 5402 austrum
629 5355 791 5418 tepor
837 5348 1014 5404 animi
1057 5349 1264 5418 accipi,
1299 5363 1372 5404 ex
1409 5365 1524 5420 quo
1555 5351 1758 5422 ingens
1786 5365 2033 5407 consur-

338 5448 471 5506 gere
521 5434 661 5490 solet
714 5435 905 5492 fervor
934 5437 1005 5492 ad
1052 5437 1246 5493 studia
1288 5439 1502 5494 saeculi.
1569 5439 1728 5496 Unde
1781 5439 1840 5494 in
1884 5439 2028 5495 Job:

339 5523 702 5588 Considerate,
768 5525 980 5594 inquit,
1023 5530 1242 5581 semitas
1316 5529 1570 5594 Theman,
1629 5531 1831 5582 itinera
1888 5529 2034 5584 Saba

341 5613 480 5677 (Job.
541 5627 616 5676 Vl,
674 5614 784 5680 t9.)
831 5615 1242 5687 Peregrinatur
1305 5617 1556 5687 denique
1627 5617 1921 5674 Abraham
1974 5619 2034 5671 in

2139 4468 2411 4523 humanae
2443 4464 2723 4521 voluntati
2754 4463 2919 4532 quasi
2949 4463 3068 4532 jam
3110 4462 3217 4518 sibi
3250 4462 3454 4518 debitae
3487 4463 3843 4532 praelationis

2140 4555 2448 4625 affectum;
2493 4555 2645 4610 unde
2710 4552 2892 4608 notari
2973 4553 3242 4608 convenit
3315 4556 3463 4609 inter
3540 4555 3840 4624 captiones

2141 4652 2419 4714 utrasque
2449 4641 2798 4704 distantiam,
2825 4655 2943 4711 qua
2973 4640 3288 4710 spiritualis
3325 4649 3518 4696 nostra
3564 4642 3842 4698 voluntas

2140 4734 2322 4790 instar
2363 4733 2514 4788 Saraa
2572 4731 2824 4801 primum
2873 4743 2906 4784 a
2963 4729 3259 4785 Pharaone
3333 4729 3388 4784 in
3447 4731 3844 4788 conversionis

2140 4823 2304 4879 initio
2332 4820 2671 4877 distrahitur
2692 4819 2760 4874 ad
2796 4818 3051 4888 pristinae
3073 4817 3470 4874 saecularitatis
3497 4819 3841 4892 Egyptum,

2139 4918 2192 4968 et
2222 4909 2582 4980 postmodum
2613 4907 2686 4963 ab
2719 4906 3054 4962 Ahimelech
3114 4919 3245 4977 rege
3274 4905 3500 4962 Gerarie
3553 4921 3668 4963 non
3719 4915 3840 4966 tam

2140 5006 2450 5069 superatur
2479 5010 2654 5068 quam
2714 4995 2783 5050 ad
2837 4995 3036 5050 horam
3088 4995 3304 5065 agitata
3351 4995 3635 5064 pulsatur,
3682 4999 3842 5054 unde

2139 5096 2196 5143 et
2224 5087 2297 5143 ab
2329 5088 2436 5142 hoc
2490 5085 2702 5141 intacta
2756 5083 3110 5154 perhibetur,
3141 5083 3210 5140 de
3251 5085 3544 5154 superiore
3578 5091 3838 5152 tacetur;

2140 5175 2350 5232 veteris
2411 5188 2662 5244 namque
2715 5171 3148 5228 consuetudinis
3205 5186 3390 5242 nuper
3446 5172 3653 5228 relictze
3713 5188 3840 5230 me-

2139 5263 2323 5321 moria
2371 5277 2473 5319 nos
2521 5261 2784 5318 atrociter
2841 5261 3027 5316 irritat
3078 5261 3148 5316 ad
3203 5261 3360 5324 vitia,
3420 5261 3516 5316 sed
3563 5261 3838 5318 ecclesia-

2140 5352 2282 5408 stica
2323 5351 2564 5408 utilitate
2606 5349 2907 5420 provectis,
2947 5349 3113 5418 quasi
3170 5349 3418 5404 aliorum
3471 5362 3648 5404 causa
3695 5365 3835 5419 pro-

2141 5441 2324 5497 fectus
2353 5439 2701 5509 adipiscendi
2739 5444 3065 5508 pastoratus
3105 5439 3532 5508 quodammodo
3555 5453 3629 5494 ex
3659 5438 3834 5496 latere

2141 5543 2200 5584 se
2252 5528 2414 5583 nobis
2467 5528 2740 5598 ingerunt
2807 5525 3107 5590 desideria,
3179 5525 3361 5582 multa
3448 5525 3643 5595 itaque
3690 5526 3837 5583 inter

2141 5624 2391 5686 utraque
2445 5613 2738 5671 distantia.
2798 5614 2939 5670 Sara
2980 5613 3229 5684 denique
3286 5613 3524 5681 tollitur,
3575 5629 3710 5672 cum
3765 5617 3834 5672 ad
