3956 6426
80 352 171 402 l5?
1268 352 1633 409 MOBALIUM
1676 355 1742 408 IN
1781 353 2089 411 GENESIN
2132 353 2261 408 LIB.
2304 352 2391 407 VI.

3514 358 3609 408 l58

75 480 417 549 hujusmodi
462 479 838 537 ambitionem
875 495 1008 536 cum
1051 481 1246 539 favore
1297 483 1535 539 rationis
1578 484 1782 541 volun-
1822 487 1871 539 Α
1898 491 1953 539 et
1982 491 2236 541 externae
2266 481 2502 539 utilitati
2546 482 2813 554 princeps
2843 491 2948 551 est,
2980 490 3194 540 etcum
3224 498 3259 539 a
3286 485 3506 541 carnali
3532 485 3607 541 li-

74 569 205 625 tatis
231 569 489 626 intentio
525 577 973 641 transportatur.

144 658 319 715 Vens.
387 659 445 728 3,
503 662 553 715 4.
604 690 673 698 -
735 662 889 715 Venit
944 664 1124 713 autem
1170 663 1310 715 Deus
1353 662 1429 715 ad
1480 663 1792 717 Abimelech

76 763 170 817 per
214 751 504 802 somnium
542 754 711 815 nocte,
763 754 812 802 et
868 751 948 803 ait
995 751 1089 803 ei:
1144 751 1226 805 En
1274 752 1520 806 morieris
1565 758 1793 821 propter

76 837 360 890 mulierem
424 853 590 906 quam
643 838 849 901 tulisti;
909 837 1069 891 habet
1120 841 1261 892 enim
1324 843 1524 894 virum.
1566 842 1791 896 Abime-

76 925 192 979 lech
247 941 379 980 vero
421 942 531 981 non
572 930 821 994 tetigerat
865 942 1002 980 eam.
1055 929 1157 981 Per
1218 931 1487 983 somnium
1536 931 1681 984 Deus
1722 931 1797 984 ad

82 1015 401 1069 Abimelech
476 1018 646 1081 venit,
721 1031 854 1072 cum
901 1024 1153 1073 mentem
1210 1031 1245 1072 a
1302 1020 1791 1089 corruptibilium,

82 1102 613 1174 forasticarumque
695 1118 890 1159 rerum
940 1119 1083 1159 cura
1139 1104 1513 1173 abstinemus,
1565 1114 1621 1162 et
1675 1107 1796 1162 sola

82 1190 475 1247 invisibilium
523 1192 862 1263 cogitatione
910 1201 1192 1263 tenemur,
1241 1194 1299 1249 in
1356 1210 1472 1265 quo
1521 1204 1791 1263 tractatu,

84 1280 193 1335 Deo
237 1289 548 1350 praesente,
596 1281 735 1351 quid
790 1282 861 1336 sit
891 1282 1125 1348 Gerara,
1156 1283 1297 1353 quid
1324 1297 1449 1351 rex,
1500 1285 1641 1355 quid
1693 1300 1793 1355 pa-

80 1372 317 1425 ternitas
374 1370 496 1437 illa,
555 1370 802 1426 videtur.
859 1371 945 1426 Fit
1003 1385 1140 1427 vero
1192 1377 1364 1438 nocte,
1403 1373 1543 1428 dum
1586 1374 1644 1429 in
1672 1374 1796 1444 ipsa

78 1470 192 1525 qua
220 1456 545 1513 clariﬁcari
575 1458 859 1514 desiderat
898 1460 1042 1527 luce,
1074 1461 1397 1516 obscuritas
1430 1461 1795 1519 intellectua-

79 1544 206 1599 liter
266 1545 612 1615 pervidetur
652 1547 961 1616 superbiae.
1015 1550 1264 1603 Morieris
1318 1550 1530 1619 inquit,
1572 1558 1796 1620 propter

78 1635 359 1688 mulierem
431 1651 599 1705 quam
650 1638 845 1701 tulisti,
926 1637 1125 1693 mortis
1191 1638 1441 1707 profecto
1515 1638 1795 1709 supplicio

78 1723 262 1777 addici
300 1725 648 1790 mereberis,
694 1724 803 1780 nisi
835 1739 868 1780 a
907 1726 1165 1795 concepti
1198 1726 1379 1782 fastus
1412 1728 1796 1798 parturitione

76 1811 332 1878 desieris,
397 1828 539 1869 cum
602 1814 957 1870 voluntatem
1007 1814 1247 1871 rationis
1310 1816 1431 1887 juri
1478 1831 1552 1874 ex
1599 1817 1789 1873 debito

78 1901 405 1972 subjectam
451 1902 610 1959 tibio
658 1904 911 1973 superba
940 1905 1167 1960 vanitas
1214 1904 1419 1961 tuleris
1466 1906 1791 1962 meretricia

80 1991 494 2060 prostitutione
543 1991 885 2059 ludendam;
925 1994 1023 2049 sed
1065 1993 1205 2049 Sara
1236 2008 1269 2048 a
1316 2008 1449 2064 rege
1501 2010 1616 2051 non
1656 2002 1790 2051 tan-

82 2080 255 2151 gitur,
300 2095 444 2137 cum
484 2080 755 2138 voluntas
781 2083 1015 2153 superbi
1050 2083 1340 2153 appetitus
1376 2083 1642 2140 effectum
1674 2099 1790 2140 non

80 2168 420 2239 experitur;
458 2169 591 2225 finis
627 2170 781 2226 enim
827 2177 921 2226 19
969 2172 1220 2228 notionis
1268 2180 1455 2229 tactus
1492 2182 1610 2244 est;
1654 2188 1786 2230 nam

80 2272 112 2313 a
150 2273 281 2329 rege
314 2266 670 2329 tanguntur,
718 2260 820 2330 qui
872 2260 1162 2316 bonorum
1193 2261 1451 2318 culmina
1495 2277 1627 2333 quae
1661 2277 1785 2319 am-

84 2347 244 2403 biunt
266 2349 686 2418 quoquomodo
716 2358 1130 2420 assequuntur.

147 2436 324 2493 νεεδ.
362 2440 416 2491 5.
470 2466 533 2477 -
584 2440 650 2492 Et
680 2441 761 2492 ait
790 2454 803 2492 :
835 2442 1072 2505 Domine,
1124 2456 1254 2494 num
1284 2444 1490 2508 gentem
1529 2443 1789 2507 ignoran-

86 2532 179 2579 tem
226 2532 278 2581 et
314 2527 538 2595 justam
588 2529 912 2596 interﬁcies?
961 2530 1145 2585 Nonne
1197 2532 1314 2598 ipse
1368 2530 1565 2584 dixit:
1629 2532 1791 2586 Soror

84 2631 194 2667 mea
231 2620 330 2681 est,
363 2620 418 2669 et
450 2617 577 2685 ipsa
617 2618 697 2669 ait
721 2633 734 2670 :
758 2617 959 2670 Frater
1005 2632 1152 2672 meus
1201 2621 1320 2672 est?
1350 2618 1559 2674 Diviuo
1592 2618 1792 2675 timore

86 2713 295 2761 attacta
325 2713 533 2761 nostra
576 2706 959 2775 cervicositas,
1006 2707 1064 2763 in
1102 2708 1353 2777 seipsam
1382 2708 1629 2764 refracta
1668 2709 1790 2765 col-

86 2793 313 2864 ligitur;
340 2794 660 2864 colligitur,
686 2794 950 2865 inquam,
987 2796 1125 2852 dum
1154 2796 1223 2851 de
1252 2796 1451 2851 mundi
1486 2798 1787 2867 sapientia,

89 2897 213 2952 quae
244 2898 361 2938 non
387 2883 501 2938 nisi
521 2884 749 2939 laudem
777 2886 984 2954 quaerit
1010 2892 1111 2941 aut
1137 2886 1523 2954 commodum,
1558 2901 1792 2957 quaque

88 2979 246 3026 extra
276 2986 338 3027 se
378 2972 791 3043 spargebatur,
840 2974 911 3029 ad
952 2974 1131 3030 felicis
1174 2975 1586 3030 confessionem
1622 2976 1790 3047 igno-

91 3060 284 3117 rantiae
315 3074 504 3131 quam
552 3062 931 3132 consequitur
955 3063 1183 3134 justitia
1208 3063 1599 3135 restringitur.
1624 3066 1792 3132 Cum,

92 3150 293 3220 inquit,
326 3151 593 3219 Domine,
627 3150 916 3222 quidquid
960 3152 1179 3207 tumide
1201 3152 1497 3223 sapiebam
1553 3160 1605 3209 te
1634 3153 1789 3224 aspi-

93 3246 247 3295 rante
295 3239 655 3305 reﬂaverim,
704 3247 758 3295 et
804 3241 977 3311 juxta
1035 3241 1370 3311 Apostolum
1415 3242 1658 3298 stultum
1702 3258 1792 3299 me

94 3326 205 3382 ﬁeri
252 3336 495 3398 propter
535 3328 717 3384 Deum
771 3328 941 3385 velim
986 3331 1043 3397 (ι
1084 3332 1213 3385 Cor.
1255 3346 1331 3398 IV,
1378 3332 1484 3402 10),
1519 3339 1583 3387 ut
1617 3331 1793 3402 hujus

91 3415 428 3486 ignorantiae
461 3417 647 3480 cultu,
678 3433 810 3488 quae
842 3427 1032 3474 tamen
1060 3420 1428 3477 saecularium
1462 3434 1658 3477 rerum
1684 3428 1791 3491 est,

90 3520 201 3561 esse
220 3510 510 3577 particeps
530 3522 793 3577 supernae
811 3509 1104 3579 sapientiae
1132 3511 1287 3581 quod
1304 3511 1541 3581 justitiae
1563 3526 1793 3568 summa

88 3602 165 3650 est
210 3597 458 3666 possim;
506 3611 661 3663 cum,
713 3596 974 3667 inquam,
1004 3581 1161 3654 'haec
1206 3599 1457 3666 fecerim,
1521 3600 1791 3671 nunqu’d

92 3683 363 3753 ignorans
397 3686 508 3741 hoc
539 3686 724 3753 modo,
757 3688 837 3741 sic
864 3687 1116 3757 denique
1140 3688 1355 3758 justus,
1391 3689 1628 3744 interfici
1661 3699 1787 3758 ate,

94 3773 186 3842 qui
214 3774 444 3843 justitia
471 3789 556 3840 es,
604 3776 956 3831 meruerim?
1008 3776 1154 3832 Nam
1187 3778 1233 3832 si
1266 3777 1629 3847 deliquerim,
1677 3793 1791 3834 non

95 3862 332 3919 diffiteor
378 3864 637 3933 culpam,
688 3878 761 3920 ex
792 3864 973 3920 animi
1010 3866 1347 3921 confusione
1379 3866 1517 3921 mihi
1563 3866 1789 3934 accidit,

96 3950 185 4005 ubi
234 3966 338 4006 nec
397 3951 723 4007 intellectus
765 3960 1025 4022 praeerat,
1062 3968 1169 4009 nec
1218 3953 1490 4009 voluntas
1531 3955 1787 4024 parebat,

97 4039 185 4093 sed
232 4041 423 4109 potius
462 4040 671 4096 rationi
722 4041 845 4111 ipsa
884 4056 1000 4097 non
1048 4042 1215 4097 modo
1250 4042 1488 4114 indigna
1535 4044 1790 4113 quadam

98 4130 468 4197 germanitate
505 4143 700 4199 parem
740 4145 798 4186 se
828 4131 1055 4199 fecerat,
1101 4132 1195 4187 sed
1236 4132 1410 4188 etiam
1437 4133 1581 4189 ratio
1605 4132 1789 4188 eidem

100 4227 435 4288 praepostere
464 4220 638 4274 nimis
674 4220 924 4276 obnoxia
952 4228 1095 4277 erat.
1123 4223 1187 4276 In
1216 4222 1573 4291 simplicitate
1612 4223 1789 4277 cordis

98 4310 212 4372 mei,
254 4313 303 4362 et
352 4309 636 4363 munditia
672 4325 932 4364 manuum
963 4326 1207 4364 mearum
1253 4314 1363 4378 feci
1401 4312 1514 4366 hoc.
1568 4311 1792 4381 Simpli-

98 4396 231 4451 citas
260 4412 362 4467 pro
393 4398 662 4453 fatuitate
692 4398 824 4468 poni
858 4398 1016 4466 solet,
1047 4399 1174 4467 etsi,
1206 4400 1421 4471 inquit,
1465 4401 1523 4456 in
1564 4401 1790 4457 hebetu-

78 4475 222 4541 'dinc
266 4487 475 4554 cordis,
527 4487 581 4542 id
611 4495 696 4543 est
720 4488 978 4556 rationis,
1014 4489 1237 4544 incurri
1269 4503 1548 4558 errorem,
1599 4498 1792 4546 tamen

100 4575 367 4631 mundam
405 4584 458 4633 te
497 4584 764 4632 servante
798 4591 1040 4633 manum
1075 4577 1280 4646 habui,
1314 4592 1385 4634 ne
1428 4578 1486 4633 in
1536 4593 1791 4649 nequam

98 4677 455 4721 excurrerem
488 4665 899 4735 operationem.

166 4752 329 4811 Vsus.
365 4757 419 4822 6,
447 4756 503 4809 '7.
545 4782 618 4795 —
664 4757 925 4824 Dixitque
971 4755 1046 4809 ad
1075 4771 1195 4810 eum
1236 4757 1539 4811 Dominus:
1586 4756 1667 4810 Et
1696 4772 1793 4827 ego

100 4844 197 4894 scio
218 4843 362 4911 quod
401 4844 649 4913 simplici
701 4844 860 4898 corde
884 4847 1101 4913 feceris,
1152 4851 1203 4899 et
1244 4846 1363 4899 ideo
1410 4846 1681 4899 custodivi
1722 4851 1790 4913 te,

101 4946 161 4984 ne
194 4948 438 5001 peccares
477 4936 539 4986 in
578 4949 679 4999 me,
721 4937 771 4987 et
819 4950 926 4988 non
982 4934 1192 5002 dimisi,
1246 4939 1306 4989 ut
1358 4939 1604 5002 tangeres
1652 4950 1791 4988 eam.

102 5020 242 5074 Nunc
285 5024 460 5090 igitur
528 5021 695 5075 redde
748 5038 970 5077 uxorem
1022 5026 1143 5078 viro
1177 5038 1293 5089 suo,
1344 5025 1475 5091 quia
1527 5024 1796 5092 propheta

104 5115 193 5172 est,
230 5117 277 5164 et
304 5112 488 5166 orabit
517 5126 621 5180 pro
652 5117 715 5171 te,
751 5116 800 5165 et
847 5114 1013 5166 vives.
1064 5113 1127 5167 Si
1176 5118 1355 5166 autem
1385 5113 1623 5166 nolueris
1671 5112 1795 5167 red-

107 5196 236 5261 dare,
274 5204 407 5255 scito
436 5199 586 5270 quod
610 5204 780 5254 morte
824 5202 1091 5268 morieris,
1127 5205 1186 5254 tu
1213 5206 1264 5255 et
1307 5202 1491 5254 omnia
1533 5216 1653 5269 quae
1701 5206 1797 5254 tua

106 5293 236 5341 sunt.
276 5289 439 5357 Quia,
466 5288 677 5359 inquit,
724 5302 896 5345 carus
938 5288 1293 5356 infirmitate,
1327 5296 1383 5344 et
1414 5289 1671 5345 humana
1707 5289 1794 5345 fa-

108 5376 296 5433 tuitate
334 5378 605 5448 peccasti,
655 5378 925 5432 custodivi
958 5383 1027 5441 te,
1087 5393 1160 5434 ne
1192 5379 1251 5433 in
1280 5392 1427 5448 opus
1455 5378 1794 5446 excederes;

110 5466 363 5534 superbia
383 5467 543 5525 enim
577 5467 949 5536 peccantibus
989 5474 1045 5523 et
1083 5466 1327 5523 scienter
1357 5475 1567 5537 puteus
1610 5466 1797 5522 ruinae

115 5560 268 5623 patet,
300 5557 395 5612 sed
427 5555 643 5613 marito
685 5554 1000 5612 intellectui
1046 5556 1362 5612 voluntatis
1404 5569 1567 5625 vagae
1616 5554 1798 5611 subde

114 5642 391 5713 cervicem,
421 5646 562 5715 quia
579 5645 848 5714 propheta
881 5648 981 5709 est,
1007 5642 1061 5699 id
1085 5651 1168 5701 est
1189 5642 1526 5714 providendi
1559 5642 1796 5698 internae

1900 574 2002 629 ber
2026 572 2235 628 affectu
2265 573 2336 627 ad
2369 572 2478 627 sibi
2518 572 2982 643 prospiciendum
3033 572 3330 644 ingenium
3363 589 3604 631 exacue-

1901 662 1997 727 rit,
2030 661 2314 732 quidquid
2366 668 2516 733 aget,
2561 661 2848 732 quidquid
2897 661 3289 725 meditabitur,
3346 664 3602 720 oratione

1902 751 2169 821 dignum,
2203 759 2256 807 et
2297 751 2453 807 vitali
2489 750 2726 821 praemio
2756 750 2891 822 erit;
2925 752 3079 821 quod
3120 752 3167 807 si
3202 752 3511 819 distuleris,
3548 752 3602 809 in

1903 840 2305 896 obstinationis
2342 849 2395 896 et
2436 840 2868 910 impaenitendae
2897 840 3415 909 insensibilitatem,
3447 842 3602 912 quod

1902 937 1985 985 est
2033 944 2186 985 mors
2224 929 2452 996 animae,
2505 944 2661 996 rues,
2698 938 2753 985 et
2800 932 2844 984 si
2890 930 3031 1001 quid
3066 931 3164 986 tibi
3201 930 3334 987 boni
3376 930 3598 998 resedit,

1905 1018 2118 1089 pariter
2147 1019 2391 1074 amittes.

1975 1108 2146 1163 Vens.
2178 1112 2231 1161 8.
2264 1139 2332 1146 —
2360 1109 2664 1177 Statimque
2708 1107 2773 1161 de
2824 1114 2972 1162 nocte
3009 1124 3331 1176 consurgens
3387 1109 3601 1163 Abime-

1905 1198 2036 1261 lech,
2086 1200 2299 1251 vocavit
2375 1213 2553 1251 omnes
2600 1212 2800 1263 servos,
2862 1203 2917 1251 et
2966 1198 3171 1252 locutus
3219 1204 3297 1251 est
3348 1200 3603 1251 universa

1904 1288 2067 1341 verba
2096 1288 2205 1341 haec
2236 1289 2293 1341 in
2323 1288 2548 1342 auribus
2593 1303 2807 1352 eorum;
2842 1290 3244 1356 timueruntque
3272 1303 3449 1341 omnes
3494 1289 3603 1340 viri

1902 1378 2078 1430 valde.
2127 1376 2438 1431 Abimelech
2484 1378 2549 1430 de
2603 1382 2752 1431 nocte
2790 1377 3089 1447 consurgit
3140 1392 3272 1432 cum
3316 1376 3600 1446 superbiae

1904 1472 2113 1530 motus,
2140 1466 2240 1534 qui
2272 1480 2344 1520 ex
2377 1473 2535 1535 patre
2572 1479 2773 1520 revera
2803 1464 3030 1521 diabolo
3079 1473 3181 1533 est,
3216 1466 3284 1520 de
3326 1471 3603 1533 concepta

1905 1555 2164 1609 avaritiae
2205 1554 2553 1609 obscuritate
2592 1569 2649 1609 se
2678 1554 2884 1620 elevat,
2917 1569 3048 1624 quae
3100 1563 3312 1609 mentes
3344 1553 3602 1623 pruden-

1906 1643 2049 1698 tium
2081 1650 2353 1708 excaecat,
2391 1657 2570 1697 servos
2601 1658 2747 1710 suos,
2791 1642 2845 1697 id
2876 1652 2957 1697 est
2988 1643 3355 1713 cogitationes
3385 1656 3515 1712 quae
3543 1640 3599 1695 in

1904 1732 2284 1803 suggerendis
2311 1731 2420 1787 sibi
2465 1731 2820 1787 vanitatibus
2844 1731 3197 1798 deserviunt,
3239 1732 3310 1786 ad
3343 1730 3600 1785 rationa-

1833 1789 1874 1842 Β
1905 1789 2095 1876 ῠῡιῖίέπ
2132 1834 2331 1890 sapere
2360 1828 2655 1887 convocat,
2706 1827 2761 1876 et
2790 1836 2921 1892 quae
2952 1820 3057 1875 sibi
3091 1789 3242 1876 Deus
3267 1819 3601 1889 inspirando

1900 1910 2236 1972 innotuerit,
2289 1909 2752 1966 intellectualiter
2772 1918 2992 1977 narrat,
3029 1909 3376 1967 utdivinum
3407 1909 3488 1964 eis
3529 1908 3601 1963 ti-

1900 2012 2116 2053 morem
2142 1997 2405 2053 incutiat.

1970 2087 2142 2145 VERs.
2164 2090 2217 2141 9.
2243 2117 2311 2127 —
2337 2089 2557 2142 Vocavit
2581 2091 2760 2141 autem
2777 2087 3079 2152 Abraham,
3108 2092 3158 2141 et
3176 2086 3322 2140 dixit
3352 2088 3427 2139 ei:
3455 2084 3602 2151 Quid

1898 2178 2081 2243 fecisti
2089 2176 2241 2231 nobis
2257 2178 2284 2230 ?
2304 2176 2448 2243 Quid
2461 2179 2802 2245 peccavimus
2818 2179 2874 2230 in
2893 2182 2958 2240 te,
2979 2179 3111 2245 quia
3135 2175 3411 2229 induxisti
3431 2174 3602 2244 super

1898 2281 1981 2319 me
2018 2270 2068 2319 et
2096 2282 2259 2335 super
2286 2281 2512 2332 regnum
2542 2280 2725 2320 meum
2751 2272 3028 2334 peccatum
3065 2265 3317 2332 grande?
3348 2266 3465 2332 Qua
3494 2279 3602 2317 non

1899 2356 2134 2409 debuisti
2162 2357 2363 2422 facere,
2405 2356 2592 2421 fecisti
2637 2355 2845 2409 nobis?
2893 2354 3187 2410 Abraham
3233 2361 3420 2421 vocat,
3466 2367 3600 2408 cum

1899 2450 2046 2499 totas
2084 2443 2471 2515 intelligentiae
2516 2444 2624 2499 sibi
2662 2442 3016 2499 illustrandae
3059 2443 3206 2499 vires
3256 2442 3550 2498 acuminat
3582 2455 3595 2493 :

1900 2533 2103 2600 Pensa,
2147 2533 2227 2588 ait
2256 2533 2396 2603 quid
2426 2532 2631 2604 egeris,
2676 2548 2810 2589 cum
2843 2533 2915 2589 ad
2960 2540 3012 2589 te
3054 2531 3334 2602 pertineat
3384 2531 3602 2586 anima-

1901 2621 1980 2677 les
2019 2622 2460 2692 corporalesque
2508 2622 2712 2678 turbas
2756 2623 2827 2679 ob
2884 2623 3201 2693 ingentium
3252 2620 3352 2675 tibi
3385 2618 3599 2690 ingenii

1898 2710 2264 2766 vivacitatem
2299 2711 2664 2781 restringere,
2702 2726 2818 2766 non
2862 2726 2967 2767 nos
2998 2710 3251 2766 motibus
3284 2708 3375 2763 his
3406 2710 3603 2764 huma-

1899 2800 2057 2856 nitus
2100 2800 2439 2855 excedentes
2479 2808 2595 2855 tam
2629 2800 2686 2855 in
2733 2807 2787 2856 te
2815 2800 3202 2869 peccavimus,
3229 2812 3409 2868 quam
3449 2804 3512 2852 tu
3543 2796 3599 2851 in

1901 2904 2025 2955 nos,
2074 2888 2176 2960 qui
2223 2890 2306 2945 tui
2360 2890 2700 2945 auctoritate
2744 2889 2969 2944 arbitrii
3033 2889 3317 2943 debueras
3383 2885 3601 2941 rexisse

1901 2992 2022 3043 nos,
2059 2990 2125 3032 ac
2156 2978 2200 3032 si
2231 2977 2445 3033 diceret
2477 2992 2489 3032 :
2528 2977 2583 3034 Si
2635 2992 2743 3045 me,
2796 2986 3014 3033 motum
3057 2976 3271 3033 scilicet
3313 2974 3599 3044 superbiae

1862 3066 1973 3148 :ad
2020 3066 2228 3121 horum
2270 3066 2570 3122 admittere
2612 3081 2727 3121 non
2784 3067 3089 3131 debueras,
3135 3079 3379 3135 regnum
3418 3077 3600 3133 quare

1902 3156 2028 3224 ejus
2077 3153 2469 3209 damnatiouis
2499 3155 2881 3210 admittebas?
2925 3156 3011 3210 Ex
3059 3155 3164 3209 hoc
3212 3168 3350 3223 ergo
3382 3150 3614 3223 grande

1906 3243 2002 3300 tibi
2047 3250 2344 3312 peccatum
2379 3241 2666 3308 incubuit,
2710 3257 2824 3297 non
2866 3250 2983 3298 tam
3014 3243 3156 3312 quia
3188 3255 3296 3305 me,
3331 3239 3429 3295 sed
3460 3240 3600 3309 quia

1904 3344 2147 3401 regnum
2182 3330 2412 3400 superbi
2437 3330 2659 3385 consilii
2689 3330 3074 3385 diuturnitate
3106 3341 3455 3397 susceperas.

1976 3421 2146 3477 Vens.
2178 3417 2260 3473 l0.
2282 3448 2356 3460 —
2394 3418 2557 3485 Quid,
2593 3419 2804 3489 inquit,
2833 3419 3024 3474 vidisti
3048 3425 3105 3472 ut
3131 3418 3227 3471 hoc
3254 3419 3481 3483 faceres,
3533 3413 3589 3469 id

1900 3518 1985 3566 est
2015 3523 2191 3580 quam
2218 3508 2397 3580 hujus
2426 3509 2507 3564 tui
2560 3509 2723 3579 pravi
2778 3522 3046 3564 assensus
3077 3508 3359 3563 rationem
3407 3503 3595 3560 affers.

1897 3630 1971 3643 —
2022 3600 2215 3669 (Vens.
2277 3602 2359 3664 ιι,
2410 3600 2515 3665 t2.)
2578 3600 2846 3666 Cogitavi,
2895 3598 2974 3653 ait
3031 3598 3349 3662 Abraham,
3396 3608 3599 3647 mecum

1901 3690 2122 3744 dicens:
2160 3690 2315 3742 Forte
2344 3703 2449 3741 non
2480 3693 2557 3742 est
2592 3690 2754 3741 timor
2808 3691 2903 3742 Dei
2941 3690 3000 3740 in
3050 3688 3157 3740 loco
3188 3689 3312 3749 isto,
3338 3690 3388 3738 et
3422 3687 3599 3737 inter-

1896 3779 2082 3850 ﬁcient
2112 3792 2194 3830 me
2217 3781 2445 3845 propter
2494 3792 2719 3830 uxorem
2753 3793 2944 3830 meam.
2985 3778 3145 3830 Alias
3190 3780 3369 3828 autem
3401 3778 3449 3825 et
3482 3788 3600 3824 vere

1898 3884 2053 3925 soror
2102 3882 2221 3920 mea
2276 3870 2373 3931 est,
2426 3867 2543 3934 ﬁlia
2589 3869 2768 3934 patris
2814 3869 2935 3931 mei,
2980 3871 3029 3918 et
3090 3881 3207 3920 non
3237 3864 3361 3934 ﬁlia
3404 3864 3599 3915 matris

1900 3973 2047 4023 meae,
2086 3961 2136 4009 et
2184 3954 2325 4008 duxi
2368 3970 2486 4008 eam
2532 3969 2775 4007 umorem.
2813 3954 2996 4008 Locus
3036 3954 3296 4008 timorem
3343 3951 3443 4006 Dei
3480 3964 3595 4005 non

1900 4044 2139 4109 habens,
2180 4056 2277 4098 cor
2311 4050 2573 4098 nostrum
2603 4049 2687 4097 est
2721 4042 3013 4111 tepiditate
3044 4041 3389 4099 marcidum.
3439 4038 3595 4109 quod

1903 4147 2101 4203 regere
2151 4146 2269 4188 non
2309 4132 2483 4187 audet
2522 4145 2628 4187 nec
2675 4131 2978 4186 defendere
3032 4129 3346 4185 voluntatis
3386 4126 3598 4197 conju-

1902 4222 2084 4295 gium,
2114 4220 2254 4277 dum
2289 4220 2531 4276 interlici
2566 4235 2624 4275 se
2646 4220 2804 4276 timet
2838 4220 3056 4289 impetu
3102 4217 3507 4283 tentationum,
3539 4223 3594 4270 et

1902 4319 2093 4368 tamen
2124 4309 2203 4367 ait
2233 4323 2245 4365 :
2281 4310 2423 4364 Eam
2455 4309 2880 4379 quodammodo
2901 4322 3153 4363 sororem
3186 4322 3300 4362 non
3332 4305 3597 4369 difiiteor,

1830 4401 1873 4455 D
1899 4401 2039 4456 dum
2061 4414 2133 4455 ex
2156 4399 2365 4454 diaboli
2386 4398 2569 4468 patris
2601 4400 3012 4468 propagatione
3034 4397 3201 4468 quasi
3226 4394 3423 4463 Belial,
3447 4392 3600 4464 quod

1900 4497 1983 4545 est
2011 4489 2412 4558 absquejugo,
2450 4486 2687 4542 liberam
2714 4486 3068 4542 voluntatem
3090 4486 3252 4541 abire
3273 4484 3477 4554 patior,
3506 4482 3601 4537 sed

1900 4592 2017 4633 non
2048 4577 2164 4632 ﬁlia
2188 4576 2387 4632 matris
2430 4590 2567 4631 meae
2613 4583 2842 4631 aeternae
2874 4576 3167 4644 sapientiae
3201 4582 3305 4639 est,
3351 4587 3423 4629 ex
3474 4586 3595 4642 qua

1899 4666 2124 4737 suscepi
2160 4680 2422 4731 uxorem,
2456 4665 2628 4735 cujus
2686 4664 2888 4734 utique
2922 4664 3230 4735 originalia
3259 4664 3603 4718 documenta

1899 4756 2140 4812 tradunt
2172 4770 2259 4810 me
2298 4754 2448 4809 hanc
2487 4767 2600 4808 non
2639 4762 2699 4808 ut
2743 4768 2959 4822 parem,
3014 4761 3117 4807 aut
3154 4750 3471 4816 dominam,
3504 4748 3599 4804 sed

1901 4844 2113 4901 habere
2162 4843 2409 4898 maritali
2459 4843 2762 4897 severitate
2812 4841 3018 4896 debere
3068 4849 3129 4895 ut
3162 4840 3487 4911 conjugem.
3536 4866 3603 4877 —

1974 4934 2167 5003 (Vens.
2237 4931 2341 5001 l3.)
2402 4934 2695 4997 Postquam
2748 4935 2925 4983 autem
2971 4929 3164 4983 eduxit
3214 4945 3294 4981 me
3349 4930 3483 4981 Deus
3540 4927 3604 4981 de

1903 5022 2057 5077 domo
2087 5025 2267 5091 patris
2288 5023 2411 5086 mei,
2439 5020 2566 5073 dimi
2589 5020 2663 5072 ad
2683 5035 2799 5073 eam
2828 5036 2841 5072 :
2873 5021 3022 5073 Hanc
3051 5020 3219 5083 facies
3249 5032 3453 5070 mecum
3500 5019 3605 5070 mi-

1901 5113 2280 5176 sericordiam,
2312 5112 2370 5163 in
2399 5111 2546 5163 omni
2590 5110 2700 5163 loco
2731 5109 2807 5162 ad
2836 5125 2993 5178 quem
3021 5107 3411 5174 ingrediemur,
3458 5105 3603 5159 dices

1852 5233 1857 5237 ς
1903 5200 2049 5271 quod
2074 5202 2254 5266 frater
2287 5204 2411 5252 tuus
2427 5199 2548 5252 sim.
2578 5200 2655 5253 De
2684 5198 2838 5253 domo
2864 5200 3044 5267 patris
3069 5196 3244 5251 nostri
3276 5195 3601 5259 educimur,

1902 5287 2137 5359 quando
2167 5287 2235 5342 de
2264 5285 2635 5353 conscientia,
2672 5301 2804 5357 quae
2834 5286 2983 5356 patri
3016 5285 3244 5341 diabolo
3274 5283 3604 5340 conforma-

1904 5377 2078 5433 batur
2128 5389 2227 5445 per
2273 5374 2691 5431 confessionem
2763 5375 3128 5447 egredimur;
3183 5374 3434 5429 dicimus
3470 5386 3604 5427 vero

1904 5473 2113 5522 nostrae
2141 5463 2421 5520 voluntati
2474 5471 2538 5519 ut
2584 5463 2887 5520 nobiscum
2937 5463 3107 5519 faciat
3151 5461 3603 5524 misericordiam,

1905 5567 2039 5610 cum
2059 5553 2223 5623 quasi
2250 5551 2644 5607 ratiocinando
2669 5552 2777 5607 sibi
2795 5552 3163 5622 suggerimus
3194 5558 3257 5605 ut
3288 5563 3404 5604 non
3436 5547 3609 5603 nimis

1905 5642 2148 5698 arduam
2195 5639 2440 5711 arripiat
2492 5639 2725 5696 vivendi
2769 5639 3050 5708 regulam,
3100 5639 3252 5694 unde
3305 5637 3377 5692 ad
3419 5636 3605 5692 locum
