3956 6426
402 387 495 437 I59
1241 381 1310 434 V.
1373 370 1704 434 GUIBERTI
1761 377 2053 433 ABBATIS
2097 378 2152 430 S.
2213 377 2449 432 MARUE
2507 377 2597 432 DE
2658 375 3044 432 NOVIGENTO
3793 377 3876 428 l60

391 518 603 575 dicitur
623 517 868 588 ingredi,
899 517 1040 586 quia
1059 531 1192 572 cuin
1216 516 1572 586 propositum
1604 514 1790 570 tenuis
1838 513 2086 582 alicujus
2123 515 2167 567 Δ
2197 513 2516 584 petulantia
2563 515 2714 570 Deus
2759 520 2944 578 sanat,
2994 527 3126 568 cum
3180 511 3471 582 appetitus
3515 519 3571 568 et
3619 511 3878 567 lascivias

391 608 523 664 vitae
545 621 705 663 mens
735 605 1012 677 languida
1040 606 1272 674 coeperit
1297 604 1554 674 aggredi,
1584 604 1704 658 sine
1737 603 1852 658 ullo
1882 602 2084 657 melio-

391 697 559 753 randi
616 695 912 762 desiderio,
958 707 1024 751 ac
1071 695 1115 748 si
1171 693 1422 748 localiter
1471 693 1621 747 intra
1661 692 1908 760 idipsum
1958 691 2084 747 vult

391 785 690 848 contineri,
739 791 795 839 et
843 783 974 838 inde
1016 781 1262 851 turpiter
1291 781 1501 835 nolenti
1539 779 1808 849 prolicere
1855 777 2084 834 contin-

393 872 474 943 git
498 887 644 942 saepe
680 871 859 927 relabi
891 887 903 925 :
957 869 1408 925 misericordiam
1442 868 1636 937 itaque
1679 867 1910 936 przebet,
1950 881 2082 923 cum

390 966 492 1015 90
517 961 767 1016 remissa:
795 959 1001 1014 rationi
1035 958 1306 1012 voluntas
1333 957 1504 1011 favet.

462 1049 632 1105 Vsus.
668 1049 752 1115 14,
791 1050 875 1102 15.
897 1077 966 1086 -
993 1047 1142 1100 Tulit
1163 1049 1336 1112 igitur
1359 1045 1656 1100 Abimelcch
1686 1059 1805 1097 oves
1831 1049 1881 1097 et
1907 1043 2083 1110 boves,

390 1152 566 1191 servos
596 1142 646 1190 et
697 1137 950 1200 ancillas,
1011 1140 1062 1188 et
1110 1135 1260 1187 dedit
1292 1131 1574 1187 Abraham
1608 1147 1620 1186 :
1650 1131 1999 1201 reddiditque
2034 1135 2085 1186 ei

390 1225 588 1280 Saram
615 1240 836 1278 uxorem
875 1239 1052 1287 suam,
1102 1228 1150 1275 et
1195 1225 1276 1274 ait
1311 1237 1324 1275 :
1360 1225 1530 1275 Terra
1559 1236 1738 1274 coram
1775 1221 1925 1274 vobis
1965 1225 2078 1274 est:

388 1313 692 1382 ubicunque
721 1311 822 1364 tibi
847 1311 1117 1381 placuerit
1143 1311 1350 1363 habita.
1401 1307 1726 1364 Abimelcch
1779 1308 1920 1364 tollit
1948 1322 2080 1364 cum

392 1400 593 1456 rationi
625 1398 838 1454 tollenti
871 1398 1136 1454 diabolus
1186 1397 1470 1467 superbiae
1507 1395 1786 1462 incentor,
1837 1397 1924 1452 vel
1961 1397 2082 1466 ipsa

389 1488 660 1558 superbia
703 1502 819 1542 non
865 1486 1227 1551 contradicit,
1261 1485 1413 1540 unde
1455 1491 1537 1539 est
1573 1499 1585 1538 :
1639 1485 1706 1539 Et
1736 1488 1933 1538 vinctis
1964 1486 2080 1552 ejus

387 1592 492 1630 non
518 1579 731 1646 aperuit
753 1592 1014 1628 carcerem
1047 1575 1178 1642 (Isa.
1213 1589 1324 1638 xlv,
1365 1577 1476 1638 17),
1510 1573 1664 1642 quod
1694 1580 1798 1638 est,
1847 1572 2076 1628 clausit.

388 1665 555 1721 Ratio
601 1673 795 1720 autem
851 1679 975 1717 oves
1027 1662 1190 1728 tollit,
1250 1675 1382 1716 cum
1415 1661 1489 1715 ab
1545 1661 1858 1715 intentione
1893 1661 2080 1730 adipi-

384 1751 576 1808 scendi
602 1751 834 1806 honoris
874 1748 1270 1820 impendenda;
1313 1746 1589 1803 beneﬁcia
1633 1747 2081 1817 charitatisquze

387 1840 569 1910 operit
605 1839 1032 1895 multitudinem
1079 1843 1446 1907 peccatorum
1493 1838 1625 1902 (Jac.
1669 1851 1724 1901 v,
1767 1836 1880 1902 20),
1923 1835 2080 1905 quod

389 1941 492 1999 per
537 1927 823 1998 lanigeros
868 1939 1121 1996 congrue
1164 1925 1501 1994 designatur
1547 1938 1768 1995 greges,
1821 1923 2082 1980 funditus

389 2015 705 2072 abstrahit:
761 2015 912 2069 boves
937 2028 1069 2070 vero
1115 2012 1455 2069 exercitium
1498 2012 1940 2082 praedicationis,
1973 2027 2083 2067 ser-

387 2119 479 2158 vos
504 2109 554 2158 et
587 2103 818 2158 ancillas
857 2103 1027 2158 fortes
1056 2102 1300 2157 dicimus
1323 2109 1377 2157 et
1417 2101 1694 2168 infirmas,
1735 2108 1789 2156 et
1831 2101 1905 2156 ad
1969 2116 2080 2156 sae-

388 2191 586 2247 culum
612 2205 821 2262 pronas
862 2189 1273 2246 sollicitudines
1320 2189 1702 2258 cogitationis,
1735 2188 1892 2244 aliud
1923 2202 2082 2244 nam-

389 2294 504 2350 que
531 2278 801 2334 violentia
827 2291 1152 2348 possumus,
1189 2277 1344 2332 aliud
1375 2276 1565 2346 fragili
1623 2276 1940 2332 adulationi
1985 2276 2079 2331 in-

389 2367 688 2423 serviendo
710 2375 1026 2422 tractamus
1059 2381 1072 2419 :
1112 2365 1232 2420 haec
1262 2365 1497 2419 Abrahz
1534 2365 1652 2432 dat,
1687 2379 1818 2420 cum
1869 2365 2079 2420 habere

387 2455 667 2510 volentem
702 2454 965 2524 spiritum
987 2453 1108 2524 jam
1150 2467 1264 2508 non
1297 2453 1628 2523 impugnat;
1669 2467 1911 2508 uxorem
1944 2453 2077 2508 red-

387 2539 490 2607 dit,
537 2554 670 2595 cum
708 2541 781 2596 ab
830 2541 1012 2610 ipsius
1054 2541 1369 2596 voluntatis
1435 2541 1750 2596 irritatione
1797 2540 2073 2612 quiescit:

389 2634 556 2696 terra,
594 2629 804 2700 inquit,
855 2635 934 2684 est
976 2646 1156 2683 coram
1192 2629 1362 2695 vobis,
1397 2629 1452 2684 id
1495 2637 1576 2685 est
1611 2629 1972 2685 conscientia:
2003 2629 2076 2683 li-

389 2717 580 2773 bertas
611 2717 814 2772 vestris
842 2717 1091 2788 suppetit
1119 2717 1393 2784 arbitriis,
1429 2718 1487 2773 in
1517 2733 1635 2788 quo
1667 2718 1767 2773 tibi
1799 2717 2079 2788 placuerit

391 2805 709 2861 sanctitatis
747 2807 1033 2876 proposito
1061 2820 1421 2874 conversare,
1453 2813 1508 2862 et
1538 2806 1753 2862 habita.

455 2895 627 2951 Vsus.
665 2897 749 2960 16,
802 2899 887 2962 17,
923 2898 1008 2950 18.
1058 2924 1130 2936 -
1159 2897 1310 2951 Sara
1339 2902 1516 2950 autem
1547 2895 1697 2950 dixit
1730 2911 1744 2949 :
1787 2898 1920 2950 Ecce
1947 2895 2078 2949 dedi

381 2983 529 3038 mille
555 2989 836 3064 argenteos
852 2985 1027 3050 fratri
1057 2989 1166 3049 tuo,
1207 2985 1302 3038 hoc
1348 2986 1422 3039 sit
1453 2984 1557 3038 tibi
1585 2989 1642 3037 in
1682 2985 1920 3038 velamen
1950 2999 2074 3038 ocu-

2193 603 2470 659 animales
2497 603 2569 658 ad
2617 603 2804 673 potius
2853 602 2910 657 in
2943 617 3000 656 se
3030 600 3432 656 delectandum
3489 607 3795 665 convocat,
3825 608 3872 656 et

2193 693 2447 762 pariunt,
2471 692 2609 747 dum
2629 705 2881 746 amorem
2907 691 3046 745 bene
3067 689 3271 758 agendi
3309 688 3678 759 concipiunt;
3711 703 3882 759 quan-

2193 779 2294 834 diu
2327 794 2580 849 namque
2613 779 2880 834 voluntas
2905 793 3005 848 per
3032 777 3314 833 desideria
3344 777 3675 833 adulterina
3691 777 3885 832 distra-

2193 867 2373 934 hitur,
2425 867 2603 922 vulva
2646 869 2871 933 domus,
2917 867 2970 922 id
3019 874 3102 922 est
3155 866 3517 922 conscientiae
3574 866 3775 922 aditus
3819 867 3882 921 ad

2192 956 2374 1012 divini
2405 955 2636 1012 seminis
2666 955 2968 1011 tenendam
2995 955 3335 1010 obstruitur.

2819 1043 3050 1099 CAPUT
3105 1041 3258 1098 XXI.

2269 1133 2432 1188 Vens.
2466 1137 2514 1199 1,
2548 1136 2600 1198 2,
2634 1132 2688 1197 3,
2722 1133 2773 1196 4,
2799 1135 2850 1184 5.
2889 1162 2944 1172 —
2993 1133 3253 1186 Visitavit
3282 1135 3463 1184 autem
3497 1133 3632 1184 Deus
3665 1132 3880 1198 Saram,

2191 1225 2329 1277 sicut
2359 1225 2703 1293 promiserat,
2735 1228 2786 1274 et
2819 1222 3060 1290 implevit
3091 1236 3210 1289 qua:
3240 1221 3446 1274 locutus
3476 1225 3573 1274 est.
3609 1221 3885 1290 Concepit-

2192 1328 2314 1382 que.
2360 1315 2411 1364 et
2461 1314 2669 1380 peperit
2721 1311 2898 1372 ﬁlium
2939 1312 2997 1362 in
3040 1314 3304 1362 senectute
3332 1324 3456 1374 sua,
3519 1314 3760 1377 τεγηιῖσνε
3789 1325 3885 1377 quo

2191 1400 2528 1470 praedixerat
2566 1402 2617 1453 ei
2667 1401 2820 1452 Deus.
2858 1399 3191 1466 I’ocavitque
3230 1396 3512 1451 Abraham
3564 1413 3759 1450 nomen
3788 1398 3886 1466 ﬁlii

2190 1491 2297 1553 sui,
2329 1505 2484 1556 quem
2513 1490 2698 1554 genuit
2745 1489 2794 1541 ei
2829 1488 2995 1546 Sara.
3050 1487 3226 1552 Isaac,
3281 1491 3331 1539 et
3375 1485 3726 1539 circumcidit
3773 1501 3885 1539 eum

2190 1583 2375 1630 octavo
2423 1577 2530 1636 die.
2574 1593 2691 1630 cum
2737 1580 2945 1628 centum
3003 1579 3135 1626 esset
3179 1589 3482 1638 annorum;
3535 1574 3636 1627 hac
3685 1577 3885 1643 quippe

2189 1669 2347 1718 etate
2370 1668 2556 1733 patris
2582 1670 2743 1718 natus
2765 1667 2843 1718 est
2875 1665 3058 1716 Isaac.
3101 1662 3353 1716 Tandem
3387 1661 3567 1732 igitur
3595 1669 3722 1731 post
3771 1661 3886 1716 haec

2189 1751 2544 1807 voluntatem
2583 1751 2748 1806 victis
2778 1751 3185 1821 undecumque
3216 1750 3485 1805 vitiorum
3539 1749 3886 1818 impulsibus

2121 1811 2160 1864 Β
2192 1839 2340 1895 Deus
2382 1839 2593 1906 visitat,
2636 1840 2736 1910 qui
2768 1839 3017 1894 vincenti
3046 1811 3106 1894 se
3123 1839 3395 1894 daturum
3433 1837 3599 1892 edere
3623 1811 3700 1891 de
3732 1836 3886 1907 ligno

2192 1928 2321 1983 vita}
2351 1929 2732 1998 spoponderat
2774 1930 2965 1997 (Apoc.
3001 1943 3061 1995 tt,
3093 1931 3171 1994 7).
3214 1930 3567 1996 Conceptum
3597 1925 3886 1995 spirituali

2189 2017 2468 2072 desiderio
2518 2016 2699 2071 ﬁlium
2755 2016 2921 2085 parit.
2960 2031 3094 2072 cum
3142 2023 3354 2070 certam
3395 2028 3550 2084 spem
3599 2029 3673 2070 ex
3707 2013 3885 2068 nimio

2189 2105 2397 2160 mentis
2449 2105 2666 2161 fervore
2713 2106 2972 2160 resumit.
3017 2105 3188 2160 Filios
3239 2118 3493 2174 namque
3521 2103 3593 2159 ob
3635 2103 3882 2172 posteri-

2189 2201 2381 2261 tatem,
2441 2202 2495 2250 et
2542 2193 2720 2248 nostri
2787 2207 2918 2248 cum
2970 2191 3331 2248 senuerimus
3387 2191 3882 2257 sustentationem,

2188 2297 2316 2351 spes
2346 2291 2570 2338 nostras
2615 2297 2822 2337 vocare
2869 2281 3133 2336 solemus.
3185 2281 3345 2336 Hanc
3365 2288 3578 2336 certam
3611 2280 3736 2335 sine
3774 2279 3883 2334 ullo

2181 2372 2300 2442 jam
2361 2371 2575 2441 peccati
2643 2369 2918 2440 scrupulo
2965 2384 3120 2439 spem
3176 2369 3378 2424 beatus
3427 2377 3708 2438 expertus
3768 2375 3884 2422 erat

2189 2459 2495 2525 Antonius,
2540 2459 2640 2529 qui
2682 2459 2804 2514 ait:
2842 2480 2862 2506 ι
2901 2459 3022 2528 Ego
3048 2459 3166 2527 jam
3201 2473 3313 2512 non
3350 2458 3518 2512 timeo
3546 2457 3754 2522 Deum,
3793 2455 3882 2510 sed

2187 2563 2317 2604 amo
2349 2563 2361 2602 :
2403 2570 2424 2596 ι
2461 2548 2698 2603 ethunc
2744 2547 2896 2617 parit
2925 2547 2983 2602 in
3020 2553 3330 2612 senectute,
3365 2545 3419 2601 id
3469 2552 3554 2601 est
3598 2546 3885 2600 exhausta

2184 2638 2338 2692 omni
2366 2637 2609 2708 juvenili
2653 2635 3124 2706 praesumptione.
3173 2644 3227 2691 et
3258 2634 3593 2690 circumsita
3623 2633 3874 2698 dierum,

2181 2725 2235 2780 id
2258 2733 2342 2780 est
2368 2725 2649 2780 virtutum
2681 2723 3017 2778 multimoda
3040 2723 3184 2790 luce,
3205 2730 3261 2777 et
3288 2737 3404 2793 quo
3428 2723 3578 2776 Deus
3600 2721 3883 2790 praedixe-

2185 2821 2273 2869 rat
2319 2821 2587 2882 tempore,
2647 2811 2846 2867 eadem
2895 2811 3111 2866 scilicet
3159 2825 3277 2880 qua
3331 2825 3487 2880 spem
3521 2809 3882 2880 perfectionis

2183 2901 2508 2957 obtinendae
2558 2907 2949 2970 assumpserat
2984 2899 3084 2955 Dei
3135 2899 3635 2969 contemplatione.
3711 2898 3769 2954 Is
3815 2895 3883 2950 ab

2185 2989 2501 3055 Abraham,
2527 2989 2599 3044 ab
2624 2989 2745 3058 ipso
2767 2987 3027 3042 videlicet
3050 2986 3313 3043 rationali
3336 2987 3600 3042 contuitu
3620 2993 3882 3047 vocatur,

386 3071 559 3125 lorum
589 3071 664 3124 ad
695 3087 872 3126 omnes
904 3075 1002 3141 qui
1025 3077 1194 3127 tecum
1229 3077 1374 3137 sunt,
1402 3079 1453 3126 et
1478 3087 1792 3142 quocunque
1819 3088 2070 3141 perrcxe-
2115 3103 2154 3159 ρ
2187 3077 2239 3132 id
2272 3086 2355 3133 est
2386 3077 2688 3133 discretive
2721 3076 3064 3146 intelligitur
3112 3076 3292 3142 Isaac,
3350 3075 3504 3146 quod
3533 3082 3617 3130 est
3647 3078 3796 3128 risus
3826 3080 3876 3127 et

383 3161 479 3214 ris.
551 3167 808 3216 memento
868 3168 916 3215 te
985 3177 1098 3217 esse
1151 3163 1556 3231 deprehensam.
1639 3157 1840 3217 Orante
1895 3166 2074 3214 autem

384 3249 686 3317 Abraham,
749 3254 966 3305 sanavit
1021 3251 1167 3305 Deus
1223 3252 1550 3314 Abimelech,
1605 3255 1657 3304 et
1716 3265 1966 3315 uxorem,
2024 3255 2074 3303 et

383 3339 612 3392 ancillas
667 3339 804 3406 eius,
863 3345 914 3393 et
958 3344 1299 3408 pepererunt.
1363 3340 1706 3394 Concluserat
1750 3340 1890 3391 enim
1935 3341 2074 3392 Deus

382 3440 586 3480 omnem
631 3428 849 3481 vulvam
881 3427 1068 3481 domus
1117 3427 1424 3482 Abimelech
1452 3431 1678 3496 propter
1705 3427 1900 3481 Saram
1945 3443 2078 3481 uaro-

382 3529 494 3568 rem
544 3515 848 3569 Abraham.
903 3515 1229 3571 Abimelech
1281 3515 1434 3570 Sarze
1479 3514 1644 3582 dixit,
1694 3528 1828 3570 cum
1873 3528 1907 3569 a
1971 3529 2076 3570 suo

381 3601 597 3671 impetu
625 3615 874 3669 cessans,
907 3617 1039 3672 quae
1093 3601 1354 3672 subjecta
1381 3610 1518 3658 sunt
1549 3617 1648 3672 per
1670 3603 1920 3671 {euectus
1949 3603 2076 3659 evi—

381 3689 633 3744 dentiam
665 3689 858 3746 videre
888 3690 1180 3760 permisit:
1217 3691 1372 3746 Heus
1421 3698 1502 3759 tu,
1539 3691 1749 3762 inquit,
1782 3693 2073 3760 voluntas,

381 3776 535 3834 mille
564 3787 863 3849 argenteos
893 3779 1056 3834 fratri
1107 3786 1206 3834 tuo
1237 3779 1385 3846 dedi,
1420 3779 1474 3834 id
1496 3787 1580 3836 est
1610 3781 1682 3836 ab
1711 3781 1864 3836 omni
1893 3781 2076 3852 {cupi-

383 3864 578 3921 ditatis
596 3867 962 3937 suggestione
980 3867 1298 3938 quiescens,
1335 3869 1507 3924 totius
1527 3877 1766 3925 terrenze
1789 3869 2078 3925 facultatis

381 3954 718 4024 abjiciendae
749 3956 970 4026 copiam
1003 3971 1117 4012 non
1151 3957 1330 4012 abnui
1362 3956 1464 4012 tibi
1495 3959 1851 4028 germanitas
1873 3958 2076 4029 juncto

385 4042 718 4112 intellectui,
751 4059 883 4115 quae
909 4045 1336 4102 abrenuntiatio
1367 4061 1480 4102 non
1513 4054 1627 4102 tam
1656 4047 1822 4103 modo
1855 4062 2072 4117 rerum,

385 4145 562 4201 quam
605 4133 986 4202 cupiditatum
1029 4134 1087 4188 in
1120 4133 1419 4190 munimen
1447 4135 1557 4190 erit
1601 4135 1702 4190 tibi
1750 4135 2072 4204 oculorum,

381 4218 762 4277 intentionum
785 4221 998 4277 scilicet
1030 4229 1284 4288 tuarum,
1313 4230 1377 4278 ut
1398 4237 1512 4277 non
1536 4231 1854 4293 graventur
1869 4224 2077 4294 pituita

382 4321 677 4374 curarum,
709 4318 774 4364 ut
793 4324 992 4365 omnes
1021 4310 1123 4380 qui
1148 4318 1334 4366 tecum
1355 4318 1512 4377 sunt,
1544 4311 1856 4368 rationales
1875 4312 2077 4383 utique

2189 3166 2490 3237 gaudium,
2522 3165 2675 3235 quod
2709 3179 2808 3234 per
2835 3164 2952 3233 spei
2981 3164 3196 3218 donum
3235 3163 3326 3218 hic
3374 3163 3495 3233 jam
3536 3160 3880 3232 intelligitur

2145 3284 2162 3298 ι
2187 3253 2244 3309 in
2287 3254 2547 3324 pignore,
2579 3267 2650 3308 ex
2680 3267 2796 3322 quo
2846 3252 3012 3307 nobis
3058 3251 3343 3306 astruitur
3380 3264 3482 3306 nos
3532 3249 3685 3304 idem
3719 3249 3882 3318 longe

2183 3349 2376 3398 tamen
2427 3340 2777 3396 inetiabilius
2815 3347 3150 3410 accepturos
3201 3340 3256 3394 in
3306 3353 3386 3394 re.
3431 3338 3602 3393 Hunc
3631 3337 3879 3405 denique

2182 3429 2651 3484 circumcidimus
2698 3437 2902 3484 octava
2950 3427 3058 3495 die,
3093 3427 3232 3498 quia
3268 3424 3737 3482 intellectualiter
3766 3423 3878 3478 col—

2183 3517 2419 3589 ligimus
2475 3531 2578 3572 nos
2631 3516 2703 3572 ad
2758 3516 3051 3586 integrum
3123 3514 3565 3585 passibilitatum
3639 3513 3879 3569 miseriis

2182 3604 2476 3660 exuendos
2508 3603 2866 3659 solummodo
2914 3603 2972 3658 in
3004 3602 3439 3658 resurrectione.
3495 3603 3723 3658 Centum
3780 3617 3878 3654 an-

2183 3709 2375 3747 norum
2423 3693 2475 3747 id
2513 3693 2763 3762 agimus,
2798 3705 2931 3746 cum
2983 3691 3052 3746 de
3078 3691 3309 3746 sinistra
3347 3689 3644 3760 praesentis
3687 3688 3879 3745 saculi

2183 3781 2428 3850 expediti
2468 3780 2786 3850 praevelare
2817 3779 3116 3836 studemus
3171 3779 3243 3835 ad
3291 3792 3541 3834 amorem
3593 3792 3874 3849 spemque

2183 3870 2386 3937 futuri,
2429 3869 2583 3940 quod
2631 3877 2715 3925 est
2753 3869 2810 3924 in
2863 3868 3160 3924 dexteram
3207 3865 3571 3937 transpositio
3624 3865 3878 3922 numeri.

2184 3959 2302 4016 Hac
2348 3965 2514 4014 aetate
2546 3958 2838 4013 Abraham
2888 3956 3288 4012 intellectualis
3335 3955 3595 4011 nascitur
3638 3958 3882 4011 materia

2183 4047 2381 4118 gaudii
2411 4046 2747 4117 spirituaiis,
2773 4054 2912 4102 aetas
2933 4061 3068 4102 vero
3098 4045 3175 4100 nil
3204 4045 3361 4100 aliud
3393 4058 3568 4115 quam
3593 4043 3882 4114 provectio

2185 4143 2269 4192 est
2301 4135 2640 4191 sanctitatis.

2255 4225 2426 4281 Vnus.
2452 4227 2504 4290 6,
2537 4229 2591 4278 7.
2627 4253 2697 4264 —
2724 4225 2930 4290 Risum,
2958 4225 3139 4290 inquit
3171 4223 3354 4290 Sarai,
3381 4223 3522 4274 mihi
3547 4222 3683 4287 fecit
3702 4223 3874 4274 Deus:

2184 4316 2489 4384 quicunque
2545 4313 2804 4378 audierit,
2855 4311 3146 4366 corrtdebit
3185 4311 3339 4364 mihi.
3374 4311 3720 4378 Rursumque
3750 4313 3832 4364 ait
3865 4324 3878 4360 :

383 4393 463 4450 tui
520 4403 728 4464 motus,
780 4412 882 4454 seu
928 4397 1213 4454 virtutum
1263 4399 1474 4467 studia,
1525 4414 1656 4470 quas
1697 4400 1864 4456 nobis
1911 4415 1978 4456 ac
2025 4401 2072 4456 si
2113 4401 2157 4456 D
2189 4405 2318 4470 Quis
2348 4401 2669 4456 auditurum
2698 4401 2933 4454 crederet
2959 4401 3266 4464 Abruham,
3299 4399 3442 4467 quod
3487 4399 3630 4454 Sara
3651 4399 3882 4454 lactaret

381 4483 621 4552 quidam
653 4483 962 4542 familiares
981 4486 1212 4553 adsunt,
1235 4487 1342 4543 hoc
1364 4487 1746 4544 immunitatis
1771 4496 2076 4560 contegan-

383 4578 481 4626 tur
499 4573 674 4642 asylo,
699 4573 771 4628 ad
793 4588 1162 4645 quaecunque
1186 4574 1410 4644 pietatis
1442 4575 1730 4646 proposita
1756 4577 2076 4646 appetendo

381 4666 740 4729 processeris.
775 4670 830 4718 et
852 4663 981 4718 licet
1009 4662 1068 4718 in
1097 4663 1334 4718 multam
1358 4663 1674 4719 sanctitatis
1704 4665 2075 4720 eminentiam

380 4748 696 4818 aliquando
723 4751 1069 4820 perveneris,
1105 4759 1294 4807 tamen
1335 4765 1368 4806 a
1413 4765 1540 4807 mea
1593 4753 1842 4824 regione,
1898 4767 2076 4822 quam

380 4837 554 4892 semel
583 4845 860 4908 expertus
887 4853 968 4906 es,
1026 4846 1078 4894 te
1121 4853 1154 4894 a
1185 4839 1353 4896 modo
1392 4840 1669 4896 dirimens
1713 4841 1995 4910 superbiae
2025 4850 2080 4897 te

382 4925 690 4995 voragines
711 4940 936 4996 semper
965 4926 1201 4984 irruisse
1221 4929 1568 4984 memineris.
1602 4929 1752 4985 Mille
1779 4937 2081 5000 argenteos

381 5025 484 5081 pro
509 5013 866 5081 plenitudine
897 5015 1071 5070 totius
1105 5023 1310 5071 terrnaa
1356 5016 1695 5072 substantiae
1740 5015 2077 5085 accipimus,

383 5108 446 5156 ut
508 5109 612 5167 est,
674 5105 766 5156 Vir
817 5104 978 5172 affert
1026 5119 1128 5173 pro
1189 5106 1378 5170 fructu
1431 5106 1549 5174 ejus
1594 5106 1742 5159 mille
1799 5111 2078 5172 argenteos

381 5189 560 5256 (Cant.
593 5204 714 5257 vm,
762 5194 850 5263 11)
884 5207 898 5246 :
933 5191 1260 5248 Abimelech
1289 5192 1404 5258 dat,
1438 5207 1570 5248 cum
1609 5208 1726 5249 non
1769 5193 2072 5250 disturbat.

383 5276 556 5333 Porro
576 5279 866 5335 Abraham
889 5295 992 5351 pro
1019 5280 1343 5336 Abimelech
1364 5288 1508 5347 orat,
1531 5296 1784 5352 eumque
1801 5281 2080 5338 Dominus

381 5377 517 5420 cum
550 5381 730 5422 uxore
759 5375 814 5423 et
847 5368 1072 5424 ancillis
1097 5377 1284 5437 sanat,
1317 5383 1448 5424 cum
1480 5369 1715 5440 spiritus
1754 5377 1948 5426 noster
1977 5385 2077 5440 pro

385 5451 625 5509 incursu
655 5470 827 5524 quem
872 5456 1051 5512 subiit
1102 5457 1404 5526 superbiae,
1448 5459 1560 5513 Deo
1606 5457 1908 5528 supplicat,
1952 5459 2080 5528 ejus

385 5547 607 5596 motum
653 5557 785 5598 cum
819 5559 925 5600 sua
956 5559 1087 5615 quae
1135 5545 1240 5600 Sibi
1273 5543 1418 5601 {cede
1447 5559 1514 5602 ac
1563 5545 1918 5602 infructuose
1947 5547 2082 5602 sub-

385 5629 752 5688 sternebatur
776 5633 1262 5706 concupiscentia,
1313 5641 1369 5690 et
1415 5633 1679 5690 ancillari
1724 5649 1793 5690 ac
1853 5635 2083 5691 sordida

2179 4491 2380 4556 ﬁlium,
2412 4505 2568 4558 quem
2595 4491 2808 4558 peperit
2835 4488 2885 4543 ei
2903 4489 3024 4556 jam
3053 4492 3206 4542 seni?
3236 4492 3324 4542 8|
3363 4488 3390 4541 ,Ι
3400 4501 3520 4554 ure,
3555 4487 3654 4555 ait,
3686 4488 3768 4544 ita
3793 4501 3882 4542 vo-

2183 4581 2458 4644 caverim,
2493 4592 2626 4633 cum
2661 4578 2716 4632 in
2748 4578 2855 4633 hac
2884 4577 3127 4648 Egypto
3159 4575 3442 4643 maeroris,
3487 4583 3542 4630 et
3591 4577 3881 4646 angustia

2184 4666 2326 4733 loco,
2356 4666 2554 4721 aeterni
2586 4681 2674 4722 me
2714 4665 2912 4737 gaudii
2938 4665 3058 4736 jam
3091 4666 3243 4721 Deus
3268 4664 3460 4720 fecerit
3491 4664 3730 4720 habitus
3756 4679 3883 4735 prae-

2185 4761 2416 4825 gustare
2446 4753 2688 4808 futuros.
2717 4754 3063 4822 Quicunque
3117 4752 3385 4820 audierit,
3440 4752 3585 4807 idem
3617 4752 3880 4808 videlicet

2187 4841 2377 4912 palato
2409 4841 2594 4896 cordis
2623 4841 2900 4910 sapuerit,
2936 4840 3075 4896 meis
3105 4840 3306 4910 utique
3335 4839 3562 4910 gaudiis
3599 4853 3717 4894 non
3757 4841 3879 4895 ina-

2187 4931 2364 4986 nibus
2396 4931 2582 5000 ipsum
2604 4943 2976 5000 nequaquam
3009 4929 3339 4998 aggaudere
3366 4929 3594 4999 pigebit.
3623 4929 3783 4992 Quis,
3809 4931 3882 4983 ait

2187 5019 2412 5089 opinari
2446 5025 2630 5088 posset
2662 5020 2942 5075 rationem
2964 5017 3122 5074 illam
3151 5019 3207 5073 in
3227 5018 3442 5088 peccati
3468 5018 3600 5072 olim
3630 5017 3879 5074 ludibrio

2187 5105 2574 5175 prostitutam,
2609 5113 2724 5160 tam
2756 5105 3007 5161 coelestia
3051 5119 3249 5174 sapere
3281 5104 3550 5174 potuisse,
3583 5111 3636 5160 et
3683 5106 3880 5161 volun-

2187 5200 2381 5262 tatem,
2417 5208 2548 5263 quze
2599 5194 2984 5250 sensualitatis
3021 5193 3300 5250 uberibus
3352 5193 3516 5248 solita
3552 5200 3677 5248 erat
3712 5192 3874 5248 menti

2187 5282 2518 5339 ministrare
2561 5281 2818 5338 libidinis
2870 5282 3156 5353 cujusque
3207 5295 3516 5348 venenum,
3557 5280 3678 5350 jam
3732 5282 3876 5338 Scri—

2186 5379 2372 5440 pturze
2401 5369 2749 5426 candoribus
2775 5384 2841 5425 ac
2870 5371 2916 5425 si
2941 5371 3084 5425 lacte
3106 5369 3411 5439 purissimo
3443 5375 3736 5437 conceptae
3767 5365 3873 5437 spei

2186 5459 2432 5514 educare
2455 5458 2822 5524 desiderium,
2874 5459 3029 5528 quod
3067 5457 3187 5528 jam
3221 5456 3449 5526 spiritui
3488 5471 3593 5511 suo
3624 5457 3700 5513 ab
3728 5455 3872 5512 omni

2188 5553 2430 5602 terrenae
2459 5555 2741 5615 conceptu
2794 5547 3040 5603 levitatis
3093 5545 3258 5601 effeto
3309 5545 3549 5616 protulit
3606 5547 3704 5616 pia
3742 5545 3870 5609 sola,

2190 5635 2312 5692 sola
2343 5643 2542 5692 sancta
2568 5634 2832 5691 volendo.
