3956 6422
83 430 169 481 161

1300 425 1666 483 MORALIUM
1709 426 1776 482 IN
1817 427 2114 485 GENESIN
2158 428 2291 484 LIB.
2334 429 2422 485 VI.

3514 436 3609 489 162

150 567 326 623 Vens.
358 571 416 621 8.
452 597 525 607 —
579 568 764 623 Crevit
794 568 978 635 itaque
1026 580 1181 635 puer,
1227 571 1278 619 et
1308 566 1617 620 ablactatus
1664 570 1742 619 est
1773 579 1786 619 :
1828 569 1872 620 A
1901 565 2121 620 errabat
2143 569 2202 621 in
2233 567 2527 622 solitudine
2560 567 2851 624 Bersabee.
2889 569 3087 641 Surgit
3108 571 3402 628 Abraham
3428 588 3607 640 mane,

78 660 318 727 fecitque
356 658 653 712 Abraham
696 655 903 724 grande
955 657 1256 709 convivium
1284 657 1343 708 in
1400 654 1498 724 .die
1548 654 1794 709 ablacta-

81 749 242 800 ti'onis
272 747 417 814 ejus.
458 747 584 801 Duo
635 745 823 800 virosa
863 751 1000 799 sunt
1040 743 1242 808 ubera,
1275 743 1492 813 quibus
1539 743 1797 812 pravitas

83 835 259 890 nostri
291 834 566 890 nutritur
602 831 862 899 aﬂ‘ectus,
900 832 1250 888 sensualitas
1295 832 1680 900 corporalium
1717 831 1799 887 vi-

84 923 228 977 sioni
277 923 547 987 acclinis,
583 930 641 981 et
684 922 866 992 ipsius
914 920 1251 991 imaginatio
1300 920 1555 988 visionis,
1615 920 1798 975 multo

82 1012 332 1067 deterior
387 1019 595 1081 aperta
651 1012 728 1066 rei
787 1010 1004 1065 visione
1066 1009 1398 1080 praesentis;
1431 1017 1648 1065 suntet
1680 1009 1797 1065 duo

84 1101 215 1168 alia,
277 1101 507 1171 quibus
558 1099 843 1156 interioris
899 1099 1149 1155 hominis
1208 1114 1397 1169 usque
1432 1100 1506 1154 ad
1546 1098 1797 1155 solidum

85 1195 513 1258 promoventur
561 1187 743 1253 initia,
794 1194 895 1243 aut
948 1187 1065 1244 duo
1125 1186 1340 1243 scilicet
1409 1187 1795 1250 Testamenta,

84 1285 183 1333 aut
213 1277 471 1348 geminae
506 1276 827 1332 dilectionis
855 1284 1160 1346 praecepta,
1198 1290 1453 1347 quorum
1514 1290 1629 1332 usu
1656 1276 1799 1332 dum

86 1366 413 1437 spiritualis
468 1366 631 1421 Isaac
688 1366 783 1436 pia
839 1364 1106 1422 coalescit
1152 1365 1416 1432 infantia,
1481 1380 1669 1435 usque
1725 1365 1797 1421 ad

88 1457 273 1526 ipsum
303 1470 519 1525 panem
545 1456 883 1526 angelorum
913 1468 1091 1525 quam
1119 1455 1305 1511 dulcis
1342 1462 1426 1510 est
1455 1454 1800 1524 sapiendum

87 1545 455 1614 provehitur,
509 1544 738 1600 sublata
771 1543 1063 1614 primaevae
1128 1542 1531 1599 teneritudinis
1571 1544 1796 1599 inertia.

87 1634 213 1689 Dies
252 1642 458 1690 autem
504 1633 903 1689 ablactationis
964 1632 1086 1703 ipsa
1112 1641 1197 1689 est
1224 1632 1436 1688 divinae
1488 1632 1800 1688 illustratio

86 1722 613 1792 contemplationis,
664 1723 762 1779 ubi
822 1723 882 1778 fit
935 1722 1075 1777 illud
1130 1720 1416 1777 ineffabile
1465 1721 1798 1776 convivium

1904 669 2036 710 cum
2082 656 2323 725 spiritus
2354 665 2547 712 noster
2592 672 2663 714 ex
2714 659 2915 715 divina
2963 662 3091 719 luce
3140 660 3213 716 ad
3246 660 3607 728 cohibendos

1905 743 2086 799 animi
2118 743 2320 801 ﬂuxus
2348 744 2595 816 erigitur
2635 760 2666 801 a
2700 749 2934 819 proprio
2965 760 3192 820 torpore
3227 764 3239 803 :
3285 748 3507 812 Panem,
3559 753 3609 801 et

1905 848 2061 901 aqua:
2090 838 2264 886 utrem
2306 835 2545 903 scopula:
2593 837 2711 903 ejus
2763 839 3021 907 imponit,
3055 852 3187 894 cum
3240 836 3453 891 divina:
3481 836 3611 891 cha-

1906 920 2094 976 ritatis
2157 922 2371 991 pabulo
2407 930 2460 978 et
2518 925 2769 980 scicntia:
2814 927 3087 983 salutaris
3139 932 3607 994 temperamento,

1908 1024 2069 1065 mens
2124 1011 2435 1066 mundanae
2491 1011 2809 1069 affectionis
2839 1016 3091 1087 rigorem
3121 1014 3289 1085 quasi
3336 1013 3480 1084 jugo
3518 1013 3611 1069 de-

1906 1099 2122 1169 primit.
2175 1100 2310 1156 Uter
2358 1115 2461 1170 pro
2490 1105 2869 1170 temperantia
2909 1120 3025 1161 non
3052 1105 3304 1161 absurde
3351 1103 3607 1174 ponitur.

1909 1189 2064 1243 unde
2092 1196 2147 1244 et
2180 1189 2332 1245 Deus
2375 1191 2543 1260 quasi
2577 1190 2635 1245 in
2684 1199 2812 1248 utre
2861 1193 3127 1249 statuisse
3155 1193 3370 1248 dicitur
3418 1192 3611 1261 bapti-

1907 1277 2107 1333 smatis
2136 1291 2342 1348 aquas,
2367 1281 2537 1349 cujus
2566 1281 2811 1350 gratiam
2842 1296 2943 1351 pro
2991 1281 3426 1351 suscipientium
3472 1293 3611 1335 cau-

1906 1366 1985 1420 sis
2008 1373 2063 1422 et
2093 1366 2303 1433 fundit,
2335 1374 2391 1423 et
2440 1369 2673 1439 retinet;
2723 1383 2878 1440 aqua
2911 1371 3229 1436 scientiam,
3263 1368 3428 1440 panis
3472 1368 3608 1424 cha-

1908 1455 2135 1511 ritatem
2163 1453 2382 1511 affatim
2410 1457 2643 1527 signare
2672 1458 2830 1514 solet.
2876 1461 3107 1513 Puerum
3140 1458 3335 1525 tradit,
3388 1472 3612 1525 eamque

1907 1543 2161 1610 dimittit,
2218 1544 2358 1599 dum
2416 1560 2548 1600 cum
2612 1546 2743 1601 totis
2818 1546 3121 1602 affectibus
3176 1560 3427 1618 nequam
3484 1557 3610 1613 spes

1907 1633 2079 1688 etiam
2132 1647 2398 1703 quasque
2454 1634 2692 1701 repellit.
2747 1637 2918 1690 Porro
2971 1635 3241 1691 recedens
3282 1648 3316 1689 a
3356 1633 3522 1688 nobis
3550 1634 3611 1686 in

1907 1722 2201 1776 solitudine
2229 1728 2404 1785 errat,
2447 1722 2582 1791 quia
2618 1722 2672 1776 in
2711 1732 2896 1778 mente
2938 1724 3060 1793 jam
3115 1724 3306 1787 unica,
3343 1729 3398 1777 et
3440 1735 3474 1776 a
3516 1733 3612 1774 ne-

88 1826 197 1866 non
225 1811 350 1881 jam
399 1810 768 1879 simplicitate
788 1810 965 1873 lactis,
992 1811 1087 1866 sed
1119 1818 1408 1880 apparatu
1439 1809 1801 1880 sempiternae
1835 1879 1871 1882 _
1911 1810 2080 1880 gotiis
2109 1818 2328 1866 secreta
2360 1811 2481 1882 jam
2532 1810 2825 1881 appetitus
2870 1812 3122 1867 carnalis
3177 1819 3364 1875 nutat,
3417 1809 3607 1865 sedem

89 1879 425 1969 soliditatis;
458 1906 647 1955 coenat
670 1899 825 1956 enim
847 1900 1127 1955 Dominus
1152 1879 1455 1955 nobiscum
1486 1879 1644 1961 tunc,
1672 1914 1798 1954 nos-
1835 1879 1879 1935 Β
1908 1879 2120 1954 scilicet
2150 1900 2339 1954 cordis
2363 1879 2500 1955 vnon
2550 1879 2770 1955 habens
2820 1900 2877 1955 in
2920 1916 3035 1971 quo
3076 1900 3331 1955 localiter
3378 1898 3606 1968 requie-

90 2003 198 2057 que
230 2003 368 2043 cum
407 1988 528 2044 illo.

158 2076 336 2133 Vsus.
390 2079 447 2143 9,
515 2079 599 2143 10,
638 2079 721 2130 11.
776 2107 841 2117 ——
888 2078 1124 2147 Cumque
1171 2077 1399 2132 vidisset
1445 2078 1586 2133 Sara
1622 2077 1799 2145 ﬁlium

91 2170 247 2231 Agar
293 2165 596 2236 zEgyptia:
647 2165 916 2221 ludentem
963 2181 1082 2220 cum
1112 2167 1288 2233 Isaac,
1331 2166 1481 2220 discit
1510 2166 1585 2219 ad
1616 2166 1800 2220 Abra-

94 2255 255 2308 ham:
304 2255 477 2324 Ejice
527 2255 785 2308 ancillam
841 2259 892 2307 et
932 2256 1107 2322 ﬁlium
1149 2255 1303 2323 ejus;
1353 2270 1459 2308 non
1508 2257 1649 2309 enim
1698 2257 1800 2308 erit

94 2344 252 2397 haeres
283 2346 441 2412 ﬁlius
492 2344 706 2397 ancillae
735 2358 857 2397 cum
885 2345 1000 2412 ﬁlio
1036 2358 1150 2397 meo
1198 2345 1376 2398 Isaac.
1426 2345 1569 2397 Dure
1595 2346 1800 2412 accepit

96 2431 183 2486 hoc
210 2433 506 2487 Abraham
530 2448 631 2501 pro
658 2432 775 2492 filio
803 2447 918 2487 suo.
955 2432 1337 2502 Temporibus
1367 2440 1577 2487 nostrm
1623 2432 1799 2501 spiri—

98 2520 569 2576 tualis'infantiae
617 2521 883 2591 quandiu
914 2535 1061 2590 opus
1112 2522 1253 2577 lacte
1309 2521 1608 2587 habemus,
1647 2525 1802 2591 Agar

99 2609 361 2681 Egyptia
403 2610 594 2675 nobis,
639 2610 695 2666 id
725 2617 807 2666 est
860 2609 1080 2666 affectio
1109 2610 1406 2666 mundana
1435 2611 1798 2676 obversatur,

100 2713 223 2768 quae
255 2699 447 2755 filium
478 2699 671 2765 habet,
703 2698 843 2769 quia
869 2713 966 2768 spe
1002 2700 1202 2770 aliqua
1227 2699 1509 2755 mundiali
1541 2713 1654 2754 non
1700 2713 1801 2754 ca-

101 2796 180 2843 ret
209 2804 222 2841 :
257 2803 421 2859 spem
453 2796 649 2844 autem
683 2804 783 2859 per
828 2788 972 2844 filios
998 2788 1206 2858 accipit
1254 2802 1405 2857 saepe
1434 2788 1710 2843 diximus.
1749 2788 1801 2844 Is

103 2892 222 2932 cum
270 2879 437 2933 Isaac
523 2877 691 2945 ludit,
742 2877 884 2948 quia
949 2876 1269 2948 spiritualis
1315 2876 1493 2932 nostri
1535 2876 1800 2932 desiderii

104 2966 333 3036 gloriam
368 2967 445 3021 ad
490 2966 716 3023 ludicra
757 2966 1070 3037 inaniaque
1123 2966 1389 3022 deﬂectit.
1437 2965 1540 3021 Sed
1588 2975 1801 3022 sancta:

105 3055 323 3111 libertas
368 3056 688 3112 voluntatis
739 3056 940 3112 nolens
993 3056 1232 3126 spiritus
1262 3055 1542 3127 gaudium
1582 3055 1803 3112 annul-

1908 1996 2047 2043 scat.
2089 1988 2250 2044 Unde
2298 2003 2398 2058 per
2452 1989 2570 2044 loca
2603 1989 2903 2059 inaquosa,
2942 2004 3041 2060 per
3091 1989 3265 2044 fortes
3314 1987 3495 2043 animi
3545 1987 3602 2041 in

1908 2091 2144 2147 quaque
2174 2077 2389 2133 virtute
2414 2085 2599 2134 status
2625 2078 2926 2134 ambulare
2963 2077 3246 2147 expulsus
3275 2076 3348 2132 ab
3377 2075 3610 2131 homine

1908 2166 2148 2234 spiritus
2191 2164 2402 2221 dicitur
2431 2168 2583 2231 (Luc.
2635 2181 2712 2231 x1,
2769 2166 2881 2235 24).
2930 2166 3208 2221 Bersabee
3265 2173 3456 2221 autem
3509 2179 3612 2233 pu-

1911 2260 2023 2307 teus
2056 2256 2373 2308 saturitatis
2430 2254 2871 2325 interpretatur;
2934 2269 3067 2309 nant
3130 2262 3360 2323 puteus,
3422 2252 3479 2307 id
3527 2260 3613 2307 est

1908 2341 2295 2412 cupiditatum
2376 2342 2739 2412 profunditas
2800 2352 3105 2413 postquam
3182 2343 3252 2397 ad
3337 2340 3611 2396 saturita-

1911 2439 2024 2487 tem
2073 2431 2287 2487 fastidii
2338 2433 2682 2501 pervenerit,
2748 2432 2921 2502 idque
2982 2446 3142 2487 mens
3218 2431 3608 2495 exhorruerit,

1912 2529 2049 2577 tunc
2079 2520 2234 2590 apud
2281 2535 2339 2576 se
2368 2522 2488 2591 jam
2533 2520 2788 2577 solitaria
2830 2522 2973 2587 fieri,
3004 2522 3235 2591 Deoque
3269 2533 3474 2575 vacare
3514 2533 3610 2588 po-

1914 2608 2060 2663 terit.

1983 2695 2154 2751 Vens.
2188 2699 2271 2764 15,
2316 2700 2395 2751 16.
2431 2727 2492 2737 -
2527 2699 2763 2766 Cumque
2806 2704 3125 2767 consumpta
3169 2702 3305 2752 esset
3360 2712 3509 2764 aqua
3550 2698 3609 2749 in

1910 2789 2049 2852 utre,
2091 2785 2291 2854 abjecit
2331 2802 2565 2855 puerum
2607 2788 2791 2840 subter
2832 2802 3001 2840 unam
3057 2787 3324 2851 arborem,
3374 2800 3494 2854 qua
3537 2784 3617 2838 ibi

1912 2879 2048 2927 erat.
2068 2876 2138 2928 Et
2159 2875 2318 2940 abiit,
2351 2876 2598 2943 seditque
2628 2892 2655 2929 e
2700 2878 2917 2944 regione
2935 2877 3150 2945 procul,
3189 2879 3457 2943 quantum
3513 2889 3610 2943 po-

1914 2969 2013 3017 test
2047 2979 2207 3019 arcus
2230 2965 2432 3033 jacere.
2487 2966 2868 3021 Consumitur
2906 2980 3054 3035 aqua
3085 2967 3142 3017 in
3171 2970 3312 3029 utre,
3357 2977 3491 3019 cum
3530 2969 3614 3018 at-

1912 3060 2189 3108 tenuatur
2227 3053 2313 3108 vis
2366 3053 2640 3119 scientiae,
2702 3061 2757 3109 et
2836 3053 3196 3109 discretionis
3278 3053 3335 3107 in
3391 3058 3612 3120 mente;

105 3143 222 3212 lari,
246 3143 614 3201 affectionem
664 3144 860 3200 saeculi
898 3159 1032 3200 cum
1062 3159 1161 3214 spe
1190 3158 1299 3200 sua
1328 3144 1567 3199 rationis
1595 3152 1802 3199 aucto-
1840 3177 1881 3232 ϐ
1912 3139 2051 3194 solet
2080 3153 2333 3209 namque
2360 3139 2597 3209 quidam
2630 3147 2821 3194 motus
2856 3139 3025 3208 quasi
3081 3137 3514 3209 desperationis,
3563 3145 3618 3193 et

107 3233 280 3302 ritate,
314 3234 473 3304 quod
501 3242 588 3289 cst
615 3233 926 3304 Abraham,
945 3233 1112 3304 jubet
1139 3233 1390 3290 excludi.
1428 3233 1581 3289 Dure
1612 3240 1802 3289 tamen

107 3323 241 3378 ratio
285 3323 521 3392 accipit,
567 3322 706 3393 quia
757 3323 860 3378 etsi
913 3322 1055 3378 velle
1105 3322 1210 3378 sibi
1261 3322 1504 3393 adjacet,
1555 3322 1805 3392 ahjicere

108 3411 252 3479 quod
305 3411 514 3482 genuit
566 3411 816 3467 levitatis
864 3410 1195 3467 facultatem
1246 3424 1361 3466 non
1412 3410 1664 3475 invenit;
1706 3423 1805 3479 spe

107 3500 249 3554 enim
282 3503 386 3556 etsi
436 3500 585 3555 falsa
628 3499 973 3570 plerumque
1020 3499 1317 3555 trahitur:
1365 3499 1462 3553 sed
1519 3498 1672 3554 ﬁlius
1700 3512 1804 3553 an-

108 3586 241 3643 cillte
265 3587 398 3657 jure
430 3587 753 3658 projicitur,
778 3588 919 3659 quia
948 3588 1189 3645 ccelestis
1220 3588 1402 3658 regni,
1428 3587 1487 3642 in
1516 3595 1806 3657 quantum

108 3687 226 3743 spes
258 3675 557 3731 ancillaris
582 3676 822 3732 descivit
852 3676 924 3732 ab
953 3675 1082 3747 ejus
1119 3689 1334 3742 amore,
1383 3674 1643 3730 mercede
1690 3675 1806 3729 mi-

108 3763 316 3819 nuitur.
347 3764 521 3820 Hunc
549 3778 688 3835 ergo
730 3764 1186 3837 crucifigijuxta
1216 3763 1552 3833 Apostoluni
1589 3762 1807 3819 mundo

109 3862 317 3922 oportet
354 3854 512 3923 (Gal.
573 3867 649 3921 v1,
718 3853 830 3924 14),
904 3854 1003 3909 sed
1065 3853 1333 3923 primitus
1378 3852 1499 3923 ipse
1548 3852 1805 3908 mundus

110 3942 481 4014 crucifigatur
517 3942 722 3999 eidem.

176 4032 339 4089 Vens.
406 4034 495 4099 i2,
558 4035 643 4087 13.
705 4061 777 4071 --
832 4034 952 4087 Non
1007 4037 1149 4087 enim
1211 4033 1400 4103 inquit
1457 4033 1629 4100 Deus,
1705 4032 1811 4087 tibi

112 4135 349 4189 asperum
391 4120 655 4175 videatur
700 4136 868 4192 super
902 4136 1095 4191 puero,
1148 4127 1197 4176 et
1250 4137 1414 4192 super
1442 4122 1648 4176 ancilla
1689 4126 1803 4176 tua.

114 4209 294 4264 Omnia
325 4226 446 4280 qua:
468 4210 577 4265 tibi
625 4209 833 4264 dimerit
865 4212 1026 4277 Sara,
1060 4212 1198 4265 audi
1243 4227 1421 4266 vocem
1470 4212 1611 4281 ejus,
1675 4212 1810 4280 quia

114 4300 165 4351 in
200 4300 350 4353 Isaac
401 4297 688 4355 vocabitur
731 4300 836 4354 tibi
884 4314 1080 4355 semen.
1133 4300 1239 4355 Sed
1268 4306 1318 4354 et
1368 4302 1545 4369 ﬁlium
1597 4302 1810 4355 ancillaD

117 4388 309 4451 faciam
340 4389 396 4442 in
421 4392 633 4457 gentem
670 4403 948 4456 magnam,
1004 4390 1140 4458 quia
1171 4404 1346 4442 semen
1376 4394 1528 4443 tuum
1554 4394 1651 4443 est.
1687 4388 1807 4444 Etsi

1910 3241 1982 3283 ex
2012 3228 2207 3283 eadem
2267 3227 2663 3298 desperatione
2695 3227 2952 3283 defectus
2998 3227 3248 3283 suboriri
3308 3227 3363 3281 in
3396 3226 3612 3291 animo,

1916 3326 2217 3387 postquam
2262 3332 2393 3372 cum
2426 3330 2526 3386 spe
2557 3330 2665 3372 sua
2724 3317 2925 3386 repelli
2970 3318 3141 3385 cmpit
3180 3315 3477 3371 saecularis
3529 3315 3614 3369 af-

1913 3406 2098 3472 fectio,
2176 3406 2334 3475 Agar
2391 3404 2655 3461 videlicet
2703 3420 2836 3461 cum
2901 3404 3046 3466 filio;
3102 3404 3346 3459 attendit
3413 3417 3618 3472 nempe

1913 3494 2308 3551 difﬁcultatem
2381 3494 2695 3551 caelestium
2762 3493 3213 3563 scquendorum,
3272 3500 3327 3547 et
3384 3499 3618 3547 veretur

1913 3592 2168 3655 gravuer
2216 3584 2523 3654 penuriam
2601 3592 2983 3640 terrenorum.
3047 3582 3273 3652 Abjecit
3333 3596 3471 3651 ergo
3518 3585 3617 3635 δυ

1914 3688 2163 3743 puerum
2191 3673 2392 3729 subter
2420 3686 2597 3728 unam
2630 3672 2917 3738 arborem,
2948 3686 3079 3726 cum
3134 3685 3293 3741 spem
3329 3670 3485 3740 ponit
3525 3669 3618 3723 in-

1913 3763 2145 3818 nitendo
2196 3777 2372 3832 super
2419 3762 2665 3832 potentis
2716 3761 2970 3831 alicujus
3002 3775 3326 3830 personam,
3363 3760 3498 3824 iino,
3556 3764 3622 3812 ut

1914 3865 2233 3921 sequamur
2260 3852 2585 3916 historiam,
2635 3849 2844 3920 abjecit
2886 3864 2986 3919 per
3014 3849 3359 3919 apostasiam
3414 3847 3616 3917 primae

1914 3940 2080 3997 bonae
2126 3940 2445 3996 voluntatis
2502 3939 2736 4005 scilicet,
2767 3952 2834 3994 ac
2877 3938 2921 3993 si
2976 3937 3315 4003 furibunda,
3356 3944 3411 3992 et
3442 3950 3477 3991 a
3505 3936 3621 3991 Deo

1914 4030 2202 4097 deficiens,
2238 4030 2456 4085 homini
2487 4029 2765 4099 cuiquam
2794 4042 2915 4083 sese
2948 4027 3115 4096 quasi
3137 4026 3622 4095 meliusjuvanda

1915 4119 2211 4188 supponit.
2243 4118 2435 4174 Arbor
2463 4117 2840 4189 singulariter
2878 4128 3180 4186 personam
3216 4114 3427 4185 signat,
3462 4114 3619 4170 unde

1916 4208 1975 4262 in
1998 4207 2335 4277 Apocalypsi
2363 4221 2398 4262 a
2434 4216 2689 4278 quatuor
2719 4206 2940 4276 angelis
2993 4203 3312 4269 obsistitur,
3357 4217 3428 4257 ne
3467 4217 3616 4258 ven-

1916 4303 2012 4352 tus
2045 4296 2380 4366 inaliquam
2432 4296 2695 4352 arborem
2738 4295 2877 4350 ﬂare
2907 4294 3111 4349 debeat
3151 4294 3339 4362 (Apoc.
3398 4306 3493 4353 vn.
3523 4293 3612 4360 3):

1917 4399 2175 4457 congrue
2217 4400 2356 4455 ergo
2404 4384 2621 4440 dicitur
2666 4384 2736 4439 de
2775 4384 3001 4447 arbore,
3053 4382 3194 4454 quia
3245 4381 3316 4437 ibi
3375 4388 3518 4448 erat,
3548 4394 3618 4436 ea

115 4474 188 4531 ait
213 4474 526 4533 affectionis
555 4484 758 4532 catena
801 4477 1173 4547 protraheris,
1207 4485 1261 4533 et
1292 4490 1444 4531 vana
1472 4491 1572 4546 spe
1602 4477 1801 4532 affice-
1840 4483 1885 4538 ι)
1914 4476 2065 4533 enim
2082 4475 2404 4546 quaejuxta
2432 4481 2571 4529 sunt
2596 4480 2651 4528 et
2674 4472 3110 4543 praesentialiter
3139 4470 3340 4535 teneri,
3366 4483 3619 4540 moxque

120 4564 208 4629 ris,
239 4579 308 4621 ne
354 4565 518 4621 aeide
567 4565 716 4621 feras
761 4565 887 4621 haec
931 4573 1048 4621 tota
1091 4566 1416 4622 rescindere
1464 4567 1581 4623 vim
1624 4565 1803 4636 spiri-

117 4653 275 4708 tualis
296 4662 359 4711 ut
395 4663 447 4710 te
475 4655 765 4711 monuerit
791 4668 1110 4726 exsequere
1148 4654 1487 4721 voluntatis,
1518 4654 1702 4711 sciens
1729 4667 1804 4708 ex

120 4742 437 4800 aeternitatis
480 4743 763 4799 desiderio
818 4743 1072 4800 fructum
1134 4743 1535 4799 indefectibilis
1590 4742 1804 4800 latitia;

120 4843 184 4884 ex
235 4832 394 4889 Isaac
447 4832 665 4889 scilicet
720 4847 836 4889 non
889 4833 1125 4889 aliunde
1174 4834 1387 4889 vocari.
1446 4832 1626 4889 Filius
1670 4846 1804 4888 vero

122 4920 326 4978 ancillae
355 4921 487 4978 licet
515 4921 680 4978 rudis
711 4922 903 4979 adhuc
931 4923 1144 4992 aspiret
1176 4924 1234 4978 in
1273 4930 1459 4989 extra,
1498 4928 1804 4992 postquam

124 5019 296 5065 semen
341 5018 510 5067 tuum
560 5010 751 5079 fuerit,
808 5012 864 5068 id
911 5020 998 5068 est
1040 5011 1259 5069 fructui
1301 5012 1648 5082 sempiterno
1692 5011 1801 5067 ido-

124 5108 281 5154 neum
324 5114 381 5157 se
409 5100 761 5169 exhibuerit,
798 5109 855 5158 et
900 5102 1157 5158 carnalia
1205 5102 1493 5158 seminare
1539 5099 1686 5157 velle
1717 5100 1809 5157 de-

126 5185 313 5243 stiterit
377 5188 436 5244 in
475 5202 750 5260 magnam
806 5190 1134 5261 cogitando,
1209 5190 1517 5261 loquendo,
1583 5189 1809 5261 agendo

128 5274 427 5334 studiorum
457 5278 776 5349 proborum
819 5287 1046 5350 gentem
1093 5278 1223 5335 erit.
1254 5279 1586 5335 Notandum
1613 5286 1809 5334 autem

40 5408 41 5415 η
129 5365 265 5431 quod
294 5379 507 5434 semen,
540 5374 596 5423 et
627 5366 850 5424 fructus
883 5382 1005 5425 esse
1045 5367 1185 5424 solet
1231 5383 1359 5438 spes
1390 5381 1559 5439 quzeq
1572 5381 1641 5423 ue
1670 5380 1809 5437 pro—

132 5454 358 5523 pagandi
388 5455 636 5513 fructus.

193 5542 351 5600 Vens.
396 5550 478 5600 la.
541 5575 614 5587 —
658 5544 918 5604 Surrexit
972 5551 1159 5617 itaque
1196 5549 1483 5605 Abraham
1537 5562 1715 5612 mane,
1762 5551 1813 5601 et

142 5632 308 5688 tollens
334 5651 549 5704 panem,
583 5640 633 5689 et
668 5644 842 5692 utrem
897 5652 1055 5708 aqua:
1098 5640 1362 5708 imposuit
1395 5637 1631 5706 scopula
1658 5638 1809 5705 ejus;

140 5721 452 5793 tradiditque
498 5741 750 5795 puerum,
780 5731 830 5780 et
859 5726 1075 5782 dimisit
1103 5742 1240 5782 eam.
1278 5732 1406 5798 (me
1434 5741 1555 5781 cum
1585 5725 1809 5779 abiisset

1912 4565 2142 4637 negotio
2196 4572 2389 4620 nostro
2446 4569 2671 4633 queunt
2724 4561 2928 4629 adniti,
2962 4561 3148 4632 magis
3204 4559 3385 4617 solent
3439 4572 3618 4630 quam

1910 4664 2130 4711 aeterna
2182 4652 2363 4723 diligi.
2423 4651 2559 4708 Abit
2613 4650 2810 4721 itaque
2840 4664 2873 4705 a
2921 4650 3057 4706 boni
3088 4657 3273 4719 coepto
3315 4647 3606 4718 propositi,

1910 4744 2125 4799 sedete
2154 4742 2387 4813 regione
2428 4740 2652 4811 procul,
2704 4740 2847 4796 dum
2896 4739 2954 4794 in
3003 4737 3427 4809 exspectatione
3478 4744 3609 4792 tem-

1910 4833 2121 4903 poralis
2150 4839 2409 4902 queestus
2458 4828 2707 4885 ﬂectitur
2750 4834 2934 4883 status
2965 4826 3355 4895 conscientize;
3391 4823 3451 4880 fit
3484 4838 3621 4880 vero

1914 4921 2114 4992 procul
2147 4927 2437 4991 quantum
2476 4924 2659 4989 potest
2713 4915 3119 4986 arcusjacere,
3153 4913 3289 4985 quia
3320 4914 3424 4969 etsi
3458 4912 3621 4968 ﬂuxa

1914 5012 2128 5077 sedeat,
2149 5018 2205 5065 et
2235 5008 2449 5079 cupida
2489 5006 2778 5078 inspiciat,
2836 5014 3026 5061 tamen
3066 5011 3121 5060 et
3150 5018 3223 5060 ex
3269 5002 3490 5073 ratione
3547 5002 3619 5058 ad

1916 5100 2013 5155 Dei
2046 5099 2311 5155 timorem
2342 5114 2400 5154 se
2429 5097 2768 5167 reprimens,
2809 5096 2882 5151 ab
2910 5094 3033 5165 ipso
3072 5108 3178 5150 suo
3219 5107 3336 5163 quo
3370 5092 3622 5148 trahitur

1915 5189 2177 5260 appetitu
2225 5203 2284 5245 se
2326 5187 2596 5254 abstinet,
2646 5183 3139 5256 quantumipsius
3168 5180 3426 5249 rationis,
3490 5195 3623 5251 qua:

1917 5287 2003 5335 est
2023 5277 2252 5348 signata
2280 5291 2383 5347 per
2420 5290 2647 5341 arcum,
2680 5274 2822 5346 quia
2847 5274 2918 5329 ad
2939 5281 3158 5329 certum
3192 5287 3257 5327 ae
3288 5271 3333 5326 si
3355 5270 3625 5341 sagittam

1921 5369 1978 5425 id
2014 5367 2167 5439 quod
2201 5368 2372 5423 sentit
2404 5366 2650 5431 emittat,
2700 5371 2884 5435 potest
2928 5361 3306 5434 exprimendo
3345 5359 3621 5417 determi-

1919 5471 2062 5513 nare
2091 5456 2394 5512 sententia.

1994 5547 2164 5604 Vens.
2212 5548 2294 5599 l7.
2343 5575 2410 5586 —
2462 5546 2617 5599 Dixit
2656 5546 2839 5598 enim:
2919 5545 3036 5598 Non
3083 5542 3272 5597 uidebo
3315 5543 3628 5595 morientem

1917 5649 2168 5704 puerum,
2213 5638 2263 5687 et
2290 5633 2480 5689 sedens
2537 5638 2728 5688 contra
2768 5633 2972 5687 levavit
3002 5648 3179 5687 vocem
3222 5646 3397 5698 suam,
3449 5633 3501 5683 et
3528 5632 3626 5697 fle-

1922 5727 2021 5777 vit.
2066 5722 2373 5777 Emaudivit
2420 5728 2600 5777 autem
2636 5725 2895 5778 Dominus
2949 5736 3127 5777 uocem
3155 5722 3353 5790 pueri:
3399 5720 3632 5772 vocavit-
