3956 6440
355 487 450 538 163
1250 481 1310 533 ν.
1352 480 1679 536 GUIBERTI
1723 481 2012 537 ABBATIS

2221 481 2389 534 lRIA'I
2429 479 2518 535 DE
2559 481 2942 538 NOVIGENTO
3753 487 3840 540 itii

353 633 456 687 que
474 616 700 682 angelus
729 612 1126 681 DominiAgar
1153 613 1219 666 de
1247 614 1389 667 caelo.
1423 611 1664 667 Moritur
1692 624 1855 681 puer,
1911 624 2044 666 cum
2081 613 2125 666 Α
2156 610 2424 667 astuanti
2463 610 2609 666 idem
2670 612 3020 681 impenditur
3064 612 3263 683 gratia
3320 613 3571 683 donum;
3619 613 3840 685 fuitque

355 703 730 760 sacularihus
751 705 970 758 intenta
997 716 1230 770 prorsus
1293 715 1324 755 a
1357 701 1470 755 Deo
1501 700 1852 755 interimitur
1884 713 2042 768 spes;

355 807 470 848 non
502 791 626 847 vult
657 794 850 860 itaque
880 790 1072 844 videre
1111 792 1422 843 morientem
1466 804 1714 857 puerum,
1746 802 1878 843 cum
1918 801 2043 842 car-

355 881 502 936 nalis
555 879 775 935 atfectio
829 878 1010 934 divini
1045 878 1262 934 timoris
1292 893 1405 932 non
1437 877 1630 944 inscia,
1666 891 1779 931 non
1830 876 2047 946 patitur

353 968 692 1037 contemptis
724 967 1049 1022 coelestibus
1081 981 1138 1021 se
1171 965 1499 1021 omnimoda
1531 979 1625 1034 spe
1665 965 1733 1019 ad
1777 965 1866 1019 sui
1910 979 1942 1033 p
1964 979 2040 1016 κε’-

352 1057 557 1113 niciem
590 1057 806 1111 ambire
837 1055 1144 1110 mundum.
1186 1055 1308 1109 Vox
1351 1054 1600 1109 carnalis
1629 1060 1712 1108 est
1737 1056 2044 1122 appetitus,

353 1144 696 1200 desiderium
734 1143 1046 1198 mundialis
1092 1151 1378 1212 quastus;
1411 1141 1558 1196 hanc
1584 1155 1722 1210 ergo
1768 1155 1923 1194 suam
1951 1155 2046 1194 vo-

349 1249 458 1286 cem
487 1231 688 1296 elevat,
731 1245 864 1286 cum
931 1244 965 1285 a
997 1230 1293 1300 temporali
1347 1231 1418 1284 ad
1449 1237 1730 1285 aternum
1773 1228 2042 1284 allectum

351 1320 660 1388 cupiditate
689 1319 932 1385 exaltat;
965 1318 1060 1372 sed
1088 1318 1242 1373 sedet
1273 1325 1494 1383 contra,
1529 1317 1669 1386 quia
1697 1317 1800 1371 etsi
1827 1331 2042 1371 secun-

351 1407 490 1462 dum
525 1405 812 1460 hominem
847 1405 1054 1460 inﬂecti
1087 1405 1340 1474 quadam
1390 1405 1625 1474 indigna
1680 1418 1739 1459 se
1794 1403 2042 1458 sessione

352 1495 505 1550 videt
533 1494 604 1548 ad
641 1494 857 1560 intima,
893 1493 992 1549 ubi
1038 1494 1383 1563 pugnaciter
1436 1501 1588 1548 stare
1633 1492 1920 1559 decuerat,
1972 1506 2045 1548 ex

351 1583 588 1638 rationis
627 1590 816 1637 tamen
863 1590 993 1635 voto
1035 1583 1322 1636 exclamat
1377 1589 1598 1635 contra.
1650 1580 1769 1635 Flet
1827 1588 2041 1648 autem,

349 1685 484 1726 cum
527 1671 810 1726 interioris
866 1669 1058 1724 ﬂuxus
1103 1684 1305 1739 aquas,
1371 1684 1471 1739 per
1500 1669 1674 1724 animi
1702 1670 1872 1739 jugcs
1922 1682 1956 1723 a
1986 1684 2044 1724 se

351 1758 558 1814 emittit
588 1760 908 1828 angustias.
957 1758 1282 1812 Notandum
1344 1773 1478 1813 vero
1509 1758 1662 1827 quod
1694 1773 1806 1813 non
1849 1772 2042 1812 vocem

352 1849 570 1912 matris,
603 1849 696 1902 sed
726 1847 888 1915 pueri
943 1847 1093 1901 Deus
1133 1847 1347 1901 dicitur
1373 1847 1698 1911 exaudisse,
1759 1847 1896 1916 quia
1927 1860 2039 1900 non

351 1938 683 2007 appetitum.
736 1935 837 2006 qui
867 1951 936 1990 cx
978 1950 1150 1990 carne
1207 1945 1491 2002 movetur,
1556 1937 1650 1990 sed
1698 1950 1876 2005 spem,
1912 1949 2042 2004 qua

351 2025 673 2094 paupertati
723 2023 959 2092 spiritus
1010 2023 1246 2088 intenta,
1298 2032 1353 2078 et
1391 2037 1424 2078 a
1483 2024 1779 2093 praesentis
1849 2023 2042 2078 saculi

352 2113 564 2183 gaudio
589 2111 707 2182 jam
755 2111 1118 2166 destituenda
1156 2121 1263 2179 est,
1303 2112 1583 2167 exaudire
1627 2112 1778 2166 Deus
1809 2119 2041 2182 gratan-

352 2201 564 2257 tissime
616 2201 934 2256 consuevit.
982 2200 1178 2255 Oratio
1269 2215 1522 2270 namque
1576 2200 1867 2270 pauperis,
1925 2215 2044 2253 cum

351 2290 614 2341 anaiatus
667 2285 790 2358 [al.,
847 2287 1069 2355 anxius]
1099 2289 1292 2352 fuerit,
1346 2293 1397 2341 et
1453 2303 1634 2341 coram
1660 2290 1762 2340 Deo
1789 2286 2044 2354 effuderit

345 2392 556 2445 precem
607 2390 762 2429 suam
814 2375 985 2445 juxta
1037 2375 1242 2444 psalmi
1299 2375 1533 2431 titulum
1599 2375 1771 2442 (Psal.
1825 2376 1919 2443 c1),
1970 2373 2043 2429 ad

352 2463 530 2518 Deum
561 2463 725 2532 quasi
757 2463 972 2517 clamor
1003 2462 1262 2531 pervenit
1293 2461 1484 2529 (Ibid,
1518 2464 1594 2529 2).
1629 2461 1789 2518 Unde
1819 2461 2044 2528 angelus

353 2547 578 2600 Domini
605 2546 670 2600 de
698 2548 822 2600 caelo
838 2549 996 2615 Agar
1025 2555 1208 2614 vocat,
1242 2546 1381 2616 quia
1409 2560 1595 2602 sermo
1629 2545 1864 2600 divinus
1894 2545 2045 2600 bona

350 2649 599 2705 quaque
629 2636 906 2690 nuntians
934 2636 1003 2691 de
1031 2650 1209 2691 sacra
1240 2635 1552 2704 Scriptura
1581 2633 1881 2690 excellenti
1918 2648 2041 2703 my-

351 2722 522 2779 sterio
565 2722 637 2778 ad
692 2736 760 2778 ea
793 2737 924 2794 qua
954 2731 1216 2794 aguntur
1265 2722 1419 2777 intra
1465 2737 1568 2778 nos
1601 2735 1942 2787 consonans,
1975 2722 2045 2776 de

352 2818 546 2866 nostro
582 2819 735 2866 statu
767 2811 1100 2882 interrogat.
1150 2812 1268 2866 Hoc
1296 2810 1503 2866 calum
1532 2810 1868 2866 extenditur
1896 2809 2046 2865 sicut

353 2899 515 2970 pellis
543 2900 716 2964 (Psal.
748 2915 866 2964 cut,
902 2900 977 2962 3).

424 3031 569 3101 Quid
606 3033 746 3097 agis,
782 3031 993 3100 inquit,
1040 3033 1238 3098 Agar?
1274 3031 1400 3084 Noli
1422 3032 1627 3083 timere.
1663 3029 1744 3084 Ac
1764 3028 1810 3083 si
1842 3028 1994 3084 dicat
2028 3042 2040 3082 :

355 3119 534 3175 Pensa
561 3120 741 3176 Deum
768 3134 925 3190 spem
966 3133 1132 3174 suam
1161 3119 1217 3174 in
1250 3133 1310 3174 se
1355 3118 1698 3188 ponentibus
1724 3117 2046 3188 adjutorem

355 3209 490 3277 fore,
535 3215 590 3264 et
631 3209 754 3264 ideo
808 3208 1066 3279 penuria
1112 3208 1439 3278 cujuspiam
1492 3214 1652 3262 motu
1701 3206 1817 3262 noli
1873 3206 1942 3261 ab
1977 3218 2042 3260 eo

353 3298 619 3368 deiicere;
662 3298 816 3370 quod
850 3297 1030 3367 igitur
1084 3298 1210 3367 agis
1264 3295 1500 3350 insiste:
1560 3295 1866 3350 Eaaudivit
1899 3299 2040 3350 enim

355 3391 626 3444 Dominus
675 3402 851 3442 vocem
881 3388 1039 3454 pueri
1082 3385 1149 3438 de
1179 3386 1288 3438 loco
1320 3387 1378 3437 in
1407 3399 1512 3452 quo
1542 3389 1638 3438 est.
1691 3383 2041 3451 Exauditur,

353 3493 485 3534 cum
519 3485 723 3533 nostra
757 3473 1101 3530 desiderium
1134 3472 1446 3528 voluntatis
1461 3486 1615 3542 spem
1648 3472 1717 3528 de
1744 3471 2043 3541 profundis

353 3567 610 3622 attollere
655 3563 956 3633 cupientis,
1019 3561 1088 3617 de.
1146 3561 1260 3617 situ
1309 3560 1475 3616 bona
1531 3560 1878 3626 intentionis,
1912 3575 2042 3631 qua

352 3652 512 3709 locus
541 3659 730 3707 noster
777 3657 880 3716 est,
907 3656 962 3705 et
990 3663 1110 3704 esse
1139 3648 1326 3716 debet,
1359 3648 1417 3702 in
1449 3662 1566 3718 quo
1603 3648 1742 3704 dum
1785 3648 2044 3704 constite-

352 3741 554 3808 rimus,
585 3741 656 3795 ad
690 3752 893 3794 verum
914 3752 1032 3794 esse
1062 3737 1370 3805 tendimus,
1413 3750 1448 3792 a
1483 3737 1596 3792 Deo
1619 3737 1864 3807 benigne
1894 3737 2043 3791 acci-

353 3829 528 3900 pitur.
547 3859 616 3868 —
643 3829 835 3898 (Vsus.
867 3830 974 3894 l8.)
996 3827 1181 3894 Surge
1207 3826 1305 3890 ait,
1334 3827 1458 3880 tolle
1475 3841 1722 3895 puerum,
1756 3831 1806 3879 et
1824 3841 2043 3879 manum

351 3919 520 3986 illius,
543 3920 675 3987 quia
705 3920 762 3972 in
800 3922 1008 3985 gentem
1046 3931 1304 3983 magnam
1337 3917 1545 3982 faciam
1585 3930 1721 3968 eum.
1749 3915 1920 3980 Surge
1969 3913 2041 3966 ab

353 4005 724 4064 basitationis
785 4004 1130 4072 diffidentia,
1169 4003 1296 4058 tolle
1343 4017 1501 4073 spem
1545 4003 1618 4058 ab
1667 4001 1794 4057 imis
1842 4002 1912 4057 ad
1953 4016 2044 4056 su-

354 4109 510 4166 pera,
595 4096 665 4154 sit
723 4096 776 4152 in
847 4095 972 4164 ipsa
1043 4107 1308 4162 superna
1380 4091 1501 4162 spei
1569 4105 1769 4156 manu,
1847 4090 1902 4144 id
1959 4097 2043 4144 est

352 4185 608 4241 virtitute
637 4183 1001 4240 continentiae
1030 4181 1476 4251 perseverantia,
1509 4178 1648 4250 quia
1677 4178 1890 4234 talibus
1917 4178 2040 4234 ofﬁ-

359 4272 461 4328 ciis
500 4273 558 4328 in
602 4279 936 4328 sanctarum
968 4269 1373 4340 operationum
1419 4268 1762 4338 propagines
1793 4275 1878 4322 est
1911 4265 2045 4321 dila-

351 4360 547 4418 tanda.
1117 4374 1120 4376 τ

2154 714 2286 754 cum
2313 714 2398 766 eo,
2433 701 2573 770 quia
2602 716 2735 755 cum
2768 701 2840 756 ad
2881 702 3104 771 pietatis
3137 715 3390 758 amorem
3421 703 3608 758 solum
3659 705 3845 773 vergit

2153 787 2393 856 affectio,
2419 788 2720 844 individua
2746 790 2864 860 spei
2897 805 3030 846 mox
3061 791 3374 846 comitatur
3401 792 3650 859 devotio,
3694 794 3846 862 quod

2151 877 2306 931 enim
2339 885 2390 932 te
2421 878 2694 948 consequi
2729 893 2888 948 posse
2914 879 3181 948 desperas
3213 881 3392 935 miror
3415 880 3460 934 si
3495 880 3596 934 diu
3625 895 3846 934 concu-

2153 965 2364 1033 piscere
2407 980 2606 1035 queas.
2637 973 2691 1021 et
2725 981 2849 1034 spes
2886 968 3087 1022 crescit
3141 981 3174 1022 a
3201 969 3548 1023 transitoriis
3578 969 3653 1022 ad
3683 977 3844 1023 ater-

2152 1065 2247 1117 na,
2275 1061 2330 1108 et
2367 1063 2626 1108 moratur
2677 1054 2730 1108 in
2765 1054 3092 1121 solitudine,
3139 1055 3280 1110 dum
3329 1063 3584 1110 removet
3609 1069 3648 1110 a
3686 1070 3746 1111 se
3779 1057 3844 1110 ad

2153 1139 2265 1193 Deo
2295 1141 2395 1196 soli
2421 1156 2479 1196 se
2509 1141 2910 1211 porrigendum
2943 1143 3216 1212 strepitus
3245 1143 3624 1198 conscientia.
3676 1144 3847 1199 Porro

2152 1226 2282 1282 inde
2339 1233 2400 1293 fit
2439 1231 2656 1298 juvenis
2686 1233 3011 1296 sagittarius
3067 1246 3196 1286 cum
3240 1231 3440 1288 talium
3487 1233 3847 1301 experientia

2150 1331 2391 1373 casuum
2423 1318 2491 1372 ad
2514 1318 2752 1388 spiritus
2790 1319 3193 1374 discernendos
3234 1320 3482 1374 eflicitur
3505 1320 3849 1390 ,intellectus

2151 1406 2270 1476 spei
2321 1414 2529 1461 nostra
2583 1406 2809 1462 subtilis
2866 1415 2921 1462 et
2959 1407 3226 1462 disertus.
3287 1408 3536 1477 Lignum
3587 1422 3848 1478 namque

2151 1495 2427 1564 corporis,
2479 1494 2619 1550 dum
2667 1493 2882 1550 chorda
2921 1495 3162 1550 rationis
3205 1495 3538 1562 inﬂectitur,
3590 1496 3684 1552 vis
3715 1497 3847 1551 inde

2150 1583 2573 1652 spiritualitatis
2619 1584 2868 1648 acuitur,
2896 1591 2950 1639 et
2980 1585 3145 1654 quasi
3178 1585 3246 1641 ad
3274 1595 3495 1642 certum
3543 1589 3847 1643 sententia

2149 1671 2357 1740 sagitta
2403 1670 2692 1738 dirigitur,
2726 1681 2977 1728 attamen
3012 1674 3137 1728 licet
3169 1674 3497 1730 solitudinis
3521 1675 3643 1745 jam
3679 1676 3848 1745 quie-

2153 1765 2262 1812 tem
2307 1768 2556 1828 appetat,
2607 1761 2911 1829 aliquoties
2957 1761 3011 1815 in
3067 1761 3286 1817 deserto
3321 1763 3548 1818 Pharan
3598 1763 3845 1829 habitat,

2153 1847 2445 1902 horrorem
2531 1849 2730 1917 utique
2799 1849 3107 1904 ferocitatis
3171 1850 3442 1906 vitiorum
3535 1852 3844 1907 molestum

2152 1936 2314 1990 valde
2366 1935 2594 2000 tolerat;
2631 1943 2812 1991 mater
2839 1937 2992 1992 enim
3044 1952 3150 1992 sua
3198 1940 3681 2009 concupiscentia,
3717 1954 3848 2010 qua

2148 2038 2206 2078 se
2233 2023 2526 2093 quondam
2563 2023 2621 2078 in
2661 2025 2907 2093 peccatis
2955 2027 3176 2094 genuit,
3207 2043 3429 2081 umorem
3461 2027 3541 2083 illi
3598 2029 3668 2081 de
3699 2036 3846 2082 terra

2149 2113 2376 2180 Egi/pii
2425 2112 2660 2180 accepit,
2703 2127 2933 2168 carnem
2975 2115 3186 2170 scilicet
3214 2117 3340 2185 ejus
3387 2115 3672 2172 lenocinio
3701 2117 3846 2172 mol-

2150 2199 2323 2254 liatur
2351 2199 2530 2254 animi
2561 2200 2736 2268 rigor,
2771 2215 2903 2270 qua
2941 2202 3012 2256 ob
3042 2204 3388 2259 terrenitatis
3433 2205 3678 2274 propria
3713 2220 3843 2274 pnn-

2149 2287 2259 2342 dus
2288 2287 2444 2342 omni
2477 2288 2843 2344 tribulatione
2869 2298 3286 2359 coangustatur
3316 2292 3586 2348 admovit.
3621 2294 3843 2348 Admo-

2149 2384 2243 2430 vet
2290 2389 2449 2441 sane,
2501 2378 2636 2446 quia
2695 2376 3154 2434 indesinentibus
3220 2381 3472 2436 stimulis
3509 2381 3580 2436 ad
3624 2381 3842 2436 malum

2151 2473 2336 2534 urget.
2384 2465 2610 2520 Pharan
2656 2473 2845 2520 autem
2903 2467 3314 2537 interpretatur
3340 2471 3599 2536 ferocitas
3639 2486 3842 2534 eorum,

2151 2554 2448 2623 IEgyptus,
2477 2555 2758 2608 tribulatio
2786 2562 3164 2624 coangustans.

2221 2648 2320 2696 83
2351 2642 2520 2698 Vsus.
2570 2646 2658 2708 22,
2710 2645 2797 2697 23.
2835 2673 2903 2683 —
2958 2645 3156 2698 Eodem
3188 2650 3421 2714 tempore
3448 2646 3846 2701 diaitAbime-

2153 2733 2286 2794 lech,
2318 2736 2368 2785 et
2405 2732 2600 2784 Phicol
2647 2735 2896 2800 princeps
2935 2737 3204 2788 exercitus
3234 2735 3351 2802 ejus
3380 2735 3455 2788 ad
3506 2736 3800 2790 Abraham
3831 2751 3845 2788 :

2153 2821 2288 2873 Deus
2319 2824 2490 2873 tecum
2518 2825 2596 2873 cst
2642 2822 2699 2873 in
2733 2823 3003 2875 universis
3050 2838 3170 2890 qua
3201 2825 3342 2890 agis.
3373 2823 3525 2876 Jura
3555 2839 3684 2892 ergo
3713 2824 3848 2878 mihi

2151 2923 2249 2976 per
2301 2910 2601 2974 Dominum,
2649 2923 2714 2962 ne
2753 2925 2942 2963 noceas
2970 2912 3129 2977 mihi,
3172 2915 3222 2964 et
3255 2914 3484 2980 posteris
3531 2915 3690 2978 meis,
3721 2915 3848 2967 stir-
3911 2911 3914 2920 ’

2149 2999 2318 3065 pique
2353 3011 2498 3063 mea,
2548 2997 2644 3049 sed
2671 2995 2842 3066 juxta
2888 2999 3322 3053 misericordiam
3362 3015 3528 3068 quam
3554 3003 3694 3066 fecit
3725 3002 3842 3063 tibi,

2166 3084 2336 3148 facies
2364 3084 2522 3149 mihi,
2565 3089 2614 3136 et
2637 3089 2791 3138 terra
2819 3087 2877 3137 in
2897 3102 3006 3153 qua
3035 3092 3279 3140 versatus
3310 3102 3362 3141 es
3393 3088 3622 3143 advena.
3658 3089 3847 3145 Gloria

2080 3201 2122 3257 Ο
2155 3167 2403 3222 victoria
2432 3182 2656 3237 semper
2685 3178 2767 3224 est
2797 3169 2987 3224 affinis
3023 3171 3332 3240 superbia,
3362 3180 3574 3228 etcum
3610 3173 3843 3242 opinio-

2150 3256 2240 3311 nis
2268 3269 2412 3311 aura
2433 3256 2786 3324 discurrerit,
2825 3257 3042 3328 impetit
3063 3260 3322 3315 animum
3372 3262 3458 3315 vis
3486 3262 3844 3331 cenodoxia;

2150 3347 2343 3402 eodem
2391 3361 2529 3417 ergo
2587 3355 2860 3416 tempore,
2913 3347 3035 3416 ipso
3079 3347 3340 3402 videlicet
3391 3355 3544 3404 statu
3596 3349 3846 3404 victricis

2150 3435 2359 3491 anima
2425 3450 2542 3505 quo
2593 3450 2652 3490 se
2693 3436 2971 3491 audacter
2999 3436 3290 3506 [adversus
3347 3437 3648 3506 pralibata
3701 3437 3845 3493 mala

2149 3523 2376 3587 extulit,
2410 3523 2668 3594 loquitur
2696 3525 3034 3589 'Abimelech,
3086 3531 3136 3579 et
3162 3524 3367 3592 Phicol,
3422 3525 3698 3595 superbia
3737 3527 3845 3581 sci—

2151 3611 2299 3679 licet,
2317 3627 2382 3668 ac
2397 3613 2713 3668 cenodoxia
2743 3613 3023 3683 spirituali
3055 3615 3418 3684 suggestione
3444 3615 3519 3668 ad
3539 3616 3843 3670 Abraham.

2151 3700 2320 3767 Deus,
2369 3700 2662 3770 inquiunt,
2707 3703 2828 3757 sive
2859 3716 3152 3772 prospera,
3192 3702 3314 3758 sive
3346 3702 3588 3758 adversa
3617 3704 3724 3759 tibi
3772 3703 3846 3758 ir-

2151 3797 2346 3856 ruant,
2380 3789 2438 3844 in
2470 3789 2684 3845 bonum
2713 3789 2812 3845 tibi
2842 3798 3202 3859 cooperatur,
3237 3805 3341 3846 nec
3367 3790 3544 3846 ullius
3575 3791 3706 3847 vitii
3739 3793 3846 3846 im-

2151 3876 2322 3946 pulsu
2354 3877 2500 3934 scias
2552 3877 2652 3934 tibi
2695 3893 2856 3948 posse
2903 3879 3289 3948 perniciosum
3344 3887 3448 3934 aut
3489 3879 3848 3949 desperabile

2150 3964 2457 4020 discrimen
2508 3966 2786 4030 accidere,
2827 3980 2999 4035 quem
3055 3965 3114 4020 in
3148 3973 3226 4022 tot
3257 3967 3466 4022 mentis
3513 3967 3849 4024 incursibus

2151 4053 2386 4123 contigit
2417 4052 2698 4108 divinitus
2737 4053 3034 4109 victoriam
3072 4056 3370 4110 meruisse.
3402 4059 3542 4111 Iura
3587 4073 3718 4127 ergo
3755 4073 3849 4126 per

2152 4142 2465 4208 Dominum,
2507 4142 2658 4212 quod
2709 4149 2792 4198 est
2842 4143 3068 4198 dicere:
3137 4142 3420 4210 Quoniam
3473 4151 3698 4200 tantam
3751 4146 3844 4200 Dei

2150 4241 2290 4299 erga
2314 4236 2366 4284 te
2389 4230 2669 4298 experiris
2698 4230 3080 4298 clementiam,
3109 4245 3348 4288 securus
3393 4231 3683 4301 opinionis
3713 4241 3842 4299 tua,

2153 4331 2284 4388 qua
2318 4331 2420 4388 per
2443 4318 2702 4374 omnium
2732 4333 2835 4374 ora
2872 4319 3092 4386 volitat,
3123 4320 3324 4390 excipe
3354 4320 3618 4390 gloriam,
3653 4330 3845 4392 utpote

2153 4401 2257 4472 qui
2295 4409 2446 4458 certo
2475 4416 2640 4458 nosse
2682 4403 2882 4472 possis,
2917 4403 3075 4474 quod
3111 4418 3227 4460 non
3263 4399 3388 4460 sine
3418 4405 3515 4460 Dei
3546 4405 3844 4462 voluntate

420 4493 588 4550 Vnus.
627 4497 710 4561 19,
745 4495 832 4560 20,
865 4495 953 4546 2t.
992 4521 1059 4530 —
1101 4491 1437 4560 Aperuitque
1475 4490 1650 4544 oculos
1704 4489 1820 4558 ejus
1876 4491 2033 4543 Deus.
2075 4500 2120 4555 ι)
2153 4489 2426 4555 lauderis,
2473 4491 2628 4546 unde
2678 4507 2778 4560 per
2823 4494 3128 4558 Dominum,
3182 4492 3238 4547 id
3289 4501 3372 4548 est
3417 4507 3518 4562 per
3563 4507 3691 4550 eam
3728 4508 3842 4564 qua

349 4586 477 4653 Qua
520 4582 706 4637 videns
741 4587 962 4650 puteum
1010 4595 1190 4650 aqua,
1247 4579 1406 4647 abiit,
1452 4583 1503 4632 et
1557 4579 1801 4646 implevit
1841 4583 2036 4637 utrem,

349 4672 604 4740 deditque
658 4685 824 4740 puero
856 4669 1080 4738 bibere;
1106 4673 1156 4723 et
1200 4670 1315 4734 fuit
1362 4682 1480 4721 cum
1509 4682 1601 4733 eo;
1637 4669 1732 4734 qui
1768 4669 1954 4731 crevit,
1990 4670 2040 4719 et

347 4767 588 4816 moratus
627 4763 707 4814 est
749 4761 810 4812 in
855 4757 1171 4824 solitudine,
1237 4759 1526 4824 factusque
1559 4753 1780 4824 juvenis
1811 4757 2042 4822 sagitta-

346 4852 484 4904 rius.
520 4848 804 4903 Habitavit
851 4849 909 4900 in
949 4845 1158 4900 deserto
1195 4845 1440 4911 Pharan,
1471 4849 1520 4897 et
1559 4846 1766 4912 accepit
1797 4843 1885 4896 illi
1915 4859 2038 4896 ma-

351 4943 431 4993 tcr
458 4954 560 4993 sua
597 4951 818 4991 uxorem
869 4935 936 4989 de
973 4939 1120 4988 terra
1161 4935 1406 5002 Egypti.
1457 4932 1540 4988 Ad
1581 4931 1899 4987 Videndum
1939 4944 2041 5000 pu-

351 5037 506 5084 teum
532 5039 700 5096 aqua
751 5025 903 5081 Deus
941 5024 1070 5094 ejus
1129 5023 1324 5079 oculos
1373 5023 1574 5092 aperit,
1623 5035 1756 5076 cum
1788 5019 1861 5075 ad
1900 5034 2037 5076 eum

347 5114 869 5187 persentiscendum
915 5111 1370 5182 sapiendumque
1428 5110 1528 5181 qui
1573 5109 1699 5165 fons
1738 5116 1822 5164 est
1871 5123 2040 5178 aqua

346 5205 497 5260 viva
520 5211 574 5258 et
595 5202 755 5272 origo
803 5201 1098 5271 sapientia
1136 5214 1202 5256 ac
1245 5199 1519 5264 scientia,
1555 5197 1843 5254 Christum
1894 5196 2040 5252 scili-

348 5301 453 5360 cet,
495 5291 599 5362 qui
649 5291 728 5346 nil
761 5288 919 5345 aliud
970 5302 1144 5359 quam
1193 5287 1349 5358 quod
1380 5285 1534 5342 mitis
1576 5293 1660 5342 est
1714 5294 1770 5342 et
1803 5283 2039 5341 humilis

346 5381 517 5438 corde
565 5393 599 5434 a
631 5393 689 5435 se
718 5393 822 5434 nos
877 5377 1094 5434 discere
1141 5376 1345 5443 voluit,
1381 5374 1588 5430 mentis
1616 5373 1878 5428 velamen
1949 5372 2042 5428 de-

350 5469 516 5540 tegit;
559 5467 782 5524 ambitu
826 5467 1022 5537 itaque
1074 5473 1340 5521 votorum
1390 5464 1546 5518 hunc
1593 5462 1791 5517 adiens
1844 5459 2040 5530 implet

347 5565 556 5625 utrem,
589 5563 820 5626 reparat
849 5554 1108 5611 videlicet
1141 5553 1292 5608 vires
1315 5551 1564 5608 scientia
1595 5550 1748 5606 intra
1777 5548 2037 5604 animum

341 5645 462 5716 jam
485 5646 688 5716 utique
731 5651 1162 5713 temperantem.
1215 5640 1380 5696 Potat
1425 5652 1692 5708 puerum,
1725 5636 2037 5693 affectuali-

347 5742 458 5790 tate
500 5733 652 5791 enim
697 5735 766 5790 ad
830 5734 1017 5789 Deum
1064 5744 1252 5791 versa,
1311 5729 1430 5798 spei
1483 5735 1693 5784 nostra
1737 5726 2038 5782 desideriis

2148 4581 2262 4635 Deo
2321 4581 2582 4634 inniteris
2649 4579 2938 4647 fiduciam,
3014 4583 3166 4646 mihi,
3221 4581 3414 4651 inquit
3484 4581 3837 4639 Abimelech.

2148 4667 2303 4738 quod
2344 4675 2428 4723 est
2473 4668 2764 4737 superbia,
2807 4668 3090 4738 pollicere,
3125 4669 3281 4739 quod
3325 4683 3429 4725 nec
3456 4671 3598 4724 mihi
3623 4686 3836 4734 noceas,

2147 4757 2207 4812 in
2249 4757 2360 4812 tuis
2389 4769 2478 4811 me
2503 4757 2770 4826 operibus
2794 4757 3138 4812 destruendo
3171 4771 3276 4813 nec
3297 4761 3547 4826 posteris,
3603 4759 3834 4815 laudem

2148 4845 2378 4911 scilicet,
2413 4859 2544 4914 qua
2596 4859 2770 4914 opera
2816 4846 3098 4915 sequitur,
3149 4845 3470 4915 abjiciendo
3529 4861 3636 4902 nec
3675 4848 3837 4916 stirpi

2146 4949 2292 4998 mea,
2351 4933 2744 5000 intentionem,
2796 4947 2927 5002 qua
2975 4933 3141 4988 radix
3169 4941 3254 4989 est
3300 4946 3561 5002 operum,
3623 4937 3836 4990 exstin-

2148 5021 2396 5092 guendo.
2429 5020 2758 5077 Abimelech
2790 5021 3197 5090 interpretatur
3219 5024 3404 5091 patris
3454 5025 3561 5076 mei
3589 5038 3831 5091 regnum,

2147 5109 2302 5181 quod
2333 5118 2416 5165 est
2444 5110 2733 5179 superbia,
2769 5109 2864 5166 cui
2894 5118 3096 5180 regnat
3136 5110 3420 5178 diabolus,
3449 5111 3606 5167 unde
3649 5120 3754 5179 est,
3786 5119 3836 5166 et

2148 5198 2262 5267 ipse
2304 5206 2387 5254 est
2430 5212 2532 5253 rex
2564 5212 2737 5268 super
2777 5213 2974 5254 omnes
3022 5198 3167 5254 ﬁlios
3215 5198 3500 5268 superbia
3548 5200 3666 5269 (Job
3726 5214 3832 5265 xu,

2147 5287 2258 5354 25).
2324 5286 2516 5342 Phicol
2566 5286 2779 5342 dicitur
2837 5302 2894 5341 os
2950 5290 3208 5347 omnium,
3271 5287 3330 5342 in
3384 5303 3502 5358 quo
3558 5289 3836 5359 accipitur

2147 5374 2337 5429 inanis
2379 5373 2578 5444 gloria,
2611 5388 2742 5444 qua
2793 5389 2851 5429 se
2880 5373 3138 5429 omnium
3169 5375 3377 5444 quarit
3427 5375 3717 5433 celebrare
3744 5387 3835 5446 per

2145 5475 2265 5518 ora.
2296 5461 2488 5517 Gloria
2541 5461 2714 5518 etiam
2744 5461 2980 5520 diftiniri
3009 5462 3170 5528 solet,
3217 5463 3488 5532 frequens
3520 5464 3590 5520 de
3647 5465 3833 5534 aliquo

2147 5550 2301 5606 fama
2325 5565 2458 5607 cum
2487 5550 2676 5606 laude.
2709 5549 3039 5606 Abimelech
3073 5551 3372 5608 nobiscum
3399 5553 3834 5610 misericorditer

2147 5638 2300 5705 facit,
2331 5654 2463 5695 cum
2487 5639 2818 5709 temporalis
2850 5641 3292 5696 exuberantiam
3321 5641 3516 5712 gloria
3550 5643 3829 5713 suggerit;

2147 5726 2297 5782 idem
2367 5727 2474 5782 sibi
2545 5727 2949 5797 impendimus,
2999 5742 3132 5784 cum
3195 5728 3499 5798 iugestioni
3553 5730 3832 5786 honorum
