3956 6430
106 438 191 488 165
1358 428 1723 485 MORALIUM
1762 428 1783 484 Ι

1971 423 2176 487 NESIN
2217 430 2349 487 LIB.
2392 433 2481 488 Vl.
3509 439 3605 490 166

96 580 265 638 prava
298 564 681 621 delectatione
718 562 994 619 favemus.
1038 562 1212 617 Porro
1256 567 1411 615 terrze
1450 560 1793 617 miseremur
1829 564 1875 618 Α
1904 564 2055 616 nium
2098 563 2252 628 mihi,
2283 565 2415 631 quia
2456 578 2550 631 ego
2579 563 2702 630 fodi
2726 568 2949 632 puteum
2978 566 3163 618 istum.
3198 564 3404 620 Idcirco
3434 582 3601 620 voca-

96 662 147 711 in
173 672 279 726 qua
315 655 534 710 versati
584 667 787 708 sumus
834 652 1090 717 advenze,
1142 664 1275 707 cum
1321 650 1546 720 corpori
1596 658 1789 705 nostro

95 760 286 803 curam
336 744 734 813 indulgemus,
766 741 843 797 .in
892 755 1011 812 qua
1056 740 1383 796 exhibenda
1437 739 1790 809 temporibus

95 836 222 891 olim
267 842 482 889 nostrze
531 831 889 888 abstinentiae
938 844 1052 885 non
1097 829 1410 896 domestici,
1461 828 1557 884 sed
1622 826 1789 898 quasi

94 923 367 988 extranei,
399 930 457 978 et
488 922 727 977 advenae
773 919 1011 975 fuimus.
1046 918 1340 974 Abraham
1374 916 1588 988 itaque,
1624 917 1787 972 intel-

95 1012 408 1069 lectualitas
440 1009 704 1065 videlicet
729 1015 943 1075 nostra,
970 1008 1057 1062 his
1088 1021 1264 1078 quam
1287 1006 1623 1076 simpliciter
1651 1021 1786 1076 sug-

95 1102 259 1173 gestis
280 1100 555 1165 ﬂectitur,
578 1105 631 1153 et
660 1097 979 1153 secundum
1005 1110 1072 1151 ea
1093 1110 1152 1151 se
1171 1102 1441 1151 acturum
1465 1094 1785 1164 pollicetur.

159 1190 329 1245 Vens.
364 1188 457 1255 24,
489 1188 579 1252 2‘5,
607 1188 694 1239 26.
726 1217 793 1224 —
821 1186 966 1254 Ego,
1001 1187 1102 1251 ait,
1129 1184 1330 1252 jurabo
1363 1186 1673 1252 :increpuit
1702 1188 1788 1237 ta-

92 1292 204 1330 men
231 1276 547 1331 Abimelech
571 1277 797 1344 propter
833 1279 1057 1343 puteum
1104 1288 1282 1343 aquae,
1316 1287 1472 1341 quem
1507 1274 1564 1325 vi
1593 1272 1789 1325 abstu-

94 1369 259 1420 lerant
306 1367 458 1419 servi
502 1366 671 1418 illius.
717 1365 950 1429 Nesciei,
1002 1362 1193 1432 inquit
1248 1361 1595 1428 Abimelecb,
1666 1365 1789 1429 quis

91 1458 270 1521 fecerit
301 1456 444 1507 hanc
475 1452 624 1506 rem?
664 1451 758 1505 sed
800 1456 850 1505 et
890 1456 947 1505 tu
976 1466 1083 1504 non
1112 1450 1373 1505 indicasti
1399 1449 1556 1514 mihi,
1606 1454 1658 1504 et
1694 1465 1788 1518 ego

89 1560 192 1597 non
232 1543 437 1597 audivi
486 1548 683 1611 preter
728 1540 903 1594 hodie.
955 1542 1170 1595 Puteus
1210 1552 1378 1609 aquae
1427 1538 1789 1608 profunditas

90 1640 169 1687 est
215 1631 580 1687 discretionis
639 1644 705 1685 ac
753 1627 1178 1697 intelligentia:
1230 1627 1388 1684 hunc
1435 1628 1584 1683 servi
1638 1627 1789 1698 regis

89 1720 357 1776 auferunt
385 1733 519 1774 cum
558 1730 735 1787 prava
764 1715 1048 1786 superbire
1078 1728 1274 1785 opera,
1305 1730 1436 1785 qua}
1485 1714 1589 1784 ipsi
1619 1714 1787 1784 quasi

89 1809 201 1878 regi
233 1806 592 1872 deserviunt,
624 1805 934 1860 caecitatem
967 1803 1132 1858 nobis
1173 1802 1394 1872 reprobi
1436 1816 1637 1858 sensus
1678 1802 1785 1857 im-

92 1900 352 1966 mittunt;
403 1896 505 1951 sed
551 1894 816 1965 cogitatio
864 1893 1112 1962 superba
1145 1906 1279 1947 cum
1312 1892 1434 1947 hzec
1479 1905 1598 1946 suae
1641 1905 1787 1962 sug—

94 1986 327 2056 gestioni
363 1999 434 2040 ac
463 1983 509 2040 si
542 1981 889 2052 increpando
925 1980 1285 2051 opponimus,
1320 1995 1378 2035 se
1410 1980 1627 2035 nescire
1657 1980 1790 2050 quis

90 2075 276 2131 fecerit
309 2074 423 2130 hoc
477 2071 800 2142 respondet,
847 2070 986 2141 quia
1025 2084 1142 2124 non
1190 2084 1297 2125 suo
1344 2069 1527 2124 reatui
1578 2068 1787 2124 ascribi

90 2166 317 2234 patitur,
366 2162 470 2218 sed
515 2176 621 2217 nec
668 2160 779 2215 illis
808 2160 1165 2231 argumentis
1214 2158 1318 2213 sibi
1352 2158 1583 2228 probari
1628 2172 1788 2227 posse

90 2261 345 2319 testatur,
381 2250 540 2322 quod
567 2248 774 2305 mentis
802 2247 1205 2318 perspicacitas
1229 2261 1329 2317 per
1358 2262 1416 2302 se
1439 2247 1784 2303 obducatur.

87 2346 279 2397 Praeter
332 2341 496 2394 hodie
529 2353 644 2394 non
690 2338 918 2394 audisse
959 2351 1017 2391 se
1063 2336 1217 2403 dicit,
1272 2337 1412 2406 quia
1460 2335 1541 2391 nil
1588 2352 1645 2392 se
1688 2350 1787 2391 sa-

90 2446 234 2501 pere,
268 2430 350 2486 nil
406 2429 727 2498 intelligere
774 2426 884 2482 nisi
919 2425 1104 2492 hodie,
1162 2425 1216 2480 id
1272 2432 1355 2480 est
1401 2425 1594 2481 lumen
1646 2426 1783 2483 falsa

89 2519 481 2575 testiﬁcatione
522 2517 733 2571 divinae
781 2515 838 2570 in
868 2515 989 2571 suis
1018 2514 1289 2584 operibus
1334 2514 1783 2584 gloriﬁcationis,

86 2616 132 2664 et
162 2608 467 2663 servandae
501 2606 834 2671 honestatis,
883 2619 1016 2659 cum
1049 2618 1181 2659 vero
1210 2603 1525 2673 superbiat,
1576 2611 1631 2659 et
1664 2604 1785 2659 ina-

83 2700 223 2753 niter
245 2697 555 2768 glorietur,
592 2693 869 2764 perhibet.
903 2692 1091 2746 Hodie
1120 2692 1302 2759 audit,
1336 2692 1475 2763 quia
1496 2693 1785 2763 quidquid

85 2784 182 2838 sibi
236 2786 385 2839 inest
430 2782 766 2853 simpliciter
810 2789 990 2837 totum
1032 2795 1099 2835 ac
1145 2780 1333 2837 lucide
1372 2781 1689 2851 intelligere
1730 2795 1787 2837 se

88 2886 147 2927 ac
184 2872 370 2928 facere
404 2872 533 2928 sine
564 2870 685 2927 ulla
715 2869 941 2940 reprobi
976 2883 1179 2925 sensus
1203 2868 1460 2937 scientia,
1495 2883 1626 2939 quae
1657 2869 1787 2925 ullis

89 2959 306 3015 indiciis
336 2959 585 3030 coargui
616 2957 810 3028 possit,
844 2957 1067 3013 asserit.

151 3048 322 3105 Vsus.
376 3049 471 3115 27,
521 3050 609 3102 28.
666 3078 733 3086 —
785 3048 931 3101 Tulit
976 3048 1163 3114 itaque
1214 3045 1504 3099 Abraham
1561 3061 1681 3099 oves
1734 3051 1788 3101 et

89 3138 252 3204 boves,
297 3144 350 3192 et
392 3136 551 3191 dedit
582 3135 914 3199 Abimelech,
960 3139 1446 3203 percusseruntque
1477 3134 1633 3187 ambo
1679 3136 1779 3200 fce-
1822 3168 1863 3223 Β

87 3227 197 3281 dus.
228 3230 299 3282 Et
338 3228 543 3282 statuit
575 3225 859 3280 Abraham
887 3229 1084 3293 septem
1116 3238 1289 3291 agnas
1317 3224 1497 3291 gregis
1522 3237 1779 3276 seorsum.

84 3318 367 3371 Abraham
395 3330 520 3370 oves
546 3319 596 3368 et
626 3314 776 3368 boves
806 3313 1121 3367 Abimelech
1149 3313 1265 3378 dat,
1301 3326 1433 3367 cum
1465 3311 1787 3367 intellectus

86 3414 268 3461 noster
293 3405 554 3461 admisso
597 3402 654 3457 in
703 3416 761 3458 se
798 3401 1086 3470 superbiae
1134 3413 1311 3470 regno
1360 3399 1784 3469 simplicitatem

82 3494 271 3559 animi,
309 3500 367 3549 et
416 3490 717 3547 charitatis
756 3489 1118 3555 beneficium,
1153 3488 1308 3558 quod
1340 3495 1522 3543 totum
1552 3488 1624 3543 ob
1672 3488 1783 3542 mi-

83 3590 188 3639 tem
218 3591 524 3647 naturam,
576 3587 630 3635 et
660 3578 885 3634 velleris
916 3577 1329 3648 impensionem
1362 3576 1419 3631 in
1448 3576 1656 3632 ovibus
1684 3590 1786 3631 ac-

81 3672 304 3740 cipitur,
339 3678 397 3726 et
428 3666 855 3739 przedicationis
884 3665 1155 3727 laborem.
1185 3664 1340 3735 quod
1373 3664 1429 3719 in
1462 3664 1646 3720 bobus
1676 3678 1784 3719 no—

82 3769 251 3826 tatur,
293 3760 407 3829 ipsi
454 3756 720 3813 videlicet
750 3755 1209 3811 consumendum
1257 3754 1545 3823 superbiae
1598 3753 1786 3824 prodit

84 3850 262 3917 potius
331 3860 519 3918 quam
566 3843 910 3900 commodat.
978 3842 1176 3896 FinUS
1225 3842 1380 3895 ambo
1430 3842 1781 3912 percutiunt,

81 3936 214 3991 dum
246 3935 457 3992 mundi
498 3934 790 3989 arridente
842 3930 1025 4002 gloria
1056 3932 1201 3986 ratio
1252 3937 1307 3985 et
1335 3929 1605 3999 superbia
1636 3930 1783 3985 irre-

80 4025 437 4097 fragabiliter
467 4022 856 4080 consentiunt.
890 4021 1218 4077 Notandum
1255 4020 1410 4090 quod
1450 4020 1782 4076 Abimelecb

79 4123 130 4169 et
160 4115 377 4183 Phicol,
426 4127 566 4169 cum
614 4111 728 4167 duo
773 4110 888 4167 sint
926 4109 1086 4177 vitia,
1139 4109 1218 4164 ita
1250 4118 1441 4164 tamen
1490 4109 1600 4165 sibi
1647 4116 1786 4165 sunt

80 4219 303 4261 annexa
356 4211 424 4260 ut
478 4213 786 4271 nunquam
832 4213 866 4254 a
912 4198 1228 4255 cenodoxia
1281 4198 1457 4267 possit
1504 4196 1784 4254 dimoveri

79 4294 367 4363 superbia,
420 4291 569 4347 illud
600 4304 779 4360 quam
809 4289 1062 4344 maxime
1093 4287 1247 4358 quod
1290 4286 1482 4342 Phicol
1516 4287 1786 4357 princeps

77 4384 362 4439 exercitus
430 4378 766 4436 Abimelecb
839 4377 1070 4433 dicitur.
1138 4376 1465 4432 Cenodoxia
1531 4389 1785 4446 namque

79 4479 219 4527 totas
248 4469 545 4542 superbiae
587 4469 738 4523 vires
792 4466 849 4521 in
890 4480 947 4521 se
987 4466 1197 4521 habere
1230 4464 1609 4535 dignoscitur,
1641 4464 1781 4520 dum

78 4568 228 4617 tanto
275 4559 547 4617 rabidius
598 4571 696 4627 per
735 4554 1053 4611 sanctitatis
1092 4553 1517 4610 simulationem
1565 4553 1780 4609 elevari

77 4650 293 4717 nititur,
326 4655 555 4719 quanto
584 4645 807 4700 visibus
831 4643 1135 4699 hominum
1169 4642 1449 4699 humilius
1470 4656 1782 4698 conversa-

78 4747 204 4805 tur;
239 4740 373 4809 plus
402 4749 546 4793 sane
577 4734 683 4790 sibi
720 4733 1008 4789 contrahit
1046 4732 1267 4803 iniquze
1298 4732 1649 4788 valetudinis
1679 4731 1781 4804 qui

77 4827 214 4896 licte,
250 4840 436 4899 quam
488 4824 591 4894 qui
642 4822 901 4899 superbit
932 4830 1144 4891 aperte.
1185 4821 1289 4876 Per
1336 4827 1537 4890 septem
1586 4827 1782 4876 autem

77 4913 649 4988 agnasjntelligimus
670 4910 1028 4967 universales
1057 4908 1305 4979 Spiritus
1326 4908 1508 4964 sancti
1532 4908 1780 4979 gratias;

78 5005 175 5060 bas
206 5017 470 5061 seorsum
522 5000 853 5066 statuimus,
904 5013 1037 5055 cum
1085 4998 1356 5054 efﬂuente
1404 4997 1547 5053 alias
1586 4997 1781 5053 animo

77 5093 175 5149 has
204 5095 350 5149 inter
395 5088 855 5160 superbiendum
885 5094 940 5144 et
970 5100 1118 5142 vane
1151 5086 1520 5158 gloriandum
1550 5099 1778 5142 conser-

78 5196 205 5238 vare
236 5177 621 5237 discernendo
651 5191 966 5233 censemus.
1005 5175 1111 5231 Sed
1156 5175 1295 5246 quid
1338 5175 1460 5231 haec
1489 5188 1781 5246 agnarum

76 5271 176 5327 sibi
208 5271 340 5327 velit
370 5265 667 5325 distinctio
694 5266 943 5322 miratur
985 5264 1337 5329 Abimelecb,
1371 5264 1511 5334 quia
1560 5269 1780 5319 constat

75 5362 349 5429 superbire
403 5366 615 5429 typum
647 5354 881 5427 indigne
923 5367 1146 5423 semper
1184 5353 1332 5409 ferre
1383 5353 1545 5409 bona":
1586 5352 1779 5407 inten-

80 5449 238 5504 tionis
264 5446 650 5505 consortium.

142 5539 306 5595 νεεδ.
340 5539 434 5603 29,
485 5536 577 5596 30,
620 5533 708 5598 31,
755 5533 842 5589 32.
877 5561 947 5572 —
996 5532 1140 5599 Quid
1198 5532 1322 5595 sibi,
1377 5529 1567 5600 inquit
1592 5529 1779 5583 volunt

80 5630 153 5681 he
180 5643 353 5695 agnae,
397 5637 543 5695 quas
577 5626 723 5677 stare
752 5624 936 5689 fecisti
968 5619 1239 5675 seorsum?
1272 5621 1350 5674 At
1380 5620 1506 5673 ille:
1540 5618 1773 5687 Septem,

80 5722 172 5783 ait,
205 5732 374 5784 agnas
408 5714 651 5781 accipies
699 5712 763 5766 de
808 5727 973 5766 manu
1008 5725 1148 5775 mea,
1190 5712 1251 5762 ut
1290 5709 1401 5764 sint
1442 5710 1500 5762 in
1532 5708 1776 5762 testimo-

1899 655 1985 705 tus
2024 656 2102 705 est
2149 654 2291 706 locus
2339 653 2429 706 ille
2470 653 2752 718 Bersabee,
2805 656 2937 722 quia
2974 653 3059 708 ibi
3099 658 3325 724 uterque
3360 656 3594 724 juracit.

1899 743 1968 794 Et
1998 742 2239 794 inierunt
2264 741 2442 809 foedus
2471 757 2571 810 pro
2599 748 2757 810 puteo
2780 744 3104 810 juramenti.
3149 744 3231 798 Ac
3269 746 3314 797 si
3347 744 3595 800 diceret:

1900 827 2120 884 Sanctae
2175 837 2230 884 et
2276 829 2591 899 spiritualis
2652 844 2790 885 meae
2851 831 3184 886 intentionis
3242 833 3599 902 propositum

1898 916 2165 985 quandiu
2197 917 2311 971 tuis
2332 916 2619 972 deservire
2652 917 2894 987 placebit
2934 919 3109 988 nugis
3139 920 3208 975 de
3239 934 3418 977 manu
3449 935 3597 986 mea,

1900 1003 1953 1057 id
2008 1010 2091 1058 est
2133 1003 2202 1058 de
2247 1018 2335 1059 me
2377 1018 2410 1059 a
2452 1013 2771 1075 spontanea
2808 1006 3219 1063 deliberatione
3250 1023 3366 1063 non
3400 1015 3601 1064 extor-

1899 1092 2122 1162 quebis,
2171 1093 2270 1148 sed
2301 1095 2468 1164 quasi
2503 1094 2823 1164 depositum
2858 1095 3030 1151 alieni
3057 1097 3214 1166 juris
3245 1111 3600 1153 conservan-

1898 1181 2035 1236 dum
2071 1196 2185 1236 non
2213 1183 2670 1238 consumendum
2718 1184 2979 1252 accipies,
3013 1185 3263 1240 solemus
3311 1191 3410 1240 s4
3444 1186 3597 1241 enim

1896 1272 2141 1327 scienter
2187 1273 2453 1342 quaedam
2505 1274 2560 1327 in
2616 1288 2721 1329 nos
2773 1274 2925 1329 mala
2969 1275 3289 1338 admittere,
3322 1285 3376 1332 et
3406 1283 3597 1332 tamen

1896 1375 2012 1416 non
2050 1361 2306 1417 deserere
2359 1361 2731 1417 intentionem
2784 1363 3096 1418 voluntatis
3152 1364 3335 1432 bonze,
3396 1373 3461 1420 ut
3504 1366 3596 1432 sit,

1896 1449 2107 1521 inquit,
2142 1451 2200 1505 in
2233 1450 2619 1507 testimonium
2645 1452 2783 1507 mihi
2808 1452 2930 1522 ipsa
2951 1452 3175 1521 pietatis
3195 1452 3433 1521 affectio,
3458 1455 3599 1524 quia

1897 1539 2189 1609 quondam
2223 1539 2363 1595 mihi
2412 1541 2769 1595 discretionis
2816 1556 2883 1596 ac
2926 1542 3175 1596 scientiae
3220 1542 3433 1598 fontem
3463 1556 3598 1599 car-

1898 1627 2117 1683 nalium
2140 1629 2417 1684 ruderum
2448 1630 2613 1697 quasi
2648 1630 2952 1698 cujusdam
2988 1630 3221 1686 obsnleti
3254 1631 3415 1686 lacus
3447 1646 3599 1686 com-

1897 1717 2221 1786 paraverim
2249 1718 2539 1786 repurgio.
2585 1718 2797 1772 Puteus
2820 1732 2957 1789 ergo
2978 1719 3297 1786 juramenti
3330 1719 3485 1789 quod
3514 1727 3598 1775 est

1900 1806 2176 1861 Bersabee
2206 1805 2365 1861 locus
2399 1805 2489 1860 ille
2518 1806 2748 1871 dicitur,
2786 1807 2927 1875 quia
2956 1805 3033 1861 ibi
3075 1814 3319 1877 uterque
3352 1808 3594 1877 jnravit.

1899 1895 2038 1951 dum
2069 1902 2124 1950 et
2155 1894 2353 1965 aliqua
2380 1894 2528 1949 mala
2559 1894 2711 1950 intra
2742 1895 2947 1949 mentis
2976 1895 3168 1950 sinum
3207 1909 3279 1950 ex
3312 1896 3599 1952 industria

1898 1984 2288 2053 recipiuntur;
2331 1991 2385 2039 et
2425 1992 2610 2039 tamen
2649 1998 2721 2039 ne
2753 1984 2808 2038 in
2842 1984 3152 2053 reprobum
3190 1998 3358 2040 ruere
3390 1993 3599 2054 cogant

1897 2086 2152 2139 sensum,
2187 2086 2260 2127 ex
2292 2072 2491 2141 aliqua
2524 2078 2680 2140 parte
2711 2080 3090 2141 respuuntur,
3121 2072 3437 2141 spondente
3470 2088 3600 2128 con-

1898 2161 2149 2216 scientiae
2195 2160 2333 2216 vitio
2364 2175 2421 2215 se
2467 2160 2803 2215 nullatenus
2833 2169 3000 2216 extra
3032 2162 3292 2231 regulam
3324 2175 3597 2231 progres-

1897 2264 2125 2314 surum,
2168 2250 2514 2305 conscientia
2560 2250 2938 2318 respondente
2986 2250 3206 2305 aditum
3260 2250 3351 2305 sui
3401 2250 3597 2321 gloriae

1898 2338 2226 2409 temporalis
2252 2338 2520 2394 occursui
2561 2345 2751 2407 utpote
2800 2339 3050 2394 honestae
3098 2338 3178 2394 rei
3225 2353 3339 2393 non
3371 2352 3596 2410 negan-

1896 2429 2057 2497 dum,
2111 2435 2303 2483 tamen
2363 2428 2507 2483 citra
2553 2442 2779 2482 omnem
2833 2428 3059 2483 infamis
3108 2428 3293 2497 culpae
3346 2436 3589 2484 reatum.

1898 2518 2001 2573 Sed
2033 2517 2442 2572 attendendum
2495 2525 2639 2571 esset
2693 2516 2833 2586 quia
2866 2517 3155 2572 modicum
3209 2517 3475 2573 fermenti
3506 2525 3596 2573 to—

1898 2614 2013 2662 tam
2069 2619 2311 2661 massam
2359 2606 2678 2675 corrumpit
2726 2607 2869 2675 (Gal.
2920 2620 2977 2661 v.
3026 2608 3113 2675 9):
3160 2606 3411 2662 solemus
3439 2606 3596 2663 enim

1896 2696 2147 2764 aspicere
2179 2695 2405 2765 aliquos
2437 2694 2494 2749 in
2538 2695 2756 2765 quibus
2789 2704 2843 2750 et
2892 2695 3162 2765 quaedam
3197 2695 3347 2750 mala
3378 2703 3593 2765 patent,

1895 2790 1949 2839 et
1989 2783 2137 2839 bona
2168 2790 2357 2839 tamen
2401 2783 2600 2853 aliqua
2638 2783 2905 2851 retinent,
2956 2799 3062 2839 nec
3105 2784 3428 2855 cogitamus
3457 2785 3596 2855 quia

1896 2870 2054 2925 aliud
2091 2879 2171 2926 est
2211 2870 2544 2926 infirmitate
2583 2879 2684 2927 aut
2714 2870 3045 2941 ignorantia
3076 2872 3204 2926 illos
3231 2872 3590 2943 delinquere,

1895 2958 2054 3014 aliud
2085 2973 2187 3014 nos
2219 2960 2468 3029 superba
2503 2959 2911 3015 deliberatione
2942 2974 3196 3029 peccare,
3236 2961 3396 3016 aliud
3424 2962 3596 3017 etiam

1894 3047 2262 3103 naturalibus
2294 3047 2447 3102 vitiis
2474 3046 2620 3111 laedi,
2664 3047 2822 3104 aliud
2868 3064 2983 3103 non
3014 3048 3402 3114 naturalibus,
3440 3050 3596 3120 quod

1894 3143 1977 3191 est
2008 3135 2281 3205 superbia
2309 3142 2364 3190 et
2406 3134 2741 3198 cenodoxia.
2775 3143 2974 3204 sponte
3020 3136 3227 3191 addici.
3260 3139 3328 3192 In
3356 3140 3597 3193 malevo-

1895 3224 2005 3277 lam
2036 3227 2277 3277 animam
2318 3239 2425 3277 non
2462 3224 2711 3277 introibit
2740 3226 3012 3293 sapientia
3056 3225 3213 3294 (Sap.
3266 3240 3302 3290 ι,
3338 3226 3414 3295 4),
3462 3240 3593 3280 cum

1893 3317 2082 3366 tamen
2138 3310 2421 3381 peccatori
2479 3325 2577 3381 per
2643 3310 2820 3380 ipsam
2877 3312 3216 3381 sapientiam
3272 3313 3589 3384 inspiratur

1894 3401 2251 3469 poenitentia.

1964 3489 2237 3545 Bersabee
2289 3489 2485 3559 itaque
2518 3496 2755 3544 vocatur
2784 3488 2961 3555 locus,
3014 3490 3151 3545 dum
3190 3490 3247 3546 in
3296 3492 3401 3547 hac
3432 3492 3595 3548 nefa—

1893 3576 1980 3631 ria
2010 3576 2129 3643 Dei,
2152 3584 2205 3632 et
2231 3575 2444 3632 diaboli
2473 3578 2625 3632 intra
2645 3591 2823 3633 unam
2857 3578 3109 3632 animam
3143 3578 3593 3647 participatione,

1895 3666 2104 3721 misera
2152 3666 2298 3721 ratio
2349 3666 2523 3737 figere
2578 3665 2803 3733 nititur,
2854 3667 3008 3737 quod
3062 3666 3182 3722 ﬁeri
3228 3682 3343 3723 non
3394 3676 3592 3737 potest,

1893 3754 2061 3825 quasi
2094 3754 2327 3811 localem
2360 3762 2611 3811 statum:
2664 3755 2761 3810 sed
2806 3770 2921 3810 non
2969 3762 3053 3810 est
3085 3755 3449 3825 participatio
3480 3756 3595 3812 luci

1892 3843 1963 3898 ad
2020 3843 2303 3910 tenebras,
2359 3841 2589 3913 diffugit
2653 3843 2821 3913 plane
2875 3843 2979 3898 lux
3032 3844 3296 3899 tenebras
3357 3845 3591 3914 peccati.

1892 3932 2101 3987 Ineunt
2135 3932 2319 3988 foedus
2346 3946 2445 4002 pro
2479 3940 2649 4002 puteo
2672 3932 3007 4001 juramenti,
3041 3932 3179 3986 dum
3222 3932 3460 4002 quidam
3494 3932 3594 4003 qui

1894 4035 1997 4076 nec
2025 4034 2220 4077 carere
2252 4022 2403 4076 vitiis
2434 4020 2637 4076 volunt
2665 4028 2720 4075 et
2751 4028 2941 4076 tamen
2973 4020 3045 4075 ad
3087 4019 3308 4091 ﬂagitia
3342 4036 3459 4075 non
3495 4035 3596 4090 pro

1893 4110 1993 4165 Dei
2045 4118 2221 4177 metu,
2280 4111 2375 4166 sed
2434 4125 2532 4181 pro
2581 4110 2774 4166 saeculi
2823 4111 3012 4179 potius
3046 4108 3281 4166 infamia
3325 4110 3597 4165 devenire

1893 4207 2179 4266 metuunt,
2208 4199 2311 4255 bos
2351 4208 2538 4255 status
2568 4200 2718 4255 intra
2759 4214 2818 4254 se
2850 4212 3156 4269 nunquam
3186 4206 3439 4254 staturos
3479 4204 3595 4252 sta-

1893 4288 2122 4354 biliunt,
2169 4294 2234 4343 ut
2280 4296 2487 4357 puteus
2525 4302 2640 4343 non
2691 4288 2979 4344 obruatur
3026 4287 3295 4352 scientiae,
3346 4301 3448 4357 pro
3479 4300 3597 4356 quo

1891 4376 2056 4432 irrita
2087 4390 2222 4431 mox
2254 4375 2454 4431 futura
2510 4384 2566 4432 et
2613 4391 2778 4433 mens
2825 4385 2879 4433 et
2919 4377 3126 4433 vitium
3172 4376 3596 4446 sibimetjura—

1823 4474 1867 4529 D
1898 4472 2091 4521 menta
2117 4465 2339 4521 dedere.
2360 4467 2473 4533 (Ex
2500 4479 2658 4521 vens.
2685 4467 2802 4533 33.)
2828 4465 2933 4521 Sed
2958 4466 3147 4537 surgit
3167 4464 3519 4532 Abimelecb,
3542 4472 3595 4521 et

1891 4553 2082 4610 Phicol
2115 4554 2381 4624 princeps
2414 4553 2630 4609 militiae
2667 4552 2814 4623 ejus,
2860 4560 2916 4608 et
2959 4561 3334 4610 revertuntur
3381 4553 3441 4609 in
3482 4561 3594 4609 ter-

1890 4657 2012 4699 ram
2052 4642 2553 4709 Philisthinorum,
2600 4642 2741 4713 quia
2771 4643 2987 4711 peccati
3020 4642 3250 4699 initium
3283 4642 3454 4697 semel
3486 4642 3596 4697 ad—

1890 4733 2129 4787 missum
2181 4746 2406 4802 semper
2453 4732 2637 4801 seipso
2684 4730 2975 4800 potentius
3021 4731 3209 4801 surgit
3250 4730 3431 4785 animi
3473 4731 3593 4802 jam

1888 4819 2104 4891 captivi
2137 4834 2431 4891 usurpans
2478 4820 2810 4890 imperium,
2858 4828 2912 4875 et
2956 4819 3026 4874 ad
3063 4819 3452 4874 terrenitatem
3492 4833 3595 4875 nos

1888 4910 2041 4980 cogit
2061 4911 2271 4965 reverti
2294 4910 2791 4974 Philisthinorum,
2817 4908 2868 4962 id
2890 4916 2972 4964 est
2990 4910 3217 4978 potione
3238 4908 3591 4975 cadentium,

1888 5012 2087 5054 eorum
2140 4998 2353 5054 scilicet
2397 4998 2499 5069 qui
2534 4997 2669 5053 vino
2711 4997 2907 5068 glorize
2937 4996 3250 5052 mundialis
3286 4997 3531 5053 debriati
3562 5012 3596 5052 a

1890 5089 2043 5143 recto
2091 5086 2392 5143 deviantes
2440 5101 2635 5155 sensu,
2673 5086 2730 5141 in
2782 5086 3007 5142 funesta
3054 5085 3338 5142 malorum
3388 5086 3595 5143 discri-

1888 5176 2049 5231 mina
2076 5175 2314 5232 cadunt.

1960 5264 2128 5322 Vens.
2183 5267 2271 5319 33.
2318 5295 2386 5305 —
2431 5264 2714 5319 Abraham
2765 5269 2945 5319 autem
2980 5265 3254 5334 plantavit
3286 5267 3343 5318 in
3384 5264 3593 5319 Bersa-

1890 5353 1978 5407 bee
2026 5368 2232 5419 nemus,
2283 5359 2331 5407 et
2377 5357 2589 5408 vocavit
2636 5353 2714 5406 ibi
2754 5369 2943 5407 nomen
2991 5356 3090 5408 Dei
3135 5356 3343 5419 aeterni,
3384 5358 3435 5408 et
3481 5354 3594 5421 fuit

1885 5443 2101 5496 colonus
2158 5446 2312 5496 terrm
2358 5442 2810 5496 Philisthinorum
2857 5443 3043 5497 multis
3094 5442 3304 5497 diebus.
3364 5441 3595 5499 Plantat

1885 5531 2166 5586 Abraham
2194 5545 2401 5595 nemus,
2453 5545 2586 5585 cum
2625 5531 2747 5601 jam
2775 5531 2844 5586 ad
2878 5530 3076 5587 saeculi
3109 5540 3329 5588 tractus
3362 5531 3596 5588 animus

1886 5619 2261 5688 voluptatem,
2297 5618 2564 5685 incultas,
2607 5618 2993 5675 inextricabili
3039 5634 3233 5676 errore
3269 5620 3591 5689 perplexas,

1884 5714 1941 5763 et
1972 5720 2151 5762 caecas
2181 5707 2554 5778 cogitationes
2602 5707 2719 5763 lixa
2761 5708 2883 5777 jam
2914 5708 3326 5765 deliberatione
3359 5708 3545 5776 gignit
3577 5726 3591 5766 :
