  <div class='ocr_page' id='page_1' title='image "/cluster/home/n/w/nwhite01/storage/ocr_20150623/156-157/uc1.31175010662024/091.png"; bbox 0 0 3956 6486; ppageno 0'>
   <div class='ocr_carea' id='block_1_1' title="bbox 371 431 468 483">
    <p class='ocr_par' dir='ltr' id='par_1_1' title="bbox 371 431 468 483">
     <span class='ocr_line' id='line_1_1' title="bbox 371 431 468 483; baseline 0 0"><span class='ocrx_word' id='word_1_1' title='bbox 371 431 468 483; x_wconf 71' lang='grc'><strong>167</strong></span> 
     </span>
    </p>
   </div>
   <div class='ocr_carea' id='block_1_2' title="bbox 1285 423 2966 483">
    <p class='ocr_par' dir='ltr' id='par_1_2' title="bbox 1285 423 2966 483">
     <span class='ocr_line' id='line_1_2' title="bbox 1285 423 2966 483; baseline 0.001 -2"><span class='ocrx_word' id='word_1_2' title='bbox 1285 427 1344 482; x_wconf 83' lang='lat' dir='ltr'><strong>V.</strong></span> <span class='ocrx_word' id='word_1_3' title='bbox 1385 426 1716 482; x_wconf 73' lang='lat' dir='ltr'><strong>tiUIBEBTl</strong></span> <span class='ocrx_word' id='word_1_4' title='bbox 1754 425 2044 482; x_wconf 74' lang='lat' dir='ltr'><strong>ABBATIS</strong></span> <span class='ocrx_word' id='word_1_5' title='bbox 2081 425 2137 481; x_wconf 92' lang='lat' dir='ltr'><strong>S.</strong></span> <span class='ocrx_word' id='word_1_6' title='bbox 2177 424 2412 481; x_wconf 69' lang='lat' dir='ltr'><strong>MAN/l3</strong></span> <span class='ocrx_word' id='word_1_7' title='bbox 2452 423 2539 481; x_wconf 85' lang='lat' dir='ltr'><strong>DE</strong></span> <span class='ocrx_word' id='word_1_8' title='bbox 2575 423 2966 483; x_wconf 81' lang='lat' dir='ltr'><strong>NOVIGENTO</strong></span> 
     </span>
    </p>
   </div>
   <div class='ocr_carea' id='block_1_3' title="bbox 3781 428 3892 479">
    <p class='ocr_par' dir='ltr' id='par_1_3' title="bbox 3781 428 3892 479">
     <span class='ocr_line' id='line_1_3' title="bbox 3781 428 3892 479; baseline 0.009 -1"><span class='ocrx_word' id='word_1_9' title='bbox 3781 428 3892 479; x_wconf 72' lang='lat' dir='ltr'><strong>I68</strong></span> 
     </span>
    </p>
   </div>
   <div class='ocr_carea' id='block_1_4' title="bbox 364 559 3892 633">
    <p class='ocr_par' dir='ltr' id='par_1_4' title="bbox 364 559 3892 633">
     <span class='ocr_line' id='line_1_4' title="bbox 364 559 3892 633; baseline -0.001 -14"><span class='ocrx_word' id='word_1_10' title='bbox 364 572 531 621; x_wconf 92' lang='lat' dir='ltr'><strong>vocat</strong></span> <span class='ocrx_word' id='word_1_11' title='bbox 559 572 749 621; x_wconf 88' lang='lat' dir='ltr'><strong>tamen</strong></span> <span class='ocrx_word' id='word_1_12' title='bbox 779 564 862 618; x_wconf 89' lang='lat' dir='ltr'><strong>ibi</strong></span> <span class='ocrx_word' id='word_1_13' title='bbox 905 579 1096 618; x_wconf 83' lang='lat' dir='ltr'><strong><em>nomen</em></strong></span> <span class='ocrx_word' id='word_1_14' title='bbox 1129 563 1249 630; x_wconf 89' lang='lat' dir='ltr'><strong>Dei,</strong></span> <span class='ocrx_word' id='word_1_15' title='bbox 1296 562 1438 633; x_wconf 83' lang='lat' dir='ltr'><strong>quia</strong></span> <span class='ocrx_word' id='word_1_16' title='bbox 1482 561 1692 632; x_wconf 70' lang='lat' dir='ltr'><strong>saepius</strong></span> <span class='ocrx_word' id='word_1_17' title='bbox 1729 561 1799 616; x_wconf 90' lang='lat' dir='ltr'><strong>ad</strong></span> <span class='ocrx_word' id='word_1_18' title='bbox 1831 573 1930 615; x_wconf 89' lang='lat' dir='ltr'><strong>cor</strong></span> <span class='ocrx_word' id='word_1_19' title='bbox 1959 574 2053 615; x_wconf 86' lang='lat' dir='ltr'><strong>re-</strong></span> <span class='ocrx_word' id='word_1_20' title='bbox 2091 561 2137 614; x_wconf 78' lang='grc' dir='ltr'><strong>Δ</strong></span> <span class='ocrx_word' id='word_1_21' title='bbox 2169 559 2300 615; x_wconf 90' lang='lat' dir='ltr'><strong>aliis</strong></span> <span class='ocrx_word' id='word_1_22' title='bbox 2339 569 2526 629; x_wconf 87' lang='lat' dir='ltr'><strong>erant,</strong></span> <span class='ocrx_word' id='word_1_23' title='bbox 2571 561 2702 632; x_wconf 87' lang='lat' dir='ltr'><strong>ipsis</strong></span> <span class='ocrx_word' id='word_1_24' title='bbox 2748 561 2818 617; x_wconf 89' lang='lat' dir='ltr'><strong>ad</strong></span> <span class='ocrx_word' id='word_1_25' title='bbox 2876 561 3110 631; x_wconf 91' lang='lat' dir='ltr'><strong>plenum</strong></span> <span class='ocrx_word' id='word_1_26' title='bbox 3159 575 3260 632; x_wconf 92' lang='lat' dir='ltr'><strong>per</strong></span> <span class='ocrx_word' id='word_1_27' title='bbox 3313 561 3592 632; x_wconf 85' lang='lat' dir='ltr'><strong>imagines</strong></span> <span class='ocrx_word' id='word_1_28' title='bbox 3639 563 3892 633; x_wconf 83' lang='lat' dir='ltr'><strong>signiﬁ-</strong></span> 
     </span>
    </p>
   </div>
   <div class='ocr_carea' id='block_1_5' title="bbox 364 649 2059 722">
    <p class='ocr_par' dir='ltr' id='par_1_5' title="bbox 364 649 2059 722">
     <span class='ocr_line' id='line_1_5' title="bbox 364 649 2059 722; baseline -0.004 -14"><span class='ocrx_word' id='word_1_29' title='bbox 364 652 525 709; x_wconf 90' lang='lat' dir='ltr'><strong>diens</strong></span> <span class='ocrx_word' id='word_1_30' title='bbox 578 653 734 722; x_wconf 90' lang='lat' dir='ltr'><strong>apud</strong></span> <span class='ocrx_word' id='word_1_31' title='bbox 786 653 966 708; x_wconf 91' lang='lat' dir='ltr'><strong>Deum</strong></span> <span class='ocrx_word' id='word_1_32' title='bbox 1015 651 1391 721; x_wconf 75' lang='lat' dir='ltr'><strong>conqueritur</strong></span> <span class='ocrx_word' id='word_1_33' title='bbox 1439 650 1509 705; x_wconf 89' lang='lat' dir='ltr'><strong>de</strong></span> <span class='ocrx_word' id='word_1_34' title='bbox 1561 649 1750 714; x_wconf 89' lang='lat' dir='ltr'><strong>ruina,</strong></span> <span class='ocrx_word' id='word_1_35' title='bbox 1803 649 1894 703; x_wconf 83' lang='lat' dir='ltr'><strong>cui</strong></span> <span class='ocrx_word' id='word_1_36' title='bbox 1940 649 2059 717; x_wconf 90' lang='lat' dir='ltr'><strong>jam</strong></span> 
     </span>
    </p>
   </div>
   <div class='ocr_carea' id='block_1_6' title="bbox 366 737 2062 811">
    <p class='ocr_par' dir='ltr' id='par_1_6' title="bbox 366 737 2062 811">
     <span class='ocr_line' id='line_1_6' title="bbox 366 737 2062 811; baseline -0.004 -14"><span class='ocrx_word' id='word_1_37' title='bbox 366 756 524 797; x_wconf 91' lang='lat' dir='ltr'><strong>nunc</strong></span> <span class='ocrx_word' id='word_1_38' title='bbox 567 741 786 796; x_wconf 90' lang='lat' dir='ltr'><strong>invitus</strong></span> <span class='ocrx_word' id='word_1_39' title='bbox 832 741 1091 811; x_wconf 90' lang='lat' dir='ltr'><strong>subjacet</strong></span> <span class='ocrx_word' id='word_1_40' title='bbox 1138 741 1226 794; x_wconf 92' lang='lat' dir='ltr'><strong>sui</strong></span> <span class='ocrx_word' id='word_1_41' title='bbox 1265 754 1278 793; x_wconf 91' lang='lat'>:</span> <span class='ocrx_word' id='word_1_42' title='bbox 1342 739 1494 794; x_wconf 88' lang='lat' dir='ltr'><strong>unde</strong></span> <span class='ocrx_word' id='word_1_43' title='bbox 1543 739 1779 808; x_wconf 89' lang='lat' dir='ltr'><strong>pulchre</strong></span> <span class='ocrx_word' id='word_1_44' title='bbox 1827 737 2062 792; x_wconf 76' lang='lat' dir='ltr'><strong>additur</strong></span> 
     </span>
    </p>
   </div>
   <div class='ocr_carea' id='block_1_7' title="bbox 365 825 2062 900">
    <p class='ocr_par' dir='ltr' id='par_1_7' title="bbox 365 825 2062 900">
     <span class='ocr_line' id='line_1_7' title="bbox 365 825 2062 900; baseline -0.005 -15"><span class='ocrx_word' id='word_1_45' title='bbox 365 828 596 897; x_wconf 73' lang='lat' dir='ltr'><strong>:eterni;</strong></span> <span class='ocrx_word' id='word_1_46' title='bbox 649 830 788 900; x_wconf 89' lang='lat' dir='ltr'><strong>quia</strong></span> <span class='ocrx_word' id='word_1_47' title='bbox 808 829 912 884; x_wconf 86' lang='lat' dir='ltr'><strong>etsi</strong></span> <span class='ocrx_word' id='word_1_48' title='bbox 939 844 1010 884; x_wconf 79' lang='lat' dir='ltr'><strong>ex</strong></span> <span class='ocrx_word' id='word_1_49' title='bbox 1033 844 1153 883; x_wconf 71' lang='lat' dir='ltr'><strong>suae</strong></span> <span class='ocrx_word' id='word_1_50' title='bbox 1175 828 1498 898; x_wconf 89' lang='lat' dir='ltr'><strong>granditate</strong></span> <span class='ocrx_word' id='word_1_51' title='bbox 1523 827 1794 896; x_wconf 67' lang='lat' dir='ltr'><strong>nequitia!</strong></span> <span class='ocrx_word' id='word_1_52' title='bbox 1817 825 2062 880; x_wconf 77' lang='lat' dir='ltr'><strong>difficilis</strong></span> 
     </span>
    </p>
   </div>
   <div class='ocr_carea' id='block_1_8' title="bbox 365 913 2058 983">
    <p class='ocr_par' dir='ltr' id='par_1_8' title="bbox 365 913 2058 983">
     <span class='ocr_line' id='line_1_8' title="bbox 365 913 2058 983; baseline -0.006 -10"><span class='ocrx_word' id='word_1_53' title='bbox 365 931 473 973; x_wconf 90' lang='lat' dir='ltr'><strong>sua</strong></span> <span class='ocrx_word' id='word_1_54' title='bbox 501 917 604 972; x_wconf 88' lang='lat' dir='ltr'><strong>sibi</strong></span> <span class='ocrx_word' id='word_1_55' title='bbox 653 917 883 973; x_wconf 90' lang='lat' dir='ltr'><strong>videtur</strong></span> <span class='ocrx_word' id='word_1_56' title='bbox 922 916 1153 983; x_wconf 77' lang='lat' dir='ltr'><strong>laxatio,</strong></span> <span class='ocrx_word' id='word_1_57' title='bbox 1199 924 1474 971; x_wconf 69' lang='lat' dir='ltr'><strong>aeternum</strong></span> <span class='ocrx_word' id='word_1_58' title='bbox 1511 923 1700 971; x_wconf 88' lang='lat' dir='ltr'><strong>tamen</strong></span> <span class='ocrx_word' id='word_1_59' title='bbox 1742 913 2058 970; x_wconf 72' lang='lat' dir='ltr'><strong>reminisci-</strong></span> 
     </span>
    </p>
   </div>
   <div class='ocr_carea' id='block_1_9' title="bbox 365 1003 2058 1074">
    <p class='ocr_par' dir='ltr' id='par_1_9' title="bbox 365 1003 2058 1074">
     <span class='ocr_line' id='line_1_9' title="bbox 365 1003 2058 1074; baseline -0.004 -14"><span class='ocrx_word' id='word_1_60' title='bbox 365 1013 464 1061; x_wconf 91' lang='lat' dir='ltr'><strong>tur</strong></span> <span class='ocrx_word' id='word_1_61' title='bbox 511 1005 712 1071; x_wconf 90' lang='lat' dir='ltr'><strong>Deum,</strong></span> <span class='ocrx_word' id='word_1_62' title='bbox 762 1003 862 1074; x_wconf 90' lang='lat' dir='ltr'><strong>qui</strong></span> <span class='ocrx_word' id='word_1_63' title='bbox 912 1003 1236 1074; x_wconf 88' lang='lat' dir='ltr'><strong>antiquitus</strong></span> <span class='ocrx_word' id='word_1_64' title='bbox 1285 1004 1431 1058; x_wconf 90' lang='lat' dir='ltr'><strong>mira</strong></span> <span class='ocrx_word' id='word_1_65' title='bbox 1463 1003 1517 1058; x_wconf 92' lang='lat' dir='ltr'><strong>in</strong></span> <span class='ocrx_word' id='word_1_66' title='bbox 1571 1003 1781 1058; x_wconf 79' lang='lat' dir='ltr'><strong>talibus</strong></span> <span class='ocrx_word' id='word_1_67' title='bbox 1827 1004 1962 1070; x_wconf 87' lang='lat' dir='ltr'><strong>egit.</strong></span> <span class='ocrx_word' id='word_1_68' title='bbox 2010 1017 2058 1054; x_wconf 66' lang='grc' dir='ltr'><strong>με</strong></span> 
     </span>
    </p>
   </div>
   <div class='ocr_carea' id='block_1_10' title="bbox 366 1090 2058 1162">
    <p class='ocr_par' dir='ltr' id='par_1_10' title="bbox 366 1090 2058 1162">
     <span class='ocr_line' id='line_1_10' title="bbox 366 1090 2058 1162; baseline -0.003 -14"><span class='ocrx_word' id='word_1_69' title='bbox 366 1093 574 1148; x_wconf 83' lang='lat' dir='ltr'><strong>nostris</strong></span> <span class='ocrx_word' id='word_1_70' title='bbox 628 1107 728 1162; x_wconf 91' lang='lat' dir='ltr'><strong>per</strong></span> <span class='ocrx_word' id='word_1_71' title='bbox 759 1093 894 1148; x_wconf 87' lang='lat' dir='ltr'><strong>talia</strong></span> <span class='ocrx_word' id='word_1_72' title='bbox 925 1091 1281 1162; x_wconf 84' lang='lat' dir='ltr'><strong>temporibus</strong></span> <span class='ocrx_word' id='word_1_73' title='bbox 1310 1105 1425 1146; x_wconf 90' lang='lat' dir='ltr'><strong>non</strong></span> <span class='ocrx_word' id='word_1_74' title='bbox 1473 1091 1700 1146; x_wconf 81' lang='lat' dir='ltr'><strong>desinit.</strong></span> <span class='ocrx_word' id='word_1_75' title='bbox 1751 1090 1912 1146; x_wconf 89' lang='lat' dir='ltr'><strong>Unde</strong></span> <span class='ocrx_word' id='word_1_76' title='bbox 1941 1096 2058 1144; x_wconf 90' lang='lat' dir='ltr'><strong>est:</strong></span> 
     </span>
    </p>
   </div>
   <div class='ocr_carea' id='block_1_11' title="bbox 362 1177 2056 1248">
    <p class='ocr_par' dir='ltr' id='par_1_11' title="bbox 362 1177 2056 1248">
     <span class='ocr_line' id='line_1_11' title="bbox 362 1177 2056 1248; baseline -0.002 -14"><span class='ocrx_word' id='word_1_77' title='bbox 362 1180 518 1235; x_wconf 83' lang='lat' dir='ltr'><strong>Jesus</strong></span> <span class='ocrx_word' id='word_1_78' title='bbox 546 1182 793 1236; x_wconf 78' lang='lat' dir='ltr'><strong>Christus</strong></span> <span class='ocrx_word' id='word_1_79' title='bbox 827 1182 947 1234; x_wconf 87' lang='lat' dir='ltr'><strong>heri</strong></span> <span class='ocrx_word' id='word_1_80' title='bbox 977 1186 1026 1233; x_wconf 86' lang='lat' dir='ltr'><strong>et</strong></span> <span class='ocrx_word' id='word_1_81' title='bbox 1057 1180 1232 1243; x_wconf 78' lang='lat' dir='ltr'><strong>hodie,</strong></span> <span class='ocrx_word' id='word_1_82' title='bbox 1267 1181 1380 1248; x_wconf 87' lang='lat' dir='ltr'><strong>ipse</strong></span> <span class='ocrx_word' id='word_1_83' title='bbox 1425 1185 1477 1232; x_wconf 92' lang='lat' dir='ltr'><strong>et</strong></span> <span class='ocrx_word' id='word_1_84' title='bbox 1524 1183 1582 1232; x_wconf 84' lang='lat' dir='ltr'><strong>in</strong></span> <span class='ocrx_word' id='word_1_85' title='bbox 1629 1177 1830 1232; x_wconf 76' lang='lat' dir='ltr'><strong>saecula</strong></span> <span class='ocrx_word' id='word_1_86' title='bbox 1870 1177 2056 1244; x_wconf 69' lang='lat' dir='ltr'><strong>(Hebr.</strong></span> 
     </span>
    </p>
   </div>
   <div class='ocr_carea' id='block_1_12' title="bbox 364 1266 2059 1337">
    <p class='ocr_par' dir='ltr' id='par_1_12' title="bbox 364 1266 2059 1337">
     <span class='ocr_line' id='line_1_12' title="bbox 364 1266 2059 1337; baseline -0.003 -12"><span class='ocrx_word' id='word_1_87' title='bbox 364 1283 487 1335; x_wconf 78' lang='lat' dir='ltr'><strong>xm,</strong></span> <span class='ocrx_word' id='word_1_88' title='bbox 535 1273 588 1334; x_wconf 88' lang='lat'>8)</span> <span class='ocrx_word' id='word_1_89' title='bbox 641 1267 972 1337; x_wconf 91' lang='lat' dir='ltr'><strong>hujusmodi</strong></span> <span class='ocrx_word' id='word_1_90' title='bbox 1022 1268 1242 1322; x_wconf 92' lang='lat' dir='ltr'><strong>vinctos</strong></span> <span class='ocrx_word' id='word_1_91' title='bbox 1293 1267 1513 1322; x_wconf 85' lang='lat' dir='ltr'><strong>solvere</strong></span> <span class='ocrx_word' id='word_1_92' title='bbox 1567 1266 1802 1336; x_wconf 88' lang='lat' dir='ltr'><strong>poterit:</strong></span> <span class='ocrx_word' id='word_1_93' title='bbox 1858 1266 2059 1321; x_wconf 89' lang='lat' dir='ltr'><strong>talium</strong></span> 
     </span>
    </p>
   </div>
   <div class='ocr_carea' id='block_1_13' title="bbox 364 1354 2057 1425">
    <p class='ocr_par' dir='ltr' id='par_1_13' title="bbox 364 1354 2057 1425">
     <span class='ocr_line' id='line_1_13' title="bbox 364 1354 2057 1425; baseline -0.004 -13"><span class='ocrx_word' id='word_1_94' title='bbox 364 1371 479 1412; x_wconf 82' lang='lat' dir='ltr'><strong>vox</strong></span> <span class='ocrx_word' id='word_1_95' title='bbox 516 1366 636 1412; x_wconf 86' lang='lat' dir='ltr'><strong>est:</strong></span> <span class='ocrx_word' id='word_1_96' title='bbox 687 1357 767 1410; x_wconf 87' lang='lat' dir='ltr'><strong>De</strong></span> <span class='ocrx_word' id='word_1_97' title='bbox 801 1355 1098 1425; x_wconf 81' lang='lat' dir='ltr'><strong>profundis</strong></span> <span class='ocrx_word' id='word_1_98' title='bbox 1131 1357 1366 1408; x_wconf 82' lang='lat' dir='ltr'><strong>clamavi</strong></span> <span class='ocrx_word' id='word_1_99' title='bbox 1396 1354 1470 1408; x_wconf 90' lang='lat' dir='ltr'><strong>ad</strong></span> <span class='ocrx_word' id='word_1_100' title='bbox 1501 1361 1570 1419; x_wconf 91' lang='lat' dir='ltr'><strong>te,</strong></span> <span class='ocrx_word' id='word_1_101' title='bbox 1607 1357 1835 1409; x_wconf 82' lang='lat' dir='ltr'><strong>Domine</strong></span> <span class='ocrx_word' id='word_1_102' title='bbox 1877 1355 2057 1422; x_wconf 84' lang='lat' dir='ltr'><strong>(Psal.</strong></span> 
     </span>
    </p>
   </div>
   <div class='ocr_carea' id='block_1_14' title="bbox 363 1443 2058 1513">
    <p class='ocr_par' dir='ltr' id='par_1_14' title="bbox 363 1443 2058 1513">
     <span class='ocr_line' id='line_1_14' title="bbox 363 1443 2058 1513; baseline -0.001 -13"><span class='ocrx_word' id='word_1_103' title='bbox 363 1459 566 1510; x_wconf 81' lang='lat' dir='ltr'><strong>cxxtx,</strong></span> <span class='ocrx_word' id='word_1_104' title='bbox 601 1446 675 1512; x_wconf 86' lang='lat' dir='ltr'><strong>t),</strong></span> <span class='ocrx_word' id='word_1_105' title='bbox 706 1452 761 1500; x_wconf 93' lang='lat' dir='ltr'><strong>et</strong></span> <span class='ocrx_word' id='word_1_106' title='bbox 809 1444 1052 1513; x_wconf 89' lang='lat' dir='ltr'><strong>reliqua.</strong></span> <span class='ocrx_word' id='word_1_107' title='bbox 1106 1444 1192 1499; x_wconf 86' lang='lat' dir='ltr'><strong>Fit</strong></span> <span class='ocrx_word' id='word_1_108' title='bbox 1231 1444 1468 1499; x_wconf 90' lang='lat' dir='ltr'><strong>colonus</strong></span> <span class='ocrx_word' id='word_1_109' title='bbox 1495 1451 1658 1498; x_wconf 75' lang='lat' dir='ltr'><strong>terrze</strong></span> <span class='ocrx_word' id='word_1_110' title='bbox 1691 1443 2058 1498; x_wconf 88' lang='lat' dir='ltr'><strong>Philisthino-</strong></span> 
     </span>
    </p>
   </div>
   <div class='ocr_carea' id='block_1_15' title="bbox 363 1531 2061 1601">
    <p class='ocr_par' dir='ltr' id='par_1_15' title="bbox 363 1531 2061 1601">
     <span class='ocr_line' id='line_1_15' title="bbox 363 1531 2061 1601; baseline -0.001 -12"><span class='ocrx_word' id='word_1_111' title='bbox 363 1547 495 1589; x_wconf 85' lang='lat' dir='ltr'><strong>rum</strong></span> <span class='ocrx_word' id='word_1_112' title='bbox 526 1533 722 1589; x_wconf 89' lang='lat' dir='ltr'><strong>multis</strong></span> <span class='ocrx_word' id='word_1_113' title='bbox 747 1533 968 1596; x_wconf 87' lang='lat' dir='ltr'><strong>diebus,</strong></span> <span class='ocrx_word' id='word_1_114' title='bbox 1012 1547 1128 1601; x_wconf 93' lang='lat' dir='ltr'><strong>quo</strong></span> <span class='ocrx_word' id='word_1_115' title='bbox 1154 1532 1308 1588; x_wconf 91' lang='lat' dir='ltr'><strong>enim</strong></span> <span class='ocrx_word' id='word_1_116' title='bbox 1343 1531 1717 1600; x_wconf 90' lang='lat' dir='ltr'><strong>multiplicior</strong></span> <span class='ocrx_word' id='word_1_117' title='bbox 1747 1531 1959 1587; x_wconf 70' lang='lat' dir='ltr'><strong>divinae</strong></span> <span class='ocrx_word' id='word_1_118' title='bbox 1987 1531 2061 1587; x_wconf 89' lang='lat' dir='ltr'><strong>ad</strong></span> 
     </span>
    </p>
   </div>
   <div class='ocr_carea' id='block_1_16' title="bbox 363 1619 2061 1692">
    <p class='ocr_par' dir='ltr' id='par_1_16' title="bbox 363 1619 2061 1692">
     <span class='ocr_line' id='line_1_16' title="bbox 363 1619 2061 1692; baseline -0.002 -14"><span class='ocrx_word' id='word_1_119' title='bbox 363 1637 420 1678; x_wconf 87' lang='lat' dir='ltr'><strong>se</strong></span> <span class='ocrx_word' id='word_1_120' title='bbox 445 1621 898 1692; x_wconf 75' lang='lat' dir='ltr'><strong>dignoscendum</strong></span> <span class='ocrx_word' id='word_1_121' title='bbox 931 1620 1328 1675; x_wconf 88' lang='lat' dir='ltr'><strong>illustrationis</strong></span> <span class='ocrx_word' id='word_1_122' title='bbox 1357 1620 1464 1674; x_wconf 90' lang='lat' dir='ltr'><strong>sibi</strong></span> <span class='ocrx_word' id='word_1_123' title='bbox 1509 1621 1813 1676; x_wconf 84' lang='lat' dir='ltr'><strong>increverit</strong></span> <span class='ocrx_word' id='word_1_124' title='bbox 1846 1619 2061 1676; x_wconf 89' lang='lat' dir='ltr'><strong>intelle-</strong></span> 
     </span>
    </p>
   </div>
   <div class='ocr_carea' id='block_1_17' title="bbox 362 1708 2062 1778">
    <p class='ocr_par' dir='ltr' id='par_1_17' title="bbox 362 1708 2062 1778">
     <span class='ocr_line' id='line_1_17' title="bbox 362 1708 2062 1778; baseline -0.001 -12"><span class='ocrx_word' id='word_1_125' title='bbox 362 1719 510 1775; x_wconf 89' lang='lat' dir='ltr'><strong>ctus,</strong></span> <span class='ocrx_word' id='word_1_126' title='bbox 541 1725 606 1765; x_wconf 91' lang='lat' dir='ltr'><strong>eo</strong></span> <span class='ocrx_word' id='word_1_127' title='bbox 637 1709 871 1778; x_wconf 78' lang='lat' dir='ltr'><strong>gravior</strong></span> <span class='ocrx_word' id='word_1_128' title='bbox 913 1709 1171 1776; x_wconf 85' lang='lat' dir='ltr'><strong>aperitur</strong></span> <span class='ocrx_word' id='word_1_129' title='bbox 1205 1709 1376 1762; x_wconf 90' lang='lat' dir='ltr'><strong>menti</strong></span> <span class='ocrx_word' id='word_1_130' title='bbox 1413 1708 1639 1763; x_wconf 78' lang='lat' dir='ltr'><strong>tristitia</strong></span> <span class='ocrx_word' id='word_1_131' title='bbox 1669 1708 1737 1764; x_wconf 92' lang='lat' dir='ltr'><strong>de</strong></span> <span class='ocrx_word' id='word_1_132' title='bbox 1766 1708 2062 1764; x_wconf 89' lang='lat' dir='ltr'><strong>diuturni-</strong></span> 
     </span>
    </p>
   </div>
   <div class='ocr_carea' id='block_1_18' title="bbox 365 1796 2055 1867">
    <p class='ocr_par' dir='ltr' id='par_1_18' title="bbox 365 1796 2055 1867">
     <span class='ocr_line' id='line_1_18' title="bbox 365 1796 2055 1867; baseline 0 -13"><span class='ocrx_word' id='word_1_133' title='bbox 365 1805 478 1854; x_wconf 88' lang='lat' dir='ltr'><strong>tate</strong></span> <span class='ocrx_word' id='word_1_134' title='bbox 508 1797 596 1852; x_wconf 91' lang='lat' dir='ltr'><strong>sui</strong></span> <span class='ocrx_word' id='word_1_135' title='bbox 632 1798 778 1852; x_wconf 89' lang='lat' dir='ltr'><strong>inter</strong></span> <span class='ocrx_word' id='word_1_136' title='bbox 817 1797 957 1851; x_wconf 84' lang='lat' dir='ltr'><strong>vitia</strong></span> <span class='ocrx_word' id='word_1_137' title='bbox 989 1796 1290 1850; x_wconf 89' lang='lat' dir='ltr'><strong>iucolatus.</strong></span> <span class='ocrx_word' id='word_1_138' title='bbox 1327 1798 1655 1861; x_wconf 85' lang='lat' dir='ltr'><strong>Invctcravi,</strong></span> <span class='ocrx_word' id='word_1_139' title='bbox 1688 1797 1767 1853; x_wconf 89' lang='lat' dir='ltr'><strong>ait</strong></span> <span class='ocrx_word' id='word_1_140' title='bbox 1799 1798 2055 1867; x_wconf 85' lang='lat' dir='ltr'><strong>quidam,</strong></span> 
     </span>
    </p>
   </div>
   <div class='ocr_carea' id='block_1_19' title="bbox 362 1885 2059 1954">
    <p class='ocr_par' dir='ltr' id='par_1_19' title="bbox 362 1885 2059 1954">
     <span class='ocr_line' id='line_1_19' title="bbox 362 1885 2059 1954; baseline 0.001 -15"><span class='ocrx_word' id='word_1_141' title='bbox 362 1888 513 1939; x_wconf 88' lang='lat' dir='ltr'><strong>inter</strong></span> <span class='ocrx_word' id='word_1_142' title='bbox 543 1900 720 1938; x_wconf 86' lang='lat' dir='ltr'><strong>omnes</strong></span> <span class='ocrx_word' id='word_1_143' title='bbox 753 1887 1000 1938; x_wconf 88' lang='lat' dir='ltr'><strong>inimicos</strong></span> <span class='ocrx_word' id='word_1_144' title='bbox 1030 1900 1169 1937; x_wconf 87' lang='lat' dir='ltr'><strong>meos</strong></span> <span class='ocrx_word' id='word_1_145' title='bbox 1201 1885 1374 1952; x_wconf 87' lang='lat' dir='ltr'><strong>(Psul.</strong></span> <span class='ocrx_word' id='word_1_146' title='bbox 1409 1899 1486 1944; x_wconf 72' lang='lat' dir='ltr'><strong>vn.</strong></span> <span class='ocrx_word' id='word_1_147' title='bbox 1520 1887 1595 1954; x_wconf 89' lang='lat'><strong>8).</strong></span> <span class='ocrx_word' id='word_1_148' title='bbox 1632 1885 1739 1940; x_wconf 89' lang='lat' dir='ltr'><strong>Et:</strong></span> <span class='ocrx_word' id='word_1_149' title='bbox 1793 1887 2059 1941; x_wconf 87' lang='lat' dir='ltr'><strong>lncolatus</strong></span> 
     </span>
    </p>
   </div>
   <div class='ocr_carea' id='block_1_20' title="bbox 363 1973 2056 2043">
    <p class='ocr_par' dir='ltr' id='par_1_20' title="bbox 363 1973 2056 2043">
     <span class='ocr_line' id='line_1_20' title="bbox 363 1973 2056 2043; baseline 0.002 -15"><span class='ocrx_word' id='word_1_150' title='bbox 363 1988 510 2028; x_wconf 86' lang='lat' dir='ltr'><strong>meus</strong></span> <span class='ocrx_word' id='word_1_151' title='bbox 539 1975 894 2042; x_wconf 81' lang='lat' dir='ltr'><strong>prolongatus</strong></span> <span class='ocrx_word' id='word_1_152' title='bbox 941 1977 1022 2027; x_wconf 89' lang='lat' dir='ltr'><strong>est</strong></span> <span class='ocrx_word' id='word_1_153' title='bbox 1051 1973 1210 2041; x_wconf 76' lang='lat' dir='ltr'><strong>(Psal.</strong></span> <span class='ocrx_word' id='word_1_154' title='bbox 1257 1987 1416 2038; x_wconf 71' lang='lat' dir='ltr'><strong>CXIX,</strong></span> <span class='ocrx_word' id='word_1_155' title='bbox 1473 1974 1550 2041; x_wconf 84' lang='lat'><strong>5).</strong></span> <span class='ocrx_word' id='word_1_156' title='bbox 1583 1974 1728 2040; x_wconf 84' lang='lat' dir='ltr'><strong>Ego,</strong></span> <span class='ocrx_word' id='word_1_157' title='bbox 1775 1975 1856 2030; x_wconf 91' lang='lat' dir='ltr'><strong>ait</strong></span> <span class='ocrx_word' id='word_1_158' title='bbox 1892 1975 2056 2043; x_wconf 87' lang='lat' dir='ltr'><strong>alter,</strong></span> 
     </span>
    </p>
   </div>
   <div class='ocr_carea' id='block_1_21' title="bbox 361 2063 1735 2132">
    <p class='ocr_par' dir='ltr' id='par_1_21' title="bbox 361 2063 1735 2132">
     <span class='ocr_line' id='line_1_21' title="bbox 361 2063 1735 2132; baseline 0.001 -16"><span class='ocrx_word' id='word_1_159' title='bbox 361 2065 450 2117; x_wconf 89' lang='lat' dir='ltr'><strong>vir</strong></span> <span class='ocrx_word' id='word_1_160' title='bbox 474 2063 663 2118; x_wconf 85' lang='lat' dir='ltr'><strong>videns</strong></span> <span class='ocrx_word' id='word_1_161' title='bbox 685 2068 1064 2132; x_wconf 79' lang='lat' dir='ltr'><strong>paupertatem</strong></span> <span class='ocrx_word' id='word_1_162' title='bbox 1087 2079 1259 2116; x_wconf 91' lang='lat' dir='ltr'><strong>meam</strong></span> <span class='ocrx_word' id='word_1_163' title='bbox 1285 2063 1505 2132; x_wconf 86' lang='lat' dir='ltr'><strong>(Thren.</strong></span> <span class='ocrx_word' id='word_1_164' title='bbox 1541 2078 1620 2130; x_wconf 87' lang='lat' dir='ltr'><strong>ut,</strong></span> <span class='ocrx_word' id='word_1_165' title='bbox 1661 2063 1735 2132; x_wconf 87' lang='lat' dir='ltr'><strong>l).</strong></span> 
     </span>
    </p>
   </div>
   <div class='ocr_carea' id='block_1_22' title="bbox 976 2152 1436 2208">
    <p class='ocr_par' dir='ltr' id='par_1_22' title="bbox 976 2152 1436 2208">
     <span class='ocr_line' id='line_1_22' title="bbox 976 2152 1436 2208; baseline 0 -1"><span class='ocrx_word' id='word_1_166' title='bbox 976 2152 1208 2208; x_wconf 81' lang='lat' dir='ltr'><strong>CAPUT</strong></span> <span class='ocrx_word' id='word_1_167' title='bbox 1249 2152 1436 2208; x_wconf 75' lang='lat' dir='ltr'><strong>XXII.</strong></span> 
     </span>
    </p>
   </div>
   <div class='ocr_carea' id='block_1_23' title="bbox 435 2239 2060 2308">
    <p class='ocr_par' dir='ltr' id='par_1_23' title="bbox 435 2239 2060 2308">
     <span class='ocr_line' id='line_1_23' title="bbox 435 2239 2060 2308; baseline -0.001 -12"><span class='ocrx_word' id='word_1_168' title='bbox 435 2239 617 2296; x_wconf 74' lang='lat' dir='ltr'><strong>Vnus.</strong></span> <span class='ocrx_word' id='word_1_169' title='bbox 658 2239 712 2305; x_wconf 81' lang='grc'><strong>1,</strong></span> <span class='ocrx_word' id='word_1_170' title='bbox 747 2242 798 2292; x_wconf 77' lang='lat'><strong>2.</strong></span> <span class='ocrx_word' id='word_1_171' title='bbox 835 2269 910 2281; x_wconf 96' lang='lat'>—</span> <span class='ocrx_word' id='word_1_172' title='bbox 955 2240 1086 2304; x_wconf 67' lang='lat' dir='ltr'><strong>Quae</strong></span> <span class='ocrx_word' id='word_1_173' title='bbox 1121 2245 1410 2308; x_wconf 83' lang='lat' dir='ltr'><strong>postquam</strong></span> <span class='ocrx_word' id='word_1_174' title='bbox 1450 2244 1601 2307; x_wconf 87' lang='lat' dir='ltr'><strong>gesta</strong></span> <span class='ocrx_word' id='word_1_175' title='bbox 1639 2245 1784 2306; x_wconf 88' lang='lat' dir='ltr'><strong>sunt,</strong></span> <span class='ocrx_word' id='word_1_176' title='bbox 1832 2243 2060 2294; x_wconf 78' lang='lat' dir='ltr'><strong>tentavit</strong></span> 
     </span>
    </p>
   </div>
   <div class='ocr_carea' id='block_1_24' title="bbox 363 2327 2055 2396">
    <p class='ocr_par' dir='ltr' id='par_1_24' title="bbox 363 2327 2055 2396">
     <span class='ocr_line' id='line_1_24' title="bbox 363 2327 2055 2396; baseline 0.001 -14"><span class='ocrx_word' id='word_1_177' title='bbox 363 2329 502 2382; x_wconf 81' lang='lat' dir='ltr'><strong>Deus</strong></span> <span class='ocrx_word' id='word_1_178' title='bbox 533 2328 836 2387; x_wconf 85' lang='lat' dir='ltr'><strong>Abraham.</strong></span> <span class='ocrx_word' id='word_1_179' title='bbox 867 2333 918 2381; x_wconf 90' lang='lat' dir='ltr'><strong>et</strong></span> <span class='ocrx_word' id='word_1_180' title='bbox 964 2328 1114 2380; x_wconf 72' lang='lat' dir='ltr'><strong>diccit</strong></span> <span class='ocrx_word' id='word_1_181' title='bbox 1160 2327 1234 2379; x_wconf 92' lang='lat' dir='ltr'><strong>ad</strong></span> <span class='ocrx_word' id='word_1_182' title='bbox 1277 2343 1429 2381; x_wconf 89' lang='lat' dir='ltr'><strong>eum:</strong></span> <span class='ocrx_word' id='word_1_183' title='bbox 1474 2329 1772 2383; x_wconf 76' lang='lat' dir='ltr'><strong>Abraham.</strong></span> <span class='ocrx_word' id='word_1_184' title='bbox 1825 2329 2055 2396; x_wconf 90' lang='lat' dir='ltr'><strong>Adsum,</strong></span> 
     </span>
    </p>
   </div>
   <div class='ocr_carea' id='block_1_25' title="bbox 363 2415 2059 2487">
    <p class='ocr_par' dir='ltr' id='par_1_25' title="bbox 363 2415 2059 2487">
     <span class='ocr_line' id='line_1_25' title="bbox 363 2415 2059 2487; baseline 0.001 -17"><span class='ocrx_word' id='word_1_185' title='bbox 363 2415 575 2486; x_wconf 83' lang='lat' dir='ltr'><strong>inquit.</strong></span> <span class='ocrx_word' id='word_1_186' title='bbox 641 2418 806 2482; x_wconf 85' lang='lat' dir='ltr'><strong>Tolle,</strong></span> <span class='ocrx_word' id='word_1_187' title='bbox 876 2415 974 2480; x_wconf 85' lang='lat' dir='ltr'><strong>ait,</strong></span> <span class='ocrx_word' id='word_1_188' title='bbox 1035 2419 1377 2483; x_wconf 79' lang='lat' dir='ltr'><strong>unigenitum</strong></span> <span class='ocrx_word' id='word_1_189' title='bbox 1422 2418 1602 2484; x_wconf 76' lang='lat' dir='ltr'><strong>ﬁlium</strong></span> <span class='ocrx_word' id='word_1_190' title='bbox 1666 2423 1838 2482; x_wconf 90' lang='lat' dir='ltr'><strong>tuum,</strong></span> <span class='ocrx_word' id='word_1_191' title='bbox 1903 2434 2059 2487; x_wconf 76' lang='lat' dir='ltr'><strong>quem</strong></span> 
     </span>
    </p>
   </div>
   <div class='ocr_carea' id='block_1_26' title="bbox 363 2503 2056 2574">
    <p class='ocr_par' dir='ltr' id='par_1_26' title="bbox 363 2503 2056 2574">
     <span class='ocr_line' id='line_1_26' title="bbox 363 2503 2056 2574; baseline 0.001 -16"><span class='ocrx_word' id='word_1_192' title='bbox 363 2503 576 2570; x_wconf 84' lang='lat' dir='ltr'><strong>diligis,</strong></span> <span class='ocrx_word' id='word_1_193' title='bbox 627 2506 800 2562; x_wconf 79' lang='lat' dir='ltr'><strong>Isaac.</strong></span> <span class='ocrx_word' id='word_1_194' title='bbox 843 2510 894 2558; x_wconf 91' lang='lat' dir='ltr'><strong>et</strong></span> <span class='ocrx_word' id='word_1_195' title='bbox 933 2504 1070 2558; x_wconf 86' lang='lat' dir='ltr'><strong>vade</strong></span> <span class='ocrx_word' id='word_1_196' title='bbox 1103 2507 1160 2556; x_wconf 87' lang='lat' dir='ltr'><strong>in</strong></span> <span class='ocrx_word' id='word_1_197' title='bbox 1191 2509 1394 2558; x_wconf 87' lang='lat' dir='ltr'><strong>terram</strong></span> <span class='ocrx_word' id='word_1_198' title='bbox 1441 2507 1688 2568; x_wconf 80' lang='lat' dir='ltr'><strong>visionis,</strong></span> <span class='ocrx_word' id='word_1_199' title='bbox 1735 2510 1898 2574; x_wconf 87' lang='lat' dir='ltr'><strong>atque</strong></span> <span class='ocrx_word' id='word_1_200' title='bbox 1927 2507 2056 2574; x_wconf 75' lang='lat' dir='ltr'><strong>offer</strong></span> 
     </span>
    </p>
   </div>
   <div class='ocr_carea' id='block_1_27' title="bbox 363 2591 2058 2664">
    <p class='ocr_par' dir='ltr' id='par_1_27' title="bbox 363 2591 2058 2664">
     <span class='ocr_line' id='line_1_27' title="bbox 363 2591 2058 2664; baseline 0.001 -18"><span class='ocrx_word' id='word_1_201' title='bbox 363 2607 482 2646; x_wconf 85' lang='lat' dir='ltr'><strong>eum</strong></span> <span class='ocrx_word' id='word_1_202' title='bbox 509 2591 590 2645; x_wconf 85' lang='lat' dir='ltr'><strong>ibi</strong></span> <span class='ocrx_word' id='word_1_203' title='bbox 610 2595 667 2644; x_wconf 90' lang='lat' dir='ltr'><strong>in</strong></span> <span class='ocrx_word' id='word_1_204' title='bbox 694 2591 1063 2646; x_wconf 82' lang='lat' dir='ltr'><strong>holocaustum</strong></span> <span class='ocrx_word' id='word_1_205' title='bbox 1083 2607 1246 2660; x_wconf 85' lang='lat' dir='ltr'><strong>super</strong></span> <span class='ocrx_word' id='word_1_206' title='bbox 1267 2608 1432 2646; x_wconf 88' lang='lat' dir='ltr'><strong>unum</strong></span> <span class='ocrx_word' id='word_1_207' title='bbox 1463 2598 1720 2647; x_wconf 80' lang='lat' dir='ltr'><strong>montium</strong></span> <span class='ocrx_word' id='word_1_208' title='bbox 1743 2610 1897 2664; x_wconf 86' lang='lat' dir='ltr'><strong>quem</strong></span> <span class='ocrx_word' id='word_1_209' title='bbox 1915 2611 2058 2648; x_wconf 84' lang='lat' dir='ltr'><strong>mon-</strong></span> 
     </span>
    </p>
   </div>
   <div class='ocr_carea' id='block_1_28' title="bbox 361 2679 2060 2748">
    <p class='ocr_par' dir='ltr' id='par_1_28' title="bbox 361 2679 2060 2748">
     <span class='ocr_line' id='line_1_28' title="bbox 361 2679 2060 2748; baseline 0.002 -14"><span class='ocrx_word' id='word_1_210' title='bbox 361 2683 606 2734; x_wconf 80' lang='lat' dir='ltr'><strong>stravero</strong></span> <span class='ocrx_word' id='word_1_211' title='bbox 641 2680 757 2734; x_wconf 89' lang='lat' dir='ltr'><strong>tibi.</strong></span> <span class='ocrx_word' id='word_1_212' title='bbox 789 2679 874 2734; x_wconf 81' lang='lat' dir='ltr'><strong>Ex</strong></span> <span class='ocrx_word' id='word_1_213' title='bbox 909 2680 1014 2734; x_wconf 95' lang='lat' dir='ltr'><strong>hoc</strong></span> <span class='ocrx_word' id='word_1_214' title='bbox 1045 2688 1334 2748; x_wconf 88' lang='lat' dir='ltr'><strong>gestorum</strong></span> <span class='ocrx_word' id='word_1_215' title='bbox 1365 2681 1565 2737; x_wconf 89' lang='lat' dir='ltr'><strong>ordine</strong></span> <span class='ocrx_word' id='word_1_216' title='bbox 1591 2682 1823 2738; x_wconf 80' lang='lat' dir='ltr'><strong>venitur</strong></span> <span class='ocrx_word' id='word_1_217' title='bbox 1850 2682 1921 2737; x_wconf 86' lang='lat' dir='ltr'><strong>ad</strong></span> <span class='ocrx_word' id='word_1_218' title='bbox 1953 2683 2060 2738; x_wconf 89' lang='lat' dir='ltr'><strong>hoc</strong></span> 
     </span>
    </p>
   </div>
   <div class='ocr_carea' id='block_1_29' title="bbox 365 2768 2058 2838">
    <p class='ocr_par' dir='ltr' id='par_1_29' title="bbox 365 2768 2058 2838">
     <span class='ocr_line' id='line_1_29' title="bbox 365 2768 2058 2838; baseline 0.001 -14"><span class='ocrx_word' id='word_1_219' title='bbox 365 2768 521 2838; x_wconf 90' lang='lat' dir='ltr'><strong>quod</strong></span> <span class='ocrx_word' id='word_1_220' title='bbox 553 2775 735 2824; x_wconf 89' lang='lat' dir='ltr'><strong>tentat</strong></span> <span class='ocrx_word' id='word_1_221' title='bbox 765 2768 916 2823; x_wconf 88' lang='lat' dir='ltr'><strong>Deus</strong></span> <span class='ocrx_word' id='word_1_222' title='bbox 962 2768 1277 2824; x_wconf 81' lang='lat' dir='ltr'><strong>Abraham.</strong></span> <span class='ocrx_word' id='word_1_223' title='bbox 1326 2769 1696 2826; x_wconf 87' lang='lat' dir='ltr'><strong>Notissimum</strong></span> <span class='ocrx_word' id='word_1_224' title='bbox 1742 2780 1825 2826; x_wconf 92' lang='lat' dir='ltr'><strong>est</strong></span> <span class='ocrx_word' id='word_1_225' title='bbox 1869 2771 2058 2827; x_wconf 89' lang='lat' dir='ltr'><strong>hocin</strong></span> 
     </span>
    </p>
   </div>
   <div class='ocr_carea' id='block_1_30' title="bbox 364 2856 2058 2930">
    <p class='ocr_par' dir='ltr' id='par_1_30' title="bbox 364 2856 2058 2930">
     <span class='ocr_line' id='line_1_30' title="bbox 364 2856 2058 2930; baseline 0.002 -18"><span class='ocrx_word' id='word_1_226' title='bbox 364 2856 484 2913; x_wconf 94' lang='lat' dir='ltr'><strong>loco</strong></span> <span class='ocrx_word' id='word_1_227' title='bbox 517 2857 882 2914; x_wconf 89' lang='lat' dir='ltr'><strong>tentatiouem</strong></span> <span class='ocrx_word' id='word_1_228' title='bbox 918 2872 1031 2913; x_wconf 91' lang='lat' dir='ltr'><strong>non</strong></span> <span class='ocrx_word' id='word_1_229' title='bbox 1063 2857 1220 2914; x_wconf 90' lang='lat' dir='ltr'><strong>aliud</strong></span> <span class='ocrx_word' id='word_1_230' title='bbox 1253 2873 1429 2928; x_wconf 89' lang='lat' dir='ltr'><strong>quam</strong></span> <span class='ocrx_word' id='word_1_231' title='bbox 1464 2859 1852 2930; x_wconf 88' lang='lat' dir='ltr'><strong>probationem</strong></span> <span class='ocrx_word' id='word_1_232' title='bbox 1887 2859 2058 2915; x_wconf 88' lang='lat' dir='ltr'><strong>intel-</strong></span> 
     </span>
    </p>
   </div>
   <div class='ocr_carea' id='block_1_31' title="bbox 363 2944 2058 3018">
    <p class='ocr_par' dir='ltr' id='par_1_31' title="bbox 363 2944 2058 3018">
     <span class='ocr_line' id='line_1_31' title="bbox 363 2944 2058 3018; baseline 0.002 -17"><span class='ocrx_word' id='word_1_233' title='bbox 363 2944 503 3016; x_wconf 85' lang='lat' dir='ltr'><strong>ligi:</strong></span> <span class='ocrx_word' id='word_1_234' title='bbox 557 2945 752 3016; x_wconf 89' lang='lat' dir='ltr'><strong>itaque</strong></span> <span class='ocrx_word' id='word_1_235' title='bbox 797 2954 996 3013; x_wconf 89' lang='lat' dir='ltr'><strong>tentat,</strong></span> <span class='ocrx_word' id='word_1_236' title='bbox 1038 2962 1169 3002; x_wconf 91' lang='lat' dir='ltr'><strong>cum</strong></span> <span class='ocrx_word' id='word_1_237' title='bbox 1205 2947 1350 3002; x_wconf 90' lang='lat' dir='ltr'><strong>inter</strong></span> <span class='ocrx_word' id='word_1_238' title='bbox 1380 2948 1500 3002; x_wconf 67' lang='lat' dir='ltr'><strong>haec</strong></span> <span class='ocrx_word' id='word_1_239' title='bbox 1528 2948 1722 3003; x_wconf 88' lang='lat' dir='ltr'><strong>omnia</strong></span> <span class='ocrx_word' id='word_1_240' title='bbox 1765 2948 2058 3018; x_wconf 89' lang='lat' dir='ltr'><strong>probando</strong></span> 
     </span>
    </p>
   </div>
   <div class='ocr_carea' id='block_1_32' title="bbox 365 3034 2058 3106">
    <p class='ocr_par' dir='ltr' id='par_1_32' title="bbox 365 3034 2058 3106">
     <span class='ocr_line' id='line_1_32' title="bbox 365 3034 2058 3106; baseline 0.001 -16"><span class='ocrx_word' id='word_1_241' title='bbox 365 3034 628 3104; x_wconf 88' lang='lat' dir='ltr'><strong>spiritum</strong></span> <span class='ocrx_word' id='word_1_242' title='bbox 661 3043 921 3090; x_wconf 91' lang='lat' dir='ltr'><strong>nostrum</strong></span> <span class='ocrx_word' id='word_1_243' title='bbox 953 3035 1164 3101; x_wconf 87' lang='lat' dir='ltr'><strong>erudit,</strong></span> <span class='ocrx_word' id='word_1_244' title='bbox 1195 3044 1250 3092; x_wconf 90' lang='lat' dir='ltr'><strong>et</strong></span> <span class='ocrx_word' id='word_1_245' title='bbox 1290 3037 1604 3092; x_wconf 79' lang='lat' dir='ltr'><strong>examinat.</strong></span> <span class='ocrx_word' id='word_1_246' title='bbox 1649 3036 1871 3092; x_wconf 87' lang='lat' dir='ltr'><strong>Dicitur</strong></span> <span class='ocrx_word' id='word_1_247' title='bbox 1905 3051 2058 3106; x_wconf 83' lang='lat' dir='ltr'><strong>quo-</strong></span> 
     </span>
    </p>
   </div>
   <div class='ocr_carea' id='block_1_33' title="bbox 366 3121 2060 3195">
    <p class='ocr_par' dir='ltr' id='par_1_33' title="bbox 366 3121 2060 3195">
     <span class='ocr_line' id='line_1_33' title="bbox 366 3121 2060 3195; baseline 0.001 -17"><span class='ocrx_word' id='word_1_248' title='bbox 366 3123 500 3178; x_wconf 90' lang='lat' dir='ltr'><strong>dam</strong></span> <span class='ocrx_word' id='word_1_249' title='bbox 547 3123 606 3178; x_wconf 92' lang='lat' dir='ltr'><strong>in</strong></span> <span class='ocrx_word' id='word_1_250' title='bbox 658 3121 801 3192; x_wconf 89' lang='lat' dir='ltr'><strong>loco,</strong></span> <span class='ocrx_word' id='word_1_251' title='bbox 838 3123 978 3194; x_wconf 90' lang='lat' dir='ltr'><strong>quia</strong></span> <span class='ocrx_word' id='word_1_252' title='bbox 1027 3126 1229 3194; x_wconf 86' lang='lat' dir='ltr'><strong>septies</strong></span> <span class='ocrx_word' id='word_1_253' title='bbox 1276 3125 1427 3180; x_wconf 90' lang='lat' dir='ltr'><strong>cadit</strong></span> <span class='ocrx_word' id='word_1_254' title='bbox 1469 3125 1688 3195; x_wconf 89' lang='lat' dir='ltr'><strong>justus,</strong></span> <span class='ocrx_word' id='word_1_255' title='bbox 1717 3132 1772 3180; x_wconf 88' lang='lat' dir='ltr'><strong>et</strong></span> <span class='ocrx_word' id='word_1_256' title='bbox 1810 3126 2060 3194; x_wconf 85' lang='lat' dir='ltr'><strong>resurgit</strong></span> 
     </span>
    </p>
   </div>
   <div class='ocr_carea' id='block_1_34' title="bbox 365 3212 2062 3284">
    <p class='ocr_par' dir='ltr' id='par_1_34' title="bbox 365 3212 2062 3284">
     <span class='ocr_line' id='line_1_34' title="bbox 365 3212 2062 3284; baseline 0.001 -18"><span class='ocrx_word' id='word_1_257' title='bbox 365 3212 544 3281; x_wconf 86' lang='lat' dir='ltr'><strong>(Prov.</strong></span> <span class='ocrx_word' id='word_1_258' title='bbox 599 3225 764 3280; x_wconf 74' lang='lat' dir='ltr'><strong>xxrv,</strong></span> <span class='ocrx_word' id='word_1_259' title='bbox 809 3213 928 3282; x_wconf 83' lang='lat' dir='ltr'><strong>t6);</strong></span> <span class='ocrx_word' id='word_1_260' title='bbox 963 3213 1114 3282; x_wconf 91' lang='lat' dir='ltr'><strong>quod</strong></span> <span class='ocrx_word' id='word_1_261' title='bbox 1160 3214 1334 3284; x_wconf 78' lang='lat' dir='ltr'><strong>juxta</strong></span> <span class='ocrx_word' id='word_1_262' title='bbox 1367 3214 1778 3284; x_wconf 81' lang='lat' dir='ltr'><strong>Hieronymum</strong></span> <span class='ocrx_word' id='word_1_263' title='bbox 1808 3215 1888 3269; x_wconf 88' lang='lat' dir='ltr'><strong>sic</strong></span> <span class='ocrx_word' id='word_1_264' title='bbox 1920 3213 2062 3269; x_wconf 84' lang='lat' dir='ltr'><strong>acci-</strong></span> 
     </span>
    </p>
   </div>
   <div class='ocr_carea' id='block_1_35' title="bbox 365 3301 2063 3371">
    <p class='ocr_par' dir='ltr' id='par_1_35' title="bbox 365 3301 2063 3371">
     <span class='ocr_line' id='line_1_35' title="bbox 365 3301 2063 3371; baseline 0.001 -15"><span class='ocrx_word' id='word_1_265' title='bbox 365 3301 542 3371; x_wconf 90' lang='lat' dir='ltr'><strong>pitur,</strong></span> <span class='ocrx_word' id='word_1_266' title='bbox 570 3301 756 3371; x_wconf 89' lang='lat' dir='ltr'><strong>justos</strong></span> <span class='ocrx_word' id='word_1_267' title='bbox 799 3301 1062 3356; x_wconf 83' lang='lat' dir='ltr'><strong>videlicet</strong></span> <span class='ocrx_word' id='word_1_268' title='bbox 1093 3301 1334 3357; x_wconf 88' lang='lat' dir='ltr'><strong>diversis</strong></span> <span class='ocrx_word' id='word_1_269' title='bbox 1370 3302 1749 3358; x_wconf 90' lang='lat' dir='ltr'><strong>tentationum</strong></span> <span class='ocrx_word' id='word_1_270' title='bbox 1800 3302 2063 3371; x_wconf 83' lang='lat' dir='ltr'><strong>pulsibus</strong></span> 
     </span>
    </p>
   </div>
   <div class='ocr_carea' id='block_1_36' title="bbox 369 3389 2058 3460">
    <p class='ocr_par' dir='ltr' id='par_1_36' title="bbox 369 3389 2058 3460">
     <span class='ocr_line' id='line_1_36' title="bbox 369 3389 2058 3460; baseline 0 -16"><span class='ocrx_word' id='word_1_271' title='bbox 369 3389 590 3456; x_wconf 89' lang='lat' dir='ltr'><strong>cadere,</strong></span> <span class='ocrx_word' id='word_1_272' title='bbox 626 3389 722 3444; x_wconf 89' lang='lat' dir='ltr'><strong>sed</strong></span> <span class='ocrx_word' id='word_1_273' title='bbox 753 3397 946 3445; x_wconf 90' lang='lat' dir='ltr'><strong>tamen</strong></span> <span class='ocrx_word' id='word_1_274' title='bbox 976 3404 1076 3460; x_wconf 91' lang='lat' dir='ltr'><strong>per</strong></span> <span class='ocrx_word' id='word_1_275' title='bbox 1105 3389 1371 3445; x_wconf 70' lang='lat' dir='ltr'><strong>allectum</strong></span> <span class='ocrx_word' id='word_1_276' title='bbox 1419 3389 1581 3445; x_wconf 72' lang='lat' dir='ltr'><strong>bonae</strong></span> <span class='ocrx_word' id='word_1_277' title='bbox 1611 3389 1945 3445; x_wconf 90' lang='lat' dir='ltr'><strong>intentionis</strong></span> <span class='ocrx_word' id='word_1_278' title='bbox 1986 3389 2058 3444; x_wconf 91' lang='lat' dir='ltr'><strong>ad</strong></span> 
     </span>
    </p>
   </div>
   <div class='ocr_carea' id='block_1_37' title="bbox 363 3476 2062 3547">
    <p class='ocr_par' dir='ltr' id='par_1_37' title="bbox 363 3476 2062 3547">
     <span class='ocr_line' id='line_1_37' title="bbox 363 3476 2062 3547; baseline -0.001 -15"><span class='ocrx_word' id='word_1_279' title='bbox 363 3476 712 3545; x_wconf 63' lang='lat' dir='ltr'><strong>paenitentia</strong></span> <span class='ocrx_word' id='word_1_280' title='bbox 759 3483 972 3531; x_wconf 89' lang='lat' dir='ltr'><strong>statum</strong></span> <span class='ocrx_word' id='word_1_281' title='bbox 1021 3490 1246 3546; x_wconf 91' lang='lat' dir='ltr'><strong>semper</strong></span> <span class='ocrx_word' id='word_1_282' title='bbox 1282 3490 1602 3547; x_wconf 88' lang='lat' dir='ltr'><strong>resurgere,</strong></span> <span class='ocrx_word' id='word_1_283' title='bbox 1635 3484 1690 3532; x_wconf 92' lang='lat' dir='ltr'><strong>et</strong></span> <span class='ocrx_word' id='word_1_284' title='bbox 1723 3476 1847 3532; x_wconf 90' lang='lat' dir='ltr'><strong>ideo</strong></span> <span class='ocrx_word' id='word_1_285' title='bbox 1882 3477 2062 3546; x_wconf 90' lang='lat' dir='ltr'><strong>justi-</strong></span> 
     </span>
    </p>
   </div>
   <div class='ocr_carea' id='block_1_38' title="bbox 363 3563 2062 3634">
    <p class='ocr_par' dir='ltr' id='par_1_38' title="bbox 363 3563 2062 3634">
     <span class='ocr_line' id='line_1_38' title="bbox 363 3563 2062 3634; baseline 0.001 -15"><span class='ocrx_word' id='word_1_286' title='bbox 363 3564 456 3620; x_wconf 75' lang='lat' dir='ltr'><strong>tize</strong></span> <span class='ocrx_word' id='word_1_287' title='bbox 488 3578 696 3620; x_wconf 89' lang='lat' dir='ltr'><strong>nomen</strong></span> <span class='ocrx_word' id='word_1_288' title='bbox 745 3578 859 3618; x_wconf 91' lang='lat' dir='ltr'><strong>non</strong></span> <span class='ocrx_word' id='word_1_289' title='bbox 889 3564 1172 3630; x_wconf 90' lang='lat' dir='ltr'><strong>amittere,</strong></span> <span class='ocrx_word' id='word_1_290' title='bbox 1203 3563 1344 3634; x_wconf 93' lang='lat' dir='ltr'><strong>quia</strong></span> <span class='ocrx_word' id='word_1_291' title='bbox 1376 3579 1488 3620; x_wconf 92' lang='lat' dir='ltr'><strong>non</strong></span> <span class='ocrx_word' id='word_1_292' title='bbox 1521 3565 1801 3621; x_wconf 90' lang='lat' dir='ltr'><strong>desistunt</strong></span> <span class='ocrx_word' id='word_1_293' title='bbox 1831 3571 2062 3634; x_wconf 89' lang='lat' dir='ltr'><strong>peccata</strong></span> 
     </span>
    </p>
   </div>
   <div class='ocr_carea' id='block_1_39' title="bbox 362 3650 2064 3722">
    <p class='ocr_par' dir='ltr' id='par_1_39' title="bbox 362 3650 2064 3722">
     <span class='ocr_line' id='line_1_39' title="bbox 362 3650 2064 3722; baseline 0.001 -17"><span class='ocrx_word' id='word_1_294' title='bbox 362 3650 611 3717; x_wconf 89' lang='lat' dir='ltr'><strong>munire,</strong></span> <span class='ocrx_word' id='word_1_295' title='bbox 645 3665 746 3720; x_wconf 91' lang='lat' dir='ltr'><strong>per</strong></span> <span class='ocrx_word' id='word_1_296' title='bbox 783 3665 915 3721; x_wconf 74' lang='lat' dir='ltr'><strong>quae</strong></span> <span class='ocrx_word' id='word_1_297' title='bbox 943 3651 1153 3707; x_wconf 90' lang='lat' dir='ltr'><strong>eruditi</strong></span> <span class='ocrx_word' id='word_1_298' title='bbox 1185 3651 1415 3708; x_wconf 90' lang='lat' dir='ltr'><strong>discunt</strong></span> <span class='ocrx_word' id='word_1_299' title='bbox 1447 3652 1808 3722; x_wconf 91' lang='lat' dir='ltr'><strong>postmodum</strong></span> <span class='ocrx_word' id='word_1_300' title='bbox 1843 3652 2064 3708; x_wconf 84' lang='lat' dir='ltr'><strong>fortiter</strong></span> 
     </span>
    </p>
   </div>
   <div class='ocr_carea' id='block_1_40' title="bbox 361 3738 2060 3810">
    <p class='ocr_par' dir='ltr' id='par_1_40' title="bbox 361 3738 2060 3810">
     <span class='ocr_line' id='line_1_40' title="bbox 361 3738 2060 3810; baseline 0.001 -18"><span class='ocrx_word' id='word_1_301' title='bbox 361 3745 532 3793; x_wconf 86' lang='lat' dir='ltr'><strong>stare.</strong></span> <span class='ocrx_word' id='word_1_302' title='bbox 598 3738 758 3794; x_wconf 88' lang='lat' dir='ltr'><strong>Unde</strong></span> <span class='ocrx_word' id='word_1_303' title='bbox 819 3753 984 3794; x_wconf 91' lang='lat' dir='ltr'><strong>nemo</strong></span> <span class='ocrx_word' id='word_1_304' title='bbox 1041 3739 1286 3795; x_wconf 92' lang='lat' dir='ltr'><strong>miretur</strong></span> <span class='ocrx_word' id='word_1_305' title='bbox 1335 3739 1394 3794; x_wconf 92' lang='lat' dir='ltr'><strong>in</strong></span> <span class='ocrx_word' id='word_1_306' title='bbox 1453 3739 1542 3795; x_wconf 92' lang='lat' dir='ltr'><strong>his</strong></span> <span class='ocrx_word' id='word_1_307' title='bbox 1587 3739 1884 3810; x_wconf 92' lang='lat' dir='ltr'><strong>opusculis</strong></span> <span class='ocrx_word' id='word_1_308' title='bbox 1921 3739 2060 3794; x_wconf 92' lang='lat' dir='ltr'><strong>dum</strong></span> 
     </span>
    </p>
   </div>
   <div class='ocr_carea' id='block_1_41' title="bbox 360 3826 2060 3898">
    <p class='ocr_par' dir='ltr' id='par_1_41' title="bbox 360 3826 2060 3898">
     <span class='ocr_line' id='line_1_41' title="bbox 360 3826 2060 3898; baseline 0.001 -17"><span class='ocrx_word' id='word_1_309' title='bbox 360 3826 752 3882; x_wconf 89' lang='lat' dir='ltr'><strong>moralitatum</strong></span> <span class='ocrx_word' id='word_1_310' title='bbox 801 3826 1028 3883; x_wconf 91' lang='lat' dir='ltr'><strong>interna</strong></span> <span class='ocrx_word' id='word_1_311' title='bbox 1059 3827 1460 3898; x_wconf 89' lang='lat' dir='ltr'><strong>disquirimus,</strong></span> <span class='ocrx_word' id='word_1_312' title='bbox 1506 3828 1662 3898; x_wconf 91' lang='lat' dir='ltr'><strong>quod</strong></span> <span class='ocrx_word' id='word_1_313' title='bbox 1709 3827 2060 3898; x_wconf 71' lang='lat' dir='ltr'><strong>praemissam</strong></span> 
     </span>
    </p>
   </div>
   <div class='ocr_carea' id='block_1_42' title="bbox 361 3914 2061 3986">
    <p class='ocr_par' dir='ltr' id='par_1_42' title="bbox 361 3914 2061 3986">
     <span class='ocr_line' id='line_1_42' title="bbox 361 3914 2061 3986; baseline 0.002 -17"><span class='ocrx_word' id='word_1_314' title='bbox 361 3914 650 3970; x_wconf 86' lang='lat' dir='ltr'><strong>virtutum</strong></span> <span class='ocrx_word' id='word_1_315' title='bbox 695 3929 1190 3986; x_wconf 89' lang='lat' dir='ltr'><strong>quarumcunque</strong></span> <span class='ocrx_word' id='word_1_316' title='bbox 1219 3916 1482 3986; x_wconf 84' lang='lat' dir='ltr'><strong>gloriam,</strong></span> <span class='ocrx_word' id='word_1_317' title='bbox 1515 3916 1786 3973; x_wconf 87' lang='lat' dir='ltr'><strong>vitiorum</strong></span> <span class='ocrx_word' id='word_1_318' title='bbox 1819 3916 2061 3972; x_wconf 86' lang='lat' dir='ltr'><strong>adversa</strong></span> 
     </span>
    </p>
   </div>
   <div class='ocr_carea' id='block_1_43' title="bbox 358 4001 2064 4073">
    <p class='ocr_par' dir='ltr' id='par_1_43' title="bbox 358 4001 2064 4073">
     <span class='ocr_line' id='line_1_43' title="bbox 358 4001 2064 4073; baseline 0.002 -17"><span class='ocrx_word' id='word_1_319' title='bbox 358 4001 776 4069; x_wconf 89' lang='lat' dir='ltr'><strong>subnectimus,</strong></span> <span class='ocrx_word' id='word_1_320' title='bbox 825 4003 1112 4059; x_wconf 89' lang='lat' dir='ltr'><strong>arridente</strong></span> <span class='ocrx_word' id='word_1_321' title='bbox 1141 4003 1394 4073; x_wconf 92' lang='lat' dir='ltr'><strong>opinioni</strong></span> <span class='ocrx_word' id='word_1_322' title='bbox 1427 4011 1634 4059; x_wconf 73' lang='lat' dir='ltr'><strong>nostrae</strong></span> <span class='ocrx_word' id='word_1_323' title='bbox 1666 4003 1844 4072; x_wconf 90' lang='lat' dir='ltr'><strong>ipsius</strong></span> <span class='ocrx_word' id='word_1_324' title='bbox 1887 4012 2064 4060; x_wconf 88' lang='lat' dir='ltr'><strong>mate-</strong></span> 
     </span>
    </p>
   </div>
   <div class='ocr_carea' id='block_1_44' title="bbox 359 4089 2058 4163">
    <p class='ocr_par' dir='ltr' id='par_1_44' title="bbox 359 4089 2058 4163">
     <span class='ocr_line' id='line_1_44' title="bbox 359 4089 2058 4163; baseline 0.001 -18"><span class='ocrx_word' id='word_1_325' title='bbox 359 4089 447 4145; x_wconf 89' lang='lat' dir='ltr'><strong>ria</strong></span> <span class='ocrx_word' id='word_1_326' title='bbox 474 4097 686 4146; x_wconf 82' lang='lat' dir='ltr'><strong>textus.</strong></span> <span class='ocrx_word' id='word_1_327' title='bbox 739 4091 884 4156; x_wconf 84' lang='lat' dir='ltr'><strong>Non,</strong></span> <span class='ocrx_word' id='word_1_328' title='bbox 935 4091 1198 4161; x_wconf 89' lang='lat' dir='ltr'><strong>inquam,</strong></span> <span class='ocrx_word' id='word_1_329' title='bbox 1231 4092 1478 4148; x_wconf 90' lang='lat' dir='ltr'><strong>miretur</strong></span> <span class='ocrx_word' id='word_1_330' title='bbox 1507 4093 1662 4162; x_wconf 86' lang='lat' dir='ltr'><strong>quis,</strong></span> <span class='ocrx_word' id='word_1_331' title='bbox 1711 4092 1808 4148; x_wconf 90' lang='lat' dir='ltr'><strong>sed</strong></span> <span class='ocrx_word' id='word_1_332' title='bbox 1855 4093 1933 4148; x_wconf 88' lang='lat' dir='ltr'><strong>ita</strong></span> <span class='ocrx_word' id='word_1_333' title='bbox 1966 4093 2058 4163; x_wconf 89' lang='lat' dir='ltr'><strong>agi</strong></span> 
     </span>
    </p>
   </div>
   <div class='ocr_carea' id='block_1_45' title="bbox 360 4179 2062 4252">
    <p class='ocr_par' dir='ltr' id='par_1_45' title="bbox 360 4179 2062 4252">
     <span class='ocr_line' id='line_1_45' title="bbox 360 4179 2062 4252; baseline 0.003 -20"><span class='ocrx_word' id='word_1_334' title='bbox 360 4180 658 4247; x_wconf 73' lang='lat' dir='ltr'><strong>praesentis</strong></span> <span class='ocrx_word' id='word_1_335' title='bbox 689 4179 820 4234; x_wconf 72' lang='lat' dir='ltr'><strong>vitae</strong></span> <span class='ocrx_word' id='word_1_336' title='bbox 854 4187 1050 4248; x_wconf 88' lang='lat' dir='ltr'><strong>penset</strong></span> <span class='ocrx_word' id='word_1_337' title='bbox 1077 4193 1425 4247; x_wconf 63' lang='lat' dir='ltr'><strong>arumnam,</strong></span> <span class='ocrx_word' id='word_1_338' title='bbox 1460 4188 1524 4236; x_wconf 91' lang='lat' dir='ltr'><strong>ut</strong></span> <span class='ocrx_word' id='word_1_339' title='bbox 1550 4180 1632 4236; x_wconf 89' lang='lat' dir='ltr'><strong>nil</strong></span> <span class='ocrx_word' id='word_1_340' title='bbox 1664 4195 1805 4252; x_wconf 90' lang='lat' dir='ltr'><strong>pene</strong></span> <span class='ocrx_word' id='word_1_341' title='bbox 1834 4181 1906 4236; x_wconf 87' lang='lat' dir='ltr'><strong>sit</strong></span> <span class='ocrx_word' id='word_1_342' title='bbox 1949 4181 2062 4237; x_wconf 90' lang='lat' dir='ltr'><strong>vir-</strong></span> 
     </span>
    </p>
   </div>
   <div class='ocr_carea' id='block_1_46' title="bbox 363 4265 2060 4338">
    <p class='ocr_par' dir='ltr' id='par_1_46' title="bbox 363 4265 2060 4338">
     <span class='ocr_line' id='line_1_46' title="bbox 363 4265 2060 4338; baseline 0.003 -18"><span class='ocrx_word' id='word_1_343' title='bbox 363 4265 504 4320; x_wconf 89' lang='lat' dir='ltr'><strong>tutis</strong></span> <span class='ocrx_word' id='word_1_344' title='bbox 535 4265 594 4320; x_wconf 92' lang='lat' dir='ltr'><strong>in</strong></span> <span class='ocrx_word' id='word_1_345' title='bbox 641 4265 893 4331; x_wconf 87' lang='lat' dir='ltr'><strong>homine,</strong></span> <span class='ocrx_word' id='word_1_346' title='bbox 934 4266 1090 4336; x_wconf 92' lang='lat' dir='ltr'><strong>quod</strong></span> <span class='ocrx_word' id='word_1_347' title='bbox 1122 4281 1239 4321; x_wconf 91' lang='lat' dir='ltr'><strong>non</strong></span> <span class='ocrx_word' id='word_1_348' title='bbox 1273 4267 1472 4338; x_wconf 88' lang='lat' dir='ltr'><strong>aliqua</strong></span> <span class='ocrx_word' id='word_1_349' title='bbox 1499 4268 1813 4338; x_wconf 88' lang='lat' dir='ltr'><strong>aliquando</strong></span> <span class='ocrx_word' id='word_1_350' title='bbox 1844 4269 2060 4338; x_wconf 90' lang='lat' dir='ltr'><strong>peccati</strong></span> 
     </span>
    </p>
   </div>
   <div class='ocr_carea' id='block_1_47' title="bbox 364 4352 2060 4428">
    <p class='ocr_par' dir='ltr' id='par_1_47' title="bbox 364 4352 2060 4428">
     <span class='ocr_line' id='line_1_47' title="bbox 364 4352 2060 4428; baseline 0.004 -20"><span class='ocrx_word' id='word_1_351' title='bbox 364 4352 800 4410; x_wconf 88' lang='lat' dir='ltr'><strong>labefactatione</strong></span> <span class='ocrx_word' id='word_1_352' title='bbox 831 4354 1093 4410; x_wconf 63' lang='lat' dir='ltr'><strong>laedatur.</strong></span> <span class='ocrx_word' id='word_1_353' title='bbox 1143 4355 1394 4412; x_wconf 86' lang='lat' dir='ltr'><strong>Tentans</strong></span> <span class='ocrx_word' id='word_1_354' title='bbox 1435 4371 1572 4428; x_wconf 89' lang='lat' dir='ltr'><strong>ergo</strong></span> <span class='ocrx_word' id='word_1_355' title='bbox 1608 4372 1743 4414; x_wconf 89' lang='lat' dir='ltr'><strong>eum</strong></span> <span class='ocrx_word' id='word_1_356' title='bbox 1793 4359 1945 4414; x_wconf 90' lang='lat' dir='ltr'><strong>Deus</strong></span> <span class='ocrx_word' id='word_1_357' title='bbox 1986 4371 2060 4414; x_wconf 78' lang='lat' dir='ltr'><strong>ex</strong></span> 
     </span>
    </p>
   </div>
   <div class='ocr_carea' id='block_1_48' title="bbox 2167 649 3891 720">
    <p class='ocr_par' dir='ltr' id='par_1_48' title="bbox 2167 649 3891 720">
     <span class='ocr_line' id='line_1_48' title="bbox 2167 649 3891 720; baseline -0.001 -16"><span class='ocrx_word' id='word_1_358' title='bbox 2167 659 2294 704; x_wconf 91' lang='lat' dir='ltr'><strong>cata</strong></span> <span class='ocrx_word' id='word_1_359' title='bbox 2349 649 2801 718; x_wconf 79' lang='lat' dir='ltr'><strong>intelligentibus</strong></span> <span class='ocrx_word' id='word_1_360' title='bbox 2850 657 3062 719; x_wconf 72' lang='lat' dir='ltr'><strong>apertae</strong></span> <span class='ocrx_word' id='word_1_361' title='bbox 3119 650 3626 720; x_wconf 87' lang='lat' dir='ltr'><strong>contemplationes</strong></span> <span class='ocrx_word' id='word_1_362' title='bbox 3678 659 3891 706; x_wconf 82' lang='lat' dir='ltr'><strong>erant.</strong></span> 
     </span>
    </p>
   </div>
   <div class='ocr_carea' id='block_1_49' title="bbox 2173 739 3892 795">
    <p class='ocr_par' dir='ltr' id='par_1_49' title="bbox 2173 739 3892 795">
     <span class='ocr_line' id='line_1_49' title="bbox 2173 739 3892 795; baseline -0.002 0"><span class='ocrx_word' id='word_1_363' title='bbox 2173 739 2331 795; x_wconf 86' lang='lat' dir='ltr'><strong>Unde</strong></span> <span class='ocrx_word' id='word_1_364' title='bbox 2392 747 2530 794; x_wconf 87' lang='lat' dir='ltr'><strong>est:</strong></span> <span class='ocrx_word' id='word_1_365' title='bbox 2611 741 2755 793; x_wconf 90' lang='lat' dir='ltr'><strong>Tunc</strong></span> <span class='ocrx_word' id='word_1_366' title='bbox 2830 739 3034 792; x_wconf 89' lang='lat' dir='ltr'><strong>locutus</strong></span> <span class='ocrx_word' id='word_1_367' title='bbox 3110 753 3164 792; x_wconf 90' lang='lat' dir='ltr'><strong>es</strong></span> <span class='ocrx_word' id='word_1_368' title='bbox 3238 741 3296 793; x_wconf 86' lang='lat' dir='ltr'><strong>in</strong></span> <span class='ocrx_word' id='word_1_369' title='bbox 3377 742 3583 793; x_wconf 80' lang='lat' dir='ltr'><strong>visione</strong></span> <span class='ocrx_word' id='word_1_370' title='bbox 3657 742 3892 793; x_wconf 79' lang='lat' dir='ltr'><strong>sanctis</strong></span> 
     </span>
    </p>
   </div>
   <div class='ocr_carea' id='block_1_50' title="bbox 2169 827 3894 896">
    <p class='ocr_par' dir='ltr' id='par_1_50' title="bbox 2169 827 3894 896">
     <span class='ocr_line' id='line_1_50' title="bbox 2169 827 3894 896; baseline -0.001 -14"><span class='ocrx_word' id='word_1_371' title='bbox 2169 830 2251 882; x_wconf 87' lang='lat' dir='ltr'><strong>tui</strong></span> <span class='ocrx_word' id='word_1_372' title='bbox 2312 827 2489 894; x_wconf 90' lang='lat' dir='ltr'><strong>(Psal.</strong></span> <span class='ocrx_word' id='word_1_373' title='bbox 2559 841 2840 893; x_wconf 71' lang='lat' dir='ltr'><strong>Lxxxvut,</strong></span> <span class='ocrx_word' id='word_1_374' title='bbox 2909 827 3021 896; x_wconf 75' lang='lat'><strong>20).</strong></span> <span class='ocrx_word' id='word_1_375' title='bbox 3093 827 3158 882; x_wconf 88' lang='lat' dir='ltr'><strong>In</strong></span> <span class='ocrx_word' id='word_1_376' title='bbox 3226 827 3336 882; x_wconf 90' lang='lat' dir='ltr'><strong>hac</strong></span> <span class='ocrx_word' id='word_1_377' title='bbox 3391 835 3586 882; x_wconf 89' lang='lat' dir='ltr'><strong>autem</strong></span> <span class='ocrx_word' id='word_1_378' title='bbox 3645 828 3894 882; x_wconf 85' lang='lat' dir='ltr'><strong>visione</strong></span> 
     </span>
    </p>
   </div>
   <div class='ocr_carea' id='block_1_51' title="bbox 2169 914 3894 986">
    <p class='ocr_par' dir='ltr' id='par_1_51' title="bbox 2169 914 3894 986">
     <span class='ocr_line' id='line_1_51' title="bbox 2169 914 3894 986; baseline 0 -16"><span class='ocrx_word' id='word_1_379' title='bbox 2169 917 2323 986; x_wconf 91' lang='lat' dir='ltr'><strong>quod</strong></span> <span class='ocrx_word' id='word_1_380' title='bbox 2397 925 2479 970; x_wconf 85' lang='lat' dir='ltr'><strong>est</strong></span> <span class='ocrx_word' id='word_1_381' title='bbox 2541 915 2915 984; x_wconf 86' lang='lat' dir='ltr'><strong>intelligentia</strong></span> <span class='ocrx_word' id='word_1_382' title='bbox 2969 915 3467 984; x_wconf 85' lang='lat' dir='ltr'><strong>contemplationis</strong></span> <span class='ocrx_word' id='word_1_383' title='bbox 3518 921 3724 969; x_wconf 77' lang='lat' dir='ltr'><strong>terram</strong></span> <span class='ocrx_word' id='word_1_384' title='bbox 3789 914 3894 970; x_wconf 83' lang='lat' dir='ltr'><strong>ﬁr-</strong></span> 
     </span>
    </p>
   </div>
   <div class='ocr_carea' id='block_1_52' title="bbox 2172 1003 3894 1073">
    <p class='ocr_par' dir='ltr' id='par_1_52' title="bbox 2172 1003 3894 1073">
     <span class='ocr_line' id='line_1_52' title="bbox 2172 1003 3894 1073; baseline 0.001 -16"><span class='ocrx_word' id='word_1_385' title='bbox 2172 1018 2277 1057; x_wconf 76' lang='lat' dir='ltr'><strong>tuze</strong></span> <span class='ocrx_word' id='word_1_386' title='bbox 2329 1003 2633 1073; x_wconf 86' lang='lat' dir='ltr'><strong>cujusdam</strong></span> <span class='ocrx_word' id='word_1_387' title='bbox 2703 1003 3045 1072; x_wconf 86' lang='lat' dir='ltr'><strong>cognitionis</strong></span> <span class='ocrx_word' id='word_1_388' title='bbox 3103 1003 3451 1069; x_wconf 75' lang='lat' dir='ltr'><strong>invenimus,</strong></span> <span class='ocrx_word' id='word_1_389' title='bbox 3529 1005 3672 1073; x_wconf 89' lang='lat' dir='ltr'><strong>quia</strong></span> <span class='ocrx_word' id='word_1_390' title='bbox 3757 1018 3894 1059; x_wconf 88' lang='lat' dir='ltr'><strong>un-</strong></span> 
     </span>
    </p>
   </div>
   <div class='ocr_carea' id='block_1_53' title="bbox 2169 1090 3893 1161">
    <p class='ocr_par' dir='ltr' id='par_1_53' title="bbox 2169 1090 3893 1161">
     <span class='ocr_line' id='line_1_53' title="bbox 2169 1090 3893 1161; baseline 0 -15"><span class='ocrx_word' id='word_1_391' title='bbox 2169 1091 2240 1146; x_wconf 93' lang='lat' dir='ltr'><strong>de</strong></span> <span class='ocrx_word' id='word_1_392' title='bbox 2307 1090 2478 1160; x_wconf 91' lang='lat' dir='ltr'><strong>tepidi</strong></span> <span class='ocrx_word' id='word_1_393' title='bbox 2551 1090 2906 1153; x_wconf 89' lang='lat' dir='ltr'><strong>dubitamus.</strong></span> <span class='ocrx_word' id='word_1_394' title='bbox 2977 1091 3048 1146; x_wconf 91' lang='lat' dir='ltr'><strong>ad</strong></span> <span class='ocrx_word' id='word_1_395' title='bbox 3118 1091 3294 1161; x_wconf 88' lang='lat' dir='ltr'><strong>hujus</strong></span> <span class='ocrx_word' id='word_1_396' title='bbox 3364 1091 3701 1148; x_wconf 91' lang='lat' dir='ltr'><strong>accedentes</strong></span> <span class='ocrx_word' id='word_1_397' title='bbox 3773 1107 3893 1147; x_wconf 88' lang='lat' dir='ltr'><strong>ca—</strong></span> 
     </span>
    </p>
   </div>
   <div class='ocr_carea' id='block_1_54' title="bbox 2169 1177 3890 1235">
    <p class='ocr_par' dir='ltr' id='par_1_54' title="bbox 2169 1177 3890 1235">
     <span class='ocr_line' id='line_1_54' title="bbox 2169 1177 3890 1235; baseline 0 -1"><span class='ocrx_word' id='word_1_398' title='bbox 2169 1177 2346 1234; x_wconf 90' lang='lat' dir='ltr'><strong>lorem</strong></span> <span class='ocrx_word' id='word_1_399' title='bbox 2406 1179 2544 1235; x_wconf 90' lang='lat' dir='ltr'><strong>certi</strong></span> <span class='ocrx_word' id='word_1_400' title='bbox 2609 1179 2758 1234; x_wconf 90' lang='lat' dir='ltr'><strong>illico</strong></span> <span class='ocrx_word' id='word_1_401' title='bbox 2822 1179 3137 1235; x_wconf 83' lang='lat' dir='ltr'><strong>reddimur.</strong></span> <span class='ocrx_word' id='word_1_402' title='bbox 3216 1179 3422 1235; x_wconf 89' lang='lat' dir='ltr'><strong>Filium</strong></span> <span class='ocrx_word' id='word_1_403' title='bbox 3493 1181 3890 1235; x_wconf 82' lang='lat' dir='ltr'><strong>holocaustum</strong></span> 
     </span>
    </p>
   </div>
   <div class='ocr_carea' id='block_1_55' title="bbox 2167 1267 3888 1354">
    <p class='ocr_par' dir='ltr' id='par_1_55' title="bbox 2167 1267 3888 1354">
     <span class='ocr_line' id='line_1_55' title="bbox 2167 1267 3888 1354; baseline 0 -31"><span class='ocrx_word' id='word_1_404' title='bbox 2167 1268 2481 1332; x_wconf 77' lang='lat' dir='ltr'><strong>ollerimus,</strong></span> <span class='ocrx_word' id='word_1_405' title='bbox 2538 1283 2669 1323; x_wconf 92' lang='lat' dir='ltr'><strong>cum</strong></span> <span class='ocrx_word' id='word_1_406' title='bbox 2709 1283 2866 1337; x_wconf 89' lang='lat' dir='ltr'><strong>spem</strong></span> <span class='ocrx_word' id='word_1_407' title='bbox 2914 1281 2949 1322; x_wconf 92' lang='lat' dir='ltr'><strong>a</strong></span> <span class='ocrx_word' id='word_1_408' title='bbox 2993 1267 3259 1323; x_wconf 68' lang='lat' dir='ltr'><strong>swculari</strong></span> <span class='ocrx_word' id='word_1_409' title='bbox 3302 1269 3487 1323; x_wconf 87' lang='lat' dir='ltr'><strong>scoria</strong></span> <span class='ocrx_word' id='word_1_410' title='bbox 3541 1268 3675 1354; x_wconf 67' lang='lat' dir='ltr'><strong>igne</strong></span> <span class='ocrx_word' id='word_1_411' title='bbox 3705 1269 3888 1323; x_wconf 85' lang='lat' dir='ltr'><strong>desi-</strong></span> 
     </span>
    </p>
   </div>
   <div class='ocr_carea' id='block_1_56' title="bbox 2167 1355 3885 1426">
    <p class='ocr_par' dir='ltr' id='par_1_56' title="bbox 2167 1355 3885 1426">
     <span class='ocr_line' id='line_1_56' title="bbox 2167 1355 3885 1426; baseline 0.002 -17"><span class='ocrx_word' id='word_1_412' title='bbox 2167 1355 2308 1410; x_wconf 90' lang='lat' dir='ltr'><strong>derii</strong></span> <span class='ocrx_word' id='word_1_413' title='bbox 2339 1355 2581 1410; x_wconf 55' lang='lat' dir='ltr'><strong>caelestis</strong></span> <span class='ocrx_word' id='word_1_414' title='bbox 2610 1356 2680 1410; x_wconf 89' lang='lat' dir='ltr'><strong>ad</strong></span> <span class='ocrx_word' id='word_1_415' title='bbox 2712 1370 2923 1424; x_wconf 90' lang='lat' dir='ltr'><strong>purum</strong></span> <span class='ocrx_word' id='word_1_416' title='bbox 2967 1364 3374 1426; x_wconf 81' lang='lat' dir='ltr'><strong>excoquentes,</strong></span> <span class='ocrx_word' id='word_1_417' title='bbox 3413 1357 3526 1412; x_wconf 90' lang='lat' dir='ltr'><strong>Deo</strong></span> <span class='ocrx_word' id='word_1_418' title='bbox 3553 1359 3655 1412; x_wconf 92' lang='lat' dir='ltr'><strong>soli</strong></span> <span class='ocrx_word' id='word_1_419' title='bbox 3693 1359 3885 1423; x_wconf 86' lang='lat' dir='ltr'><strong>votis,</strong></span> 
     </span>
    </p>
   </div>
   <div class='ocr_carea' id='block_1_57' title="bbox 2165 1444 3887 1516">
    <p class='ocr_par' dir='ltr' id='par_1_57' title="bbox 2165 1444 3887 1516">
     <span class='ocr_line' id='line_1_57' title="bbox 2165 1444 3887 1516; baseline 0 -16"><span class='ocrx_word' id='word_1_420' title='bbox 2165 1452 2220 1500; x_wconf 92' lang='lat' dir='ltr'><strong>et</strong></span> <span class='ocrx_word' id='word_1_421' title='bbox 2249 1444 2473 1500; x_wconf 89' lang='lat' dir='ltr'><strong>actibus</strong></span> <span class='ocrx_word' id='word_1_422' title='bbox 2497 1444 2857 1515; x_wconf 73' lang='lat' dir='ltr'><strong>exquirendo</strong></span> <span class='ocrx_word' id='word_1_423' title='bbox 2889 1444 3127 1500; x_wconf 90' lang='lat' dir='ltr'><strong>nitidam</strong></span> <span class='ocrx_word' id='word_1_424' title='bbox 3159 1445 3522 1501; x_wconf 83' lang='lat' dir='ltr'><strong>exhibemus.</strong></span> <span class='ocrx_word' id='word_1_425' title='bbox 3561 1446 3728 1502; x_wconf 81' lang='lat' dir='ltr'><strong>Mons</strong></span> <span class='ocrx_word' id='word_1_426' title='bbox 3768 1446 3887 1516; x_wconf 91' lang='lat' dir='ltr'><strong>qui</strong></span> 
     </span>
    </p>
   </div>
   <div class='ocr_carea' id='block_1_58' title="bbox 2167 1532 3885 1602">
    <p class='ocr_par' dir='ltr' id='par_1_58' title="bbox 2167 1532 3885 1602">
     <span class='ocr_line' id='line_1_58' title="bbox 2167 1532 3885 1602; baseline 0.001 -14"><span class='ocrx_word' id='word_1_427' title='bbox 2167 1533 2331 1588; x_wconf 84' lang='lat' dir='ltr'><strong>nobis</strong></span> <span class='ocrx_word' id='word_1_428' title='bbox 2360 1547 2532 1598; x_wconf 90' lang='lat' dir='ltr'><strong>unus,</strong></span> <span class='ocrx_word' id='word_1_429' title='bbox 2571 1532 2625 1588; x_wconf 90' lang='lat' dir='ltr'><strong>id</strong></span> <span class='ocrx_word' id='word_1_430' title='bbox 2670 1540 2753 1588; x_wconf 90' lang='lat' dir='ltr'><strong>est</strong></span> <span class='ocrx_word' id='word_1_431' title='bbox 2783 1532 3095 1602; x_wconf 85' lang='lat' dir='ltr'><strong>singularis</strong></span> <span class='ocrx_word' id='word_1_432' title='bbox 3125 1547 3160 1588; x_wconf 91' lang='lat' dir='ltr'><strong>a</strong></span> <span class='ocrx_word' id='word_1_433' title='bbox 3192 1534 3304 1589; x_wconf 90' lang='lat' dir='ltr'><strong>Deo</strong></span> <span class='ocrx_word' id='word_1_434' title='bbox 3335 1541 3707 1601; x_wconf 89' lang='lat' dir='ltr'><strong>monstratur,</strong></span> <span class='ocrx_word' id='word_1_435' title='bbox 3757 1533 3885 1590; x_wconf 86' lang='lat' dir='ltr'><strong>hu-</strong></span> 
     </span>
    </p>
   </div>
   <div class='ocr_carea' id='block_1_59' title="bbox 2168 1621 3882 1691">
    <p class='ocr_par' dir='ltr' id='par_1_59' title="bbox 2168 1621 3882 1691">
     <span class='ocr_line' id='line_1_59' title="bbox 2168 1621 3882 1691; baseline 0.001 -16"><span class='ocrx_word' id='word_1_436' title='bbox 2168 1621 2377 1676; x_wconf 87' lang='lat' dir='ltr'><strong>militas</strong></span> <span class='ocrx_word' id='word_1_437' title='bbox 2409 1621 2707 1691; x_wconf 88' lang='lat' dir='ltr'><strong>accipitur,</strong></span> <span class='ocrx_word' id='word_1_438' title='bbox 2748 1621 2870 1676; x_wconf 88' lang='lat' dir='ltr'><strong>sine</strong></span> <span class='ocrx_word' id='word_1_439' title='bbox 2900 1635 3018 1691; x_wconf 90' lang='lat' dir='ltr'><strong>qua</strong></span> <span class='ocrx_word' id='word_1_440' title='bbox 3044 1628 3099 1676; x_wconf 87' lang='lat' dir='ltr'><strong>et</strong></span> <span class='ocrx_word' id='word_1_441' title='bbox 3131 1629 3282 1676; x_wconf 87' lang='lat' dir='ltr'><strong>terra</strong></span> <span class='ocrx_word' id='word_1_442' title='bbox 3321 1624 3551 1675; x_wconf 75' lang='lat' dir='ltr'><strong>visionis</strong></span> <span class='ocrx_word' id='word_1_443' title='bbox 3593 1621 3882 1677; x_wconf 85' lang='lat' dir='ltr'><strong>exinani-</strong></span> 
     </span>
    </p>
   </div>
   <div class='ocr_carea' id='block_1_60' title="bbox 2169 1708 3888 1777">
    <p class='ocr_par' dir='ltr' id='par_1_60' title="bbox 2169 1708 3888 1777">
     <span class='ocr_line' id='line_1_60' title="bbox 2169 1708 3888 1777; baseline 0.001 -15"><span class='ocrx_word' id='word_1_444' title='bbox 2169 1715 2284 1773; x_wconf 92' lang='lat' dir='ltr'><strong>tur,</strong></span> <span class='ocrx_word' id='word_1_445' title='bbox 2320 1715 2378 1763; x_wconf 88' lang='lat' dir='ltr'><strong>et</strong></span> <span class='ocrx_word' id='word_1_446' title='bbox 2409 1708 2719 1762; x_wconf 82' lang='lat' dir='ltr'><strong>holocausti</strong></span> <span class='ocrx_word' id='word_1_447' title='bbox 2751 1709 2973 1764; x_wconf 81' lang='lat' dir='ltr'><strong>devotio</strong></span> <span class='ocrx_word' id='word_1_448' title='bbox 3008 1717 3118 1764; x_wconf 85' lang='lat' dir='ltr'><strong>tota</strong></span> <span class='ocrx_word' id='word_1_449' title='bbox 3152 1717 3447 1777; x_wconf 84' lang='lat' dir='ltr'><strong>cassatur;</strong></span> <span class='ocrx_word' id='word_1_450' title='bbox 3482 1724 3589 1764; x_wconf 91' lang='lat' dir='ltr'><strong>nec</strong></span> <span class='ocrx_word' id='word_1_451' title='bbox 3614 1709 3888 1764; x_wconf 87' lang='lat' dir='ltr'><strong>absurde</strong></span> 
     </span>
    </p>
   </div>
   <div class='ocr_carea' id='block_1_61' title="bbox 2173 1796 3890 1866">
    <p class='ocr_par' dir='ltr' id='par_1_61' title="bbox 2173 1796 3890 1866">
     <span class='ocr_line' id='line_1_61' title="bbox 2173 1796 3890 1866; baseline 0.001 -16"><span class='ocrx_word' id='word_1_452' title='bbox 2173 1810 2338 1851; x_wconf 89' lang='lat' dir='ltr'><strong>mons</strong></span> <span class='ocrx_word' id='word_1_453' title='bbox 2391 1796 2730 1866; x_wconf 83' lang='lat' dir='ltr'><strong>intelligitur</strong></span> <span class='ocrx_word' id='word_1_454' title='bbox 2781 1797 3096 1863; x_wconf 87' lang='lat' dir='ltr'><strong>humilitas,</strong></span> <span class='ocrx_word' id='word_1_455' title='bbox 3141 1812 3274 1852; x_wconf 90' lang='lat' dir='ltr'><strong>cum</strong></span> <span class='ocrx_word' id='word_1_456' title='bbox 3331 1797 3431 1866; x_wconf 92' lang='lat' dir='ltr'><strong>qui</strong></span> <span class='ocrx_word' id='word_1_457' title='bbox 3480 1811 3538 1852; x_wconf 87' lang='lat' dir='ltr'><strong>se</strong></span> <span class='ocrx_word' id='word_1_458' title='bbox 3595 1798 3890 1852; x_wconf 86' lang='lat' dir='ltr'><strong>humiliat</strong></span> 
     </span>
    </p>
   </div>
   <div class='ocr_carea' id='block_1_62' title="bbox 2171 1883 3888 1954">
    <p class='ocr_par' dir='ltr' id='par_1_62' title="bbox 2171 1883 3888 1954">
     <span class='ocr_line' id='line_1_62' title="bbox 2171 1883 3888 1954; baseline 0.001 -15"><span class='ocrx_word' id='word_1_459' title='bbox 2171 1898 2305 1939; x_wconf 89' lang='lat' dir='ltr'><strong>eum</strong></span> <span class='ocrx_word' id='word_1_460' title='bbox 2351 1883 2724 1938; x_wconf 83' lang='lat' dir='ltr'><strong>exaltandum</strong></span> <span class='ocrx_word' id='word_1_461' title='bbox 2783 1883 3007 1940; x_wconf 85' lang='lat' dir='ltr'><strong>Veritas</strong></span> <span class='ocrx_word' id='word_1_462' title='bbox 3057 1885 3352 1954; x_wconf 87' lang='lat' dir='ltr'><strong>perhibeat</strong></span> <span class='ocrx_word' id='word_1_463' title='bbox 3415 1887 3636 1953; x_wconf 75' lang='lat' dir='ltr'><strong>(Matth.</strong></span> <span class='ocrx_word' id='word_1_464' title='bbox 3697 1900 3888 1950; x_wconf 80' lang='lat' dir='ltr'><strong>xvm,</strong></span> 
     </span>
    </p>
   </div>
   <div class='ocr_carea' id='block_1_63' title="bbox 2165 1971 3891 2044">
    <p class='ocr_par' dir='ltr' id='par_1_63' title="bbox 2165 1971 3891 2044">
     <span class='ocr_line' id='line_1_63' title="bbox 2165 1971 3891 2044; baseline 0.001 -18"><span class='ocrx_word' id='word_1_465' title='bbox 2165 1973 2242 2036; x_wconf 80' lang='lat'><strong>4).</strong></span> <span class='ocrx_word' id='word_1_466' title='bbox 2302 1973 2467 2026; x_wconf 79' lang='lat' dir='ltr'><strong>Hunc</strong></span> <span class='ocrx_word' id='word_1_467' title='bbox 2517 1971 2680 2026; x_wconf 88' lang='lat' dir='ltr'><strong>nobis</strong></span> <span class='ocrx_word' id='word_1_468' title='bbox 2737 1979 2987 2028; x_wconf 90' lang='lat' dir='ltr'><strong>montem</strong></span> <span class='ocrx_word' id='word_1_469' title='bbox 3055 1973 3287 2039; x_wconf 89' lang='lat' dir='ltr'><strong>indicat,</strong></span> <span class='ocrx_word' id='word_1_470' title='bbox 3353 1988 3486 2029; x_wconf 88' lang='lat' dir='ltr'><strong>cum</strong></span> <span class='ocrx_word' id='word_1_471' title='bbox 3547 1974 3891 2044; x_wconf 87' lang='lat' dir='ltr'><strong>specialiter</strong></span> 
     </span>
    </p>
   </div>
   <div class='ocr_carea' id='block_1_64' title="bbox 2166 2059 3892 2130">
    <p class='ocr_par' dir='ltr' id='par_1_64' title="bbox 2166 2059 3892 2130">
     <span class='ocr_line' id='line_1_64' title="bbox 2166 2059 3892 2130; baseline 0.001 -15"><span class='ocrx_word' id='word_1_472' title='bbox 2166 2073 2342 2129; x_wconf 91' lang='lat' dir='ltr'><strong>super</strong></span> <span class='ocrx_word' id='word_1_473' title='bbox 2382 2059 2486 2114; x_wconf 92' lang='lat' dir='ltr'><strong>hoc</strong></span> <span class='ocrx_word' id='word_1_474' title='bbox 2517 2059 2784 2128; x_wconf 89' lang='lat' dir='ltr'><strong>apostolis</strong></span> <span class='ocrx_word' id='word_1_475' title='bbox 2821 2060 3095 2129; x_wconf 89' lang='lat' dir='ltr'><strong>imperat:</strong></span> <span class='ocrx_word' id='word_1_476' title='bbox 3139 2063 3334 2114; x_wconf 77' lang='lat' dir='ltr'><strong>Discite</strong></span> <span class='ocrx_word' id='word_1_477' title='bbox 3365 2077 3399 2114; x_wconf 93' lang='lat' dir='ltr'><strong>a</strong></span> <span class='ocrx_word' id='word_1_478' title='bbox 3427 2076 3508 2114; x_wconf 88' lang='lat' dir='ltr'><strong>me</strong></span> <span class='ocrx_word' id='word_1_479' title='bbox 3547 2063 3680 2130; x_wconf 85' lang='lat' dir='ltr'><strong>quia</strong></span> <span class='ocrx_word' id='word_1_480' title='bbox 3719 2066 3892 2117; x_wconf 82' lang='lat' dir='ltr'><strong>mitis</strong></span> 
     </span>
    </p>
   </div>
   <div class='ocr_carea' id='block_1_65' title="bbox 2167 2149 3890 2220">
    <p class='ocr_par' dir='ltr' id='par_1_65' title="bbox 2167 2149 3890 2220">
     <span class='ocr_line' id='line_1_65' title="bbox 2167 2149 3890 2220; baseline 0.001 -18"><span class='ocrx_word' id='word_1_481' title='bbox 2167 2165 2284 2202; x_wconf 90' lang='lat' dir='ltr'><strong>sum</strong></span> <span class='ocrx_word' id='word_1_482' title='bbox 2314 2154 2362 2202; x_wconf 86' lang='lat' dir='ltr'><strong>et</strong></span> <span class='ocrx_word' id='word_1_483' title='bbox 2405 2149 2625 2203; x_wconf 79' lang='lat' dir='ltr'><strong>humilis</strong></span> <span class='ocrx_word' id='word_1_484' title='bbox 2655 2149 2812 2203; x_wconf 86' lang='lat' dir='ltr'><strong>corde</strong></span> <span class='ocrx_word' id='word_1_485' title='bbox 2853 2151 3080 2218; x_wconf 81' lang='lat' dir='ltr'><strong>(Matth.</strong></span> <span class='ocrx_word' id='word_1_486' title='bbox 3119 2164 3196 2216; x_wconf 62' lang='grc' dir='ltr'><strong>ιι,</strong></span> <span class='ocrx_word' id='word_1_487' title='bbox 3251 2150 3362 2218; x_wconf 80' lang='lat'><strong>29).</strong></span> <span class='ocrx_word' id='word_1_488' title='bbox 3395 2149 3650 2220; x_wconf 87' lang='lat' dir='ltr'><strong>Quisque</strong></span> <span class='ocrx_word' id='word_1_489' title='bbox 3691 2151 3890 2220; x_wconf 75' lang='lat' dir='ltr'><strong>igitur</strong></span> 
     </span>
    </p>
   </div>
   <div class='ocr_carea' id='block_1_66' title="bbox 2169 2237 3884 2308">
    <p class='ocr_par' dir='ltr' id='par_1_66' title="bbox 2169 2237 3884 2308">
     <span class='ocr_line' id='line_1_66' title="bbox 2169 2237 3884 2308; baseline 0.001 -15"><span class='ocrx_word' id='word_1_490' title='bbox 2169 2238 2274 2293; x_wconf 90' lang='lat' dir='ltr'><strong>rite</strong></span> <span class='ocrx_word' id='word_1_491' title='bbox 2325 2237 2579 2292; x_wconf 80' lang='lat' dir='ltr'><strong>immolat</strong></span> <span class='ocrx_word' id='word_1_492' title='bbox 2626 2252 2781 2307; x_wconf 91' lang='lat' dir='ltr'><strong>spem</strong></span> <span class='ocrx_word' id='word_1_493' title='bbox 2814 2252 2946 2307; x_wconf 77' lang='lat' dir='ltr'><strong>quze</strong></span> <span class='ocrx_word' id='word_1_494' title='bbox 2995 2238 3143 2292; x_wconf 88' lang='lat' dir='ltr'><strong>bono</strong></span> <span class='ocrx_word' id='word_1_495' title='bbox 3175 2239 3362 2308; x_wconf 86' lang='lat' dir='ltr'><strong>surgit</strong></span> <span class='ocrx_word' id='word_1_496' title='bbox 3389 2252 3557 2307; x_wconf 91' lang='lat' dir='ltr'><strong>opere</strong></span> <span class='ocrx_word' id='word_1_497' title='bbox 3589 2239 3645 2294; x_wconf 90' lang='lat' dir='ltr'><strong>in</strong></span> <span class='ocrx_word' id='word_1_498' title='bbox 3677 2239 3884 2294; x_wconf 80' lang='lat' dir='ltr'><strong>excel-</strong></span> 
     </span>
    </p>
   </div>
   <div class='ocr_carea' id='block_1_67' title="bbox 2168 2325 3613 2396">
    <p class='ocr_par' dir='ltr' id='par_1_67' title="bbox 2168 2325 3613 2396">
     <span class='ocr_line' id='line_1_67' title="bbox 2168 2325 3613 2396; baseline -0.001 -15"><span class='ocrx_word' id='word_1_499' title='bbox 2168 2325 2344 2382; x_wconf 86' lang='lat' dir='ltr'><strong>lentia</strong></span> <span class='ocrx_word' id='word_1_500' title='bbox 2374 2325 2714 2381; x_wconf 89' lang='lat' dir='ltr'><strong>humilitatis</strong></span> <span class='ocrx_word' id='word_1_501' title='bbox 2739 2325 2907 2396; x_wconf 89' lang='lat' dir='ltr'><strong>quasi</strong></span> <span class='ocrx_word' id='word_1_502' title='bbox 2941 2325 3314 2382; x_wconf 84' lang='lat' dir='ltr'><strong>fundamento</strong></span> <span class='ocrx_word' id='word_1_503' title='bbox 3343 2325 3613 2383; x_wconf 87' lang='lat' dir='ltr'><strong>stabiliat.</strong></span> 
     </span>
    </p>
   </div>
   <div class='ocr_carea' id='block_1_68' title="bbox 2241 2415 3880 2483">
    <p class='ocr_par' dir='ltr' id='par_1_68' title="bbox 2241 2415 3880 2483">
     <span class='ocr_line' id='line_1_68' title="bbox 2241 2415 3880 2483; baseline 0.002 -17"><span class='ocrx_word' id='word_1_504' title='bbox 2241 2416 2405 2470; x_wconf 75' lang='lat' dir='ltr'><strong>Vens.</strong></span> <span class='ocrx_word' id='word_1_505' title='bbox 2438 2417 2489 2469; x_wconf 90' lang='lat'><strong>3.</strong></span> <span class='ocrx_word' id='word_1_506' title='bbox 2538 2445 2606 2455; x_wconf 93' lang='lat'>—</span> <span class='ocrx_word' id='word_1_507' title='bbox 2633 2416 2816 2482; x_wconf 83' lang='lat' dir='ltr'><strong>Igitur</strong></span> <span class='ocrx_word' id='word_1_508' title='bbox 2863 2416 3166 2480; x_wconf 84' lang='lat' dir='ltr'><strong>Abraham,</strong></span> <span class='ocrx_word' id='word_1_509' title='bbox 3218 2415 3284 2469; x_wconf 90' lang='lat' dir='ltr'><strong>de</strong></span> <span class='ocrx_word' id='word_1_510' title='bbox 3320 2420 3470 2470; x_wconf 91' lang='lat' dir='ltr'><strong>nocte</strong></span> <span class='ocrx_word' id='word_1_511' title='bbox 3516 2431 3880 2483; x_wconf 78' lang='lat' dir='ltr'><strong>consurgens,</strong></span> 
     </span>
    </p>
   </div>
   <div class='ocr_carea' id='block_1_69' title="bbox 2166 2503 3882 2574">
    <p class='ocr_par' dir='ltr' id='par_1_69' title="bbox 2166 2503 3882 2574">
     <span class='ocr_line' id='line_1_69' title="bbox 2166 2503 3882 2574; baseline 0.001 -17"><span class='ocrx_word' id='word_1_512' title='bbox 2166 2507 2364 2558; x_wconf 86' lang='lat' dir='ltr'><strong>stravit</strong></span> <span class='ocrx_word' id='word_1_513' title='bbox 2402 2506 2617 2557; x_wconf 86' lang='lat' dir='ltr'><strong>asinum</strong></span> <span class='ocrx_word' id='word_1_514' title='bbox 2665 2520 2843 2568; x_wconf 88' lang='lat' dir='ltr'><strong>suum,</strong></span> <span class='ocrx_word' id='word_1_515' title='bbox 2893 2503 3090 2558; x_wconf 85' lang='lat' dir='ltr'><strong>ducens</strong></span> <span class='ocrx_word' id='word_1_516' title='bbox 3136 2519 3314 2558; x_wconf 86' lang='lat' dir='ltr'><strong>secum</strong></span> <span class='ocrx_word' id='word_1_517' title='bbox 3353 2504 3487 2558; x_wconf 88' lang='lat' dir='ltr'><strong>duos</strong></span> <span class='ocrx_word' id='word_1_518' title='bbox 3525 2506 3782 2574; x_wconf 84' lang='lat' dir='ltr'><strong>juvenes,</strong></span> <span class='ocrx_word' id='word_1_519' title='bbox 3831 2513 3882 2558; x_wconf 89' lang='lat' dir='ltr'><strong>et</strong></span> 
     </span>
    </p>
   </div>
   <div class='ocr_carea' id='block_1_70' title="bbox 2165 2592 3879 2660">
    <p class='ocr_par' dir='ltr' id='par_1_70' title="bbox 2165 2592 3879 2660">
     <span class='ocr_line' id='line_1_70' title="bbox 2165 2592 3879 2660; baseline 0.001 -15"><span class='ocrx_word' id='word_1_520' title='bbox 2165 2593 2330 2646; x_wconf 88' lang='lat' dir='ltr'><strong>Isaac</strong></span> <span class='ocrx_word' id='word_1_521' title='bbox 2375 2593 2548 2659; x_wconf 77' lang='lat' dir='ltr'><strong>filium</strong></span> <span class='ocrx_word' id='word_1_522' title='bbox 2593 2608 2770 2646; x_wconf 85' lang='lat' dir='ltr'><strong>suum.</strong></span> <span class='ocrx_word' id='word_1_523' title='bbox 2817 2593 3051 2660; x_wconf 83' lang='lat' dir='ltr'><strong>Cumque</strong></span> <span class='ocrx_word' id='word_1_524' title='bbox 3096 2592 3414 2648; x_wconf 85' lang='lat' dir='ltr'><strong>concidisset</strong></span> <span class='ocrx_word' id='word_1_525' title='bbox 3461 2594 3613 2659; x_wconf 84' lang='lat' dir='ltr'><strong>ligna</strong></span> <span class='ocrx_word' id='word_1_526' title='bbox 3661 2595 3724 2646; x_wconf 87' lang='lat' dir='ltr'><strong>in</strong></span> <span class='ocrx_word' id='word_1_527' title='bbox 3781 2596 3879 2647; x_wconf 85' lang='lat' dir='ltr'><strong>ho-</strong></span> 
     </span>
    </p>
   </div>
   <div class='ocr_carea' id='block_1_71' title="bbox 2167 2680 3876 2752">
    <p class='ocr_par' dir='ltr' id='par_1_71' title="bbox 2167 2680 3876 2752">
     <span class='ocr_line' id='line_1_71' title="bbox 2167 2680 3876 2752; baseline 0.001 -18"><span class='ocrx_word' id='word_1_528' title='bbox 2167 2682 2482 2744; x_wconf 89' lang='lat' dir='ltr'><strong>locaustum,</strong></span> <span class='ocrx_word' id='word_1_529' title='bbox 2533 2681 2671 2734; x_wconf 85' lang='lat' dir='ltr'><strong>abiit</strong></span> <span class='ocrx_word' id='word_1_530' title='bbox 2700 2680 2775 2733; x_wconf 91' lang='lat' dir='ltr'><strong>ad</strong></span> <span class='ocrx_word' id='word_1_531' title='bbox 2823 2681 2993 2734; x_wconf 87' lang='lat' dir='ltr'><strong>locum</strong></span> <span class='ocrx_word' id='word_1_532' title='bbox 3037 2697 3196 2750; x_wconf 90' lang='lat' dir='ltr'><strong>quem</strong></span> <span class='ocrx_word' id='word_1_533' title='bbox 3234 2687 3570 2752; x_wconf 61' lang='lat' dir='ltr'><strong>preceperat</strong></span> <span class='ocrx_word' id='word_1_534' title='bbox 3615 2685 3666 2735; x_wconf 88' lang='lat' dir='ltr'><strong>ei</strong></span> <span class='ocrx_word' id='word_1_535' title='bbox 3706 2685 3876 2737; x_wconf 76' lang='lat' dir='ltr'><strong>Dem.</strong></span> 
     </span>
    </p>
   </div>
   <div class='ocr_carea' id='block_1_72' title="bbox 2165 2769 3880 2839">
    <p class='ocr_par' dir='ltr' id='par_1_72' title="bbox 2165 2769 3880 2839">
     <span class='ocr_line' id='line_1_72' title="bbox 2165 2769 3880 2839; baseline 0 -16"><span class='ocrx_word' id='word_1_536' title='bbox 2165 2769 2451 2824; x_wconf 80' lang='lat' dir='ltr'><strong>Abraham</strong></span> <span class='ocrx_word' id='word_1_537' title='bbox 2480 2769 2545 2822; x_wconf 85' lang='lat' dir='ltr'><strong>de</strong></span> <span class='ocrx_word' id='word_1_538' title='bbox 2575 2775 2723 2821; x_wconf 82' lang='lat' dir='ltr'><strong>nocte</strong></span> <span class='ocrx_word' id='word_1_539' title='bbox 2754 2770 3071 2838; x_wconf 88' lang='lat' dir='ltr'><strong>consurgit,</strong></span> <span class='ocrx_word' id='word_1_540' title='bbox 3118 2784 3252 2825; x_wconf 91' lang='lat' dir='ltr'><strong>cum</strong></span> <span class='ocrx_word' id='word_1_541' title='bbox 3284 2771 3700 2839; x_wconf 79' lang='lat' dir='ltr'><strong>cogitationum</strong></span> <span class='ocrx_word' id='word_1_542' title='bbox 3735 2782 3880 2838; x_wconf 90' lang='lat' dir='ltr'><strong>per-</strong></span> 
     </span>
    </p>
   </div>
   <div class='ocr_carea' id='block_1_73' title="bbox 2169 2857 3880 2928">
    <p class='ocr_par' dir='ltr' id='par_1_73' title="bbox 2169 2857 3880 2928">
     <span class='ocr_line' id='line_1_73' title="bbox 2169 2857 3880 2928; baseline -0.001 -16"><span class='ocrx_word' id='word_1_543' title='bbox 2169 2857 2457 2928; x_wconf 81' lang='lat' dir='ltr'><strong>plexitate,</strong></span> <span class='ocrx_word' id='word_1_544' title='bbox 2511 2857 2860 2912; x_wconf 85' lang='lat' dir='ltr'><strong>obscuritate</strong></span> <span class='ocrx_word' id='word_1_545' title='bbox 2913 2870 2980 2911; x_wconf 92' lang='lat' dir='ltr'><strong>ac</strong></span> <span class='ocrx_word' id='word_1_546' title='bbox 3034 2857 3280 2925; x_wconf 90' lang='lat' dir='ltr'><strong>incuria,</strong></span> <span class='ocrx_word' id='word_1_547' title='bbox 3339 2872 3471 2928; x_wconf 80' lang='lat' dir='ltr'><strong>quze</strong></span> <span class='ocrx_word' id='word_1_548' title='bbox 3519 2871 3621 2927; x_wconf 90' lang='lat' dir='ltr'><strong>per</strong></span> <span class='ocrx_word' id='word_1_549' title='bbox 3660 2869 3880 2912; x_wconf 90' lang='lat' dir='ltr'><strong>nemus</strong></span> 
     </span>
    </p>
   </div>
   <div class='ocr_carea' id='block_1_74' title="bbox 2166 2945 3880 3016">
    <p class='ocr_par' dir='ltr' id='par_1_74' title="bbox 2166 2945 3880 3016">
     <span class='ocr_line' id='line_1_74' title="bbox 2166 2945 3880 3016; baseline -0.001 -15"><span class='ocrx_word' id='word_1_550' title='bbox 2166 2947 2434 3014; x_wconf 86' lang='lat' dir='ltr'><strong>superius</strong></span> <span class='ocrx_word' id='word_1_551' title='bbox 2471 2946 2700 3016; x_wconf 88' lang='lat' dir='ltr'><strong>signata</strong></span> <span class='ocrx_word' id='word_1_552' title='bbox 2747 2954 2905 3011; x_wconf 88' lang='lat' dir='ltr'><strong>sunt,</strong></span> <span class='ocrx_word' id='word_1_553' title='bbox 2967 2945 3206 3016; x_wconf 90' lang='lat' dir='ltr'><strong>spiritus</strong></span> <span class='ocrx_word' id='word_1_554' title='bbox 3255 2954 3447 3002; x_wconf 91' lang='lat' dir='ltr'><strong>noster</strong></span> <span class='ocrx_word' id='word_1_555' title='bbox 3492 2960 3551 3001; x_wconf 91' lang='lat' dir='ltr'><strong>se</strong></span> <span class='ocrx_word' id='word_1_556' title='bbox 3582 2946 3880 3016; x_wconf 85' lang='lat' dir='ltr'><strong>sagaciter</strong></span> 
     </span>
    </p>
   </div>
   <div class='ocr_carea' id='block_1_75' title="bbox 2166 3033 3876 3104">
    <p class='ocr_par' dir='ltr' id='par_1_75' title="bbox 2166 3033 3876 3104">
     <span class='ocr_line' id='line_1_75' title="bbox 2166 3033 3876 3104; baseline -0.002 -14"><span class='ocrx_word' id='word_1_557' title='bbox 2166 3035 2338 3090; x_wconf 91' lang='lat' dir='ltr'><strong>eruit.</strong></span> <span class='ocrx_word' id='word_1_558' title='bbox 2373 3035 2607 3089; x_wconf 87' lang='lat' dir='ltr'><strong>Asinum</strong></span> <span class='ocrx_word' id='word_1_559' title='bbox 2646 3033 2870 3104; x_wconf 90' lang='lat' dir='ltr'><strong>sternit,</strong></span> <span class='ocrx_word' id='word_1_560' title='bbox 2909 3048 3043 3089; x_wconf 91' lang='lat' dir='ltr'><strong>cum</strong></span> <span class='ocrx_word' id='word_1_561' title='bbox 3073 3034 3326 3104; x_wconf 88' lang='lat' dir='ltr'><strong>corporis</strong></span> <span class='ocrx_word' id='word_1_562' title='bbox 3358 3034 3678 3102; x_wconf 87' lang='lat' dir='ltr'><strong>lasciviam,</strong></span> <span class='ocrx_word' id='word_1_563' title='bbox 3714 3033 3876 3104; x_wconf 90' lang='lat' dir='ltr'><strong>quod</strong></span> 
     </span>
    </p>
   </div>
   <div class='ocr_carea' id='block_1_76' title="bbox 2098 3121 3875 3208">
    <p class='ocr_par' dir='ltr' id='par_1_76' title="bbox 2098 3121 3875 3208">
     <span class='ocr_line' id='line_1_76' title="bbox 2098 3121 3875 3208; baseline -0.001 -31"><span class='ocrx_word' id='word_1_564' title='bbox 2098 3153 2138 3208; x_wconf 67' lang='grc' dir='ltr'>ο</span> <span class='ocrx_word' id='word_1_565' title='bbox 2169 3123 2215 3178; x_wconf 90' lang='lat' dir='ltr'><strong>si</strong></span> <span class='ocrx_word' id='word_1_566' title='bbox 2245 3123 2350 3178; x_wconf 90' lang='lat' dir='ltr'><strong>sibi</strong></span> <span class='ocrx_word' id='word_1_567' title='bbox 2402 3123 2567 3178; x_wconf 88' lang='lat' dir='ltr'><strong>liceat</strong></span> <span class='ocrx_word' id='word_1_568' title='bbox 2596 3123 2824 3178; x_wconf 88' lang='lat' dir='ltr'><strong>asinum</strong></span> <span class='ocrx_word' id='word_1_569' title='bbox 2856 3123 3094 3190; x_wconf 89' lang='lat' dir='ltr'><strong>viveret,</strong></span> <span class='ocrx_word' id='word_1_570' title='bbox 3126 3123 3397 3193; x_wconf 87' lang='lat' dir='ltr'><strong>contigua</strong></span> <span class='ocrx_word' id='word_1_571' title='bbox 3427 3136 3653 3190; x_wconf 81' lang='lat' dir='ltr'><strong>semper</strong></span> <span class='ocrx_word' id='word_1_572' title='bbox 3691 3121 3875 3177; x_wconf 88' lang='lat' dir='ltr'><strong>casti-</strong></span> 
     </span>
    </p>
   </div>
   <div class='ocr_carea' id='block_1_77' title="bbox 2169 3210 3874 3283">
    <p class='ocr_par' dir='ltr' id='par_1_77' title="bbox 2169 3210 3874 3283">
     <span class='ocr_line' id='line_1_77' title="bbox 2169 3210 3874 3283; baseline -0.002 -17"><span class='ocrx_word' id='word_1_573' title='bbox 2169 3212 2398 3283; x_wconf 87' lang='lat' dir='ltr'><strong>gatione</strong></span> <span class='ocrx_word' id='word_1_574' title='bbox 2428 3211 2740 3281; x_wconf 86' lang='lat' dir='ltr'><strong>restringit.</strong></span> <span class='ocrx_word' id='word_1_575' title='bbox 2779 3214 2916 3266; x_wconf 89' lang='lat' dir='ltr'><strong>Duos</strong></span> <span class='ocrx_word' id='word_1_576' title='bbox 2936 3210 3162 3281; x_wconf 86' lang='lat' dir='ltr'><strong>juvenes</strong></span> <span class='ocrx_word' id='word_1_577' title='bbox 3185 3225 3318 3267; x_wconf 89' lang='lat' dir='ltr'><strong>cum</strong></span> <span class='ocrx_word' id='word_1_578' title='bbox 3356 3210 3513 3266; x_wconf 84' lang='lat' dir='ltr'><strong>Isaac</strong></span> <span class='ocrx_word' id='word_1_579' title='bbox 3547 3210 3664 3264; x_wconf 89' lang='lat' dir='ltr'><strong>lilio</strong></span> <span class='ocrx_word' id='word_1_580' title='bbox 3693 3225 3874 3264; x_wconf 87' lang='lat' dir='ltr'><strong>secum</strong></span> 
     </span>
    </p>
   </div>
   <div class='ocr_carea' id='block_1_78' title="bbox 2169 3299 3874 3368">
    <p class='ocr_par' dir='ltr' id='par_1_78' title="bbox 2169 3299 3874 3368">
     <span class='ocr_line' id='line_1_78' title="bbox 2169 3299 3874 3368; baseline -0.002 -13"><span class='ocrx_word' id='word_1_581' title='bbox 2169 3300 2360 3366; x_wconf 82' lang='lat' dir='ltr'><strong>duxit,</strong></span> <span class='ocrx_word' id='word_1_582' title='bbox 2389 3315 2522 3355; x_wconf 92' lang='lat' dir='ltr'><strong>cum</strong></span> <span class='ocrx_word' id='word_1_583' title='bbox 2555 3300 2906 3355; x_wconf 88' lang='lat' dir='ltr'><strong>voluntatem</strong></span> <span class='ocrx_word' id='word_1_584' title='bbox 2937 3308 2993 3356; x_wconf 91' lang='lat' dir='ltr'><strong>et</strong></span> <span class='ocrx_word' id='word_1_585' title='bbox 3021 3299 3290 3355; x_wconf 76' lang='lat' dir='ltr'><strong>allectum</strong></span> <span class='ocrx_word' id='word_1_586' title='bbox 3323 3299 3424 3354; x_wconf 93' lang='lat' dir='ltr'><strong>sibi</strong></span> <span class='ocrx_word' id='word_1_587' title='bbox 3459 3299 3602 3353; x_wconf 90' lang='lat' dir='ltr'><strong>ratio</strong></span> <span class='ocrx_word' id='word_1_588' title='bbox 3633 3301 3767 3368; x_wconf 87' lang='lat' dir='ltr'><strong>conj</strong></span> <span class='ocrx_word' id='word_1_589' title='bbox 3781 3312 3874 3352; x_wconf 88' lang='lat' dir='ltr'><strong>un-</strong></span> 
     </span>
    </p>
   </div>
   <div class='ocr_carea' id='block_1_79' title="bbox 2169 3385 3867 3457">
    <p class='ocr_par' dir='ltr' id='par_1_79' title="bbox 2169 3385 3867 3457">
     <span class='ocr_line' id='line_1_79' title="bbox 2169 3385 3867 3457; baseline -0.001 -15"><span class='ocrx_word' id='word_1_590' title='bbox 2169 3388 2270 3455; x_wconf 89' lang='lat' dir='ltr'><strong>git,</strong></span> <span class='ocrx_word' id='word_1_591' title='bbox 2304 3389 2521 3457; x_wconf 90' lang='lat' dir='ltr'><strong>quibus</strong></span> <span class='ocrx_word' id='word_1_592' title='bbox 2549 3388 2776 3444; x_wconf 91' lang='lat' dir='ltr'><strong>duobus</strong></span> <span class='ocrx_word' id='word_1_593' title='bbox 2811 3388 2918 3443; x_wconf 91' lang='lat' dir='ltr'><strong>nisi</strong></span> <span class='ocrx_word' id='word_1_594' title='bbox 2950 3389 3188 3444; x_wconf 85' lang='lat' dir='ltr'><strong>rationis</strong></span> <span class='ocrx_word' id='word_1_595' title='bbox 3224 3388 3504 3457; x_wconf 88' lang='lat' dir='ltr'><strong>gravitate</strong></span> <span class='ocrx_word' id='word_1_596' title='bbox 3543 3385 3867 3450; x_wconf 80' lang='lat' dir='ltr'><strong>frenentur,</strong></span> 
     </span>
    </p>
   </div>
   <div class='ocr_carea' id='block_1_80' title="bbox 2169 3473 3864 3546">
    <p class='ocr_par' dir='ltr' id='par_1_80' title="bbox 2169 3473 3864 3546">
     <span class='ocr_line' id='line_1_80' title="bbox 2169 3473 3864 3546; baseline -0.001 -16"><span class='ocrx_word' id='word_1_597' title='bbox 2169 3475 2352 3531; x_wconf 91' lang='lat' dir='ltr'><strong>levius</strong></span> <span class='ocrx_word' id='word_1_598' title='bbox 2384 3477 2441 3530; x_wconf 92' lang='lat' dir='ltr'><strong>in</strong></span> <span class='ocrx_word' id='word_1_599' title='bbox 2472 3475 2701 3531; x_wconf 90' lang='lat' dir='ltr'><strong>homine</strong></span> <span class='ocrx_word' id='word_1_600' title='bbox 2743 3475 2822 3531; x_wconf 92' lang='lat' dir='ltr'><strong>nil</strong></span> <span class='ocrx_word' id='word_1_601' title='bbox 2850 3477 3065 3542; x_wconf 84' lang='lat' dir='ltr'><strong>existit,</strong></span> <span class='ocrx_word' id='word_1_602' title='bbox 3101 3475 3254 3531; x_wconf 89' lang='lat' dir='ltr'><strong>unde</strong></span> <span class='ocrx_word' id='word_1_603' title='bbox 3277 3477 3410 3546; x_wconf 90' lang='lat' dir='ltr'><strong>jure</strong></span> <span class='ocrx_word' id='word_1_604' title='bbox 3440 3473 3674 3529; x_wconf 89' lang='lat' dir='ltr'><strong>nomine</strong></span> <span class='ocrx_word' id='word_1_605' title='bbox 3701 3475 3864 3544; x_wconf 89' lang='lat' dir='ltr'><strong>juve-</strong></span> 
     </span>
    </p>
   </div>
   <div class='ocr_carea' id='block_1_81' title="bbox 2167 3562 3870 3634">
    <p class='ocr_par' dir='ltr' id='par_1_81' title="bbox 2167 3562 3870 3634">
     <span class='ocr_line' id='line_1_81' title="bbox 2167 3562 3870 3634; baseline -0.002 -16"><span class='ocrx_word' id='word_1_606' title='bbox 2167 3577 2310 3618; x_wconf 90' lang='lat' dir='ltr'><strong>num</strong></span> <span class='ocrx_word' id='word_1_607' title='bbox 2355 3562 2650 3634; x_wconf 87' lang='lat' dir='ltr'><strong>Scriptura</strong></span> <span class='ocrx_word' id='word_1_608' title='bbox 2695 3579 2790 3620; x_wconf 89' lang='lat' dir='ltr'><strong>eos</strong></span> <span class='ocrx_word' id='word_1_609' title='bbox 2829 3563 3128 3633; x_wconf 82' lang='lat' dir='ltr'><strong>exprimit;</strong></span> <span class='ocrx_word' id='word_1_610' title='bbox 3178 3577 3336 3633; x_wconf 91' lang='lat' dir='ltr'><strong>spem</strong></span> <span class='ocrx_word' id='word_1_611' title='bbox 3390 3575 3642 3632; x_wconf 89' lang='lat' dir='ltr'><strong>quoque,</strong></span> <span class='ocrx_word' id='word_1_612' title='bbox 3701 3562 3762 3616; x_wconf 89' lang='lat' dir='ltr'><strong>id</strong></span> <span class='ocrx_word' id='word_1_613' title='bbox 3791 3566 3870 3616; x_wconf 89' lang='lat' dir='ltr'><strong>est</strong></span> 
     </span>
    </p>
   </div>
   <div class='ocr_carea' id='block_1_82' title="bbox 2169 3651 3870 3722">
    <p class='ocr_par' dir='ltr' id='par_1_82' title="bbox 2169 3651 3870 3722">
     <span class='ocr_line' id='line_1_82' title="bbox 2169 3651 3870 3722; baseline -0.001 -17"><span class='ocrx_word' id='word_1_614' title='bbox 2169 3652 2331 3706; x_wconf 89' lang='lat' dir='ltr'><strong>Isaac</strong></span> <span class='ocrx_word' id='word_1_615' title='bbox 2362 3653 2560 3708; x_wconf 88' lang='lat' dir='ltr'><strong>eodem</strong></span> <span class='ocrx_word' id='word_1_616' title='bbox 2612 3652 2824 3722; x_wconf 87' lang='lat' dir='ltr'><strong>pariter</strong></span> <span class='ocrx_word' id='word_1_617' title='bbox 2867 3660 2999 3707; x_wconf 89' lang='lat' dir='ltr'><strong>voto</strong></span> <span class='ocrx_word' id='word_1_618' title='bbox 3037 3667 3214 3706; x_wconf 88' lang='lat' dir='ltr'><strong>secum</strong></span> <span class='ocrx_word' id='word_1_619' title='bbox 3263 3651 3459 3706; x_wconf 87' lang='lat' dir='ltr'><strong>trahit.</strong></span> <span class='ocrx_word' id='word_1_620' title='bbox 3503 3651 3685 3717; x_wconf 88' lang='lat' dir='ltr'><strong>Ligna</strong></span> <span class='ocrx_word' id='word_1_621' title='bbox 3735 3663 3870 3705; x_wconf 86' lang='lat' dir='ltr'><strong>con-</strong></span> 
     </span>
    </p>
   </div>
   <div class='ocr_carea' id='block_1_83' title="bbox 2167 3737 3870 3810">
    <p class='ocr_par' dir='ltr' id='par_1_83' title="bbox 2167 3737 3870 3810">
     <span class='ocr_line' id='line_1_83' title="bbox 2167 3737 3870 3810; baseline -0.002 -16"><span class='ocrx_word' id='word_1_622' title='bbox 2167 3739 2412 3795; x_wconf 91' lang='lat' dir='ltr'><strong>cidimus</strong></span> <span class='ocrx_word' id='word_1_623' title='bbox 2443 3740 2501 3795; x_wconf 92' lang='lat' dir='ltr'><strong>in</strong></span> <span class='ocrx_word' id='word_1_624' title='bbox 2538 3741 2922 3806; x_wconf 86' lang='lat' dir='ltr'><strong>holocaustum,</strong></span> <span class='ocrx_word' id='word_1_625' title='bbox 2973 3754 3108 3796; x_wconf 90' lang='lat' dir='ltr'><strong>cum</strong></span> <span class='ocrx_word' id='word_1_626' title='bbox 3139 3739 3572 3810; x_wconf 88' lang='lat' dir='ltr'><strong>Scripturarum</strong></span> <span class='ocrx_word' id='word_1_627' title='bbox 3600 3737 3870 3808; x_wconf 74' lang='lat' dir='ltr'><strong>exempla</strong></span> 
     </span>
    </p>
   </div>
   <div class='ocr_carea' id='block_1_84' title="bbox 2166 3825 3872 3899">
    <p class='ocr_par' dir='ltr' id='par_1_84' title="bbox 2166 3825 3872 3899">
     <span class='ocr_line' id='line_1_84' title="bbox 2166 3825 3872 3899; baseline -0.002 -16"><span class='ocrx_word' id='word_1_628' title='bbox 2166 3829 2550 3898; x_wconf 83' lang='lat' dir='ltr'><strong>excerpimus,</strong></span> <span class='ocrx_word' id='word_1_629' title='bbox 2616 3828 2833 3899; x_wconf 90' lang='lat' dir='ltr'><strong>quibus</strong></span> <span class='ocrx_word' id='word_1_630' title='bbox 2896 3827 3090 3884; x_wconf 90' lang='lat' dir='ltr'><strong>acrius</strong></span> <span class='ocrx_word' id='word_1_631' title='bbox 3148 3827 3326 3883; x_wconf 90' lang='lat' dir='ltr'><strong>animi</strong></span> <span class='ocrx_word' id='word_1_632' title='bbox 3381 3826 3736 3883; x_wconf 90' lang='lat' dir='ltr'><strong>desiderium</strong></span> <span class='ocrx_word' id='word_1_633' title='bbox 3794 3825 3872 3880; x_wconf 86' lang='lat' dir='ltr'><strong>in-</strong></span> 
     </span>
    </p>
   </div>
   <div class='ocr_carea' id='block_1_85' title="bbox 2170 3914 3866 3986">
    <p class='ocr_par' dir='ltr' id='par_1_85' title="bbox 2170 3914 3866 3986">
     <span class='ocr_line' id='line_1_85' title="bbox 2170 3914 3866 3986; baseline -0.002 -15"><span class='ocrx_word' id='word_1_634' title='bbox 2170 3915 2550 3972; x_wconf 83' lang='lat' dir='ltr'><strong>ﬂammemus.</strong></span> <span class='ocrx_word' id='word_1_635' title='bbox 2595 3915 2689 3971; x_wconf 85' lang='lat' dir='ltr'><strong>Ad</strong></span> <span class='ocrx_word' id='word_1_636' title='bbox 2718 3917 2889 3970; x_wconf 90' lang='lat' dir='ltr'><strong>locum</strong></span> <span class='ocrx_word' id='word_1_637' title='bbox 2931 3932 3088 3985; x_wconf 84' lang='lat' dir='ltr'><strong>quem</strong></span> <span class='ocrx_word' id='word_1_638' title='bbox 3137 3918 3271 3972; x_wconf 89' lang='lat' dir='ltr'><strong>Deus</strong></span> <span class='ocrx_word' id='word_1_639' title='bbox 3319 3916 3583 3986; x_wconf 77' lang='lat' dir='ltr'><strong>przecepit</strong></span> <span class='ocrx_word' id='word_1_640' title='bbox 3613 3914 3866 3978; x_wconf 89' lang='lat' dir='ltr'><strong>abimus,</strong></span> 
     </span>
    </p>
   </div>
   <div class='ocr_carea' id='block_1_86' title="bbox 2167 4001 3869 4075">
    <p class='ocr_par' dir='ltr' id='par_1_86' title="bbox 2167 4001 3869 4075">
     <span class='ocr_line' id='line_1_86' title="bbox 2167 4001 3869 4075; baseline -0.002 -16"><span class='ocrx_word' id='word_1_641' title='bbox 2167 4017 2303 4060; x_wconf 92' lang='lat' dir='ltr'><strong>cum</strong></span> <span class='ocrx_word' id='word_1_642' title='bbox 2355 4004 2416 4060; x_wconf 92' lang='lat' dir='ltr'><strong>in</strong></span> <span class='ocrx_word' id='word_1_643' title='bbox 2471 4005 2593 4060; x_wconf 91' lang='lat' dir='ltr'><strong>dies</strong></span> <span class='ocrx_word' id='word_1_644' title='bbox 2632 4004 2977 4075; x_wconf 88' lang='lat' dir='ltr'><strong>proficiendo</strong></span> <span class='ocrx_word' id='word_1_645' title='bbox 3031 4005 3374 4062; x_wconf 89' lang='lat' dir='ltr'><strong>humilitatis</strong></span> <span class='ocrx_word' id='word_1_646' title='bbox 3419 4004 3652 4060; x_wconf 90' lang='lat' dir='ltr'><strong>culmen</strong></span> <span class='ocrx_word' id='word_1_647' title='bbox 3697 4001 3869 4058; x_wconf 86' lang='lat' dir='ltr'><strong>attin-</strong></span> 
     </span>
    </p>
   </div>
   <div class='ocr_carea' id='block_1_87' title="bbox 2168 4093 2381 4164">
    <p class='ocr_par' dir='ltr' id='par_1_87' title="bbox 2168 4093 2381 4164">
     <span class='ocr_line' id='line_1_87' title="bbox 2168 4093 2381 4164; baseline 0.005 -17"><span class='ocrx_word' id='word_1_648' title='bbox 2168 4093 2381 4164; x_wconf 89' lang='lat' dir='ltr'><strong>gimus.</strong></span> 
     </span>
    </p>
   </div>
   <div class='ocr_carea' id='block_1_88' title="bbox 2238 4177 3863 4249">
    <p class='ocr_par' dir='ltr' id='par_1_88' title="bbox 2238 4177 3863 4249">
     <span class='ocr_line' id='line_1_88' title="bbox 2238 4177 3863 4249; baseline -0.006 -12"><span class='ocrx_word' id='word_1_649' title='bbox 2238 4180 2418 4237; x_wconf 72' lang='lat' dir='ltr'><strong>Vitas.</strong></span> <span class='ocrx_word' id='word_1_650' title='bbox 2461 4182 2513 4249; x_wconf 76' lang='grc'><strong>4,</strong></span> <span class='ocrx_word' id='word_1_651' title='bbox 2558 4184 2609 4236; x_wconf 79' lang='lat' dir='ltr'><strong>Ei.</strong></span> <span class='ocrx_word' id='word_1_652' title='bbox 2649 4211 2708 4221; x_wconf 91' lang='lat'><em>-</em></span> <span class='ocrx_word' id='word_1_653' title='bbox 2740 4184 2833 4236; x_wconf 88' lang='lat' dir='ltr'><strong>Die</strong></span> <span class='ocrx_word' id='word_1_654' title='bbox 2856 4187 3036 4236; x_wconf 86' lang='lat' dir='ltr'><strong>autem</strong></span> <span class='ocrx_word' id='word_1_655' title='bbox 3057 4183 3230 4248; x_wconf 89' lang='lat' dir='ltr'><strong>tertio,</strong></span> <span class='ocrx_word' id='word_1_656' title='bbox 3273 4182 3493 4235; x_wconf 82' lang='lat' dir='ltr'><strong>elevatis</strong></span> <span class='ocrx_word' id='word_1_657' title='bbox 3521 4181 3694 4236; x_wconf 87' lang='lat' dir='ltr'><strong>oculis</strong></span> <span class='ocrx_word' id='word_1_658' title='bbox 3725 4177 3863 4233; x_wconf 82' lang='lat' dir='ltr'><strong>vidit</strong></span> 
     </span>
    </p>
   </div>
   <div class='ocr_carea' id='block_1_89' title="bbox 2167 4270 3862 4341">
    <p class='ocr_par' dir='ltr' id='par_1_89' title="bbox 2167 4270 3862 4341">
     <span class='ocr_line' id='line_1_89' title="bbox 2167 4270 3862 4341; baseline -0.004 -17"><span class='ocrx_word' id='word_1_659' title='bbox 2167 4271 2340 4324; x_wconf 88' lang='lat' dir='ltr'><strong>locum</strong></span> <span class='ocrx_word' id='word_1_660' title='bbox 2380 4271 2604 4340; x_wconf 86' lang='lat' dir='ltr'><strong>procul;</strong></span> <span class='ocrx_word' id='word_1_661' title='bbox 2659 4270 2911 4341; x_wconf 69' lang='lat' dir='ltr'><strong>dixitque</strong></span> <span class='ocrx_word' id='word_1_662' title='bbox 2953 4270 3028 4324; x_wconf 86' lang='lat' dir='ltr'><strong>ad</strong></span> <span class='ocrx_word' id='word_1_663' title='bbox 3073 4285 3270 4341; x_wconf 86' lang='lat' dir='ltr'><strong>pueros</strong></span> <span class='ocrx_word' id='word_1_664' title='bbox 3320 4285 3479 4325; x_wconf 85' lang='lat' dir='ltr'><strong>suos:</strong></span> <span class='ocrx_word' id='word_1_665' title='bbox 3533 4271 3862 4338; x_wconf 67' lang='lat' dir='ltr'><strong>Exspectate</strong></span> 
     </span>
    </p>
   </div>
   <div class='ocr_carea' id='block_1_90' title="bbox 2167 4358 3862 4429">
    <p class='ocr_par' dir='ltr' id='par_1_90' title="bbox 2167 4358 3862 4429">
     <span class='ocr_line' id='line_1_90' title="bbox 2167 4358 3862 4429; baseline -0.003 -17"><span class='ocrx_word' id='word_1_666' title='bbox 2167 4358 2254 4412; x_wconf 90' lang='lat' dir='ltr'><strong>hic</strong></span> <span class='ocrx_word' id='word_1_667' title='bbox 2283 4374 2403 4414; x_wconf 89' lang='lat' dir='ltr'><strong>cum</strong></span> <span class='ocrx_word' id='word_1_668' title='bbox 2450 4361 2634 4426; x_wconf 88' lang='lat' dir='ltr'><strong>asino;</strong></span> <span class='ocrx_word' id='word_1_669' title='bbox 2682 4375 2776 4427; x_wconf 91' lang='lat' dir='ltr'><strong>ego</strong></span> <span class='ocrx_word' id='word_1_670' title='bbox 2823 4364 2873 4413; x_wconf 91' lang='lat' dir='ltr'><strong>et</strong></span> <span class='ocrx_word' id='word_1_671' title='bbox 2899 4374 3059 4429; x_wconf 83' lang='lat' dir='ltr'><strong>puer,</strong></span> <span class='ocrx_word' id='word_1_672' title='bbox 3105 4360 3232 4413; x_wconf 88' lang='lat' dir='ltr'><strong>illuc</strong></span> <span class='ocrx_word' id='word_1_673' title='bbox 3277 4373 3448 4428; x_wconf 91' lang='lat' dir='ltr'><strong>usque</strong></span> <span class='ocrx_word' id='word_1_674' title='bbox 3491 4362 3862 4427; x_wconf 82' lang='lat' dir='ltr'><strong>properantes,</strong></span> 
     </span>
    </p>
   </div>
   <div class='ocr_carea' id='block_1_91' title="bbox 364 4439 3862 4516">
    <p class='ocr_par' dir='ltr' id='par_1_91' title="bbox 364 4439 3862 4516">
     <span class='ocr_line' id='line_1_91' title="bbox 364 4439 3862 4516; baseline 0.001 -22"><span class='ocrx_word' id='word_1_675' title='bbox 364 4439 600 4496; x_wconf 90' lang='lat' dir='ltr'><strong>nomine</strong></span> <span class='ocrx_word' id='word_1_676' title='bbox 630 4449 797 4496; x_wconf 89' lang='lat' dir='ltr'><strong>vocat</strong></span> <span class='ocrx_word' id='word_1_677' title='bbox 824 4441 1137 4498; x_wconf 85' lang='lat' dir='ltr'><strong>Abraham.</strong></span> <span class='ocrx_word' id='word_1_678' title='bbox 1171 4446 1248 4498; x_wconf 81' lang='lat' dir='ltr'><strong>Ac</strong></span> <span class='ocrx_word' id='word_1_679' title='bbox 1277 4443 1323 4498; x_wconf 90' lang='lat' dir='ltr'><strong>si</strong></span> <span class='ocrx_word' id='word_1_680' title='bbox 1358 4444 1568 4500; x_wconf 90' lang='lat' dir='ltr'><strong>diceret</strong></span> <span class='ocrx_word' id='word_1_681' title='bbox 1598 4460 1612 4500; x_wconf 92' lang='lat'>:</span> <span class='ocrx_word' id='word_1_682' title='bbox 1653 4445 1707 4500; x_wconf 93' lang='lat' dir='ltr'><strong>Si</strong></span> <span class='ocrx_word' id='word_1_683' title='bbox 1737 4447 1808 4501; x_wconf 91' lang='lat' dir='ltr'><strong>ad</strong></span> <span class='ocrx_word' id='word_1_684' title='bbox 1849 4447 2060 4516; x_wconf 90' lang='lat' dir='ltr'><strong>proba-</strong></span> <span class='ocrx_word' id='word_1_685' title='bbox 2099 4457 2144 4511; x_wconf 86' lang='lat'><strong>1)</strong></span> <span class='ocrx_word' id='word_1_686' title='bbox 2170 4452 2458 4516; x_wconf 88' lang='lat' dir='ltr'><strong>postquam</strong></span> <span class='ocrx_word' id='word_1_687' title='bbox 2513 4447 2944 4514; x_wconf 88' lang='lat' dir='ltr'><strong>adoraverimus,</strong></span> <span class='ocrx_word' id='word_1_688' title='bbox 2988 4453 3318 4502; x_wconf 86' lang='lat' dir='ltr'><strong>revertemur</strong></span> <span class='ocrx_word' id='word_1_689' title='bbox 3368 4446 3443 4500; x_wconf 88' lang='lat' dir='ltr'><strong>ad</strong></span> <span class='ocrx_word' id='word_1_690' title='bbox 3479 4461 3592 4500; x_wconf 82' lang='lat' dir='ltr'><strong>vos.</strong></span> <span class='ocrx_word' id='word_1_691' title='bbox 3640 4445 3862 4500; x_wconf 85' lang='lat' dir='ltr'><strong>Primus</strong></span> 
     </span>
    </p>
   </div>
   <div class='ocr_carea' id='block_1_92' title="bbox 365 4526 2059 4604">
    <p class='ocr_par' dir='ltr' id='par_1_92' title="bbox 365 4526 2059 4604">
     <span class='ocr_line' id='line_1_92' title="bbox 365 4526 2059 4604; baseline 0.005 -22"><span class='ocrx_word' id='word_1_692' title='bbox 365 4526 540 4584; x_wconf 90' lang='lat' dir='ltr'><strong>tionis</strong></span> <span class='ocrx_word' id='word_1_693' title='bbox 587 4529 857 4585; x_wconf 89' lang='lat' dir='ltr'><strong>meritum</strong></span> <span class='ocrx_word' id='word_1_694' title='bbox 902 4545 972 4587; x_wconf 87' lang='lat' dir='ltr'><strong>ex</strong></span> <span class='ocrx_word' id='word_1_695' title='bbox 1009 4539 1108 4586; x_wconf 91' lang='lat' dir='ltr'><strong>tua</strong></span> <span class='ocrx_word' id='word_1_696' title='bbox 1154 4531 1318 4600; x_wconf 91' lang='lat' dir='ltr'><strong>cupis</strong></span> <span class='ocrx_word' id='word_1_697' title='bbox 1371 4533 1716 4603; x_wconf 88' lang='lat' dir='ltr'><strong>impactione</strong></span> <span class='ocrx_word' id='word_1_698' title='bbox 1765 4535 2059 4604; x_wconf 81' lang='lat' dir='ltr'><strong>prolicere,</strong></span> 
     </span>
    </p>
   </div>
   <div class='ocr_carea' id='block_1_93' title="bbox 367 4617 2061 4693">
    <p class='ocr_par' dir='ltr' id='par_1_93' title="bbox 367 4617 2061 4693">
     <span class='ocr_line' id='line_1_93' title="bbox 367 4617 2061 4693; baseline 0.004 -21"><span class='ocrx_word' id='word_1_699' title='bbox 367 4623 530 4686; x_wconf 88' lang='lat' dir='ltr'><strong>pater</strong></span> <span class='ocrx_word' id='word_1_700' title='bbox 559 4617 876 4674; x_wconf 90' lang='lat' dir='ltr'><strong>multarum</strong></span> <span class='ocrx_word' id='word_1_701' title='bbox 907 4618 1188 4690; x_wconf 91' lang='lat' dir='ltr'><strong>gentium,</strong></span> <span class='ocrx_word' id='word_1_702' title='bbox 1234 4619 1286 4675; x_wconf 92' lang='lat' dir='ltr'><strong>id</strong></span> <span class='ocrx_word' id='word_1_703' title='bbox 1317 4627 1400 4676; x_wconf 88' lang='lat' dir='ltr'><strong>est</strong></span> <span class='ocrx_word' id='word_1_704' title='bbox 1430 4629 1623 4691; x_wconf 89' lang='lat' dir='ltr'><strong>pastor</strong></span> <span class='ocrx_word' id='word_1_705' title='bbox 1649 4622 2061 4693; x_wconf 87' lang='lat' dir='ltr'><strong>cogitationum</strong></span> 
     </span>
    </p>
   </div>
   <div class='ocr_carea' id='block_1_94' title="bbox 365 4705 2065 4780">
    <p class='ocr_par' dir='ltr' id='par_1_94' title="bbox 365 4705 2065 4780">
     <span class='ocr_line' id='line_1_94' title="bbox 365 4705 2065 4780; baseline 0.003 -19"><span class='ocrx_word' id='word_1_706' title='bbox 365 4705 706 4774; x_wconf 90' lang='lat' dir='ltr'><strong>multarum,</strong></span> <span class='ocrx_word' id='word_1_707' title='bbox 760 4721 892 4777; x_wconf 63' lang='lat' dir='ltr'><strong>quae</strong></span> <span class='ocrx_word' id='word_1_708' title='bbox 937 4715 1073 4764; x_wconf 92' lang='lat' dir='ltr'><strong>sunt</strong></span> <span class='ocrx_word' id='word_1_709' title='bbox 1119 4708 1373 4780; x_wconf 90' lang='lat' dir='ltr'><strong>origines</strong></span> <span class='ocrx_word' id='word_1_710' title='bbox 1411 4724 1673 4780; x_wconf 90' lang='lat' dir='ltr'><strong>operum,</strong></span> <span class='ocrx_word' id='word_1_711' title='bbox 1726 4725 1950 4768; x_wconf 90' lang='lat' dir='ltr'><strong>necesse</strong></span> <span class='ocrx_word' id='word_1_712' title='bbox 1982 4718 2065 4767; x_wconf 91' lang='lat' dir='ltr'><strong>est</strong></span> 
     </span>
    </p>
   </div>
   <div class='ocr_carea' id='block_1_95' title="bbox 364 4794 1175 4862">
    <p class='ocr_par' dir='ltr' id='par_1_95' title="bbox 364 4794 1175 4862">
     <span class='ocr_line' id='line_1_95' title="bbox 364 4794 1175 4862; baseline 0.004 -14"><span class='ocrx_word' id='word_1_713' title='bbox 364 4794 618 4862; x_wconf 90' lang='lat' dir='ltr'><strong>primum</strong></span> <span class='ocrx_word' id='word_1_714' title='bbox 641 4796 874 4852; x_wconf 90' lang='lat' dir='ltr'><strong>studeas</strong></span> <span class='ocrx_word' id='word_1_715' title='bbox 904 4797 1175 4853; x_wconf 90' lang='lat' dir='ltr'><strong>eminere.</strong></span> 
     </span>
    </p>
   </div>
   <div class='ocr_carea' id='block_1_96' title="bbox 435 4882 2066 4954">
    <p class='ocr_par' dir='ltr' id='par_1_96' title="bbox 435 4882 2066 4954">
     <span class='ocr_line' id='line_1_96' title="bbox 435 4882 2066 4954; baseline 0.006 -19"><span class='ocrx_word' id='word_1_716' title='bbox 435 4882 669 4945; x_wconf 86' lang='lat' dir='ltr'><strong>Adsum,</strong></span> <span class='ocrx_word' id='word_1_717' title='bbox 692 4884 901 4954; x_wconf 91' lang='lat' dir='ltr'><strong>inquit,</strong></span> <span class='ocrx_word' id='word_1_718' title='bbox 928 4885 980 4941; x_wconf 93' lang='lat' dir='ltr'><strong>id</strong></span> <span class='ocrx_word' id='word_1_719' title='bbox 1001 4893 1086 4942; x_wconf 92' lang='lat' dir='ltr'><strong>est</strong></span> <span class='ocrx_word' id='word_1_720' title='bbox 1105 4900 1219 4942; x_wconf 92' lang='lat' dir='ltr'><strong>non</strong></span> <span class='ocrx_word' id='word_1_721' title='bbox 1233 4887 1375 4942; x_wconf 90' lang='lat' dir='ltr'><strong>mihi</strong></span> <span class='ocrx_word' id='word_1_722' title='bbox 1391 4887 1562 4944; x_wconf 87' lang='lat' dir='ltr'><strong>deero</strong></span> <span class='ocrx_word' id='word_1_723' title='bbox 1585 4887 1642 4942; x_wconf 91' lang='lat' dir='ltr'><strong>in</strong></span> <span class='ocrx_word' id='word_1_724' title='bbox 1663 4893 1895 4943; x_wconf 87' lang='lat' dir='ltr'><strong>tuorum</strong></span> <span class='ocrx_word' id='word_1_725' title='bbox 1912 4903 2066 4944; x_wconf 82' lang='lat' dir='ltr'><strong>exse-</strong></span> 
     </span>
    </p>
   </div>
   <div class='ocr_carea' id='block_1_97' title="bbox 365 4969 2066 5046">
    <p class='ocr_par' dir='ltr' id='par_1_97' title="bbox 365 4969 2066 5046">
     <span class='ocr_line' id='line_1_97' title="bbox 365 4969 2066 5046; baseline 0.004 -21"><span class='ocrx_word' id='word_1_726' title='bbox 365 4969 593 5025; x_wconf 89' lang='lat' dir='ltr'><strong>cutione</strong></span> <span class='ocrx_word' id='word_1_727' title='bbox 622 4971 928 5028; x_wconf 89' lang='lat' dir='ltr'><strong>dictorum.</strong></span> <span class='ocrx_word' id='word_1_728' title='bbox 986 4975 1148 5039; x_wconf 90' lang='lat' dir='ltr'><strong>Tolle,</strong></span> <span class='ocrx_word' id='word_1_729' title='bbox 1195 4975 1295 5040; x_wconf 87' lang='lat' dir='ltr'><strong>ait,</strong></span> <span class='ocrx_word' id='word_1_730' title='bbox 1341 4990 1500 5045; x_wconf 90' lang='lat' dir='ltr'><strong>spem</strong></span> <span class='ocrx_word' id='word_1_731' title='bbox 1547 4989 1726 5046; x_wconf 90' lang='lat' dir='ltr'><strong>quam</strong></span> <span class='ocrx_word' id='word_1_732' title='bbox 1761 4976 1933 5033; x_wconf 93' lang='lat' dir='ltr'><strong>unico</strong></span> <span class='ocrx_word' id='word_1_733' title='bbox 1966 4982 2066 5032; x_wconf 72' lang='lat'><strong>86</strong></span> 
     </span>
    </p>
   </div>
   <div class='ocr_carea' id='block_1_98' title="bbox 367 5055 2062 5132">
    <p class='ocr_par' dir='ltr' id='par_1_98' title="bbox 367 5055 2062 5132">
     <span class='ocr_line' id='line_1_98' title="bbox 367 5055 2062 5132; baseline 0.005 -20"><span class='ocrx_word' id='word_1_734' title='bbox 367 5055 574 5114; x_wconf 63' lang='lat' dir='ltr'><strong>affectu</strong></span> <span class='ocrx_word' id='word_1_735' title='bbox 607 5067 658 5114; x_wconf 90' lang='lat' dir='ltr'><strong>te</strong></span> <span class='ocrx_word' id='word_1_736' title='bbox 685 5061 954 5132; x_wconf 89' lang='lat' dir='ltr'><strong>prosequi</strong></span> <span class='ocrx_word' id='word_1_737' title='bbox 975 5061 1135 5118; x_wconf 91' lang='lat' dir='ltr'><strong>decet</strong></span> <span class='ocrx_word' id='word_1_738' title='bbox 1155 5063 1230 5119; x_wconf 87' lang='lat' dir='ltr'><strong>ab</strong></span> <span class='ocrx_word' id='word_1_739' title='bbox 1259 5062 1474 5118; x_wconf 85' lang='lat' dir='ltr'><strong>intimis</strong></span> <span class='ocrx_word' id='word_1_740' title='bbox 1499 5063 1850 5120; x_wconf 68' lang='lat' dir='ltr'><strong>inhazsuram</strong></span> <span class='ocrx_word' id='word_1_741' title='bbox 1882 5065 2062 5132; x_wconf 87' lang='lat' dir='ltr'><strong>Isaac,</strong></span> 
     </span>
    </p>
   </div>
   <div class='ocr_carea' id='block_1_99' title="bbox 368 5145 2064 5220">
    <p class='ocr_par' dir='ltr' id='par_1_99' title="bbox 368 5145 2064 5220">
     <span class='ocr_line' id='line_1_99' title="bbox 368 5145 2064 5220; baseline 0.005 -20"><span class='ocrx_word' id='word_1_742' title='bbox 368 5145 426 5202; x_wconf 91' lang='lat' dir='ltr'><strong>id</strong></span> <span class='ocrx_word' id='word_1_743' title='bbox 457 5154 541 5202; x_wconf 90' lang='lat' dir='ltr'><strong>est</strong></span> <span class='ocrx_word' id='word_1_744' title='bbox 569 5146 784 5204; x_wconf 88' lang='lat' dir='ltr'><strong>risibus</strong></span> <span class='ocrx_word' id='word_1_745' title='bbox 821 5149 1070 5216; x_wconf 74' lang='lat' dir='ltr'><strong>zeternis,</strong></span> <span class='ocrx_word' id='word_1_746' title='bbox 1102 5158 1158 5206; x_wconf 89' lang='lat' dir='ltr'><strong>et</strong></span> <span class='ocrx_word' id='word_1_747' title='bbox 1185 5151 1322 5204; x_wconf 88' lang='lat' dir='ltr'><strong>vade</strong></span> <span class='ocrx_word' id='word_1_748' title='bbox 1349 5151 1614 5220; x_wconf 88' lang='lat' dir='ltr'><strong>passibus</strong></span> <span class='ocrx_word' id='word_1_749' title='bbox 1650 5153 2064 5209; x_wconf 88' lang='lat' dir='ltr'><strong>desideriorum</strong></span> 
     </span>
    </p>
   </div>
   <div class='ocr_carea' id='block_1_100' title="bbox 367 5237 2062 5305">
    <p class='ocr_par' dir='ltr' id='par_1_100' title="bbox 367 5237 2062 5305">
     <span class='ocr_line' id='line_1_100' title="bbox 367 5237 2062 5305; baseline 0.004 -17"><span class='ocrx_word' id='word_1_750' title='bbox 367 5237 426 5288; x_wconf 90' lang='lat' dir='ltr'><strong>in</strong></span> <span class='ocrx_word' id='word_1_751' title='bbox 489 5239 710 5303; x_wconf 87' lang='lat' dir='ltr'><strong>terram,</strong></span> <span class='ocrx_word' id='word_1_752' title='bbox 769 5237 1012 5294; x_wconf 90' lang='lat' dir='ltr'><strong>solidam</strong></span> <span class='ocrx_word' id='word_1_753' title='bbox 1068 5237 1285 5294; x_wconf 90' lang='lat' dir='ltr'><strong>scilicet</strong></span> <span class='ocrx_word' id='word_1_754' title='bbox 1354 5239 1756 5296; x_wconf 89' lang='lat' dir='ltr'><strong>certitudinem</strong></span> <span class='ocrx_word' id='word_1_755' title='bbox 1819 5244 2062 5305; x_wconf 79' lang='lat' dir='ltr'><strong>visionis,</strong></span> 
     </span>
    </p>
   </div>
   <div class='ocr_carea' id='block_1_101' title="bbox 367 5319 2068 5398">
    <p class='ocr_par' dir='ltr' id='par_1_101' title="bbox 367 5319 2068 5398">
     <span class='ocr_line' id='line_1_101' title="bbox 367 5319 2068 5398; baseline 0.005 -22"><span class='ocrx_word' id='word_1_756' title='bbox 367 5319 582 5379; x_wconf 67' lang='lat' dir='ltr'><strong>divinae</strong></span> <span class='ocrx_word' id='word_1_757' title='bbox 627 5325 828 5396; x_wconf 91' lang='lat' dir='ltr'><strong>utique</strong></span> <span class='ocrx_word' id='word_1_758' title='bbox 869 5326 1297 5396; x_wconf 86' lang='lat' dir='ltr'><strong>speculationis.</strong></span> <span class='ocrx_word' id='word_1_759' title='bbox 1329 5327 1608 5392; x_wconf 86' lang='lat' dir='ltr'><strong>Visiones,</strong></span> <span class='ocrx_word' id='word_1_760' title='bbox 1650 5328 1778 5384; x_wconf 90' lang='lat' dir='ltr'><strong>licet</strong></span> <span class='ocrx_word' id='word_1_761' title='bbox 1806 5343 1908 5398; x_wconf 91' lang='lat' dir='ltr'><strong>per</strong></span> <span class='ocrx_word' id='word_1_762' title='bbox 1949 5342 2068 5384; x_wconf 89' lang='lat' dir='ltr'><strong>cor-</strong></span> 
     </span>
    </p>
   </div>
   <div class='ocr_carea' id='block_1_102' title="bbox 367 5413 2066 5488">
    <p class='ocr_par' dir='ltr' id='par_1_102' title="bbox 367 5413 2066 5488">
     <span class='ocr_line' id='line_1_102' title="bbox 367 5413 2066 5488; baseline 0.004 -22"><span class='ocrx_word' id='word_1_763' title='bbox 367 5423 577 5479; x_wconf 89' lang='lat' dir='ltr'><strong>porum</strong></span> <span class='ocrx_word' id='word_1_764' title='bbox 618 5413 839 5468; x_wconf 87' lang='lat' dir='ltr'><strong>soleant</strong></span> <span class='ocrx_word' id='word_1_765' title='bbox 885 5414 1006 5468; x_wconf 79' lang='lat' dir='ltr'><strong>tieri</strong></span> <span class='ocrx_word' id='word_1_766' title='bbox 1051 5413 1350 5483; x_wconf 88' lang='lat' dir='ltr'><strong>imagines,</strong></span> <span class='ocrx_word' id='word_1_767' title='bbox 1397 5423 1586 5472; x_wconf 90' lang='lat' dir='ltr'><strong>tamen</strong></span> <span class='ocrx_word' id='word_1_768' title='bbox 1640 5417 1696 5472; x_wconf 92' lang='lat' dir='ltr'><strong>in</strong></span> <span class='ocrx_word' id='word_1_769' title='bbox 1737 5417 2066 5488; x_wconf 91' lang='lat' dir='ltr'><strong>prophetico</strong></span> 
     </span>
    </p>
   </div>
   <div class='ocr_carea' id='block_1_103' title="bbox 367 5501 2068 5571">
    <p class='ocr_par' dir='ltr' id='par_1_103' title="bbox 367 5501 2068 5571">
     <span class='ocr_line' id='line_1_103' title="bbox 367 5501 2068 5571; baseline 0.004 -17"><span class='ocrx_word' id='word_1_770' title='bbox 367 5505 524 5567; x_wconf 90' lang='lat' dir='ltr'><strong>actu,</strong></span> <span class='ocrx_word' id='word_1_771' title='bbox 593 5501 866 5571; x_wconf 90' lang='lat' dir='ltr'><strong>quamvis</strong></span> <span class='ocrx_word' id='word_1_772' title='bbox 927 5515 1027 5570; x_wconf 91' lang='lat' dir='ltr'><strong>per</strong></span> <span class='ocrx_word' id='word_1_773' title='bbox 1067 5515 1370 5570; x_wconf 89' lang='lat' dir='ltr'><strong>corporeas</strong></span> <span class='ocrx_word' id='word_1_774' title='bbox 1413 5503 1649 5560; x_wconf 90' lang='lat' dir='ltr'><strong>forsitan</strong></span> <span class='ocrx_word' id='word_1_775' title='bbox 1702 5505 1816 5561; x_wconf 89' lang='lat' dir='ltr'><strong>imo</strong></span> <span class='ocrx_word' id='word_1_776' title='bbox 1865 5519 2068 5561; x_wconf 87' lang='lat' dir='ltr'><strong>revera</strong></span> 
     </span>
    </p>
   </div>
   <div class='ocr_carea' id='block_1_104' title="bbox 367 5587 2070 5662">
    <p class='ocr_par' dir='ltr' id='par_1_104' title="bbox 367 5587 2070 5662">
     <span class='ocr_line' id='line_1_104' title="bbox 367 5587 2070 5662; baseline 0.004 -20"><span class='ocrx_word' id='word_1_777' title='bbox 367 5587 812 5644; x_wconf 90' lang='lat' dir='ltr'><strong>ostenderentur</strong></span> <span class='ocrx_word' id='word_1_778' title='bbox 841 5587 1268 5656; x_wconf 89' lang='lat' dir='ltr'><strong>similitudines,</strong></span> <span class='ocrx_word' id='word_1_779' title='bbox 1302 5598 1516 5659; x_wconf 87' lang='lat' dir='ltr'><strong>tamen,</strong></span> <span class='ocrx_word' id='word_1_780' title='bbox 1547 5601 1836 5662; x_wconf 87' lang='lat' dir='ltr'><strong>quantum</strong></span> <span class='ocrx_word' id='word_1_781' title='bbox 1865 5594 1938 5650; x_wconf 90' lang='lat' dir='ltr'><strong>ad</strong></span> <span class='ocrx_word' id='word_1_782' title='bbox 1972 5607 2070 5649; x_wconf 90' lang='lat' dir='ltr'><strong>eos</strong></span> 
     </span>
    </p>
   </div>
   <div class='ocr_carea' id='block_1_105' title="bbox 369 5675 2066 5751">
    <p class='ocr_par' dir='ltr' id='par_1_105' title="bbox 369 5675 2066 5751">
     <span class='ocr_line' id='line_1_105' title="bbox 369 5675 2066 5751; baseline 0.005 -22"><span class='ocrx_word' id='word_1_783' title='bbox 369 5687 404 5729; x_wconf 89' lang='lat' dir='ltr'><strong>a</strong></span> <span class='ocrx_word' id='word_1_784' title='bbox 464 5675 684 5746; x_wconf 89' lang='lat' dir='ltr'><strong>quibus</strong></span> <span class='ocrx_word' id='word_1_785' title='bbox 735 5676 1044 5732; x_wconf 85' lang='lat' dir='ltr'><strong>videbatur</strong></span> <span class='ocrx_word' id='word_1_786' title='bbox 1107 5685 1342 5747; x_wconf 86' lang='lat' dir='ltr'><strong>spectat,</strong></span> <span class='ocrx_word' id='word_1_787' title='bbox 1410 5680 1543 5749; x_wconf 69' lang='lat' dir='ltr'><strong>ipsae</strong></span> <span class='ocrx_word' id='word_1_788' title='bbox 1601 5681 1881 5750; x_wconf 84' lang='lat' dir='ltr'><strong>imagines</strong></span> <span class='ocrx_word' id='word_1_789' title='bbox 1935 5695 2066 5751; x_wconf 70' lang='lat' dir='ltr'><strong>quae</strong></span> 
     </span>
    </p>
   </div>
   <div class='ocr_carea' id='block_1_106' title="bbox 2170 4527 3859 4604">
    <p class='ocr_par' dir='ltr' id='par_1_106' title="bbox 2170 4527 3859 4604">
     <span class='ocr_line' id='line_1_106' title="bbox 2170 4527 3859 4604; baseline -0.005 -15"><span class='ocrx_word' id='word_1_790' title='bbox 2170 4533 2290 4590; x_wconf 91' lang='lat' dir='ltr'><strong>dies</strong></span> <span class='ocrx_word' id='word_1_791' title='bbox 2315 4549 2518 4591; x_wconf 90' lang='lat' dir='ltr'><strong>eorum</strong></span> <span class='ocrx_word' id='word_1_792' title='bbox 2567 4534 2668 4604; x_wconf 89' lang='lat' dir='ltr'><strong>qui</strong></span> <span class='ocrx_word' id='word_1_793' title='bbox 2717 4542 3092 4591; x_wconf 90' lang='lat' dir='ltr'><strong>revertuntur</strong></span> <span class='ocrx_word' id='word_1_794' title='bbox 3133 4535 3204 4590; x_wconf 91' lang='lat' dir='ltr'><strong>ad</strong></span> <span class='ocrx_word' id='word_1_795' title='bbox 3243 4548 3359 4600; x_wconf 94' lang='lat' dir='ltr'><strong>cor,</strong></span> <span class='ocrx_word' id='word_1_796' title='bbox 3404 4533 3546 4589; x_wconf 91' lang='lat' dir='ltr'><strong>bene</strong></span> <span class='ocrx_word' id='word_1_797' title='bbox 3587 4527 3859 4603; x_wconf 89' lang='lat' dir='ltr'><strong>operandi</strong></span> 
     </span>
    </p>
   </div>
   <div class='ocr_carea' id='block_1_107' title="bbox 2171 4617 3854 4692">
    <p class='ocr_par' dir='ltr' id='par_1_107' title="bbox 2171 4617 3854 4692">
     <span class='ocr_line' id='line_1_107' title="bbox 2171 4617 3854 4692; baseline -0.005 -14"><span class='ocrx_word' id='word_1_798' title='bbox 2171 4622 2444 4678; x_wconf 89' lang='lat' dir='ltr'><strong>voluntas</strong></span> <span class='ocrx_word' id='word_1_799' title='bbox 2494 4632 2606 4692; x_wconf 85' lang='lat' dir='ltr'><strong>est;</strong></span> <span class='ocrx_word' id='word_1_800' title='bbox 2662 4623 2952 4679; x_wconf 91' lang='lat' dir='ltr'><strong>secundus</strong></span> <span class='ocrx_word' id='word_1_801' title='bbox 3021 4622 3164 4679; x_wconf 92' lang='lat' dir='ltr'><strong>certi</strong></span> <span class='ocrx_word' id='word_1_802' title='bbox 3217 4622 3519 4678; x_wconf 89' lang='lat' dir='ltr'><strong>destinatio</strong></span> <span class='ocrx_word' id='word_1_803' title='bbox 3569 4617 3854 4691; x_wconf 89' lang='lat' dir='ltr'><strong>propositi,</strong></span> 
     </span>
    </p>
   </div>
   <div class='ocr_carea' id='block_1_108' title="bbox 2169 4710 3856 4782">
    <p class='ocr_par' dir='ltr' id='par_1_108' title="bbox 2169 4710 3856 4782">
     <span class='ocr_line' id='line_1_108' title="bbox 2169 4710 3856 4782; baseline -0.004 -15"><span class='ocrx_word' id='word_1_804' title='bbox 2169 4711 2280 4767; x_wconf 93' lang='lat' dir='ltr'><strong>sub</strong></span> <span class='ocrx_word' id='word_1_805' title='bbox 2310 4725 2429 4782; x_wconf 89' lang='lat' dir='ltr'><strong>qua</strong></span> <span class='ocrx_word' id='word_1_806' title='bbox 2459 4711 2804 4781; x_wconf 81' lang='lat' dir='ltr'><strong>professione</strong></span> <span class='ocrx_word' id='word_1_807' title='bbox 2860 4711 3121 4768; x_wconf 91' lang='lat' dir='ltr'><strong>videlicet</strong></span> <span class='ocrx_word' id='word_1_808' title='bbox 3165 4710 3342 4778; x_wconf 88' lang='lat' dir='ltr'><strong>vivat,</strong></span> <span class='ocrx_word' id='word_1_809' title='bbox 3379 4710 3562 4766; x_wconf 86' lang='lat' dir='ltr'><strong>solent</strong></span> <span class='ocrx_word' id='word_1_810' title='bbox 3610 4718 3856 4777; x_wconf 86' lang='lat' dir='ltr'><strong>namque</strong></span> 
     </span>
    </p>
   </div>
   <div class='ocr_carea' id='block_1_109' title="bbox 2173 4799 3852 4870">
    <p class='ocr_par' dir='ltr' id='par_1_109' title="bbox 2173 4799 3852 4870">
     <span class='ocr_line' id='line_1_109' title="bbox 2173 4799 3852 4870; baseline -0.005 -15"><span class='ocrx_word' id='word_1_811' title='bbox 2173 4799 2387 4855; x_wconf 86' lang='lat' dir='ltr'><strong>talibus</strong></span> <span class='ocrx_word' id='word_1_812' title='bbox 2417 4799 2681 4868; x_wconf 73' lang='lat' dir='ltr'><strong>quaedam</strong></span> <span class='ocrx_word' id='word_1_813' title='bbox 2720 4800 2994 4870; x_wconf 86' lang='lat' dir='ltr'><strong>ambages</strong></span> <span class='ocrx_word' id='word_1_814' title='bbox 3037 4813 3357 4866; x_wconf 88' lang='lat' dir='ltr'><strong>occurrere,</strong></span> <span class='ocrx_word' id='word_1_815' title='bbox 3394 4806 3495 4854; x_wconf 92' lang='lat' dir='ltr'><strong>aut</strong></span> <span class='ocrx_word' id='word_1_816' title='bbox 3536 4799 3738 4864; x_wconf 91' lang='lat' dir='ltr'><strong>eremi,</strong></span> <span class='ocrx_word' id='word_1_817' title='bbox 3769 4806 3852 4849; x_wconf 85' lang='lat' dir='ltr'><strong>seu</strong></span> 
     </span>
    </p>
   </div>
   <div class='ocr_carea' id='block_1_110' title="bbox 2173 4882 3854 4958">
    <p class='ocr_par' dir='ltr' id='par_1_110' title="bbox 2173 4882 3854 4958">
     <span class='ocr_line' id='line_1_110' title="bbox 2173 4882 3854 4958; baseline -0.006 -15"><span class='ocrx_word' id='word_1_818' title='bbox 2173 4887 2526 4954; x_wconf 90' lang='lat' dir='ltr'><strong>reclusionis,</strong></span> <span class='ocrx_word' id='word_1_819' title='bbox 2587 4887 2706 4944; x_wconf 91' lang='lat' dir='ltr'><strong>sive</strong></span> <span class='ocrx_word' id='word_1_820' title='bbox 2776 4889 3170 4955; x_wconf 87' lang='lat' dir='ltr'><strong>monachatus,</strong></span> <span class='ocrx_word' id='word_1_821' title='bbox 3237 4887 3327 4943; x_wconf 90' lang='lat' dir='ltr'><strong>vel</strong></span> <span class='ocrx_word' id='word_1_822' title='bbox 3389 4882 3854 4958; x_wconf 86' lang='lat' dir='ltr'><strong>peregrinationis</strong></span> 
     </span>
    </p>
   </div>
   <div class='ocr_carea' id='block_1_111' title="bbox 2173 4975 3856 5045">
    <p class='ocr_par' dir='ltr' id='par_1_111' title="bbox 2173 4975 3856 5045">
     <span class='ocr_line' id='line_1_111' title="bbox 2173 4975 3856 5045; baseline -0.005 -13"><span class='ocrx_word' id='word_1_823' title='bbox 2173 4975 2546 5045; x_wconf 72' lang='lat' dir='ltr'><strong>abripiendre.</strong></span> <span class='ocrx_word' id='word_1_824' title='bbox 2604 4976 2832 5032; x_wconf 90' lang='lat' dir='ltr'><strong>Tertius</strong></span> <span class='ocrx_word' id='word_1_825' title='bbox 2877 4977 3012 5037; x_wconf 87' lang='lat' dir='ltr'><strong>dies,</strong></span> <span class='ocrx_word' id='word_1_826' title='bbox 3063 4976 3160 5032; x_wconf 90' lang='lat' dir='ltr'><strong>ubi</strong></span> <span class='ocrx_word' id='word_1_827' title='bbox 3193 4975 3266 5031; x_wconf 91' lang='lat' dir='ltr'><strong>ad</strong></span> <span class='ocrx_word' id='word_1_828' title='bbox 3296 4982 3516 5032; x_wconf 89' lang='lat' dir='ltr'><strong>certum</strong></span> <span class='ocrx_word' id='word_1_829' title='bbox 3562 4983 3856 5045; x_wconf 87' lang='lat' dir='ltr'><strong>proposue-</strong></span> 
     </span>
    </p>
   </div>
   <div class='ocr_carea' id='block_1_112' title="bbox 2174 5057 3854 5134">
    <p class='ocr_par' dir='ltr' id='par_1_112' title="bbox 2174 5057 3854 5134">
     <span class='ocr_line' id='line_1_112' title="bbox 2174 5057 3854 5134; baseline -0.007 -14"><span class='ocrx_word' id='word_1_830' title='bbox 2174 5064 2310 5130; x_wconf 89' lang='lat' dir='ltr'><strong>rint,</strong></span> <span class='ocrx_word' id='word_1_831' title='bbox 2361 5063 2648 5120; x_wconf 89' lang='lat' dir='ltr'><strong>destinata</strong></span> <span class='ocrx_word' id='word_1_832' title='bbox 2702 5063 2930 5120; x_wconf 80' lang='lat' dir='ltr'><strong>effectui</strong></span> <span class='ocrx_word' id='word_1_833' title='bbox 2986 5065 3346 5134; x_wconf 90' lang='lat' dir='ltr'><strong>mancipare;</strong></span> <span class='ocrx_word' id='word_1_834' title='bbox 3406 5064 3514 5120; x_wconf 89' lang='lat' dir='ltr'><strong>hac</strong></span> <span class='ocrx_word' id='word_1_835' title='bbox 3569 5064 3741 5120; x_wconf 87' lang='lat' dir='ltr'><strong>tertia</strong></span> <span class='ocrx_word' id='word_1_836' title='bbox 3781 5057 3854 5114; x_wconf 89' lang='lat' dir='ltr'><strong>die</strong></span> 
     </span>
    </p>
   </div>
   <div class='ocr_carea' id='block_1_113' title="bbox 2173 5143 3855 5223">
    <p class='ocr_par' dir='ltr' id='par_1_113' title="bbox 2173 5143 3855 5223">
     <span class='ocr_line' id='line_1_113' title="bbox 2173 5143 3855 5223; baseline -0.004 -16"><span class='ocrx_word' id='word_1_837' title='bbox 2173 5151 2372 5208; x_wconf 88' lang='lat' dir='ltr'><strong>divina</strong></span> <span class='ocrx_word' id='word_1_838' title='bbox 2425 5152 2713 5222; x_wconf 78' lang='lat' dir='ltr'><strong>przecipue</strong></span> <span class='ocrx_word' id='word_1_839' title='bbox 2766 5153 2951 5223; x_wconf 84' lang='lat' dir='ltr'><strong>gratia</strong></span> <span class='ocrx_word' id='word_1_840' title='bbox 3007 5153 3150 5208; x_wconf 92' lang='lat' dir='ltr'><strong>solet</strong></span> <span class='ocrx_word' id='word_1_841' title='bbox 3202 5165 3614 5209; x_wconf 89' lang='lat' dir='ltr'><strong>conversorum</strong></span> <span class='ocrx_word' id='word_1_842' title='bbox 3671 5143 3855 5206; x_wconf 86' lang='lat' dir='ltr'><strong>animis</strong></span> 
     </span>
    </p>
   </div>
   <div class='ocr_carea' id='block_1_114' title="bbox 2176 5228 3850 5312">
    <p class='ocr_par' dir='ltr' id='par_1_114' title="bbox 2176 5228 3850 5312">
     <span class='ocr_line' id='line_1_114' title="bbox 2176 5228 3850 5312; baseline -0.003 -18"><span class='ocrx_word' id='word_1_843' title='bbox 2176 5241 2440 5310; x_wconf 90' lang='lat' dir='ltr'><strong>illucere;</strong></span> <span class='ocrx_word' id='word_1_844' title='bbox 2474 5241 2580 5296; x_wconf 89' lang='lat' dir='ltr'><strong>hac</strong></span> <span class='ocrx_word' id='word_1_845' title='bbox 2603 5240 2757 5296; x_wconf 91' lang='lat' dir='ltr'><strong>enim</strong></span> <span class='ocrx_word' id='word_1_846' title='bbox 2793 5241 2941 5297; x_wconf 81' lang='lat' dir='ltr'><strong>ﬁunt</strong></span> <span class='ocrx_word' id='word_1_847' title='bbox 2970 5241 3188 5312; x_wconf 61' lang='lat' dir='ltr'><strong>nuptiaa</strong></span> <span class='ocrx_word' id='word_1_848' title='bbox 3221 5241 3277 5295; x_wconf 91' lang='lat' dir='ltr'><strong>in</strong></span> <span class='ocrx_word' id='word_1_849' title='bbox 3305 5239 3462 5297; x_wconf 88' lang='lat' dir='ltr'><strong>Cana</strong></span> <span class='ocrx_word' id='word_1_850' title='bbox 3489 5238 3741 5304; x_wconf 72' lang='lat' dir='ltr'><strong>Galileae,</strong></span> <span class='ocrx_word' id='word_1_851' title='bbox 3771 5228 3850 5289; x_wconf 86' lang='lat' dir='ltr'><strong>ubi</strong></span> 
     </span>
    </p>
   </div>
   <div class='ocr_carea' id='block_1_115' title="bbox 2173 5327 3846 5399">
    <p class='ocr_par' dir='ltr' id='par_1_115' title="bbox 2173 5327 3846 5399">
     <span class='ocr_line' id='line_1_115' title="bbox 2173 5327 3846 5399; baseline -0.001 -15"><span class='ocrx_word' id='word_1_852' title='bbox 2173 5336 2480 5386; x_wconf 88' lang='lat' dir='ltr'><strong>transeunt</strong></span> <span class='ocrx_word' id='word_1_853' title='bbox 2525 5329 2665 5386; x_wconf 90' lang='lat' dir='ltr'><strong>mire</strong></span> <span class='ocrx_word' id='word_1_854' title='bbox 2709 5329 3003 5386; x_wconf 89' lang='lat' dir='ltr'><strong>moraliter</strong></span> <span class='ocrx_word' id='word_1_855' title='bbox 3047 5329 3106 5385; x_wconf 91' lang='lat' dir='ltr'><strong>in</strong></span> <span class='ocrx_word' id='word_1_856' title='bbox 3145 5329 3348 5386; x_wconf 90' lang='lat' dir='ltr'><strong>vinum</strong></span> <span class='ocrx_word' id='word_1_857' title='bbox 3388 5342 3558 5399; x_wconf 64' lang='lat' dir='ltr'><strong>aqua:</strong></span> <span class='ocrx_word' id='word_1_858' title='bbox 3588 5327 3762 5397; x_wconf 81' lang='lat' dir='ltr'><strong>(Joan.</strong></span> <span class='ocrx_word' id='word_1_859' title='bbox 3803 5333 3846 5383; x_wconf 78' lang='grc' dir='ltr'><strong>ιι,</strong></span> 
     </span>
    </p>
   </div>
   <div class='ocr_carea' id='block_1_116' title="bbox 2172 5416 3844 5489">
    <p class='ocr_par' dir='ltr' id='par_1_116' title="bbox 2172 5416 3844 5489">
     <span class='ocr_line' id='line_1_116' title="bbox 2172 5416 3844 5489; baseline -0.005 -18"><span class='ocrx_word' id='word_1_860' title='bbox 2172 5417 2246 5486; x_wconf 90' lang='grc'><strong>9).</strong></span> <span class='ocrx_word' id='word_1_861' title='bbox 2279 5417 2345 5472; x_wconf 93' lang='lat' dir='ltr'><strong>In</strong></span> <span class='ocrx_word' id='word_1_862' title='bbox 2384 5418 2511 5484; x_wconf 91' lang='lat' dir='ltr'><strong>hac,</strong></span> <span class='ocrx_word' id='word_1_863' title='bbox 2547 5418 2804 5488; x_wconf 90' lang='lat' dir='ltr'><strong>inquam,</strong></span> <span class='ocrx_word' id='word_1_864' title='bbox 2838 5433 2972 5474; x_wconf 89' lang='lat' dir='ltr'><strong>cum</strong></span> <span class='ocrx_word' id='word_1_865' title='bbox 3007 5418 3188 5489; x_wconf 89' lang='lat' dir='ltr'><strong>pietas</strong></span> <span class='ocrx_word' id='word_1_866' title='bbox 3213 5417 3481 5473; x_wconf 90' lang='lat' dir='ltr'><strong>desiderii</strong></span> <span class='ocrx_word' id='word_1_867' title='bbox 3523 5416 3582 5472; x_wconf 94' lang='lat' dir='ltr'><strong>in</strong></span> <span class='ocrx_word' id='word_1_868' title='bbox 3615 5417 3844 5474; x_wconf 86' lang='lat' dir='ltr'><strong>fructum</strong></span> 
     </span>
    </p>
   </div>
   <div class='ocr_carea' id='block_1_117' title="bbox 2173 5504 3845 5577">
    <p class='ocr_par' dir='ltr' id='par_1_117' title="bbox 2173 5504 3845 5577">
     <span class='ocr_line' id='line_1_117' title="bbox 2173 5504 3845 5577; baseline -0.003 -17"><span class='ocrx_word' id='word_1_869' title='bbox 2173 5504 2523 5574; x_wconf 89' lang='lat' dir='ltr'><strong>operationis</strong></span> <span class='ocrx_word' id='word_1_870' title='bbox 2576 5506 2765 5577; x_wconf 72' lang='lat' dir='ltr'><strong>dignae</strong></span> <span class='ocrx_word' id='word_1_871' title='bbox 2820 5507 3166 5576; x_wconf 88' lang='lat' dir='ltr'><strong>proruperit,</strong></span> <span class='ocrx_word' id='word_1_872' title='bbox 3213 5507 3286 5562; x_wconf 92' lang='lat' dir='ltr'><strong>ab</strong></span> <span class='ocrx_word' id='word_1_873' title='bbox 3345 5506 3474 5561; x_wconf 92' lang='lat' dir='ltr'><strong>imis</strong></span> <span class='ocrx_word' id='word_1_874' title='bbox 3534 5505 3609 5561; x_wconf 89' lang='lat' dir='ltr'><strong>ad</strong></span> <span class='ocrx_word' id='word_1_875' title='bbox 3666 5508 3845 5573; x_wconf 76' lang='lat' dir='ltr'><strong>supera</strong></span> 
     </span>
    </p>
   </div>
   <div class='ocr_carea' id='block_1_118' title="bbox 2176 5593 3841 5666">
    <p class='ocr_par' dir='ltr' id='par_1_118' title="bbox 2176 5593 3841 5666">
     <span class='ocr_line' id='line_1_118' title="bbox 2176 5593 3841 5666; baseline 0.001 -18"><span class='ocrx_word' id='word_1_876' title='bbox 2176 5594 2503 5650; x_wconf 88' lang='lat' dir='ltr'><strong>contuenda</strong></span> <span class='ocrx_word' id='word_1_877' title='bbox 2539 5594 2702 5650; x_wconf 89' lang='lat' dir='ltr'><strong>liberi</strong></span> <span class='ocrx_word' id='word_1_878' title='bbox 2735 5595 2857 5666; x_wconf 88' lang='lat' dir='ltr'><strong>jam</strong></span> <span class='ocrx_word' id='word_1_879' title='bbox 2903 5594 3098 5650; x_wconf 69' lang='lat' dir='ltr'><strong>saeculi</strong></span> <span class='ocrx_word' id='word_1_880' title='bbox 3144 5595 3354 5665; x_wconf 89' lang='lat' dir='ltr'><strong>pituita</strong></span> <span class='ocrx_word' id='word_1_881' title='bbox 3396 5593 3702 5652; x_wconf 85' lang='lat' dir='ltr'><strong>elevantur</strong></span> <span class='ocrx_word' id='word_1_882' title='bbox 3747 5596 3841 5644; x_wconf 75' lang='grc' dir='ltr'><strong>ουτ·</strong></span> 
     </span>
    </p>
   </div>
   <div class='ocr_carea' id='block_1_119' title="bbox 2176 5681 3840 5754">
    <p class='ocr_par' dir='ltr' id='par_1_119' title="bbox 2176 5681 3840 5754">
     <span class='ocr_line' id='line_1_119' title="bbox 2176 5681 3840 5754; baseline 0 -16"><span class='ocrx_word' id='word_1_883' title='bbox 2176 5681 2337 5738; x_wconf 90' lang='lat' dir='ltr'><strong>dium</strong></span> <span class='ocrx_word' id='word_1_884' title='bbox 2384 5683 2560 5754; x_wconf 90' lang='lat' dir='ltr'><strong>oculi,</strong></span> <span class='ocrx_word' id='word_1_885' title='bbox 2617 5683 2891 5754; x_wconf 85' lang='lat' dir='ltr'><strong>locusque</strong></span> <span class='ocrx_word' id='word_1_886' title='bbox 2939 5685 3133 5753; x_wconf 85' lang='lat' dir='ltr'><strong>procul</strong></span> <span class='ocrx_word' id='word_1_887' title='bbox 3177 5684 3425 5750; x_wconf 82' lang='lat' dir='ltr'><strong>videtur,</strong></span> <span class='ocrx_word' id='word_1_888' title='bbox 3480 5684 3626 5754; x_wconf 86' lang='lat' dir='ltr'><strong>quia</strong></span> <span class='ocrx_word' id='word_1_889' title='bbox 3674 5684 3840 5748; x_wconf 70' lang='lat' dir='ltr'><strong>sapore</strong></span> 
     </span>
    </p>
   </div>
  </div>
