3956 6422
84 386 180 443 ιδςι

1279 384 1646 445 ΜΟΒΑΙᾸΗΜ
1687 385 1760 444 ΙΝ
1798 382 2098 448 GENESIN
2140 388 2270 447 LIB.
2312 385 2402 447 VI.

3508 394 3608 449 170

74 525 329 595 quodam
380 524 586 581 intimo
656 532 778 595 post
812 524 1041 591 ﬂuctus,
1087 530 1141 579 et
1182 524 1584 581 instabilitates
1634 539 1780 596 prm-
1820 528 1865 580 A
1897 526 2101 596 agendi
2137 527 2274 583 mihi
2313 527 2538 596 injacet,
2578 537 2633 584 et
2664 528 3098 598 Scripturarum
3133 528 3436 599 promissio
3463 545 3601 586 con-

73 624 263 670 sentes
300 629 607 682 aerumnas,
687 614 1018 669 ﬁrmissima
1073 612 1172 668 illa
1249 614 1439 681 statio,
1491 614 1644 683 quod
1705 622 1790 669 est

75 705 249 769 Deus,
283 704 387 774 qui
424 704 769 759 universalis
797 703 1052 773 quidem,
1106 702 1203 757 sed
1236 703 1498 772 specialis
1521 703 1630 758 sibi
1688 718 1788 757 co-

76 793 426 849 haerentium
479 793 639 848 locus
687 799 789 859 est,
833 800 887 847 et
943 791 1050 846 lide
1096 790 1286 860 primo
1338 791 1586 859 videtur,
1624 791 1675 846 id
1704 798 1789 847 est

73 882 333 938 creditur
382 881 595 937 dehinc
646 881 1090 950 couteinplando
1146 880 1543 950 cognoscitur;
1597 882 1789 949 procul

74 972 379 1039 aspicitur,
412 971 557 1040 quia
588 970 754 1039 longe
783 977 886 1035 est,
920 969 993 1024 ab
1023 984 1088 1024 eo
1119 969 1276 1038 quod
1304 969 1455 1024 Deus
1485 978 1587 1036 est,
1622 970 1789 1040 quid-

74 1060 220 1130 quid
251 1060 320 1114 de
350 1075 415 1115 eo
446 1060 709 1114 humana
758 1056 1105 1129 cogitatione
1138 1058 1419 1125 sentitur;
1455 1058 1615 1127 pueri
1648 1058 1785 1128 qui-

75 1150 187 1204 bus
216 1148 481 1219 loquitur
540 1147 856 1213 Abraham,
915 1146 1260 1202 sensualitas
1314 1160 1381 1201 ac
1450 1146 1786 1215 imaginatio

74 1246 271 1293 nostra
303 1245 460 1303 sunt,
519 1251 650 1306 qua:
684 1244 737 1291 et
771 1233 1071 1305 pueriliter
1117 1248 1175 1290 se
1206 1243 1408 1305 agunt,
1443 1243 1497 1291 et
1528 1237 1781 1305 sapiunt,

72 1336 126 1383 et
152 1327 549 1395 corporalium
574 1324 674 1379 vix
707 1339 971 1395 unquam
1000 1324 1453 1381 consideratione
1484 1327 1781 1394 recedunt,

73 1416 229 1470 unde
250 1422 305 1469 et
338 1430 461 1468 cum
490 1416 644 1467 asino
675 1421 1015 1483 exspectare
1042 1413 1119 1468 illi
1147 1413 1295 1483 jussi
1335 1423 1500 1479 sunt;
1539 1416 1593 1470 hi
1630 1415 1781 1470 enim

71 1518 188 1571 prae
246 1502 425 1558 nimio
473 1501 564 1556 sui
635 1502 884 1570 pondere
939 1502 1011 1557 ad
1061 1501 1416 1557 alacritatem
1475 1517 1781 1572 nunquam

70 1590 574 1660 contemplationis
606 1589 908 1645 accedunt.
943 1589 1106 1644 Ratio
1160 1604 1296 1645 vero
1340 1590 1593 1646 naturali
1645 1606 1784 1660 qun-

69 1681 200 1735 dam
236 1694 427 1749 penna
456 1678 796 1734 sublimium
856 1686 1056 1748 potens
1112 1693 1246 1733 cum
1276 1693 1476 1749 puero,
1534 1680 1649 1748 spei
1690 1680 1783 1734 vi-

71 1771 276 1824 delicet
306 1776 522 1823 sanctae
575 1767 703 1837 jugi
742 1768 1093 1823 incremento
1152 1767 1289 1822 illuc
1320 1777 1607 1838 properat,
1641 1769 1777 1823 dum

1902 616 2219 672 ﬂuentibus
2266 617 2399 672 hinc
2446 616 2576 673 inde
2648 617 2989 673 testimoniis
3041 617 3089 672 si
3151 633 3599 688 perseveravero

1902 706 2138 773 grandis
2215 706 2418 772 elucet,
2469 713 2547 761 tot
2598 706 2982 775 corporalium
3043 707 3460 763 desideriorum
3519 710 3603 765 ir-

1898 803 2103 850 ruente
2162 795 2315 865 gelu,
2388 794 2482 849 ubi
2540 794 2775 864 reperiri
2840 795 3046 865 poterit
3116 797 3451 852 omnimoda
3506 796 3603 853 illa

1897 884 2263 953 consumptio
2294 884 2606 939 mundialis
2636 884 2893 951 allectus,
2943 884 3040 939 ubi
3070 884 3227 940 calor
3256 886 3358 956 qui
3406 886 3601 941 incen-

1896 972 1993 1026 dat
2024 974 2203 1028 sancti
2230 974 2506 1043 Spiritus.
2544 973 2785 1028 Victima
2832 987 2993 1029 mens
3025 974 3147 1043 ipsa
3171 982 3274 1041 est,
3300 989 3433 1044 qua
3459 983 3599 1030 tunc

1895 1068 1980 1116 est
2029 1061 2367 1128 holocausti,
2426 1078 2558 1117 cutn
2641 1062 2721 1118 nil
2778 1062 3055 1133 relinquit
3122 1063 3594 1134 inconsumptum

1893 1148 2048 1219 vitii;
2100 1151 2195 1206 sed
2241 1165 2374 1206 cum
2424 1151 2569 1207 ratio
2617 1152 2832 1206 relevat
2882 1166 3063 1221 spem,
3114 1160 3170 1207 et
3214 1166 3343 1221 spes
3394 1152 3597 1209 crebro

1894 1239 2160 1305 consulit,
2201 1248 2253 1295 et
2286 1239 2436 1295 inter
2473 1241 2891 1295 consulendum
2951 1241 3232 1297 suscitare
3262 1241 3475 1297 nititur
3503 1255 3595 1297 ra-

1895 1328 2125 1395 tionem,
2188 1336 2439 1399 utraque
2488 1343 2712 1384 necesse
2767 1338 2851 1385 est
2904 1331 3232 1385 referantur
3289 1330 3361 1385 ad
3411 1331 3595 1387 Deum

1893 1414 2263 1470 victimarum
2327 1416 2703 1485 provisorem.
2745 1417 2833 1471 Ex
2865 1415 3044 1471 libero
3073 1431 3328 1487 namque
3359 1416 3597 1473 arbitrio

1893 1511 2088 1558 nostro
2118 1512 2172 1559 et
2213 1504 2567 1573 plantamus,
2595 1512 2651 1560 et
2702 1504 2961 1573 plantata
3004 1505 3285 1575 rigamus,
3320 1506 3416 1561 sed
3446 1506 3593 1561 nihil

1891 1600 1971 1645 est
2005 1593 2157 1661 quod
2197 1594 2344 1647 inter
2373 1607 2477 1646 nos
2525 1593 2774 1661 agimus,
2810 1593 2917 1647 nisi
2946 1607 3018 1648 cx
3052 1594 3239 1663 gratia
3269 1594 3593 1650 incremen-

1893 1689 2017 1735 tum
2046 1682 2137 1736 det
2163 1682 2313 1736 Deus
2337 1682 2381 1752 (ι
2402 1684 2520 1737 Cor.
2560 1696 2633 1735 Ill.
2658 1682 2735 1748 6).

1964 1769 2134 1825 VEns.
2170 1772 2221 1823 9.
2251 1800 2321 1809 ——
2349 1770 2646 1835 Pet-gebant
2684 1786 2809 1837 ergo
2839 1772 3074 1839 pariter,
3124 1776 3491 1840 eeneruntque
3519 1773 3594 1826 ad

72 1857 222 1911 bona
273 1856 530 1911 crelestia
576 1834 742 1926 'qitae
799 1856 1068 1925 intelligit
1134 1834 1444 1925 sperando-
1471 1858 1775 1912 desiderat.
1819 1834 1863 1890 Β
1891 1857 2065 1910 locum
2104 1873 2260 1925 quem
2308 1834 2618 1911 ostenderat
2648 1860 2699 1911 ei
2732 1834 2887 1921 Deus,
2932 1860 2987 1911 in
3020 1873 3126 1926 quo
3177 1834 3472 1927 zdiﬁcabit
3502 1862 3592 1915 al-

73 1946 213 2001 Nam
248 1957 598 2014 progressus
636 1942 817 1998 animi
875 1944 1064 2013 ipsum
1103 1951 1189 1999 est
1241 1945 1613 2009 desiderium,
1655 1957 1783 2013 spes

72 2034 242 2089 etiam
297 2034 423 2102 ipsa
454 2033 667 2088 dicitur
705 2034 871 2103 quasi
921 2040 1006 2088 est
1054 2048 1169 2103 pes,
1206 2047 1326 2103 qua
1377 2046 1785 2103 promovemur

73 2125 142 2178 ad
172 2124 393 2187 Deum;
436 2122 703 2193 signatur
728 2136 866 2177 sane
899 2130 1047 2177 recte
1100 2136 1202 2191 per
1232 2137 1497 2192 puerum,
1532 2123 1673 2192 quia
1699 2121 1781 2176 si-

72 2220 167 2267 cut
220 2225 478 2281 puerum
536 2226 636 2281 per
681 2211 1172 2266 nutrimentorum
1223 2226 1424 2267 curam
1480 2224 1783 2281 speramus

73 2315 350 2367 crescere,
405 2300 487 2356 sic
541 2314 697 2369 spem
748 2313 848 2369 per
897 2300 1046 2354 bona
1110 2313 1285 2368 opera
1330 2313 1498 2354 nemo
1541 2306 1625 2353 est
1679 2297 1779 2367 qui

74 2392 290 2445 nesciat
319 2389 393 2444 ad
444 2389 749 2458 perfectam
812 2389 1118 2457 procedere
1169 2388 1535 2443 securitatem
1586 2386 1780 2456 glorim

73 2477 515 2548 consequendze.
592 2479 884 2545 Postquam
946 2476 1355 2530 adoruverimus
1432 2476 1781 2531 revertimur

74 2568 143 2619 ad
167 2582 283 2633 vos,
319 2567 377 2622 id
422 2575 507 2621 est
540 2565 638 2622 ubi
668 2566 879 2621 divina:
926 2565 1291 2635 cognitionis,
1347 2564 1647 2634 quidpiam
1689 2571 1777 2619 at-

74 2655 378 2725 tingentes,
446 2669 518 2711 ex
601 2668 828 2710 summa
883 2655 1011 2725 ejus
1098 2652 1780 2723 incomprehensibilitate

73 2744 363 2814 quidquid
415 2758 620 2799 sumus
674 2743 729 2798 in
762 2743 928 2799 nobis
960 2742 1257 2798 humiliter
1289 2743 1773 2807 contraxerimus,

75 2833 140 2887 ad
195 2833 463 2888 humana
512 2846 747 2888 rursum
788 2831 1062 2902 sapienda
1113 2838 1167 2887 et
1243 2831 1545 2887 tractanda
1620 2830 1775 2885 redi-

78 2921 286 2979 bimus.

142 3011 315 3069 VERS.
366 3011 424 3066 6.
477 3040 546 3051 —
588 3011 736 3065 Tulit
781 3024 991 3078 quoque
1028 3010 1179 3077 ligna
1204 3009 1521 3074 holocausti,
1579 3012 1630 3061 et
1671 3008 1774 3060 im-

1891 1950 2027 2009 tare,
2078 1951 2129 1999 et
2176 1946 2408 2015 desuper
2471 1948 2624 2013 ligna
2673 1949 2988 2015 composuit.
3043 1947 3265 2001 Pari/er
3316 1956 3589 2019 pergunt,

1890 2049 2024 2090 cum
2051 2035 2247 2090 eadem
2292 2035 2604 2090 intentione
2632 2034 2905 2101 cmlestia,
2959 2036 3260 2106 Deumque
3300 2038 3589 2104 ambiunt,

1891 2122 2031 2177 dum
2083 2136 2187 2177 nec
2222 2123 2460 2192 spiritus
2509 2124 2631 2178 sine
2680 2123 3002 2179 rationabili
3044 2138 3140 2193 spe
3186 2132 3269 2181 est
3317 2139 3421 2182 nec
3462 2140 3592 2195 spes

1891 2210 2014 2266 sine
2059 2211 2348 2280 spirituali
2408 2213 2747 2267 rectitudine
2809 2220 2913 2267 est.
2959 2212 3051 2266 Ad
3080 2214 3249 2267 locum
3298 2214 3588 2282 venimus,

1891 2312 2064 2367 quem
2098 2299 2345 2354 ostendit
2377 2300 2546 2365 Deus,
2580 2314 2710 2354 cum
2748 2299 2807 2355 in
2838 2300 2934 2355 Dei
2978 2300 3197 2357 visione
3223 2302 3294 2357 ad
3324 2317 3591 2359 momen—

1891 2394 2015 2442 tum
2072 2388 2237 2457 quasi
2289 2388 2412 2443 loco
2457 2403 2490 2442 a
2541 2396 2735 2443 nostra
2788 2389 3162 2446 lluctuatione
3207 2392 3589 2458 subsistimus,

1890 2476 2046 2544 quod
2077 2482 2267 2531 tamen
2299 2490 2414 2532 non
2446 2477 2555 2532 nisi
2588 2477 2805 2546 przevia
2858 2477 3036 2547 ipsius
3078 2478 3462 2536 illustratione
3510 2488 3593 2537 at-

1888 2564 2184 2635 tingimus.
2246 2567 2311 2619 In
2370 2581 2474 2635 quo
2526 2568 2702 2620 altare
2747 2567 3122 2635 aedificamus,
3182 2582 3359 2639 super
3435 2570 3589 2640 quod

1886 2654 2040 2720 ligna
2104 2655 2524 2724 componimus,
2583 2656 2722 2710 dum
2776 2655 3141 2712 conscientiae
3226 2658 3589 2715 devotionem

1886 2749 2227 2797 czeterarum
2251 2746 2402 2798 coetu
2452 2746 2733 2799 virtutum
2784 2746 3237 2802 adminiculante
3284 2747 3585 2818 erigimus,

1885 2830 2152 2900 sacrique
2191 2830 2405 2901 eloquii
2446 2832 2858 2904 undecumque
2908 2834 3060 2889 dicta
3109 2836 3497 2905 excerpimus,
3536 2845 3592 2892 et

1885 2920 2073 2976 cordis
2122 2919 2289 2975 altari
2323 2920 2508 2991 magis
2555 2923 2860 2992 magisque
2901 2922 3263 2979 incendendo
3321 2926 3591 2996 congeri-

1884 3024 2033 3065 mus.
2089 3010 2337 3077 Cumque
2378 3011 2685 3077 colligasset
2740 3012 2906 3065 Isaac
2935 3012 3122 3080 filium
3177 3029 3355 3074 suum,
3404 3019 3592 3085 posuit

74 3104 251 3169 posuit
306 3115 479 3169 super
528 3101 683 3153 Isaac
727 3099 903 3166 ﬁlium
956 3112 1140 3162 suum;
1201 3099 1315 3166 ipse
1348 3112 1471 3150 vero
1518 3096 1777 3165 portabat
1816 3139 1856 3195 Ο
1883 3113 2003 3152 eum
2044 3112 2207 3167 super
2256 3103 2458 3152 struem
2505 3101 2795 3166 lignorum.
2834 3102 3020 3166 (Vsus.
3074 3101 3183 3171 10.)
3223 3104 3593 3173 Extenditque

80 3193 130 3243 in
154 3190 416 3243 manibus
460 3190 636 3254 ignem
668 3197 719 3241 et
756 3187 1004 3253 gladium
1036 3202 1050 3240 :
1100 3187 1278 3253 Ligna
1325 3185 1626 3239 holocausti
1672 3185 1772 3240 tol-

79 3278 267 3345 limus,
313 3292 452 3334 cum
509 3285 719 3333 sanctae
776 3276 1087 3344 Scriptura:
1134 3275 1305 3342 dicta,
1357 3274 1573 3345 quibus
1620 3287 1688 3328 ac
1733 3274 1781 3330 si

78 3369 190 3423 veri
224 3367 383 3438 ignis
413 3366 659 3421 fomento
682 3364 1004 3420 devotionis
1034 3370 1243 3419 nostrae
1278 3363 1541 3418 ﬂammas
1572 3376 1782 3433 augea-

76 3470 221 3523 mus,
256 3462 565 3526 gratanter
593 3460 694 3509 86
749 3453 1094 3523 excipimus.
1126 3453 1286 3508 Isaac
1318 3452 1435 3507 lilio
1485 3460 1680 3508 nostro
1712 3465 1781 3508 ea

78 3544 456 3615 imponimus.
489 3557 622 3599 eum
642 3543 760 3613 spei
783 3550 992 3597 nostrae
1022 3541 1092 3597 ad
1142 3555 1394 3611 superna
1426 3541 1642 3611 gaudia
1686 3541 1781 3597 in-

78 3633 381 3703 stigandae,
420 3633 491 3687 de
546 3630 755 3687 coelesti
823 3630 1087 3686 felicitate
1136 3630 1283 3685 sacri
1341 3628 1556 3700 eloquii
1602 3630 1782 3685 verba

80 3722 244 3791 quasi
273 3722 470 3777 oleum
519 3720 766 3775 ﬂammis
798 3719 1151 3789 ingerimus.
1185 3718 1478 3775 Abraham
1513 3721 1570 3772 in
1602 3722 1779 3773 mani-

81 3810 174 3866 bus
204 3810 401 3882 ignem
424 3816 632 3879 portat,
657 3822 789 3865 cum
812 3808 959 3864 ratio
1003 3814 1201 3863 nostra
1246 3807 1526 3864 fervorem
1570 3807 1781 3864 interni

80 3899 338 3955 desiderii
372 3898 466 3955 sui
502 3912 601 3968 per
645 3897 1057 3953 exbibitionem
1099 3896 1328 3966 piorum
1376 3910 1614 3966 operum
1647 3910 1784 3967 pru-

82 3988 279 4045 denter
336 3995 606 4044 ostentat.
652 3987 845 4042 Portat
899 3986 1168 4055 gladium,
1222 3986 1364 4041 dum
1419 3985 1783 4042 discretionis

85 4078 343 4147 regulam
377 4091 493 4132 non
525 4076 748 4132 excedit
778 4076 901 4145 ipsa
930 4074 1426 4131 administratione
1464 4075 1780 4141 virtutum;

86 4164 132 4219 si
178 4166 336 4221 enim
367 4173 538 4234 recte,
571 4163 794 4227 offeras,
854 4171 908 4220 et
956 4171 1108 4220 recte
1180 4178 1295 4219 non
1348 4163 1595 4233 dividas,
1654 4179 1780 4234 pec-

86 4254 242 4309 casn.
532 4230 545 4251 “

154 4342 328 4400 Vsus.
360 4344 419 4411 '7,
451 4344 504 4396 8.
553 4370 627 4382 —
680 4343 915 4411 Cumque
943 4342 1049 4397 duo
1076 4346 1362 4412 pergerent
1418 4342 1602 4407 simul,
1633 4340 1784 4395 dixit

88 4432 235 4487 Isaac
273 4433 602 4502 patrisuo:
649 4433 811 4486 Pater
844 4433 965 4486 mi?
993 4436 1075 4487 At
1133 4432 1226 4485 ille
1283 4430 1600 4500 respondit:
1643 4430 1788 4496 Quid

83 4522 185 4583 vis,
234 4521 318 4589 ﬁli
348 4521 477 4575 mi?
505 4522 656 4587 Ecce,
700 4520 910 4591 inquit,
956 4522 1130 4589 ignis,
1164 4525 1215 4574 et
1245 4521 1419 4587 ligna,
1459 4520 1555 4573 ubi
1583 4523 1661 4574 est
1694 4522 1782 4573 vi-

86 4613 242 4664 ctima
292 4611 641 4664 holocausti?
684 4612 840 4675 Deus,
878 4609 977 4675 ait,
1018 4608 1329 4678 providebit
1359 4609 1469 4661 sibi
1506 4610 1784 4661 victimam

87 4698 401 4761 holocausti,
441 4698 526 4765 ﬁli
568 4700 686 4751 mi?
729 4700 841 4752 Duo
896 4699 1060 4751 simul
1109 4703 1380 4767 pergunt,
1436 4710 1568 4751 cum
1638 4695 1783 4749 indi-

88 4788 383 4843 visibiliter
405 4793 465 4843 et
495 4786 831 4843 rationabile
886 4800 1207 4857 speramus,
1268 4793 1323 4841 et
1373 4785 1656 4855 sperabile
1687 4798 1787 4840 ra-

90 4875 462 4943 tiocinamur;
499 4875 734 4946 haecque
765 4890 949 4932 unum
983 4875 1314 4945 expetentia
1362 4874 1511 4929 idem
1552 4880 1782 4943 gerunt.

90 4966 248 5021 Pater
289 4972 489 5022 autem
536 4964 653 5035 spei
698 4979 813 5021 non
859 4965 1113 5021 absurde
1170 4963 1493 5019 intellectus
1553 4963 1784 5029 dicitur,

91 5055 223 5124 quia
251 5055 408 5111 unde
430 5066 558 5122 spes
585 5054 819 5123 prodeat
846 5068 918 5109 ex
946 5053 1167 5109 ratione
1191 5051 1503 5121 colligitur,
1530 5057 1585 5107 et
1613 5051 1787 5107 ubere

92 5142 380 5200 charitatis
436 5142 669 5198 admoto
708 5142 780 5197 ab
809 5142 1051 5212 spiritus
1111 5149 1323 5197 natura
1389 5140 1785 5210 progreditur;

93 5246 214 5301 spes
243 5232 599 5288 intellectum
650 5231 970 5301 compellat,
1015 5230 1156 5286 dum
1195 5228 1531 5285 carnalibus
1569 5228 1789 5284 deside-

96 5318 190 5373 riis
216 5326 366 5374 mota
405 5317 480 5373 ad
526 5315 841 5372 caelestium
885 5316 1337 5386 desperationem
1401 5312 1787 5383 patrocinium

96 5406 213 5475 ejus
237 5406 344 5462 sibi
383 5406 666 5473 advocat;
700 5404 1024 5460 intellectus
1056 5403 1238 5473 ipsam
1286 5402 1471 5458 lilium
1505 5402 1788 5465 nominat,

99 5495 227 5550 dum
265 5495 374 5553 sibi
431 5494 691 5565 quadam
740 5493 993 5550 naturali
1025 5492 1239 5548 unione
1269 5491 1555 5546 cohaerere
1585 5489 1791 5545 debere

101 5585 448 5641 rectitudinis
491 5590 709 5638 statum
763 5582 1018 5638 docendo
1074 5579 1436 5636 determinat.
1488 5581 1638 5641 Ecce,
1699 5579 1788 5631 in-

103 5674 237 5743 quit,
267 5676 438 5744 ignis,
486 5678 539 5727 et
566 5672 740 5737 ligna,
773 5684 841 5727 ac
889 5671 935 5726 si
960 5670 1172 5727 diceret
1205 5684 1217 5722 :
1246 5669 1391 5724 Ecce
1415 5665 1609 5722 fervor
1649 5665 1792 5720 bene

442 5773 728 5839 PATROL.
778 5770 985 5837 CLVI.

1888 3202 2133 3253 manum,
2206 3192 2256 3240 et
2303 3188 2543 3253 arripuit
2603 3187 2873 3257 gladium,
2942 3193 3003 3242 ut
3044 3190 3350 3244 immolaret
3411 3192 3588 3251 ﬁlium

1889 3291 2065 3329 suum.
2126 3276 2280 3329 Isaac
2329 3273 2693 3345 colligamus,
2745 3290 2876 3330 cum
2938 3290 3097 3345 spem
3160 3278 3220 3333 in
3262 3278 3591 3336 cmlestibus

1891 3362 2119 3434 gaudiis
2156 3362 2399 3432 positam
2430 3361 2531 3418 soli
2581 3363 2694 3417 Deo
2726 3361 2843 3417 lixa
2873 3363 3150 3420 cbaritate
3187 3365 3584 3436 astringimus.
3680 3387 3687 3393 ·

1889 3451 1956 3506 In
1985 3450 2153 3506 altari
2201 3466 2365 3519 super
2391 3454 2595 3503 struem
2648 3451 2917 3517 lignorum
2974 3454 3261 3521 ponimus,
3316 3469 3449 3510 cum
3480 3456 3589 3525 pia

1889 3540 2222 3607 voluntatis,
2277 3548 2332 3595 et
2363 3539 2795 3609 Scripturarum
2849 3542 3207 3597 auctoritatis
3235 3544 3391 3598 omni
3421 3544 3587 3600 altari

1888 3630 2190 3695 sacratius,
2252 3629 2701 3684 fundamentum
2760 3629 2865 3699 ipsi
2920 3630 3377 3703 substernimus;
3439 3634 3589 3690 unde

1887 3718 2042 3775 enim
2074 3718 2283 3773 melius
2318 3718 2623 3773 roboretur
2661 3731 2843 3789 quam
2895 3727 2957 3774 ut
3007 3720 3214 3775 mentis
3269 3722 3506 3791 puritati
3536 3731 3592 3780 et

1889 3807 2099 3863 divinae
2123 3806 2349 3862 veritati
2378 3806 2745 3862 innitamur?
2774 3807 3101 3864 Extendere
3131 3809 3379 3866 dicimus
3429 3817 3591 3867 extra

1891 3897 2128 3951 tendere.
2190 3895 2435 3951 Extendi
2491 3910 2628 3966 ergo
2684 3912 2928 3964 manum,
3013 3896 3283 3967 quisquis
3338 3913 3592 3969 superna

1888 3984 2234 4054 aspiratione
2293 3985 2604 4040 delectatus
2650 3984 2803 4039 ultra
2846 3985 2997 4040 vires
3042 3985 3302 4054 proprias
3350 3996 3594 4045 conatur

1890 4072 1948 4127 in
1988 4071 2482 4141 contemplationis
2527 4071 2888 4127 exercitium.
2951 4073 3271 4143 Arripimus
3320 4077 3591 4144 gladium,

1890 4168 1954 4218 ut
2008 4161 2372 4217 immolemus
2415 4161 2615 4227 ﬁlium,
2649 4161 2788 4217 dum
2851 4169 3010 4217 tanta
3039 4164 3360 4220 constantia
3412 4167 3590 4223 animi

1890 4248 2155 4305 divinum
2208 4249 2608 4318 amplectimur
2657 4249 2899 4305 verbum
2954 4257 3015 4306 ut
3042 4252 3338 4320 praesentis
3388 4255 3590 4311 mundi

1890 4351 1996 4393 nos
2043 4336 2281 4393 omnino
2328 4337 2483 4407 quod
2534 4336 2655 4393 fieri
2687 4351 2802 4393 non
2850 4347 3033 4408 potest
3076 4338 3404 4398 interimere
3450 4344 3591 4399 veli-

1828 4433 1870 4486 ι)
1898 4441 2027 4483 mus
2059 4428 2130 4482 ad
2180 4440 2373 4483 usum.
2436 4425 2554 4481 Etsi
2582 4426 2737 4481 enim
2786 4427 2999 4483 dicitur
3030 4442 3045 4497 ;
3086 4431 3305 4496 Vacate,
3337 4437 3388 4486 et
3418 4433 3595 4487 videte

1894 4518 2153 4584 quoniam
2210 4530 2305 4582 ego
2370 4529 2487 4569 sum
2514 4514 2681 4584 (Psal.
2711 4529 2843 4579 xcv,
2897 4516 3006 4586 11),
3046 4516 3428 4576 discernenda
3458 4531 3594 4579 sunt

1896 4604 2017 4659 sola
2047 4605 2250 4673 utique
2280 4603 2480 4669 noxia,
2504 4615 2539 4657 a
2576 4603 2792 4672 quibus
2820 4617 3027 4660 vacare
3057 4606 3366 4677 debemus;
3398 4626 3596 4667 secun-

1895 4693 2034 4749 dum
2098 4706 2351 4762 namque
2397 4692 2690 4760 passToncs
2737 4697 3123 4761 peccatorum,
3173 4711 3305 4765 quae
3359 4699 3413 4753 in
3457 4699 3597 4770 ipsis

1896 4781 2296 4838 mortilicanda
2345 4788 2484 4836 sunt
2535 4781 2793 4836 membra
2843 4795 3018 4850 super
3070 4791 3302 4853 terram,
3355 4778 3472 4842 non
3522 4789 3593 4845 ad

1898 4872 2129 4927 utilium
2162 4878 2217 4927 et
2250 4869 2604 4926 naturalium
2654 4871 3015 4939 negotiorum
3055 4886 3277 4927 curam.
3314 4875 3474 4933 Hanc
3504 4878 3596 4935 ille

1895 4960 2141 5016 Joannes
2186 4958 2333 5014 abba
2375 4958 2677 5027 parvulus,
2720 4960 2822 5029 qui
2876 4960 3070 5016 virere
3117 4970 3360 5019 conatus
3388 4974 3492 5033 est,
3533 4976 3598 5024 ut

1898 5047 2142 5118 angelus
2187 5048 2525 5103 extenderat
2577 5061 2837 5115 manum,
2895 5049 3034 5104 dum
3092 5053 3327 5108 omnino
3383 5069 3597 5113 exuere

1896 5134 2081 5190 voluit
2134 5134 2265 5190 vitae
2317 5134 2621 5206 humanas;
2674 5138 3022 5193 immolasset
3062 5141 3231 5209 plane
3285 5143 3490 5212 lilium,
3550 5148 3597 5201 si

1900 5223 2295 5279 inﬂexibiliter
2350 5225 2459 5279 Deo
2517 5224 2621 5279 soli
2669 5226 3022 5295 speculando
3086 5230 3205 5299 spei
3261 5231 3601 5291 intendisset

1882 5312 2219 5379 intuitum;
2257 5326 2385 5382 spes
2428 5325 2687 5383 namque
2734 5314 2999 5371 funditus
3056 5318 3233 5373 eximi
3296 5336 3328 5376 a
3382 5325 3601 5381 mundo

1901 5408 2102 5471 potest,
2135 5401 2231 5455 sed
2281 5402 2397 5470 spei
2434 5409 2643 5457 nostra;
2681 5406 3083 5473 contemplatio
3129 5421 3355 5478 semper
3385 5412 3599 5468 intendi

1902 5505 2019 5545 non
2073 5497 2280 5559 potest;
2345 5492 2664 5546 secundum
2713 5493 2817 5548 hoc
2863 5508 3001 5549 sane
3056 5506 3429 5556 revertuntur
3471 5503 3603 5556 ani-

1900 5578 2093 5645 malia,
2127 5593 2258 5633 cum
2295 5577 2452 5635 inced
2466 5594 2538 5634 un
2552 5587 2586 5634 ι.

1976 5667 2146 5723 Vnus.
2208 5669 2292 5734 ll,
2350 5669 2433 5722 12.
2474 5696 2543 5707 -
2588 5671 2657 5723 Et
2686 5686 2801 5723 cccc
2857 5674 3082 5741 angelus
3129 5677 3344 5729 Domini
3374 5677 3439 5730 de
3478 5680 3604 5734 ca‘Io

3253 5780 3292 5835 6
