3956 6440
360 376 451 428 171
1258 374 1320 428 ν.
1360 373 1689 431 GUIBERTI
1729 376 2020 431 ABBATIS
2058 378 2114 433 S.
2158 377 2397 432 MAN/ﬁ
2433 375 2527 431 DE
2566 377 2950 432 NOVlGENTO
3781 376 3880 428 1ῗὲ

355 508 612 561 clamavit
657 507 840 560 dicens
878 521 892 560 :
955 506 1263 573 Abraham,
1306 506 1639 561 Abraham?
1671 507 1780 572 Qui
1816 523 2036 575 respon-
2074 508 2119 560 A
2149 507 2425 574 veritatis,
2462 506 2520 562 in
2552 521 2671 577 qua
2700 522 2830 561 cum
2861 505 3088 560 animus
3113 504 3220 561 sibi
3263 505 3601 576 praminere
3629 504 3883 560 Videtur

355 595 482 648 dit:
529 594 760 650 Adsum.
807 597 884 649 Ne
939 595 1222 659 extendas,
1275 597 1376 659 ait,
1430 610 1649 648 manum
1689 602 1835 649 tuam
1883 610 2045 664 super

352 701 601 753 puerum,
655 701 830 754 neque
876 686 1057 750 facias
1096 686 1182 737 illi
1240 684 1563 753 quidquam.
1614 687 1768 739 Nune
1824 689 2045 752 cognovi

355 773 501 840 quod
521 775 710 826 timeas
749 776 930 836 Deum,
962 777 1011 825 et
1039 788 1145 826 non
1179 775 1481 841 peperceris
1511 773 1624 832 tilio
1648 779 1736 826 tuo
1770 777 2045 838 unigenito

350 865 573 930 propter
591 875 690 914 me.
733 861 974 926 Angelus
1024 863 1238 914 Domini
1266 860 1331 913 de
1359 862 1484 913 cazlo
1514 860 1722 916 clamat
1751 876 1884 916 cum
1931 875 2044 916 vox

353 949 498 1003 sacri
528 947 742 1017 eloquii
793 948 942 1003 bona
971 948 1134 1003 nobis
1167 949 1442 1003 nuntians
1463 948 1532 1003 de
1564 948 1876 1018 Scriptura
1917 965 2045 1019 my—

350 1039 522 1095 sterio
564 1051 630 1092 ac
657 1037 704 1092 si
751 1036 820 1091 de
853 1037 992 1091 cado
1025 1038 1268 1092 insonat.
1311 1037 1604 1106 Scriptura
1634 1051 1798 1092 sacra
1837 1037 2044 1092 calum

350 1125 676 1195 appellatur
729 1125 801 1180 ob
839 1132 1056 1180 secreta
1115 1125 1328 1192 divina,
1379 1140 1510 1194 qua
1558 1127 1758 1194 operit,
1805 1132 1869 1181 ut
1911 1134 2041 1182 est:

356 1221 467 1284 Qui
503 1221 678 1287 operit
720 1219 904 1271 caelum
970 1217 1224 1282 nubibus,
1275 1222 1324 1270 et
1371 1223 1538 1286 parat
1583 1223 1739 1270 terra
1797 1219 2046 1286 pluviam

356 1309 518 1376 (l’sal.
565 1321 757 1366 CXLVI.
815 1309 888 1376 8).
952 1306 1243 1363 Abraham
1295 1305 1382 1362 bis
1433 1306 1528 1361 hic
1579 1315 1836 1375 vocatur,
1910 1321 2044 1363 cum

347 1396 518 1466 paulo
547 1396 816 1466 superius
865 1395 1036 1450 semel
1085 1394 1443 1461 nominetur;
1493 1395 1646 1464 quod
1690 1409 1801 1449 non
1868 1394 1940 1449 ab
1987 1409 2045 1450 re

348 1484 624 1549 creditur,
668 1483 781 1538 illic
811 1497 1066 1552 namque
1117 1497 1215 1552 per
1248 1483 1618 1538 tentationem
1652 1482 1821 1537 semel
1869 1495 2046 1536 voca-

349 1580 466 1638 tur,
521 1579 650 1628 uta
701 1579 972 1641 concepta
1011 1571 1284 1641 superbia
1325 1579 1734 1638 convertatur;
1779 1571 1871 1626 hic
1896 1571 2046 1640 {vero

347 1661 694 1730 geminatur,
731 1667 791 1716 ut
824 1674 935 1714 non
969 1660 1133 1714 modo
1161 1667 1358 1714 sancta
1388 1661 1582 1714 anima
1621 1674 1655 1713 a
1684 1674 1787 1713 suo
1824 1668 2047 1728 torpore

348 1763 627 1804 conversa
656 1748 945 1812 credatur,
988 1748 1082 1801 sed
1134 1763 1205 1802 ex
1257 1752 1351 1801 81
1391 1749 1570 1803 multo
1617 1749 1788 1802 etiam
1823 1747 2048 1816 pietatis

347 1839 512 1893 cultu
555 1837 625 1891 ad
659 1836 1084 1906 justificationis
1117 1837 1354 1905 gloriam
1399 1837 1722 1906 pervenisse
1772 1844 2047 1891 monstre-

349 1935 467 1990 tur,
502 1925 654 1980 unde
681 1932 736 1980 et
777 1925 998 1979 vocanti
1060 1925 1359 1992 respondet
1393 1940 1405 1979 :
1440 1925 1672 1984 Adsum.
1730 1932 1793 1980 ut
1837 1933 2049 1979 sancta

353 2016 574 2084 pagina:
626 2014 792 2068 dictis
843 2014 1048 2068 debita
1097 2014 1430 2069 obedientize
1460 2014 1786 2084 impendere
1835 2028 1893 2067 se
1925 2027 2050 2081 pro-

353 2103 452 2156 dat
475 2101 749 2157 ofiicium.
775 2103 847 2156 Ne
878 2102 1134 2156 extendas
1164 2119 1384 2156 manum
1420 2107 1569 2156 tuam
1598 2117 1760 2170 super
1795 2119 2046 2171 puerum,

356 2188 408 2243 id
434 2195 517 2244 est
547 2204 617 2244 ne
633 2191 776 2245 citra
807 2190 1015 2245 virium
1041 2191 1470 2260 possibilitatem
1497 2191 1888 2258 imbecillium,
1917 2205 2048 2260 qua

353 2284 631 2333 notantur
675 2291 774 2346 per
821 2292 1088 2346 puerum,
1137 2286 1250 2334 tua
1299 2277 1796 2348 contemplationis
1845 2293 2049 2334 exeras

354 2372 645 2420 conatum.
696 2367 883 2433 Neque
919 2367 1097 2431 facias
1139 2367 1222 2418 illi
1250 2365 1592 2435 quidquam:
1640 2381 1774 2421 cum
1806 2379 2046 2421 manum

353 2467 528 2524 super
579 2453 966 2519 extendimus,
1015 2453 1237 2523 aliquid
1288 2454 1370 2509 illi
1421 2454 1635 2510 scilicet
1688 2469 1862 2524 puero
1904 2454 2050 2510 faci-

353 2557 503 2608 mus,
557 2541 609 2596 id
639 2549 723 2596 est
753 2541 975 2612 aliquid
1015 2556 1087 2596 ex
1132 2542 1316 2608 nobis,
1366 2549 1423 2598 et
1470 2557 1543 2598 ex
1593 2543 1808 2599 virtute
1851 2552 2048 2599 nostra

354 2631 563 2686 addere
612 2630 880 2685 humana
935 2637 1144 2685 nostra
1201 2630 1522 2686 infirmitati
1573 2631 1860 2687 credimus
1915 2646 2046 2687 cum

353 2719 477 2773 sine
506 2719 618 2774 Deo
648 2719 728 2774 nil
775 2717 962 2773 facere
987 2725 1195 2788 prater
1220 2718 1424 2774 vitium
1466 2719 1784 2775 valeamus.
1812 2720 2048 2776 Manum

353 2819 490 2874 ergo
529 2819 598 2860 ne
650 2804 976 2860 cxtenderis
1051 2819 1198 2860 onus
1269 2804 1550 2872 videlicet,
1599 2805 1773 2876 juxta
1829 2807 2046 2862 dictum

353 2893 628 2962 sapientis
673 2907 686 2946 :
735 2893 918 2962 Super
976 2899 1026 2948 te
1075 2909 1146 2948 ne
1214 2893 1497 2950 levaveris
1536 2896 1710 2965 (Deut.
1779 2911 1881 2963 xu,
1940 2899 2046 2963 18),

353 2981 508 3036 unde
542 2995 676 3037 mox
709 2980 941 3052 superbi
1000 2981 1221 3053 aliquid
1255 2983 1355 3039 tibi
1389 2999 1519 3039 cum
1571 2983 1650 3040 nil
1681 2998 1750 3040 ex
1785 2991 1836 3040 te
1861 2984 2050 3054 ,facias

2155 596 2338 652 multa
2385 610 2486 666 pro
2517 610 2634 650 sua
2667 595 2917 650 scientia
2957 593 3122 665 quasi
3177 594 3522 661 reverentia,
3583 593 3884 664 superbia

2151 690 2206 738 et
2264 683 2612 752 pralationis
2675 682 3008 738 affectanda
3071 683 3413 753 cogitatione
3515 683 3886 752 plerumque

2155 773 2468 828 mordetur.
2532 774 2696 827 llunc
2728 786 2865 841 ergo
2894 771 3130 827 arietem
3187 772 3431 827 tumoris
3461 779 3518 828 et
3563 772 3886 842 jactantia

2153 875 2264 932 pro
2319 861 2432 916 tilio
2487 867 2736 915 mactare
2789 859 3082 926 debemus,
3129 859 3266 915 dum
3317 875 3431 916 non
3481 861 3600 930 spei
3651 867 3886 915 nostra

2155 949 2451 1014 intuitum,
2483 956 2768 1019 quantum
2793 948 2861 1003 ad
2895 949 3141 1004 activam
3190 947 3392 1004 attinet
3421 949 3598 1004 vitam
3630 947 3885 1004 exstin-

2156 1039 2255 1108 gui
2280 1040 2682 1109 permittimus,
2716 1038 2810 1093 sed
2835 1038 3038 1093 vitium
3069 1036 3354 1107 superbia
3383 1053 3514 1094 cum
3540 1052 3651 1092 sua
3687 1037 3887 1092 ambi-

2154 1127 2306 1182 tione
2340 1126 2668 1182 omnimoda
2718 1126 3081 1182 ambustione
3112 1127 3530 1182 consumimus.
3566 1126 3658 1181 Sic
3711 1126 3881 1180 enim

2153 1228 2189 1269 a
2219 1216 2332 1270 Deo
2389 1215 2821 1283 intelligentiam
2869 1228 3100 1284 sperare
3130 1214 3404 1269 debemus
3464 1213 3881 1284 speculativa,

2155 1312 2219 1360 ut
2259 1303 2629 1359 intentionem
2681 1318 2795 1358 non
2822 1302 3253 1358 diverberemus
3299 1303 3519 1357 activa.
3570 1303 3732 1358 Sane
3781 1316 3880 1357 oc-

2155 1392 2438 1448 cideretur
2476 1391 2646 1456 filius,
2679 1391 2722 1445 si
2758 1406 2886 1460 spes
2918 1399 3113 1446 nostra
3142 1390 3276 1446 solis
3317 1391 3643 1446 callcstibus
3689 1391 3883 1446 rebus

2159 1481 2377 1536 intenta
2417 1480 2681 1535 deficeret
2710 1480 2782 1535 ab
2820 1479 3064 1534 actualis
3107 1479 3239 1534 vita
3295 1479 3540 1548 negotiis
3589 1479 3880 1535 utilibus.

2155 1568 2296 1624 Nam
2321 1568 2479 1623 hunc
2503 1567 2712 1627 locum.
2747 1567 2799 1621 id
2831 1575 2914 1622 est
2939 1566 3126 1622 cordis
3151 1575 3361 1622 statum
3389 1570 3650 1622 Dominus
3674 1569 3878 1630 videt;

2158 1657 2323 1711 idest
2363 1657 2662 1726 approbat,
2695 1670 2826 1711 cum
2877 1655 3164 1726 quidquid
3212 1655 3517 1710 suboritor
3566 1656 3879 1718 elationis,

2158 1753 2386 1808 mactat,
2431 1752 2486 1799 et
2517 1744 2646 1798 inde
2678 1744 2764 1798 his
2795 1745 2894 1814 qui
2945 1744 3155 1798 divina
3199 1744 3542 1813 cognitionis
3573 1745 3751 1800 hodie
3783 1745 3881 1799 ha-

2087 1807 2126 1860 Β
2161 1833 2294 1888 bent
2325 1807 2480 1888 certa
2509 1807 2850 1888 discretione
2899 1839 3139 1898 constat,
3195 1807 3347 1901 quod
3380 1833 3437 1884 in
3466 1837 3641 1884 monte
3672 1834 3876 1886 Domi-

2156 1936 2255 1974 nus
2296 1919 2504 1986 videat,
2559 1921 2700 1990 quia
2732 1921 2788 1974 in
2829 1935 3056 1975 summo
3117 1919 3460 1974 humilitatis
3507 1921 3875 1975 constitutos

2155 2008 2338 2064 futuri
2371 2009 2562 2064 saculi
2591 2009 2774 2075 gloria
2803 2009 3038 2064 exaltat.
3089 2008 3246 2062 Videt
3277 2022 3414 2062 suos
3462 2023 3561 2077 per
3585 2008 3736 2078 jnge
3776 2009 3876 2062 hic

2155 2097 2510 2168 adjutorium
2543 2097 2938 2168 approbando,
2971 2097 3175 2150 ridebit
3206 2104 3420 2152 aterno
3450 2099 3651 2153 decore
3680 2112 3872 2152 coro-

2155 2187 2368 2241 nando.
2422 2187 2579 2242 Unde
2608 2195 2734 2242 est:
2785 2185 2992 2240 Iterum
3039 2190 3218 2239 autem
3267 2185 3456 2238 videbo
3495 2201 3606 2251 ros,
3639 2191 3691 2238 et
3724 2202 3872 2252 gau-

2155 2275 2302 2327 debit
2355 2290 2445 2329 cor
2485 2281 2741 2340 vestrum,
2790 2280 2840 2328 et
2887 2274 3146 2343 gaudium
3180 2279 3417 2328 vestrum
3446 2289 3597 2327 nemo
3629 2275 3788 2327 tollet
3831 2291 3866 2326 a

2154 2365 2306 2417 vobis
2335 2363 2514 2434 (Joan.
2547 2379 2663 2432 XVI,
2699 2367 2814 2432 22).

2227 2451 2398 2506 Vens.
2427 2454 2510 2517 15,
2539 2451 2629 2518 16,
2669 2451 2754 2506 17.
2787 2481 2855 2489 —
2890 2451 3114 2504 Vocavit
3145 2453 3325 2503 autem
3371 2451 3595 2516 angelus
3637 2453 3870 2504 Domini

2156 2539 2437 2595 Abraham
2483 2539 2714 2593 secundo
2761 2538 2826 2591 de
2861 2539 2985 2592 ca'lo
3034 2538 3263 2592 dicens:
3330 2539 3428 2592 Per
3477 2541 3866 2608 memetipsum

2149 2629 2366 2696 juravi,
2427 2627 2562 2680 dicit
2601 2629 2882 2693 Dominus,
2927 2629 3058 2695 quia
3096 2629 3280 2692 fecisti
3308 2641 3419 2679 rem
3451 2627 3609 2693 hanc,
3641 2633 3695 2681 et
3753 2643 3866 2680 non

2153 2715 2446 2785 pepercisti
2470 2718 2584 2785 ﬁlio
2615 2721 2704 2769 tuo
2735 2717 3010 2782 unigenito
3045 2731 3057 2768 :
3092 2715 3400 2768 benedicam
3433 2715 3551 2780 tibi,
3575 2720 3625 2768 et
3656 2717 3865 2769 multi-

2154 2805 2368 2874 plicabo
2399 2820 2574 2860 semen
2601 2810 2752 2858 tuum
2775 2807 2915 2858 sicut
2945 2805 3130 2858 stellas
3178 2805 3312 2870 caeli,
3357 2808 3408 2856 et
3444 2805 3590 2857 velut
3626 2821 3866 2858 arenam

2157 2910 2276 2962 qua
2327 2899 2407 2948 est
2451 2896 2511 2946 in
2565 2895 2747 2947 littore
2816 2895 3004 2946 maris.
3056 2891 3183 2946 Post
3234 2893 3476 2961 primam
3532 2893 3728 2961 angeli
3792 2892 3864 2945 de.

2156 2983 2296 3038 calo
2351 2981 2727 3047 vocationem,
2781 2995 2913 3050 qua
2963 2980 3110 3034 facta
3139 2987 3224 3035 est
3273 2988 3400 3050 post
3456 2981 3861 3044 tentationem,

351 3083 520 3139 agere
575 3070 840 3126 videaris.
896 3072 1046 3126 Nunc
1094 3076 1332 3138 coynovi,
1385 3073 1541 3144 quod
1589 3080 1695 3138 est,
1749 3075 2042 3142 cognitum
2085 3109 2126 3164 Ο
2160 3071 2214 3126 in
2245 3083 2360 3140 qua
2391 3077 2517 3139 post
2567 3069 2958 3124 conversionis
3015 3068 3336 3138 ingressum
3358 3068 3586 3123 evocati
3629 3084 3734 3139 per
3766 3070 3855 3123 di-

355 3157 457 3214 tibi
485 3157 608 3226 feci,
642 3161 774 3228 quia
803 3161 992 3213 timeas
1032 3161 1215 3226 Deum,
1268 3159 1406 3216 dum
1439 3174 1674 3230 parcere
1701 3161 1825 3227 [ilio
1856 3163 2045 3231 unige-

351 3249 468 3300 nito
498 3247 771 3315 nolueris,
804 3248 943 3303 dum
974 3247 1186 3304 scilicet
1215 3248 1285 3303 de
1335 3263 1434 3318 spe
1461 3249 1725 3305 saculari
1783 3249 1862 3304 nil
1897 3251 2047 3304 intra

354 3341 407 3389 te
439 3335 686 3390 residere
737 3335 1062 3404 protuleris,
1109 3335 1205 3390 sed
1248 3335 1431 3405 ipsam
1483 3351 1640 3406 spem
1688 3336 2047 3405 unigenitam

351 3421 566 3484 feceris,
590 3423 729 3478 dum
761 3423 905 3478 nulli
954 3422 1058 3478 alii
1076 3429 1291 3492 prater
1320 3424 1432 3479 Deo
1451 3424 1552 3479 soli
1583 3438 1710 3479 eam
1755 3424 2047 3479 intendere

354 3512 632 3578 volueris;
689 3511 981 3582 parcimus
1033 3510 1185 3567 enim
1233 3511 1352 3580 spei
1399 3519 1628 3578 nostra,
1660 3526 1791 3567 cum
1825 3511 2045 3582 aliquid

353 3599 714 3655 mundanum
743 3597 1081 3653 humanitus
1112 3597 1169 3652 in
1199 3612 1267 3652 ea
1296 3597 1551 3667 patimur
1584 3612 1901 3654 remanere.

431 3686 604 3742 Vsus.
641 3689 725 3753 13,
780 3686 863 3740 14.
896 3716 964 3724 -—
1001 3686 1232 3740 Levacit
1260 3686 1543 3740 Abraham
1565 3687 1759 3753 oculos,
1798 3686 2049 3755 viditque

356 3777 577 3828 arietem
589 3777 731 3828 inter
758 3790 942 3844 vepres
972 3775 1253 3828 haerentem
1283 3775 1551 3829 cornibus.
1576 3775 1739 3842 Quem
1771 3790 2049 3830 assumens

355 3860 550 3915 obtulit
577 3862 942 3916 holocaustum
973 3877 1071 3931 pro
1097 3863 1232 3930 ﬁlio.
1259 3863 1682 3932 Appellavitque
1713 3878 1902 3916 nomen
1946 3863 2050 3917 loci

353 3951 524 4012 illius,
559 3951 822 4005 Dominus
877 3951 1043 4005 videt.
1101 3951 1248 4006 Unde
1286 3966 1455 4021 usque
1499 3952 1658 4005 hodie
1701 3951 1945 4006 dicitur:
1978 3953 2048 4005 In

353 4044 529 4094 monte
582 4040 848 4095 Dominus
880 4040 1106 4095 videbit.
1150 4041 1329 4097 Levat
1358 4041 1642 4096 Abraham
1685 4041 1882 4108 oculos,
1912 4055 2046 4096 cum

353 4128 426 4183 ad
457 4129 768 4198 Scriptura
801 4129 1116 4184 intonantis
1145 4129 1363 4184 montia
1394 4143 1430 4185 a
1484 4129 1728 4199 propria
1763 4129 2048 4200 proposito

351 4216 664 4272 nimietatis
704 4217 872 4287 erigit
904 4217 1142 4286 spiritus
1181 4225 1375 4272 noster
1429 4218 1520 4273 sui
1553 4218 1876 4274 intellectus
1907 4231 2048 4274 acu-

353 4305 527 4361 mina.
562 4307 804 4360 Arietem
833 4305 1084 4375 denique
1114 4307 1256 4359 inter
1280 4321 1466 4375 vepres
1486 4306 1768 4364 haerentem
1795 4307 2047 4361 cornibus

2155 3159 2292 3214 vina
2311 3159 2542 3228 eloquia
2565 3158 2948 3228 processimus
2975 3156 3044 3211 ad
3081 3157 3570 3226 justificationem,
3595 3159 3860 3214 secundo

2157 3247 2354 3303 iisdem
2401 3246 2725 3302 cmlestibus
2765 3245 3074 3314 Scriptura
3121 3245 3354 3300 monitis
3402 3247 3736 3302 excitamur
3787 3249 3859 3303 ad

2157 3335 2584 3405 gloriﬁcationis
2639 3349 2815 3404 spem.
2866 3333 2992 3403 '_Per
3041 3335 3408 3403 semetipsum
3470 3335 3623 3390 Deus
3668 3335 3858 3406 jurat,

2155 3438 2289 3479 cum
2349 3436 2450 3492 per
2491 3421 2749 3478 veritatis
2779 3429 3029 3478 tenorem
3069 3421 3168 3492 jus
3217 3421 3273 3476 in
3323 3421 3488 3477 nobis
3550 3423 3862 3479 rectitudi—

2156 3525 2408 3580 nemque
2438 3510 2644 3566 firmat.
2671 3514 2804 3578 Ego,
2837 3510 2936 3575 ait,
2963 3525 3083 3565 sum
3102 3512 3196 3564 via
3215 3513 3485 3564 etveritas
3517 3511 3699 3576 (Joan.
3734 3527 3859 3577 xw,

2155 3599 2246 3667 6);
2275 3599 2573 3654 veritatem
2605 3606 2797 3654 autem
2830 3605 2981 3654 tenet
3028 3598 3294 3669 quisquis
3323 3611 3358 3653 a
3385 3599 3597 3667 peccati
3627 3598 3864 3656 fallacia

2157 3701 2215 3742 se
2245 3687 2528 3752 continet;
2559 3701 2731 3742 omne
2753 3686 2975 3743 bonum
3007 3686 3065 3742 in
3096 3701 3326 3743 summo
3357 3687 3506 3743 bono
3534 3701 3654 3742 esse
3680 3688 3863 3745 habet

2157 3776 2370 3846 peccati
2395 3789 2526 3831 vere
2552 3776 2715 3832 nulla
2744 3783 2827 3832 est
2852 3775 3118 3842 essentia,
3145 3776 3284 3846 quia
3315 3775 3437 3831 sine
3483 3777 3596 3832 Deo
3634 3776 3862 3834 factum

2155 3864 2433 3931 estnihil,
2476 3863 2530 3920 id
2561 3872 2646 3920 est
2688 3872 3006 3934 peccatum,
3040 3868 3095 3921 et
3138 3864 3398 3920 homines
3439 3879 3572 3920 cum
3613 3875 3864 3935 peccant

2157 3953 2306 4010 fiunt
2335 3952 2480 4009 nihil
2537 3961 2828 4023 quantum
2866 3953 2938 4009 ad
2991 3967 3112 4008 esse
3149 3967 3375 4008 verum.
3426 3952 3574 4020 Quia
3609 3968 3750 4024 ergo
3803 3956 3862 4010 in

2155 4041 2316 4098 nullo
2359 4043 2650 4112 pepercisti
2678 4041 2896 4098 carnali
2943 4048 3058 4098 tua
3106 4041 3412 4109 voluntati,
3445 4049 3510 4098 ut
3565 4057 3666 4112 spe
3719 4043 3862 4100 boni

2155 4130 2468 4187 mundialis
2531 4145 2658 4186 eam
2702 4131 2954 4202 gaudere
3000 4131 3374 4200 permitteres,
3425 4131 3520 4186 sed
3577 4131 3681 4187 uni
3740 4133 3863 4188 Deo

2154 4233 2282 4274 eam
2367 4219 2665 4275 unicornis
2724 4234 2881 4277 more
2949 4219 3122 4290 juxta
3177 4218 3488 4288 psalmum,
3556 4218 3856 4277 intendisti

2155 4307 2318 4377 (Psal.
2352 4323 2466 4374 xei,
2505 4309 2618 4378 ll),
2648 4306 2789 4376 quia
2818 4321 2960 4367 rem.
3011 4305 3065 4361 id
3097 4312 3182 4361 est
3224 4305 3527 4362 utilitatem
3560 4321 3676 4363 non
3715 4323 3859 4365 cor—

349 4393 524 4461 videt,
547 4407 679 4448 cum
709 4407 870 4448 sacro
901 4401 1245 4463 suggerente
1285 4394 1514 4464 eloquio
1543 4395 1825 4464 superbia
1857 4395 2041 4450 cervi-
2081 4405 2126 4459 ι)
2156 4396 2328 4466 poris,
2375 4396 2472 4452 sed
2520 4396 2760 4466 spiritus
2811 4396 2884 4452 ad
2935 4395 3288 4466 gignendum
3335 4395 3513 4452 unius
3570 4397 3859 4454 irreﬂexa

351 4483 643 4538 cositatem
668 4482 816 4538 inter
843 4496 1047 4552 vepres
1077 4483 1459 4553 cupiditatum
1509 4483 1728 4540 occulte
1762 4483 1821 4540 in
1852 4485 2045 4540 animo

350 4568 770 4626 suborientium
827 4569 1106 4626 aﬂectata
1141 4572 1405 4641 potentia
1443 4573 1718 4628 cornibus
1755 4572 2044 4628 detentam

348 4657 634 4714 subtiliter
675 4657 956 4729 intelligit.
1007 4659 1155 4715 Solet
1184 4674 1438 4731 namque
1473 4660 1720 4716 nimium
1759 4661 2046 4717 subtiliter

343 4747 714 4818 contemplari
741 4747 1086 4814 volentibus,
1128 4749 1294 4820 quasi
1327 4758 1451 4820 post
1483 4757 1731 4821 tergum,
1766 4749 1867 4805 ubi
1931 4749 2040 4805 sibi

344 4835 538 4892 minus
567 4837 892 4901 attendunt,
938 4837 1238 4908 subripere
1271 4838 1562 4908 superbia,
1609 4852 1740 4908 qua
1775 4838 1852 4893 ita
1880 4838 2040 4908 cupi-

343 4924 505 4980 ditati
549 4925 862 4994 honorum,
909 4934 1012 4982 aut
1042 4927 1248 4993 laudis,
1296 4941 1364 4982 ac
1393 4930 1437 4981 si
1471 4927 1734 4997 veprium
1792 4927 2041 4984 stimulis

345 5011 596 5082 implexa
639 5014 903 5082 potentia
934 5015 1286 5070 dcsideriove
1335 5015 1438 5070 luti
1495 5015 1769 5071 cornibus
1810 5017 2036 5085 pendet,

341 5101 614 5156 cornibus
643 5101 798 5156 enim
827 5102 1081 5171 potentia
1101 5103 1318 5172 signari
1345 5103 1503 5170 solet,
1530 5112 1595 5159 ut
1615 5105 1714 5159 vix
1743 5104 2035 5160 Abraham

341 5188 744 5244 intellectualis
798 5190 922 5244 hac
966 5189 1307 5260 distinguat,
1349 5191 1458 5246 nisi
1504 5193 1771 5262 respiciat
1829 5195 1900 5248 ad
1943 5207 2037 5248 se-

341 5277 528 5347 ipsum
557 5285 613 5332 et
633 5277 828 5333 oculos
856 5277 1022 5345 levet,
1057 5279 1194 5348 quid
1227 5279 1333 5335 sibi
1377 5281 1637 5338 videlicet
1685 5283 1917 5352 irrepat,
1963 5296 2035 5337 ex

337 5364 460 5434 ipsa
489 5365 581 5421 cui
632 5364 1087 5436 contemplanda
1147 5365 1329 5423 inhiat
1403 5368 1498 5424 Dei
1556 5369 2036 5438 contemplatione

337 5461 552 5524 penset.
589 5452 1002 5523 Contemplatio
1042 5462 1257 5522 autem,
1286 5463 1351 5512 ut
1403 5471 1551 5526 sape
1583 5457 1876 5522 diximus,
1918 5471 2032 5512 non

339 5541 523 5597 solum
567 5541 624 5596 in
666 5541 864 5597 divina
895 5543 1116 5600 visione
1146 5543 1445 5613 accipitur,
1490 5545 1587 5600 sed
1612 5545 1782 5599 etiam
1811 5544 1870 5599 in
1898 5558 2036 5600 con-

335 5629 678 5686 sideratione
716 5630 1105 5701 spiritualium
1140 5647 1356 5701 rerum,
1384 5640 1441 5688 et
1497 5631 1654 5687 omni
1677 5631 2032 5688 discussione

2155 4484 2272 4554 spei
2302 4486 2578 4552 fructum,
2613 4485 2769 4556 quod
2795 4485 3062 4556 signatur
3089 4497 3188 4555 per
3213 4483 3596 4554 unigenitum,
3635 4485 3856 4558 fecisti;

2155 4574 2463 4629 benedicam
2511 4575 2634 4640 tibi,
2662 4573 2716 4628 id
2752 4581 2835 4628 est
2865 4573 3180 4642 proveham
3211 4579 3264 4628 te
3289 4573 3633 4630 omnimoda
3667 4575 3856 4632 virtu-

2153 4663 2223 4718 tis
2250 4661 2456 4719 effectu
2503 4668 2554 4717 et
2581 4661 2952 4730 multiplicabo
2981 4676 3158 4716 semen
3201 4666 3374 4728 tuum,
3405 4663 3610 4718 merita
3648 4663 3853 4720 videli-

2151 4760 2238 4808 cet
2279 4765 2516 4822 operum
2589 4759 2844 4818 tuorum,
2900 4765 3032 4820 qua
3078 4750 3171 4805 hic
3222 4751 3396 4821 juxta
3445 4750 3844 4814 Psalmistam.

2149 4840 2510 4896 seminantur
2547 4838 2605 4893 in
2635 4837 2902 4908 Iacrymis
2940 4838 3175 4908 pramio
3203 4838 3517 4894 cumulabo
3535 4840 3848 4910 centuplici

2151 4929 2321 4998 (Psal.
2371 4943 2540 4995 cxxv,
2595 4930 2668 4993 5),
2711 4926 2908 4997 utqui
2954 4940 3128 4996 super
3175 4940 3364 4997 pauca
3412 4926 3594 4982 fidelis
3641 4927 3843 4999 fueris,

2147 5030 2318 5086 super
2347 5015 2529 5072 multa
2557 5015 2923 5072 constituaris
2954 5016 3170 5084 (Matth.
3201 5031 3334 5084 xxv,
3360 5018 3449 5085 2t,
3485 5016 3600 5084 23).

2217 5106 2323 5160 Per
2367 5107 2550 5159 stellas
2583 5106 2716 5167 cali,
2781 5105 3019 5160 virtutes
3064 5104 3271 5160 anima
3318 5105 3655 5174 accipimus,
3712 5121 3844 5177 qua

2147 5192 2202 5247 in
2225 5199 2442 5248 aterna
2489 5193 2844 5250 beatitudine
2886 5193 3034 5250 sicut
3077 5208 3112 5249 a
3159 5193 3302 5250 calo
3350 5208 3655 5264 nunquam
3687 5196 3843 5253 divi-

2145 5281 2368 5336 duntur
2394 5281 2588 5347 stella,
2623 5282 2703 5336 sic
2734 5297 2838 5338 nec
2867 5283 3125 5352 separari
3157 5290 3427 5352 poterunt
3455 5297 3490 5338 a
3510 5293 3839 5341 sanctorum

2144 5377 2350 5425 mente.
2397 5369 2503 5426 Per
2524 5386 2744 5425 arenam
2773 5376 2870 5425 ss
2903 5375 3074 5426 maris
3113 5371 3420 5440 littoream,
3457 5373 3714 5442 corporis
3745 5374 3839 5430 in-

2145 5457 2456 5528 telligimus
2476 5457 3014 5527 impassibilitatem,
3034 5474 3165 5529 qua
3187 5459 3295 5514 erit
3325 5467 3450 5528 post
3465 5463 3833 5518 resurrectio-

2142 5560 2293 5612 nem,
2327 5547 2562 5617 quando
2576 5548 2697 5618 jam
2729 5547 3048 5604 securitatis
3079 5547 3266 5604 littore
3304 5549 3618 5616 constituti,
3651 5563 3687 5605 a
3722 5552 3836 5607 salo

2141 5641 2404 5692 motuum
2437 5635 2620 5704 liberi,
2643 5635 2791 5692 sicut
2810 5636 2879 5692 de
2897 5649 3073 5692 arena
3088 5636 3264 5692 salem
3297 5637 3417 5693 ﬁeri
3436 5639 3829 5708 cognovimus,
