3956 6428
102 386 198 437 173

1294 383 1658 440 MOBALIUM
1699 385 1765 439 IN
1804 383 2111 441 GENESIN
2152 385 2283 440 LIB.
2323 385 2412 440 VI.

3527 388 3629 441 174

97 513 176 568 ita
213 520 403 570 totam
450 515 648 571 carnis
686 513 1129 586 gravitudinem,
1173 521 1231 570 et
1271 515 1809 585 corruptibilitatem
1849 519 1893 572 Α
1919 515 2189 572 voluntas
2231 523 2445 572 nostra.
2496 514 2603 572 Sed
2637 523 2944 588 postquam
2976 516 3049 573 ad
3080 516 3357 573 Bersabee
3389 520 3629 575 reverti-

96 602 385 671 sapientia
450 618 559 659 nos
630 602 991 659 inhabitante
1062 602 1443 659 condiendam
1505 604 1814 660 credimus.

98 691 410 745 Possidebil
468 706 648 747 semen
712 697 863 746 tuum
916 696 1109 761 portas
1173 694 1518 746 inimicorum
1574 709 1813 747 suorum.

100 781 287 848 (Vnus.
351 780 470 851 18.)
540 784 609 837 Et
676 780 1052 835 benedicentur
1115 783 1174 835 in
1229 783 1429 835 semine
1492 786 1581 836 tuo
1638 798 1816 837 omnes

97 874 280 936 gentes
363 874 548 937 terrae,
633 873 770 940 quia
838 870 1071 925 obedisti
1148 873 1266 925 voci
1338 886 1484 926 meae.
1566 872 1817 927 Possidet

98 974 275 1014 semen
304 966 505 1028 portas
550 962 915 1027 inimicorum,
966 973 1098 1015 cum
1144 960 1391 1016 virtutes
1419 960 1528 1016 sub
1561 975 1618 1016 se
1662 961 1818 1016 obti-

99 1055 237 1103 nent
282 1049 458 1116 vitia,
507 1064 640 1119 qua)
678 1057 813 1105 sunt
852 1055 1049 1118 portae,
1100 1062 1202 1118 per
1249 1063 1396 1119 quas
1446 1049 1697 1105 intratur
1743 1050 1814 1105 ad

99 1138 462 1194 consortium
498 1138 882 1204 diabolorum,
924 1138 1392 1205 antonomastice,
1424 1138 1811 1194 inimicorum.

100 1227 293 1282 Omnes
352 1233 542 1293 gentes
606 1227 1029 1283 benedicuntur
1074 1230 1131 1280 in
1188 1229 1409 1293 semine,
1465 1242 1596 1284 cum
1666 1229 1816 1283 bona

101 1326 300 1373 nostra
332 1318 391 1372 in
426 1317 717 1386 praecipuo
748 1316 1010 1371 omnium
1039 1316 1326 1371 seminum
1356 1325 1649 1388 augentur
1678 1317 1814 1372 cha-

100 1405 287 1461 ritate.
342 1405 483 1473 Ipsa
537 1405 688 1460 enim
742 1404 927 1474 operit
968 1404 1401 1461 multitudinem
1450 1414 1815 1475 peccatorum

101 1492 249 1562 (Jac.
285 1507 348 1563 v,
382 1494 501 1562 20),
548 1499 603 1548 et
634 1492 847 1548 dicitur
870 1494 1221 1563 perfectionis
1256 1494 1533 1547 vinculum
1563 1495 1698 1563 (Col.
1732 1509 1811 1561 ιιι,

99 1582 214 1645 14).

169 1670 347 1726 VBRS.
418 1672 507 1724 19.
566 1700 635 1709 -
686 1672 945 1725 Reversus
1014 1675 1093 1724 est
1158 1670 1446 1726 Abraham
1500 1672 1575 1726 ad
1626 1689 1817 1741 pueros

100 1774 251 1824 suos;
305 1760 678 1827 abierunfque
737 1759 1002 1813 Bersabee
1047 1760 1230 1828 simul,
1288 1767 1338 1816 et
1401 1763 1672 1817 habitavit
1720 1763 1814 1817 ibi.

1926 612 2045 673 tur,
2118 605 2427 677 puerisque
2486 606 2888 677 conjungitur,
2961 606 3019 662 in
3077 607 3370 664 civitatem
3443 607 3629 664 Arbee

1926 694 2206 750 moritura
2248 695 2594 752 devolvitur.
2639 695 2855 752 Civitas
2905 697 3099 752 anima
3137 704 3239 761 est,
3274 697 3455 753 Arbee
3484 697 3630 753 dici-

1928 790 2024 838 tur
2054 790 2305 851 quatuor.
2341 785 2430 839 Ex
2456 784 2814 840 animalitate
2844 793 3059 853 autem,
3088 800 3161 842 ex
3193 786 3392 842 intima
3420 785 3634 842 scilicet

1925 872 2104 926 nostri
2138 880 2320 941 parte,
2350 881 2606 943 quatuor
2632 874 2969 943 passionum
3004 874 3266 931 miserias
3297 875 3630 943 toleramus,

1926 960 1982 1015 id
2050 968 2133 1016 est
2190 969 2464 1030 metuere,
2529 977 2762 1033 cupere,
2819 963 3092 1032 gaudere,
3145 963 3355 1020 dolere.
3408 962 3633 1030 Quibus

1924 1049 2063 1105 dum
2098 1051 2454 1107 saeculariter
2483 1066 2860 1121 occupamur,
2894 1066 2928 1107 a
2959 1052 3143 1108 divini
3173 1052 3410 1109 omnino
3441 1053 3634 1109 cultus

1924 1153 2067 1194 cura
2114 1140 2513 1197 distrahimur.
2566 1141 2796 1196 Hebron
2847 1155 3004 1212 vero,
3059 1157 3191 1213 quae
3233 1149 3290 1198 et
3337 1142 3628 1210 Chebron,

1920 1229 2231 1283 incantator
2270 1229 2724 1299 interpretatur;
2772 1230 2896 1286 haec
2948 1246 3150 1301 nempe
3195 1232 3425 1288 funesta
3476 1246 3630 1303 qua-

1925 1318 2164 1373 ternitas
2214 1317 2591 1374 incantatoris
2638 1318 2785 1389 gerit
2828 1319 3109 1386 ofﬁcium,
3157 1320 3298 1376 dum
3356 1319 3628 1391 prosequi

1926 1407 2232 1479 persuadet
2264 1407 2518 1462 animam
2559 1407 2870 1478 cujuslibet
2913 1408 3119 1465 horum
3153 1409 3419 1465 desiderii
3468 1410 3630 1479 cogi-

1925 1503 2175 1552 tatuum.
2234 1495 2372 1562 Quze
2409 1496 2605 1551 omnia
2655 1499 2714 1550 in
2769 1502 2916 1551 terra
2962 1499 3226 1553 Chanaan
3277 1498 3443 1563 fiunt,
3491 1498 3631 1569 quia

1926 1586 1982 1640 in
2028 1593 2255 1641 terrena
2301 1592 2488 1640 mente
2533 1585 2821 1641 continum
2869 1586 3287 1655 inquietudinis
3334 1587 3629 1657 negotium

1924 1674 2249 1739 excitando,
2300 1681 2594 1746 perpetuze
2641 1674 3031 1729 damnationis
3076 1676 3268 1744 parari
3321 1675 3630 1732 humilitati

1926 1775 2040 1817 non
2090 1768 2377 1817 metuunt.
2412 1761 2689 1817 Chanaan
2720 1776 2859 1817 sane
2904 1766 3229 1829 negotiator,
3281 1763 3369 1818 vel
3397 1768 3633 1833 paratus

102 1848 227 1903 Post
274 1847 665 1903 subtilitatem
708 1848 917 1903 divinae
962 1849 1388 1917 speculationis,
1424 1851 1609 1922 fragili
1661 1866 1814 1920 qua-
1857 1829 1896 1883 Β
1926 1852 2229 1904 humilitati
2259 1850 2492 1905 dicitur.
2532 1852 2796 1918 Venitque
2823 1850 3109 1905 Abraham
3152 1856 3212 1906 ut
3256 1829 3542 1921 plangeret
3583 1856 3632 1905 et

100 1938 229 1992 dam
256 1936 607 1992 necessitate
637 1935 954 1992 relabimur
988 1937 1061 1991 ad
1096 1952 1267 1993 usum
1301 1938 1572 1995 humanae
1605 1942 1814 1996 volun-

100 2025 251 2093 tatis,
283 2032 341 2080 et
397 2025 852 2087 allectnalitatis,
895 2040 1027 2095 quae
1083 2027 1247 2082 nobis
1303 2028 1608 2097 pueritiam
1658 2030 1817 2086 incu-

100 2115 252 2170 tiunt
304 2113 584 2169 levitatis.
650 2114 927 2170 Bersabee
998 2121 1191 2183 puteus
1261 2120 1522 2185 septimus
1582 2118 1811 2174 dicitur.

99 2201 344 2256 Abimus
366 2201 443 2257 ad
466 2209 706 2272 puteum
728 2203 1062 2271 septimum,
1090 2218 1222 2258 cum
1244 2203 1315 2258 ad
1338 2206 1815 2263 consuetudinem

103 2289 474 2346 revolvimur
522 2289 864 2345 interiorum
911 2291 1385 2363 exteriorumque
1417 2307 1714 2360 sensuum,
1748 2296 1818 2352 de

103 2393 218 2448 qua
261 2379 556 2448 voragine
590 2394 721 2434 cum
756 2380 959 2436 crebro
998 2380 1421 2437 exhauriamus
1452 2382 1641 2439 undas
1673 2385 1817 2440 sub-

107 2465 423 2522 orientium
486 2467 894 2537 cupiditatum,
946 2482 1255 2538 nunquam
1314 2477 1507 2525 tamen
1552 2472 1818 2541 quandiu

107 2565 379 2613 creatura
432 2556 745 2627 subjicitur
795 2556 1036 2611 vanitati
1090 2556 1291 2612 nolens
1334 2559 1502 2625 (Rom.
1538 2573 1660 2625 vni,
1702 2560 1818 2631 20),

107 2647 464 2703 exhauritur
495 2646 567 2700 ad
596 2660 831 2715 purum.
861 2644 1227 2715 Septenarius
1254 2647 1404 2702 enim
1442 2662 1514 2703 ex
1545 2656 1817 2719 quatuor,

110 2750 235 2805 quae
265 2749 490 2806 corpus
519 2736 773 2805 signant,
797 2742 853 2791 et
882 2735 1087 2802 tribus,
1121 2750 1253 2805 quae
1274 2736 1548 2806 animam,
1578 2747 1818 2807 constat,

111 2838 208 2894 per
236 2838 372 2895 quae
406 2824 524 2880 sub
564 2824 955 2880 additamento
987 2825 1143 2893 putei
1178 2824 1463 2881 interioris
1487 2827 1823 2917 exterioris-

112 2928 219 2982 que
246 2912 539 2982 accipitur
590 2912 981 2968 sensualitatis
1014 2914 1610 2983 incomprehensibilis
1644 2912 1824 2973 instar

116 3002 299 3072 abyssi
350 3001 742 3073 profunditas.
800 3002 899 3057 Hic
942 3001 1294 3068 habitamus,
1337 3001 1475 3057 dum
1521 3011 1576 3057 et
1604 3000 1662 3056 in
1694 3015 1820 3071 pro-

116 3090 308 3147 fundis
327 3089 937 3160 concupiscentiarum
962 3090 1348 3158 diversamur,
1371 3098 1426 3146 et
1450 3098 1638 3146 tamen
1658 3089 1823 3161 quasi

122 3180 341 3235 Domini
381 3179 445 3235 in
479 3179 648 3235 domo
682 3179 917 3235 serviles
947 3179 1219 3249 strepitus
1246 3178 1597 3235 dominando
1627 3178 1824 3248 depri-

118 3270 344 3324 mimus.
402 3268 682 3323 Habitare
733 3274 927 3324 autem
973 3281 1122 3337 saepe
1169 3266 1227 3322 in
1281 3267 1597 3337 Scripturis
1628 3282 1730 3336 pro
1760 3282 1826 3323 eo

117 3356 269 3425 quod
300 3362 388 3412 est
419 3353 730 3422 dominari,
773 3355 1030 3424 ponitur,
1058 3369 1165 3410 nec
1197 3354 1271 3409 ab
1302 3368 1363 3410 re
1395 3354 1535 3425 quia
1562 3354 1824 3410 habitare

116 3443 184 3499 ab
218 3458 284 3500 eo
332 3443 539 3509 verbo,
586 3442 741 3512 quod
770 3451 855 3498 est
888 3444 1102 3508 habere,
1156 3443 1513 3499 detortitium
1547 3443 1825 3513 frequen-

117 3533 360 3588 tativum
391 3540 513 3601 est;
560 3532 649 3587 his
690 3538 882 3587 autem
914 3547 1046 3601 quae
1079 3532 1363 3588 habemus
1394 3533 1670 3587 dominari
1718 3547 1826 3588 nos

118 3621 392 3692 dicimus;
448 3622 534 3677 sic
563 3635 701 3691 ergo
732 3620 1009 3678 Bersabee
1058 3629 1249 3691 puteo,
1286 3621 1548 3678 videlicet
1587 3622 1825 3691 septimo

120 3710 554 3766 notissimorum
605 3709 801 3783 carnis
848 3717 904 3767 et
952 3711 1131 3766 animi
1180 3725 1482 3779 sensuum,
1513 3710 1826 3767 habitando

121 3798 511 3867 dominamur,
572 3806 636 3854 ut
679 3813 879 3855 eorum
912 3800 1312 3870 evagationem
1358 3800 1677 3856 cohibendo
1727 3799 1827 3854 ali-

121 3889 460 3960 quantisper
513 3888 679 3945 ﬂuxa
724 3887 1005 3945 desideria
1053 3889 1221 3960 quasi
1268 3902 1455 3961 aquas
1492 3904 1565 3945 ex
1612 3887 1827 3945 infimis

123 3985 514 4047 exportemus.

728 4048 960 4105 CAPUT
1001 4048 1214 4106 XXIII.

190 4154 369 4211 Vsus.
410 4160 461 4223 Ι,
514 4157 569 4210 2.
623 4184 694 4195 —
746 4156 905 4212 Via-it
958 4160 1137 4210 autem
1188 4156 1332 4212 Sara
1375 4160 1585 4212 centum
1624 4158 1829 4225 viginti

125 4248 317 4311 septem
361 4259 558 4301 annos.
617 4246 689 4299 Et
724 4249 940 4299 mortua
984 4250 1063 4300 est
1109 4248 1169 4300 in
1197 4247 1421 4300 civitate
1468 4245 1663 4308 Arbee,
1710 4262 1829 4315 quze

126 4337 199 4386 est
226 4334 443 4389 Hebron
490 4336 551 4387 in
584 4336 730 4387 terra
765 4333 1048 4390 Chanaan.
1097 4334 1202 4390 Per
1245 4333 1465 4401 Saram,
1500 4349 1631 4404 quae
1661 4338 1824 4404 prin-

1923 1942 2072 2007 ﬂeret
2100 1954 2236 1993 eam.
2298 1941 2459 1994 Venit
2507 1939 2810 2006 Abraham,
2853 1954 2985 1995 cum
3017 1940 3164 1995 ratio
3198 1948 3395 1995 nostra
3444 1954 3478 1995 a
3516 1940 3632 1995 dis-

1926 2029 2188 2099 persione
2236 2042 2345 2084 sua
2385 2029 2712 2099 regreditur
2741 2030 2809 2082 ad
2854 2028 2946 2083 sui
2997 2029 3179 2099 ipsius
3223 2044 3461 2099 curam;
3513 2029 3627 2096 ﬂet,

1926 2133 2059 2173 cum
2098 2118 2297 2173 ﬂuxus
2346 2117 2633 2173 interioris
2678 2117 2975 2173 mollitiem
3006 2119 3174 2189 quasi
3209 2133 3395 2189 aquas
3440 2118 3513 2174 ab
3545 2119 3635 2174 in-

1928 2206 2252 2262 tentionum
2283 2205 2465 2261 oculis
2506 2206 2742 2272 emittit;
2780 2206 3021 2276 plangit,
3070 2222 3204 2263 cum
3260 2208 3319 2263 in
3361 2206 3636 2264 exteriori

1927 2295 2267 2351 habitudine
2314 2308 2382 2350 ac
2420 2295 2464 2350 si
2514 2295 2572 2349 in
2611 2310 2750 2350 voce
2779 2295 3014 2351 exhibet
3043 2296 3231 2352 cordis
3260 2296 3637 2364 anxietatem,

1928 2398 2047 2454 qua
2094 2384 2316 2440 sincere
2363 2383 2713 2439 intrinsecus
2768 2385 3022 2454 paenitet.
3076 2385 3284 2441 Multos
3328 2385 3482 2441 enim
3532 2385 3639 2440 hoc

1930 2487 2100 2544 agere
2127 2471 2319 2543 palam
2348 2473 2546 2543 pudet,

2000 2563 2175 2618 VEns.
2207 2564 2259 2630 3,
2310 2563 2363 2617 4.
2397 2590 2469 2602 -
2502 2564 2749 2630 Cumque
2796 2566 3125 2618 surrezeisset
3165 2564 3234 2617 ab
3264 2566 3444 2634 ofﬁcio
3469 2566 3628 2631 fune-

1929 2653 2030 2713 ris,
2064 2653 2270 2706 locutus
2309 2654 2387 2705 est
2416 2650 2491 2704 ad
2517 2652 2658 2719 filios
2707 2653 2847 2706 Heth
2893 2652 3073 2706 dicens
3101 2668 3113 2706 :
3166 2652 3397 2707 Advena
3434 2669 3555 2708 sum
3585 2657 3636 2707 et

1926 2743 2249 2811 peregrinus
2279 2740 2430 2810 apud
2457 2756 2570 2806 vos,
2617 2740 2743 2793 date
2792 2742 2930 2795 mihi
2945 2742 3043 2809 jus
3072 2743 3311 2811 sepulcri
3340 2742 3636 2807 vobiscum,

1931 2834 1993 2883 ut
2028 2830 2287 2897 sepe-liam
2332 2834 2602 2883 mortuum
2644 2844 2836 2884 meum.
2872 2829 3178 2900 Surgimus
3225 2831 3293 2884 ab
3337 2833 3515 2899 ofﬁcio
3543 2830 3637 2894 fu-

1932 2920 2077 2972 neris
2107 2931 2239 2973 cum
2265 2916 2547 2989 erigimur
2578 2918 2636 2972 in
2676 2931 2831 2986 spem
2860 2918 3044 2974 venia:
3073 2926 3193 2987 post
3221 2919 3638 2975 exhibitionem

1934 3007 2325 3077 pmnitudinis.
2358 3006 2505 3061 Heth
2556 3006 2969 3075 interpretatur
2995 3008 3254 3075 formido,
3284 3008 3376 3064 vel
3424 3014 3633 3077 stupor.

1937 3094 2033 3146 Ad
2056 3093 2198 3162 ﬁlios
2230 3096 2368 3148 Heth
2399 3094 2715 3165 loquimur,
2749 3096 2890 3151 dum
2922 3110 3057 3151 cum
3097 3095 3308 3151 nostris
3344 3095 3636 3166 cogitatio-

1933 3181 2124 3248 nibus,
2157 3196 2289 3251 quae
2341 3181 2519 3237 veluti
2552 3182 2792 3252 quidam
2822 3183 2970 3239 fetus
3001 3183 3208 3239 mentis
3238 3192 3448 3241 nostra?
3478 3192 3637 3252 sunt,

1930 3277 2237 3339 postquam
2298 3270 2496 3325 divina
2543 3271 2848 3327 formidine
2901 3286 3019 3327 non
3077 3271 3264 3328 solum
3311 3279 3639 3344 tanguntur

1930 3360 2269 3426 introrsum,
2317 3359 2416 3415 sed
2464 3360 2637 3415 etiam
2689 3360 2828 3416 dum
2862 3367 3018 3417 terra
3061 3361 3339 3418 Chanaan
3387 3376 3509 3417 esse
3538 3377 3635 3435 ve-

1933 3455 2156 3516 rentur,
2213 3448 2268 3503 id
2313 3456 2397 3504 est
2441 3456 2717 3517 externae,
2765 3456 2821 3506 et
2868 3450 3055 3506 inutili
3087 3450 3400 3507 humilitati
3441 3453 3636 3521 parari

1932 3536 2252 3607 refugiunt,
2288 3552 2476 3608 usque
2524 3538 2598 3594 ad
2635 3546 2931 3609 stuporem
2987 3539 3242 3609 corporis
3287 3540 3394 3595 hoc
3434 3540 3637 3596 timore

1932 3624 2220 3692 feruntur,
2294 3625 2362 3681 de
2417 3634 2627 3681 nostra:
2695 3626 2899 3682 salutis
2954 3626 3182 3683 interna
3236 3628 3638 3684 commoditate

1932 3719 2267 3770 tractamus.
2310 3719 2411 3769 89
2442 3715 2691 3783 Advena,
2726 3715 2942 3786 inquit,
2972 3731 3093 3771 sum
3114 3717 3267 3786 apud
3296 3732 3408 3771 vos.
3440 3717 3638 3773 Adve-

1932 3816 2021 3857 nae
2052 3816 2276 3871 sumus,
2310 3802 2411 3873 qui
2444 3804 2779 3873 nuperrime
2811 3805 2881 3859 ad
2909 3818 3008 3860 cor
3037 3805 3313 3862 redimus.
3344 3805 3638 3877 Peregrini

1930 3906 2152 3959 sumus,
2202 3891 2304 3961 qui
2344 3891 2593 3947 necdum
2625 3892 2780 3947 intra
2809 3894 3180 3950 conscientiae
3210 3895 3402 3951 sinum
3436 3909 3640 3950 conse-

1932 3980 2142 4036 dimus.
2191 3979 2537 4050 Peregrinus
2565 3987 2757 4036 autem
2806 3994 2841 4036 a
2866 3982 3218 4051 peragrando
3267 3983 3500 4039 dicitur.
3539 3985 3641 4038 Jus

1932 4067 2172 4136 sepulcri
2194 4066 2268 4121 ab
2293 4067 2375 4121 eis
2403 4068 2569 4123 nobis
2587 4066 2892 4138 exigimus,
2925 4082 3060 4124 cum
3090 4068 3342 4125 debitam
3376 4070 3637 4140 requiem

1934 4156 2090 4211 intra
2142 4169 2247 4211 nos
2285 4154 2438 4225 ipsos
2475 4156 2548 4212 ab
2608 4156 2867 4227 ipsarum
2919 4157 3334 4228 cogitationum
3383 4158 3640 4215 naturali

1936 4243 2298 4301 turbulentia
2339 4243 2764 4315 conquirimus.
2797 4245 2902 4312 Qui
2945 4247 3287 4303 thesaurum
3333 4245 3637 4314 effodiunt,

1929 4334 2103 4405 juxta
2160 4332 2286 4401 Job,
2365 4334 2640 4403 gaudent,
2722 4349 2856 4391 cum
2914 4336 3243 4392 invenerint
3308 4336 3641 4406 sepulcrum

128 4435 240 4489 ceps
268 4420 710 4492 interpretatur,
755 4420 1026 4478 voluntas
1052 4420 1324 4491 superius
1348 4434 1382 4475 a
1412 4435 1503 4477 me
1537 4421 1826 4479 intellecta
1866 4446 1909 4502 ι)
1940 4422 2078 4493 (Job.
2113 4436 2194 4489 ιιι,
2241 4424 2332 4488 2t,
2362 4425 2474 4490 2‘2).
2506 4423 2577 4477 Et
2617 4423 2792 4494 juxta
2821 4424 2980 4481 hunc
3010 4432 3233 4496 typum,
3279 4425 3463 4482 Maria
3502 4424 3643 4482 foris

129 4506 504 4579 dignoscitur,
539 4523 606 4564 eo
642 4508 798 4580 quod
829 4509 1072 4565 rationis
1104 4510 1329 4566 imbuta
1366 4509 1621 4577 consilio,
1653 4512 1828 4571 totius

131 4596 285 4653 bona:
332 4597 689 4669 principium
734 4598 1066 4656 inveniatur
1103 4614 1226 4656 esse
1269 4599 1529 4656 actionis.
1564 4600 1669 4657 Per
1700 4617 1827 4656 cen-

132 4690 237 4740 tum
263 4689 469 4756 viginti
499 4692 698 4757 septem
742 4704 912 4743 annos
940 4686 1207 4759 perfectio
1246 4688 1497 4744 scientiae
1528 4702 1595 4746 ac
1633 4704 1830 4760 opera-

134 4774 293 4831 tionis
328 4777 702 4847 exprimitur.
745 4778 811 4832 ln
859 4778 1188 4834 centenario
1236 4793 1490 4848 namque
1539 4779 1828 4849 perfectio,

134 4862 191 4919 in
213 4864 525 4933 vicenario,
554 4864 653 4920 ubi
673 4865 933 4937 Decalogi
957 4866 1174 4936 species
1197 4866 1548 4937 geminatur,
1573 4868 1833 4924 doctrina

136 4958 187 5007 et
211 4954 501 5010 exsecutio
534 4953 745 5010 divinae
767 4954 907 5025 legis
930 4954 1311 5025 exprimitur;
1343 4970 1477 5025 quae
1510 4958 1591 5011 rei
1613 4956 1833 5012 utrius-

138 5056 242 5112 que
288 5043 562 5113 perfectio
610 5044 682 5100 ad
738 5045 1147 5113 septenarium,
1200 5045 1303 5115 qui
1351 5044 1700 5115 spiritualim
1750 5052 1836 5101 est

143 5130 320 5202 ﬁgura
350 5132 773 5189 charismatum
823 5132 1149 5201 deducitur,
1184 5133 1327 5203 quia
1363 5141 1598 5190 centum
1630 5133 1837 5205 viginti

143 5220 498 5279 credentibus
525 5222 669 5287 (Act.
711 5237 749 5289 ι,
785 5223 895 5292 15),
927 5222 1111 5278 sancti
1143 5222 1390 5292 Spiritus
1417 5224 1607 5293 gratia
1636 5222 1840 5293 illapsa

148 5310 534 5380 cognoscitur;
577 5311 883 5381 requiescit
916 5311 1070 5367 enim
1096 5325 1273 5381 super
1304 5311 1605 5378 humilem,
1636 5318 1692 5367 et
1721 5318 1840 5367 tre-

151 5405 381 5454 mentem
414 5412 708 5455 sermones
737 5400 837 5455 Dei
890 5398 1029 5458 (lsa.
1062 5414 1217 5469 va1,
1247 5402 1329 5470 2);
1366 5400 1470 5457 bos
1515 5400 1711 5471 itaque
1737 5400 1840 5470 qui

154 5483 328 5541 sciunt
350 5495 405 5542 et
433 5485 660 5542 faciunt
702 5486 949 5557 Spiritus
989 5487 1295 5555 inhabitat,
1326 5488 1645 5559 ﬁctumque
1684 5488 1841 5543 devi-

156 5577 245 5627 tat.
297 5573 633 5632 Secundum
676 5576 833 5646 quod
883 5575 1079 5647 itaque
1126 5576 1213 5631 his
1274 5576 1542 5632 inuuitur
1590 5577 1845 5631 numeris

156 5659 289 5719 vivit
318 5664 476 5734 Sara,
531 5663 676 5735 quia
718 5664 909 5721 taliter
937 5679 997 5721 se
1038 5665 1257 5722 habens
1286 5672 1436 5721 recte
1485 5663 1847 5735 principatur

1942 4511 2127 4583 plorat
2173 4509 2248 4566 ad
2294 4518 2742 4567 monumentum
2793 4514 2970 4580 (Joan.
3002 4527 3106 4582 xx,
3163 4516 3273 4581 tl).
3330 4514 3645 4585 Sepelimus

1939 4604 2231 4668 mortuum,
2277 4613 2410 4655 cum
2442 4599 2523 4655 nil
2568 4600 2628 4656 in
2662 4600 2774 4657 hoc
2801 4600 3020 4657 mundo
3052 4610 3380 4673 sperantem
3401 4604 3644 4674 jamque

1941 4689 2290 4746 cruciﬁxum
2334 4687 2485 4744 intra
2541 4689 2753 4745 mcenia
2807 4690 3048 4746 rationis
3093 4691 3462 4749 recondimus
3512 4693 3647 4748 ani-

1942 4792 2125 4835 mum.

2018 4866 2186 4922 Vnus.
2236 4867 2289 4931 5,
2321 4864 2375 4919 6.
2424 4894 2492 4904 —
2532 4864 3055 4936 Responderunlque
3096 4868 3207 4931 ﬁlii
3249 4867 3441 4923 Helh:
3493 4870 3648 4924 Audi

1943 4970 2060 5019 nos,
2108 4955 2365 5009 Domine?
2411 4955 2666 5023 Princeps
2720 4956 2826 5009 Dei
2872 4971 2925 5010 es
2980 4956 3133 5026 apud
3181 4973 3298 5024 nos,
3355 4961 3415 5013 in
3467 4961 3648 5016 electis

1943 5045 2208 5115 sepulcris
2254 5045 2459 5098 nostris
2495 5045 2663 5114 sepeli
2705 5051 2996 5113 mortuum,
3053 5052 3205 5102 tuum
3253 5049 3545 5118 nullusque
3585 5049 3651 5104 'te

1942 5132 2231 5204 prohibere
2282 5135 2503 5201 poterit,
2572 5136 2708 5202 quin
2754 5137 2814 5189 in
2861 5142 3197 5190 monumento
3256 5135 3373 5207 ejus
3422 5140 3651 5208 sepelias

1946 5226 2219 5277 mortuum
2264 5225 2435 5276 tuum.
2480 5222 2607 5276 Filii
2644 5223 2785 5277 Heth
2830 5222 3074 5278 Abrahae
3115 5224 3480 5294 respondent,
3518 5239 3652 5282 cum

1949 5309 2323 5381 cogitationes
2380 5310 2593 5366 timida:
2664 5311 2898 5368 consilio
2987 5313 3227 5368 rationis
3296 5316 3651 5385 aggaudent.

1952 5398 2132 5466 Audi,
2179 5398 2472 5468 inquiunt,
2530 5413 2647 5463 nos,
2688 5402 2929 5468 Domine,
2973 5401 3029 5455 id
3060 5409 3144 5456 est
3192 5402 3657 5459 iutellcctualiter

1953 5502 2057 5544 nos
2086 5486 2362 5542 discerne.
2401 5487 2764 5558 Principatus
2794 5490 2945 5545 enim
2979 5491 3077 5545 Dei
3123 5490 3278 5545 vices
3331 5491 3390 5546 in
3447 5491 3658 5547 nostris

1957 5575 2326 5632 interioribus
2359 5578 2500 5647 agis,
2558 5578 2712 5633 unde
2742 5586 2797 5634 et
2843 5580 2899 5633 in
2938 5580 3234 5650 Apocalysi
3268 5595 3402 5636 cum
3434 5581 3546 5636 Deo
3600 5582 3655 5636 in

1958 5666 2188 5734 throno,
2241 5664 2294 5720 id
2341 5674 2425 5721 est
2461 5665 2775 5735 judiciaria
2808 5676 3100 5737 potestate,
3137 5669 3418 5724 vincendo
3467 5669 3661 5725 sedere
