3956 6464
325 404 426 460 175

1274 399 1338 453 V.
1380 395 1716 457 GUIBERTI
1753 397 2044 456 ABBATIS
2080 399 2136 456 S.
2180 391 2417 454 MARle
2457 397 2545 452 DE
2584 392 2980 452 NOVIGENTO

3735 393 3837 449 176

320 532 662 607 permitteris
690 533 887 605 (Apoc.
923 546 1002 599 ιιι,
1052 531 1166 602 21),
1209 531 1350 587 dum
1395 531 1559 586 utilia
1603 531 1896 601 noxiaque
1941 531 2018 586 di-
2054 536 2102 588 Α
2133 529 2284 586 intra
2331 535 2490 598 septa
2537 525 2896 582 conscientiae
2951 532 3167 581 statum
3221 524 3400 581 animi
3446 524 3566 596 jam
3618 525 3840 582 szeculo

321 625 492 679 vidis.
551 623 744 678 Electa
794 621 1085 691 sepulcra,
1128 620 1344 690 quibus
1389 619 1697 690 sepelimus
1749 626 2019 674 mortuum

324 713 526 768 activae
571 719 655 767 est
712 718 768 766 et
824 708 1281 778 contemplatisz
1347 709 1476 763 vitae
1538 717 1840 775 secretum,
1893 707 2020 763 licet

326 815 574 872 qumque
621 801 736 855 alia
774 800 962 855 virtus
1014 797 1345 868 sepulcrum
1393 797 1502 852 dici
1550 798 1742 866 possit,
1794 811 1913 867 qua
1961 812 2020 852 se

326 889 576 958 quisque
633 903 667 942 a
718 887 987 943 vitiorum
1038 886 1386 942 tumultibus
1438 883 1758 940 abscondit.
1813 884 1890 950 Si,
1926 885 2020 940 in-

328 976 560 1046 quiunt,
594 990 727 1032 cum
766 977 878 1031 Deo
925 975 1176 1030 sentiens
1217 974 1532 1045 principari
1580 973 1829 1043 legitime
1876 974 2024 1029 inter

325 1079 429 1120 nos
495 1065 766 1132 volueris,
847 1066 1031 1118 nullus
1093 1069 1142 1117 te
1207 1065 1494 1134 prohibere
1572 1065 1774 1132 poterit
1831 1069 2022 1117 motus

325 1153 535 1219 carnis,
595 1152 736 1222 quia
783 1153 979 1222 sopitis
1028 1151 1444 1220 cogitationum
1501 1151 1777 1220 pestibus,
1837 1164 2025 1206 neces-

327 1242 478 1296 sario
531 1241 652 1311 jam
695 1256 811 1296 non
865 1241 974 1296 erit
1035 1239 1281 1308 perversi
1336 1239 1596 1294 molestia
1643 1246 1828 1304 actus,
1890 1253 2022 1308 quae

326 1331 637 1399 przepediat
704 1331 764 1382 in
813 1334 1149 1382 monumento
1203 1333 1475 1381 mortuum
1529 1341 1760 1396 ponere,
1824 1326 1881 1381 id
1938 1334 2024 1382 est

326 1419 478 1473 intra
509 1417 842 1473 memoriam
889 1417 961 1471 ad
1003 1417 1440 1472 incitamentum
1492 1415 1857 1484 paenitentia,
1909 1429 2024 1470 non

326 1506 396 1562 ad
428 1505 843 1561 refricationem
876 1505 1108 1560 malitiae
1157 1503 1372 1573 peccati
1414 1502 1702 1558 licentiam
1741 1515 2021 1557 coercere.

326 1595 764 1650 Monumentum
819 1602 1012 1648 autem
1074 1606 1108 1647 a
1146 1591 1424 1658 monendo,
1483 1591 1649 1660 quasi
1703 1591 2026 1645 monimen—

328 1690 450 1737 tum
510 1682 740 1737 dicitur.
798 1683 1098 1736 Peccatum
1155 1693 1287 1734 vero
1333 1687 1629 1734 mortuum
1681 1678 1944 1746 dicimus,
1993 1693 2027 1733 a

328 1770 498 1839 cujus
529 1770 949 1839 perpetratione
979 1766 1296 1822 delicimus.

404 1857 574 1914 Vens.
605 1860 659 1922 7,
711 1860 765 1920 8,
806 1860 857 1911 9.
910 1887 978 1894 —
1021 1857 1277 1911 Surrexit
1327 1856 1635 1920 Abraham,
1681 1861 1730 1908 et
1770 1855 2024 1910 adoravit

331 1947 586 2015 populum
649 1951 822 2009 terrae,
885 1947 1026 2014 ﬁlios
1091 1944 1338 1998 videlicet
1399 1945 1561 2010 Hetli,
1631 1944 1887 2014 discitque
1953 1943 2029 1998 ad

330 2050 450 2089 eos:
503 2035 563 2089 Si
611 2037 790 2103 placet
844 2037 1038 2087 anima:
1086 2038 1297 2096 vestra,
1346 2038 1406 2087 ut
1453 2033 1710 2102 sepeliam
1757 2039 2028 2086 mortuum

330 2139 523 2188 meum,
575 2123 760 2176 audite
797 2138 895 2188 me,
951 2127 1001 2175 et
1044 2121 1363 2176 intercedite
1401 2122 1553 2190 apud
1585 2123 1808 2191 Ephron
1854 2123 2029 2190 [ilium

333 2213 480 2278 Seor,
535 2217 596 2265 ut
642 2211 731 2264 det
769 2211 908 2263 mihi
954 2211 1267 2278 speluncam
1311 2209 1604 2278 duplicem,
1655 2225 1817 2277 quam
1863 2209 2028 2262 habet

331 2302 391 2352 in
436 2303 678 2353 extrema
723 2303 883 2367 parte
920 2299 1048 2368 agri
1101 2301 1209 2351 sui.
1249 2300 1326 2352 Do
1363 2299 1415 2350 ei
1463 2301 1750 2366 pecuniam
1778 2297 2024 2368 dignam,

335 2387 521 2440 tradat
569 2385 688 2457 [al.,
739 2389 972 2455 pecunia
1017 2385 1189 2453 digna
1227 2383 1432 2456 tradat]
1488 2385 1626 2438 mihi
1676 2401 1796 2439 eam
1849 2401 2028 2439 coram

331 2476 482 2529 vobis
552 2475 612 2528 in
681 2477 1067 2544 possessionem
1120 2474 1411 2542 sepulchri.
1469 2474 1761 2527 Abraham
1818 2474 2024 2544 surgit,

331 2578 465 2618 cum
513 2563 583 2617 de
625 2562 1038 2633 cogitationum
1086 2575 1324 2616 assensu
1377 2561 1433 2615 in
1481 2575 1638 2630 spem
1687 2560 2028 2631 arripiendae

332 2650 649 2706 sanctitatis
725 2650 1046 2706 intellectus
1105 2663 1164 2704 se
1230 2650 1419 2720 erigit.
1492 2649 1705 2705 Adorat
1765 2652 2028 2719 populum

336 2746 512 2806 terrae,
572 2753 704 2794 cum
761 2738 1061 2794 devotione
1118 2738 1323 2793 humili
1377 2737 1591 2806 excipit
1643 2738 2027 2794 obedientiam

2127 618 2418 674 cruciﬁxi.

2199 708 2369 763 Vens.
2411 709 2495 772 10,
2531 708 2616 760 11.
2666 735 2734 743 —
2776 703 3076 758 Habilabat
3121 710 3303 758 autem
3336 705 3570 774 Ephron
3617 707 3678 757 in
3725 719 3844 758 me-

2127 797 2219 850 dio
2245 798 2483 866 ﬁliorum
2513 795 2665 849 "eth.
2725 793 3128 862 Responditque
3157 795 3380 862 Ephron
3419 793 3496 847 ad
3524 793 3843 858 Abraham,

2129 888 2335 939 cunctis
2385 883 2751 947 audientibus,
2801 883 2898 950 qui
2934 881 3386 948 ingrediebantur
3431 887 3652 951 portam
3697 884 3847 936 civi-

2130 976 2262 1030 tatis
2305 971 2422 1042 ejus
2467 972 2683 1025 dicens:
2748 972 3105 1039 Nequaquam
3163 972 3247 1023 ita
3291 972 3411 1038 ﬁat,
3463 973 3690 1024 Domine
3739 972 3846 1037 mi,

2129 1062 2224 1116 sed
2283 1063 2460 1131 magis
2524 1060 2771 1113 ausculta
2837 1058 2983 1127 quod
3038 1059 3263 1126 loquor:
3321 1061 3534 1127 Agrum
3611 1059 3847 1112 tradam

2129 1152 2250 1214 tibi,
2296 1155 2348 1205 et
2384 1151 2689 1218 speluncam
2732 1163 2852 1216 quae
2894 1149 2953 1200 in
2999 1162 3056 1200 eo
3108 1151 3205 1212 est,
3265 1148 3626 1216 praesentibus
3675 1147 3836 1216 ﬁliis

2129 1240 2320 1309 pepuli
2371 1241 2496 1305 mei,
2553 1238 2717 1305 sepeli
2772 1241 3042 1290 mortuum
3091 1239 3262 1289 tuum.
3312 1236 3468 1290 Inter
3511 1235 3658 1290 filios
3687 1235 3846 1290 Helh

2131 1328 2365 1396 Ephrcn
2435 1325 2673 1391 habitat,
2738 1339 2871 1380 cum
2927 1322 3370 1394 cogitationibus
3427 1331 3584 1378 metu
3634 1323 3846 1378 divino

2131 1415 2476 1480 conterritis,
2536 1415 2774 1469 allectus
2827 1420 3018 1468 noster
3070 1412 3170 1482 qui
3232 1427 3347 1467 non
3405 1413 3479 1468 ab
3523 1427 3586 1468 re
3642 1413 3847 1482 pulvis

2131 1505 2343 1559 dicitur
2401 1503 2642 1566 inutilis,
2691 1501 2858 1571 quasi
2915 1499 3166 1570 quodam
3222 1501 3510 1570 spirituali
3566 1501 3842 1566 humore,

2135 1593 2256 1662 ipsa
2283 1593 2480 1647 eadem
2511 1591 2811 1646 formidine
2859 1590 2929 1645 ad
2959 1603 3162 1644 earum
3193 1589 3535 1645 sententiam
3573 1604 3634 1645 se
3667 1591 3848 1645 strin-

2134 1682 2214 1751 git
2251 1689 2306 1737 et
2354 1681 2579 1736 solidat.
2637 1678 3016 1749 Cogitationes
3071 1685 3263 1733 autem
3309 1679 3452 1733 filios
3509 1692 3675 1747 posse
3727 1678 3847 1733 dici

2134 1784 2208 1824 ex
2256 1770 2532 1840 sapientis
2583 1768 2754 1823 verbo
2799 1767 3146 1835 colligimus,
3193 1767 3296 1836 qui
3329 1766 3576 1835 vipereis
3607 1766 3848 1835 negita-

2062 1827 2106 1882 Β
2138 1859 2315 1914 tiones
2355 1859 2663 1913 stultorum
2714 1855 3180 1926 generationibus
3210 1862 3528 1923 comparat,
3561 1864 3847 1920 mentem,

2136 1949 2235 2012 ait,
2265 1947 2590 2010 comedunt,
2628 1953 2867 2000 matrem
2899 1957 3085 1998 suam.
3124 1943 3186 1997 In
3218 1943 3405 1998 medio
3434 1957 3568 1997 vero
3601 1944 3847 2012 Ephron

2137 2036 2374 2098 habitat,
2409 2035 2551 2105 quia
2603 2033 2810 2088 rationi
2841 2032 3092 2086 innitens
3131 2038 3324 2086 noster
3353 2029 3594 2086 affectus
3634 2031 3847 2086 iisdem

2135 2123 2580 2193 cogitationibus
2636 2134 2704 2176 ac
2758 2121 2802 2175 si
2858 2121 2980 2174 dux
3040 2119 3254 2189 aliquis
3303 2119 3584 2174 militibus
3615 2119 3847 2174 utiliter

2127 2212 2250 2282 jam
2283 2226 2340 2267 se
2388 2211 2594 2276 munit,
2640 2217 2695 2265 et
2725 2209 3022 2278 constipat.
3050 2208 3285 2277 Ephron
3313 2207 3562 2262 Abrahze
3595 2222 3845 2278 respon-

2133 2302 2236 2367 dit,
2286 2315 2418 2356 cum
2453 2298 2690 2355 aliectus
2720 2299 2957 2353 rationis
3008 2295 3224 2352 monita
3254 2305 3552 2367 gratanter
3593 2298 3841 2367 accepit.

2132 2390 2238 2457 Qui
2295 2389 2708 2459 ingrediuntur
2778 2393 2998 2456 portam
3059 2385 3311 2441 civitatis
3366 2385 3639 2450 audiunt,
3700 2400 3843 2441 cum

2135 2478 2390 2534 universi
2439 2475 2718 2531 animales
2747 2475 2924 2530 nostri
2959 2474 3226 2544 impetus,
3267 2474 3367 2544 qui
3413 2474 3676 2530 timorem
3712 2475 3839 2540 Dei,

2135 2569 2237 2637 qui
2306 2575 2464 2636 porta
2520 2565 2592 2619 ad
2645 2565 2844 2628 Deum,
2905 2570 2960 2618 et
3007 2563 3077 2617 ad
3137 2567 3240 2616 oo
3293 2562 3482 2618 cordis
3535 2564 3841 2619 civitatem

2137 2653 2512 2710 redeuntibus
2561 2660 2663 2717 est,
2725 2651 3130 2720 experiuntur,
3195 2649 3478 2720 proposito
3537 2650 3844 2721 religionis

2134 2741 2426 2797 obcdiunt.
2474 2743 2851 2810 Nequaquam,
2908 2739 3006 2805 ait,
3064 2741 3304 2804 Domine,
3342 2739 3595 2794 scientiae
3642 2753 3841 2808 opero-

333 2827 696 2896 cogitationis
749 2827 869 2897 jam
927 2825 1142 2881 solidae.
1215 2827 1292 2892 Si,
1349 2825 1555 2895 inquit,
1601 2827 1779 2894 placet
1835 2829 2031 2881 anim
2135 2832 2256 2897 sius
2288 2830 2428 2884 mihi
2459 2827 2925 2884 commendandze
2955 2826 3383 2896 Scripturarum
3417 2826 3665 2892 insistas,
3695 2829 3840 2898 quia

332 2923 541 2982 vestrz,
581 2915 634 2970 id
665 2925 745 2970 est
786 2915 922 2970 huic
953 2915 1059 2984 piae
1089 2914 1439 2970 animositati
1473 2922 1692 2982 vestrae,
1728 2928 1847 2984 qua
1875 2914 2028 2970 desi-

334 3004 560 3059 derium
589 3011 800 3058 sauctze
845 3002 1298 3058 conversationis
1341 3002 1652 3070 aspirastis,
1694 3010 1820 3057 uta
1866 3016 2026 3072 pres-

2137 2919 2183 2972 si
2243 2917 2438 2973 nullus
2493 2923 2659 2982 esset,
2715 2914 2817 2985 qui
2875 2929 2963 2969 me
3003 2922 3281 2980 moneret,
3332 2928 3519 2970 sermo
3572 2915 3838 2978 divinus.

2137 3005 2296 3060 nullo
2343 3005 2510 3060 modo
2542 3011 2730 3059 tamen
2763 3003 2988 3072 tepidus
3021 3003 3258 3071 reperiri
3291 3017 3510 3072 possem
3540 3017 3683 3074 erga
3742 3005 3839 3058 Dei

335 3093 488 3146 suris
543 3091 865 3146 forensibus
918 3090 1140 3146 foveam
1200 3091 1487 3155 animum,
1554 3091 1742 3144 audite
1796 3106 1896 3157 me,
1957 3090 2026 3146 ad
2067 3093 2461 3181 Cvoluntates
2511 3089 2927 3160 exsequendas.
2975 3090 3135 3144 Talia
3185 3091 3528 3161 cogitamus,
3579 3106 3716 3148 cum
3766 3093 3838 3147 ad

337 3194 527 3235 meum
583 3179 969 3248 obtemperate
1022 3177 1351 3248 imperium,
1401 3184 1452 3232 et
1507 3179 1824 3233 intercedite
1879 3179 2030 3248 apud

335 3270 578 3339 Ephron,
611 3269 663 3324 id
715 3276 800 3323 est
856 3267 1008 3337 agite
1064 3282 1197 3322 cum
1229 3265 1439 3322 affectu
1490 3275 1696 3335 vestro,
1739 3267 1840 3337 qui
1901 3275 2026 3324 tan-

337 3371 513 3426 quam
574 3357 762 3426 pulvis
817 3355 1038 3410 inutilis
1095 3355 1380 3425 superbize
1414 3363 1580 3410 vento
1609 3369 1644 3410 a
1690 3355 2026 3410 facieterrte

338 3444 654 3514 projicitur,
710 3450 1000 3513 quatenus
1057 3444 1146 3496 det
1192 3442 1332 3496 mihi
1385 3444 1694 3510 speluncam
1737 3443 2025 3512 duplicem,

337 3532 627 3602 permittat
686 3530 896 3586 scilicet
952 3530 1210 3586 obtinere
1259 3531 1673 3598 sensualitatis,
1726 3538 1781 3586 et
1833 3529 2030 3601 imagi-

334 3620 584 3675 nationis
622 3619 909 3690 geminam
963 3631 1198 3674 caveam
1253 3617 1411 3672 ferali
1453 3617 1707 3688 quadam
1747 3618 2027 3689 [aviditate

334 3707 507 3762 rebus
537 3706 821 3776 corporeis
852 3704 1185 3772 inhiantem,
1239 3704 1457 3761 nullius
1495 3705 1812 3776 spiritualis
1849 3708 2027 3762 scien-

335 3795 426 3852 tiae
480 3807 769 3864 capacem.
829 3793 1067 3863 prron
1125 3801 1316 3849 autem
1386 3794 1796 3864 interpretatur
1843 3796 2024 3863 pulvis

332 3885 563 3949 inutilis,
597 3881 654 3936 in
695 3896 812 3952 quo
852 3881 1092 3937 affectus
1132 3882 1436 3938 instabilis.
1467 3883 1520 3937 Is
1547 3891 1630 3938 est
1675 3884 1734 3936 in
1783 3889 2025 3938 extrema

329 3977 488 4041 parte
535 3973 680 4039 agri,
729 3971 786 4026 in
835 3970 924 4026 his
957 3971 1160 4041 utique
1193 3986 1326 4042 quin
1354 3971 1716 4028 extrinsecus
1761 3973 2024 4043 adjacent

329 4060 572 4130 corpori.
617 4063 770 4130 Ager
815 4066 1009 4116 autem
1053 4073 1263 4130 corpus
1304 4067 1389 4116 est
1427 4059 1807 4116 excolendum
1836 4061 2022 4118 cultro

329 4147 565 4219 ingenii.
624 4152 701 4203 Do
751 4152 800 4202 ei
864 4151 1152 4217 pecuniam
1217 4148 1464 4216 dignam,
1535 4149 1738 4204 vinum
1809 4151 2022 4206 scilicet

330 4237 493 4304 illud,
525 4237 681 4307 quod
737 4239 793 4292 in
849 4236 1096 4292 Canticis
1123 4235 1355 4301 dicitur,
1406 4235 1574 4292 dulce
1621 4237 1810 4293 dilecti
1855 4237 2021 4294 labiis

327 4325 400 4380 ad
428 4325 866 4392 ruminandnm,
895 4334 948 4380 et
979 4324 1200 4394 gutturi
1239 4325 1366 4396 ejus
1391 4340 1663 4394 saporum
1699 4329 1873 4394 (Cant.
1915 4342 2014 4392 vn,

2140 3187 2364 3250 tempus
2426 3177 2708 3248 spirituali
2757 3177 3034 3232 desiderio
3077 3175 3452 3232 atfectualiter
3499 3178 3838 3234 inflamma-

2139 3283 2290 3325 mur.
2363 3268 2523 3324 Unde
2568 3265 2836 3322 additur:
2897 3266 3161 3320 Ausculta
3225 3265 3371 3334 quod
3424 3268 3636 3334 loquor,
3695 3269 3838 3338 quia

2138 3357 2319 3413 multo
2365 3355 2642 3424 ampliora
2688 3355 2950 3424 proponit
2984 3353 3308 3424 aliquoties,
3350 3355 3493 3410 dum
3522 3356 3595 3410 ad
3630 3356 3837 3412 horam

2135 3445 2354 3500 novitia
2383 3443 2563 3498 fervet
2621 3440 2863 3506 affectio,
2899 3455 3077 3511 quam
3129 3441 3266 3497 velit
3303 3443 3541 3512 aggredi
3589 3443 3834 3514 spiritus

2137 3533 2314 3603 hujus
2359 3531 2550 3587 nimiae
2598 3529 2912 3586 alacritatis
2939 3530 3284 3585 moderator.
3339 3532 3572 3598 Agrum,
3613 3531 3831 3602 inquit,

2133 3618 2388 3688 corporis
2443 3626 2540 3672 tuo
2591 3615 3061 3687 irrefragabiliter
3131 3615 3251 3686 juri
3312 3617 3636 3688 subjiciam.
3697 3634 3831 3675 sen-

2135 3706 2436 3771 sualitatis,
2496 3719 2562 3760 ac
2618 3704 3049 3775 imaginalitatis
3079 3704 3368 3775 geminam
3420 3708 3828 3776 capacitatem,

2131 3797 2442 3864 speluncam
2493 3793 2696 3864 utique
2748 3792 3034 3862 duplicem
3083 3795 3398 3850 attribuam
3443 3795 3833 3862 praesentibus

2134 3884 2286 3948 filiis,
2343 3883 2399 3938 id
2451 3889 2535 3937 est
2585 3880 3048 3952 cogitationibus,
3095 3895 3212 3937 non
3261 3883 3382 3952 jam
3439 3882 3513 3938 ab
3568 3883 3831 3940 interiori

2132 3987 2240 4029 sua
2291 3971 2611 4028 oberrando
2653 3984 2794 4026 cura
2840 3971 3090 4039 remotis,
3123 3972 3221 4027 sed
3270 3971 3343 4026 ad
3377 3971 3538 4042 pium
3569 3972 3830 4030 officium

2132 4061 2454 4118 astantibus
2481 4067 2536 4116 et
2564 4059 2804 4115 devotis.

2202 4149 2374 4207 Vens.
2419 4151 2505 4213 12,
2541 4150 2625 4213 13,
2665 4149 2744 4216 lli,
2795 4149 2879 4202 15.
2921 4178 2990 4186 -
3028 4147 3294 4202 Adoravit
3320 4149 3604 4204 Abraham
3641 4165 3830 4205 coram

2125 4237 2330 4308 populo
2368 4242 2544 4302 terrae,
2593 4242 2642 4290 et
2675 4237 2882 4290 locutus
2928 4241 3008 4290 est
3050 4236 3127 4290 ad
3169 4237 3392 4306 Ephron
3439 4240 3831 4294 circumstante

2128 4327 2313 4396 plebe:
2366 4326 2556 4390 Quaeso
2610 4327 2671 4378 ut
2735 4323 2933 4378 audias
2999 4340 3121 4387 me;
3171 4325 3312 4379 dabo
3366 4333 3654 4394 pecuniam
3726 4342 3830 4398 pro

325 4412 406 4482 9),
436 4413 732 4468 scientiam
775 4411 976 4482 utique
1019 4411 1450 4481 Scripturarum
1497 4413 1652 4469 omni
1700 4414 2016 4484 diligentia,
2059 4423 2104 4478 1)
2133 4428 2286 4481 agro,
2327 4414 2536 4480 suscipe
2571 4426 2708 4477 eam,
2751 4416 2801 4464 et
2844 4413 2922 4464 sic
2953 4413 3210 4479 sepeliam
3248 4418 3518 4466 mortuum
3551 4429 3730 4468 meum
3769 4416 3828 4468 in

325 4509 382 4557 et
438 4501 804 4556 meditatione
850 4499 1088 4571 dignam
1122 4500 1173 4556 ei
1225 4501 1584 4558 administro.
1621 4502 1770 4558 Huic
1814 4504 2020 4572 spretis

324 4589 704 4645 saecularibus
754 4589 930 4654 curis,
981 4588 1401 4660 multiplicibus
1446 4590 1783 4646 interiorum
1836 4606 2015 4662 nego-

323 4680 532 4735 tiorum
595 4678 1046 4748 impensionibus
1099 4679 1568 4750 augmentandee,
1625 4688 1680 4736 et
1710 4679 1826 4735 huc
1859 4681 2018 4736 illuc-

321 4782 435 4838 que
471 4783 586 4823 non
611 4767 976 4835 continendo,
1008 4767 1105 4824 sed
1134 4767 1426 4838 eroganda
1465 4767 1797 4836 dilatandae,
1827 4768 2015 4824 inten-

319 4855 455 4911 dere
511 4863 905 4926 opportunum
978 4869 1202 4925 semper
1253 4863 1336 4912 est
1387 4863 1444 4911 et
1507 4855 1739 4912 salubre
1785 4855 2014 4914 aliectui

318 4951 530 5000 nostro.
567 4947 756 5000 Coram
803 4945 954 4998 vobis
1000 4960 1119 4998 eam
1145 4946 1286 4998 mihi
1315 4945 1504 4998 tradat
1541 4948 1599 4998 in
1630 4947 2014 5014 possessionem

315 5032 578 5102 sepulcri,
637 5031 897 5088 videlicet
953 5047 1086 5087 cum
1138 5046 1314 5088 sacrze
1367 5033 1592 5104 paginae
1649 5035 1947 5102 pecuniam
1979 5047 2014 5090 a

315 5135 408 5174 me
437 5120 754 5176 curandam
797 5120 1378 5192 pertractandamque
1425 5122 1758 5192 susceperit,
1813 5130 1874 5178 ut
1918 5123 2014 5178 in-

315 5207 626 5265 terioribus
681 5207 860 5264 lucris
904 5209 1150 5276 studeat,
1184 5224 1318 5266 cum
1372 5211 1446 5266 ab
1483 5210 1868 5266 exterioribus
1909 5224 2011 5267 va-

312 5310 444 5353 care
519 5297 768 5366 cmperit,
848 5295 966 5366 ipse
1040 5297 1328 5367 appetitus
1399 5299 1688 5368 quondam
1763 5300 2012 5356 carnalis

310 5387 451 5439 mihi
509 5400 626 5440 eam
674 5385 881 5451 tradat,
941 5386 1083 5442 mihi
1122 5386 1336 5442 scilicet
1390 5386 1600 5442 habere
1631 5387 1842 5444 volenti
1883 5403 2010 5456 spe—

309 5476 526 5529 luncam
581 5474 852 5544 duplicem
903 5475 1240 5532 nullatenus
1283 5475 1656 5542 contradicat,
1689 5491 1870 5530 coram
1916 5491 2008 5530 vo-

309 5562 396 5617 bis
432 5563 775 5620 assentiente
824 5563 1030 5634 utique
1091 5561 1366 5618 universo
1423 5568 1584 5617 motu
1626 5563 2006 5634 cogitationis,

2126 4517 2204 4556 eo.
2233 4499 2538 4570 Respondit
2569 4500 2832 4569 Ephron:
2871 4499 3094 4552 Domine
3123 4501 3219 4566 mi,
3253 4500 3407 4554 audi.
3450 4501 3621 4554 Terra
3655 4518 3825 4572 quam

2122 4590 2370 4660 postulas
2414 4587 2833 4660 quadringentis
2882 4590 3099 4654 argenti
3136 4589 3288 4644 siclis
3335 4589 3507 4653 valet;
3547 4592 3705 4647 istud
3748 4595 3826 4644 est

2120 4681 2359 4748 pretium
2397 4681 2542 4731 inter
2573 4693 2673 4743 me,
2718 4681 2770 4730 et
2797 4682 2866 4740 te,
2916 4675 3011 4729 sed
3041 4683 3306 4744 quantum
3347 4683 3426 4730 est
3456 4678 3591 4732 hoc?
3637 4679 3825 4748 Sepeli

2121 4771 2394 4822 mortuum
2424 4772 2594 4820 tuum.
2636 4765 2924 4818 Abraham
2967 4779 3148 4819 coram
3174 4766 3374 4834 populo
3404 4769 3560 4820 terra
3591 4767 3818 4832 adorat,

2122 4869 2258 4912 cum
2313 4853 2722 4925 cogitationum
2761 4852 2933 4909 turba
2964 4866 2999 4908 a
3043 4867 3152 4909 sua
3179 4853 3532 4924 dispersione
3564 4868 3817 4921 reversa,

2121 4950 2178 5000 et
2205 4943 2276 4998 ad
2325 4956 2511 4998 unum
2537 4949 2751 5008 coacta,
2783 4949 2838 4997 et
2867 4941 3290 5010 quodammodo
3337 4941 3445 4998 sibi
3478 4943 3584 5012 ipsi
3623 4957 3817 5000 coram

2121 5031 2288 5096 facta,
2323 5045 2496 5100 penes
2542 5031 2722 5086 Deum
2753 5030 2900 5086 ratio
2936 5043 3056 5087 sese
3101 5031 3385 5087 humiliat.
3439 5031 3599 5088 Unde
3627 5040 3685 5088 et
3717 5047 3818 5104 po-

2121 5120 2296 5190 pulus
2363 5128 2530 5176 terrae
2583 5120 2817 5188 dicitur,
2885 5133 3017 5174 cum
3076 5120 3432 5190 cogitatuum
3487 5128 3817 5177 nostrorum

2119 5207 2408 5264 mobilitas
2463 5207 2534 5262 ad
2591 5208 2830 5262 modum
2883 5214 3051 5262 terrae
3104 5207 3449 5278 aliquandiu
3504 5208 3812 5276 stabiliter,

2118 5303 2175 5350 et
2225 5295 2348 5352 haec
2405 5295 2563 5364 plebs
2609 5295 2969 5362 circumstat,
3022 5296 3159 5352 dum
3221 5297 3512 5353 Abraham
3576 5299 3812 5368 Ephron

2119 5383 2396 5453 loquitur,
2455 5383 2596 5454 quia
2652 5383 2921 5454 cogitatio
2973 5384 3031 5438 in
3079 5398 3200 5440 sure
3237 5385 3464 5442 fervore
3498 5386 3814 5442 devotionis

2118 5471 2429 5527 constituta
2465 5472 2792 5538 circumest,
2843 5472 2983 5528 dum
3012 5486 3120 5528 sua
3149 5472 3356 5530 intima
3386 5474 3647 5544 undique
3679 5489 3812 5546 pro-

2117 5560 2242 5616 vide
2290 5559 2498 5627 munit,
2534 5575 2640 5616 nec
2687 5575 2747 5616 se
2796 5574 2829 5616 a
2885 5561 3124 5618 rationis
3167 5563 3401 5620 oraculo
3438 5563 3663 5632 dividit,
3705 5569 3810 5620 stat

306 5652 366 5704 in
387 5653 771 5718 possessionem
801 5651 1061 5720 sepulcri,
1092 5656 1156 5705 ut
1186 5649 1352 5704 liceat
1392 5647 1452 5704 in
1498 5655 1621 5704 tuto
1665 5663 2007 5705 conservare
2113 5662 2370 5720 quoque,
2423 5648 2564 5705 dum
2612 5649 2685 5706 ad
2730 5649 3018 5720 quoslibet
3049 5651 3324 5708 vitiorum
3355 5651 3610 5708 assultus
3639 5652 3805 5724 spiri-
