3956 6440
126 387 227 437 177

1361 382 1729 440 MORALIUM
1770 383 1838 438 IN
1876 384 2175 443 GENESIN
2216 385 2349 442 LIB.
2392 386 2480 441 νι.

3560 396 3660 449 178

121 522 210 575 tui
264 522 505 576 obedire
544 528 600 577 et
637 528 853 576 certare
916 528 1117 591 parata
1168 518 1446 575 consistit.
1498 521 1595 576 Est
1645 522 1818 588 enim,
1859 523 2015 578 Aest
2048 524 2308 581 omnium
2341 524 2625 581 veritatis.
2684 526 2770 581 Ad
2830 526 2984 582 hanc
3017 535 3134 583 tota
3181 529 3298 585 Lex
3334 531 3564 600 pendet,
3598 541 3656 589 et

118 609 299 678 quasi
355 609 658 679 proprium
695 615 846 665 stare
901 608 1184 664 certantis.
1218 609 1426 674 Quaso,
1482 609 1580 674 ait,
1634 624 1704 664 ne
1740 618 1838 665 tuo

118 698 409 753 moderno
458 698 637 754 calori
689 698 937 754 nimium
1008 697 1170 763 fidas,
1232 711 1449 766 precor,
1501 698 1721 763 audias,
1780 698 1836 754 id

115 794 204 841 est
236 786 462 842 discere
492 801 565 842 ne
622 800 851 849 renuas,
895 785 1062 841 velox
1094 785 1164 841 ad
1210 786 1566 843 audiendum
1596 788 1833 853 existas,

115 875 248 930 sine
282 874 603 945 Scriptura
632 874 974 931 documento
1005 874 1085 930 nil
1109 889 1271 944 posse
1304 883 1353 931 te
1383 875 1569 931 facere
1611 876 1833 943 credas,

116 964 279 1019 hanc
310 979 455 1035 ergo
487 979 590 1034 pro
629 978 772 1034 agro
801 963 1078 1034 excipias,
1134 972 1197 1020 ut
1242 979 1356 1020 non
1389 964 1447 1019 in
1499 965 1733 1036 agresti,
1767 979 1835 1021 ac

113 1052 301 1108 sterili
365 1052 623 1122 corporis
685 1052 869 1115 cultu.
916 1053 1014 1108 sed
1076 1053 1145 1108 de
1200 1052 1522 1123 spiritualis
1572 1053 1833 1123 pecunia

114 1142 438 1211 gratuleris
469 1150 765 1212 provectu.
799 1141 1001 1209 Siclus,
1038 1142 1213 1212 juxta
1242 1144 1398 1212 quod
1454 1143 1685 1213 legitur,
1739 1142 1832 1197 vi-

112 1230 263 1300 ginti
298 1230 495 1286 obolos
540 1231 742 1301 habet;
778 1230 983 1286 obolus
1014 1245 1150 1285 vero
1201 1245 1236 1286 a
1274 1230 1655 1287 similitudine
1682 1232 1828 1288 obeli

112 1320 356 1385 dicitur,
384 1321 539 1390 quod
571 1328 655 1376 est
686 1321 930 1391 sagitta;
966 1320 1185 1376 siculus
1214 1335 1351 1391 ergo
1401 1320 1608 1391 viginti
1637 1321 1831 1377 obolos

111 1408 443 1475 continens,
475 1423 640 1464 sacra
662 1409 991 1479 paginaest,
1022 1423 1153 1478 qua
1176 1409 1523 1479 Decalogum
1554 1410 1805 1466 scientia

110 1504 166 1551 et
189 1496 527 1563 denarium,
564 1497 621 1553 id
645 1505 729 1553 est
778 1496 1174 1566 perfectionem
1205 1497 1369 1553 nobis
1398 1498 1661 1567 proponit
1697 1514 1829 1568 ope-

110 1584 363 1642 rationis
400 1587 584 1654 bona,
644 1586 861 1656 quibus
907 1585 1071 1656 quasi
1108 1586 1333 1657 sagittis
1365 1586 1503 1643 vitia
1538 1587 1828 1643 feriuntur

110 1676 350 1741 anima,
389 1676 597 1744 hisque
626 1689 863 1731 rursum
927 1689 1087 1731 mens
1144 1676 1406 1746 tangitur
1457 1676 1827 1733 vulneranda

109 1763 417 1818 charitate.
469 1763 814 1820 Vicenarius
876 1763 1028 1819 enim
1079 1762 1168 1819 bis
1240 1763 1546 1820 denarium
1601 1766 1818 1822 'habet.

107 1852 257 1916 Quia
299 1860 500 1908 autem
556 1852 967 1923 quadringenti
1017 1859 1458 1922 quatercentum
1506 1855 1819 1922 continent,

108 1949 163 1997 et
202 1949 469 2012 quatuor
520 1941 838 2011 Evangelia
902 1942 1118 1998 mundo
1172 1942 1608 2009 abrenuntiare,
1665 1945 1821 2015 quod

110 2032 436 2101 perfectum
482 2038 586 2099 est,
638 2032 897 2097 edocent,
952 2032 1054 2101 qui
1110 2031 1383 2101 pleuaria
1432 2032 1707 2097 scientia,
1767 2042 1823 2090 et

109 2120 361 2176 actionis
426 2120 666 2191 integra
718 2121 1005 2188 denarios,
1058 2121 1114 2176 id
1172 2129 1257 2177 est
1301 2122 1677 2190 perfectiones
1731 2123 1823 2179 ha-

109 2210 244 2265 bent
295 2224 374 2264 ex
429 2208 741 2278 Scriptura
800 2209 999 2280 legalis
1057 2210 1421 2276 documento,
1456 2210 1820 2279 perfectionis

109 2298 520 2354 centenarium
555 2306 953 2367 assequuntur
980 2312 1052 2354 ex
1083 2307 1340 2369 quatuor
1367 2299 1821 2371 Evangeliorum

108 2387 298 2453 dictis,
356 2387 576 2457 seipsos
661 2386 1024 2456 abnegando.
1113 2387 1471 2444 Adolescenti
1541 2403 1816 2459 namque,

109 2477 208 2547 qui
243 2477 434 2547 legem
474 2490 508 2531 a
556 2476 829 2545 primavo
878 2475 1246 2544 custodierat,
1295 2476 1511 2533 dicitur
1554 2491 1586 2533 a
1621 2478 1819 2535 Domi-

112 2579 201 2630 no,
236 2572 304 2621 ut
348 2565 398 2621 si
431 2564 568 2620 velit
612 2564 897 2634 perfectus
937 2579 1078 2632 csse,
1126 2580 1258 2635 qua
1306 2565 1552 2635 possidet
1605 2568 1819 2624 vendat

112 2654 327 2717 (Matth.
395 2668 515 2719 XIX,
570 2654 687 2721 2t).
722 2653 1069 2724 Decalogum
1101 2654 1402 2710 exterioris
1431 2655 1815 2712 observantia

109 2742 457 2807 attenderat,
493 2749 549 2797 et
605 2741 729 2797 ideo
787 2740 1187 2798 intellectualis
1243 2743 1505 2815 Decalogi
1555 2759 1687 2801 eum
1724 2759 1817 2801 sa-

112 2831 247 2898 gitta
279 2845 402 2887 non
434 2830 723 2886 vulnerat.

177 2920 343 2975 Valet
404 2933 541 2989 ergo
572 2924 719 2972 terra
777 2920 1029 2989 corporis
1060 2920 1239 2976 nostri
1285 2922 1706 2991 quadringentis
1736 2925 1813 2977 si-

110 3010 224 3076 clis,
265 3008 415 3079 quia
453 3008 535 3064 nil
569 3007 796 3076 stabile,
850 3017 1142 3075 constans,
1192 3017 1295 3065 aut
1338 3010 1598 3068 validum
1649 3011 1706 3067 in
1757 3027 1815 3069 se

112 3098 299 3164 habet,
329 3097 446 3153 nisi
481 3104 815 3153 sanctarum
851 3096 1280 3168 Scripturarum
1312 3113 1346 3155 a
1380 3100 1651 3157 vitiorum
1682 3102 1814 3173 jure

112 3187 434 3243 redimatur
485 3185 820 3256 impendiis;
872 3186 980 3242 hoc
1046 3186 1195 3243 inter
1272 3190 1574 3257 rationem,
1621 3195 1677 3246 et
1723 3190 1814 3246 af-

112 3275 320 3331 fectum
349 3282 436 3331 est
469 3274 739 3345 pretium,
776 3274 916 3345 quia
957 3276 1181 3345 quoties
1210 3276 1535 3334 carnalium
1579 3278 1816 3335 lascivia

112 3363 437 3433 prorumpit
494 3362 834 3431 affectuum,
877 3371 931 3419 et
977 3364 1232 3434 corporis
1288 3365 1534 3422 indebite
1566 3376 1815 3438 usurpat

112 3453 179 3508 ad
227 3452 503 3509 libidines
557 3466 789 3522 agrum,
834 3452 915 3508 nil
956 3452 1195 3522 spiritus
1229 3462 1421 3510 noster
1475 3462 1816 3513 convenien-

111 3544 219 3597 tius
248 3542 411 3613 quod
441 3541 719 3610 appetitui
752 3541 945 3598 carnis
965 3550 1217 3611 opponat
1244 3542 1416 3599 habet
1449 3545 1522 3601 ad
1550 3559 1809 3615 manum,

110 3645 278 3698 quam
313 3631 631 3700 Scriptura
661 3630 1092 3686 documentum.
1128 3631 1236 3687 Sed
1265 3637 1529 3701 quantum
1563 3641 1641 3689 est
1679 3636 1814 3691 hoc?

108 3719 185 3774 Ac
212 3719 257 3775 si
291 3719 552 3774 diceret:
609 3717 761 3774 Licet
805 3718 1004 3787 aliqua
1052 3720 1350 3788 quantitas
1402 3720 1505 3777 tibi
1532 3721 1815 3780 'videatur

108 3807 383 3863 adversus
416 3804 676 3876 corporis
732 3806 1011 3875 impetum
1067 3805 1499 3877 Scripturarum
1554 3811 1812 3868 testium-

107 3895 214 3950 niis
242 3895 571 3959 abundare,
622 3894 879 3965 appetitu
938 3902 1129 3950 tamen
1180 3895 1252 3951 ad
1286 3897 1526 3953 rationis
1558 3906 1671 3954 tua
1699 3907 1812 3962 far-

109 3983 341 4041 bitrium
395 3982 771 4053 complacato,
821 3982 905 4039 nil
952 3996 1231 4051 maguum
1301 3993 1408 4041 est.
1454 3987 1633 4056 Sepeli
1672 4004 1811 4059 ergo

109 4078 393 4138 mortuum,
447 4072 611 4128 bonis
656 4072 860 4143 utique
908 4072 1183 4143 operibus
1229 4081 1354 4144 tege
1406 4090 1617 4146 corpus
1679 4092 1809 4133 cor-

111 4162 431 4231 ruptivum,
466 4174 538 4216 ne
594 4174 694 4231 per
738 4161 873 4217 vita
912 4160 1304 4218 remissionem
1360 4164 1599 4233 prodeat
1655 4166 1712 4222 in
1740 4167 1811 4223 fe-

111 4258 278 4307 torem
333 4251 668 4307 criminum.
732 4250 923 4319 (Vens.
966 4250 1077 4319 16.)
1121 4251 1297 4306 Audit
1328 4251 1434 4307 hoc
1490 4253 1806 4324 Abraham,

111 4353 237 4395 cum
291 4338 598 4395 sentientis
641 4353 771 4394 cum
830 4339 944 4394 Deo
1001 4337 1433 4397 affectualitatis
1472 4355 1594 4397 sua
1650 4352 1812 4415 grate

1949 614 2240 683 propheta
2270 613 2489 684 (Matth.
2518 629 2659 677 xxu,
2706 616 2830 685 40);
2875 616 3105 685 publica
3140 625 3332 676 autem
3370 627 3473 687 est,
3518 622 3659 691 quia

1947 702 2212 767 rudibus,
2245 710 2300 758 et
2344 703 2510 773 quasi
2548 703 2796 772 publicis
2839 704 3087 775 ingeniis
3146 707 3497 763 naturaliter
3536 708 3654 763 sin-

1944 790 2152 847 ceritas
2200 790 2440 861 justitia
2500 791 2907 863 cognoscibilis
2981 807 3102 850 esse
3150 802 3352 863 potest.
3414 796 3657 865 probata

1943 891 2100 945 vero,
2135 880 2277 949 quia
2328 879 2449 935 sine
2480 880 2738 936 externis
2764 883 3127 951 argumentis
3155 882 3363 951 elucet,
3398 897 3467 939 ac
3509 899 3651 954 pra-

1945 966 2122 1022 minet
2144 982 2245 1037 per
2275 968 2518 1037 seipsam
2563 970 2680 1038 ipsa
2711 969 3024 1037 Scriptura
3054 985 3232 1027 sacra
3264 974 3507 1041 puritas.

2014 1056 2185 1112 Vens.
2261 1058 2348 1123 l7,
2414 1060 2494 1116 l8.
2566 1060 2648 1111 l9.
2708 1089 2777 1096 —
2831 1059 3309 1130 Conflrmatusque
3362 1066 3442 1116 est
3521 1078 3652 1129 ager

1940 1145 2213 1213 quondam
2260 1146 2564 1214 Ephornis,
2596 1148 2656 1200 in
2694 1161 2798 1215 quo
2832 1150 2950 1200 crat
2997 1150 3255 1217 spelunca
3307 1149 3513 1219 duplex
3555 1166 3640 1204 nc-

1937 1235 2173 1302 spiciens
2225 1236 2440 1297 Manrc,
2477 1240 2587 1289 tam
2646 1237 2762 1305 ipse
2815 1251 2979 1304 quam
3038 1238 3316 1306 spelunca,
3367 1245 3417 1292 et
3468 1255 3648 1294 omnes

1937 1323 2156 1377 arbores
2199 1324 2317 1392 ejus
2357 1328 2449 1378 9|
2501 1326 2559 1377 in
2616 1326 2821 1378 cunctis
2880 1328 3127 1379 terminis
3186 1342 3290 1396 per
3334 1329 3645 1394 circuitum,

1936 1411 2181 1466 Abraha
2244 1414 2304 1466 in
2348 1415 2737 1481 possessionem
2820 1413 3134 1468 videntibus
3195 1416 3328 1484 ﬁliis
3378 1418 3539 1479 Hcth,
3596 1424 3647 1472 et

1934 1503 2141 1554 cunctis
2173 1502 2272 1568 qui
2310 1500 2597 1555 intrabant
2621 1506 2840 1570 portam
2870 1504 3132 1557 civitatis.
3175 1508 3363 1574 Atque
3389 1507 3470 1559 ita
3500 1515 3645 1575 sepet

1935 1587 2059 1641 livit
2099 1588 2388 1642 Abraham
2420 1590 2617 1643 Saram
2672 1605 2897 1643 uxorem
2926 1605 3084 1645 suam
3111 1594 3171 1645 in
3195 1594 3450 1662 spelunca
3491 1598 3642 1663 agri-

1933 1677 2166 1747 duplici,
2206 1680 2305 1748 qui
2360 1678 2690 1747 respiciebat
2748 1680 2958 1733 Manre.
3022 1682 3142 1734 Hac
3192 1685 3270 1734 est
3325 1682 3536 1737 Hebron
3584 1686 3644 1737 in

1933 1768 2084 1821 terra
2135 1768 2418 1824 Chanaan.
2494 1768 2644 1835 Ager
2726 1769 3001 1836 quondam
3057 1770 3354 1839 Ephronis,
3430 1786 3643 1842 corpus

1930 1856 2144 1912 scilicet
2196 1856 2332 1912 olim
2389 1856 2688 1913 subditum
2736 1858 3016 1927 appetitui
3051 1859 3260 1925 carnis,
3298 1862 3354 1912 in
3393 1875 3499 1929 quo
3539 1860 3640 1915 du-

1926 1946 2060 2015 plex
2095 1946 2353 2015 spelunca
2409 1945 2801 2001 sensualitatis
2844 1959 2913 2001 ac
2965 1946 3405 2019 imaginalitatis
3463 1948 3641 2005 fervet

1932 2034 2004 2089 ad
2061 2033 2298 2090 insidias
2336 2033 2615 2100 avaritia,
2667 2048 2736 2089 ac
2782 2034 3134 2105 rapacitatis,
3197 2036 3442 2091 Abraha
3501 2052 3640 2093 con-

1932 2122 2199 2178 firmatur
2238 2124 2296 2176 in
2325 2125 2731 2192 possessionem,
2790 2122 2929 2178 dum
2964 2124 3118 2193 quod
3150 2123 3210 2179 in
3241 2124 3640 2181 conversionis

1932 2212 2093 2267 initio
2147 2226 2265 2267 non
2316 2212 2438 2267 sine
2495 2211 2756 2267 molestia
2809 2212 3252 2278 observabatur,
3324 2215 3533 2269 transit
3580 2215 3638 2269 in

1927 2300 2357 2357 delectationem
2420 2314 2523 2371 per
2572 2301 2875 2357 irremissa
2933 2300 3255 2357 devotionis
3300 2302 3634 2373 jugitatem.

1929 2390 2104 2446 Porro
2148 2403 2251 2459 per
2295 2389 2629 2459 speluncam
2673 2404 2877 2445 sensus
2943 2395 2999 2444 et
3048 2389 3331 2461 imagines
3379 2405 3494 2446 non
3542 2392 3636 2447 in-

1926 2477 2163 2534 concine
2217 2477 2562 2547 accepimus,
2631 2477 2771 2549 quia
2833 2476 2920 2532 uti
2979 2476 3083 2544 leo,
3146 2484 3323 2547 atque
3370 2476 3519 2533 latro
3576 2478 3633 2532 in

1926 2566 2149 2636 spelais
2186 2566 2360 2622 latere
2408 2565 2626 2634 didicit,
2676 2565 2750 2621 ita
2820 2564 3061 2621 affectus
3109 2564 3397 2635 corporeis
3460 2565 3636 2621 rebus

1926 2654 2179 2722 inhians,
2212 2654 2365 2711 intra
2395 2664 2450 2710 et
2492 2662 2660 2711 extra
2705 2654 2944 2725 prafata
2987 2655 3103 2710 duo
3142 2653 3242 2709 illa
3271 2668 3337 2709 ac
3377 2655 3425 2709 si
3456 2668 3637 2725 quas-

1923 2743 2058 2798 dam
2114 2742 2501 2799 concavitates
2558 2743 2794 2798 obsidet.
2856 2742 2977 2798 Non
3035 2742 3190 2797 enim
3274 2742 3388 2798 alia
3458 2756 3635 2813 quam

1924 2831 2243 2901 corporalia
2296 2839 2543 2897 norunt;
2581 2831 2717 2887 hinc
2766 2830 2859 2886 ille
2914 2831 3233 2902 egreditur,
3290 2838 3354 2886 ut
3415 2845 3636 2887 concu-

1926 2919 2123 2990 piscat,
2184 2934 2285 2989 per
2317 2920 2439 2976 hac
2485 2920 2557 2975 ad
2611 2919 2774 2975 illum
2809 2918 3120 2989 corporalis
3173 2919 3350 2975 libido
3382 2919 3633 2991 ingredi-

1922 3017 2041 3076 tur,
2068 3018 2131 3066 ut
2168 3013 2465 3080 suggerat.
2514 3010 2821 3079 Postquam
2854 3010 3111 3079 corporis
3140 3009 3422 3079 fragilitas
3451 3008 3630 3064 animi

1924 3097 2140 3154 virtute
2181 3098 2468 3165 firmatur,
2514 3098 2713 3153 Manre
2769 3097 2928 3167 quod
2970 3097 3385 3167 interpretatur
3414 3099 3635 3152 divisio-

1923 3202 2035 3251 nes,
2069 3186 2159 3242 vel
2202 3188 2516 3255 perspicua,
2567 3184 2813 3254 respicit,
2859 3184 2998 3255 quia
3046 3194 3354 3255 postquam
3404 3201 3565 3242 mens
3596 3201 3630 3241 a

1922 3275 2195 3331 vitiorum
2238 3289 2297 3330 se
2342 3274 2513 3330 ﬂuxu
2562 3273 2877 3345 restringit,
2937 3274 3399 3344 perspicuitatem
3476 3274 3632 3330 divi-

1922 3364 2120 3428 sionis,
2157 3364 2209 3419 id
2255 3371 2338 3418 est
2397 3362 2756 3418 discretionis
2803 3362 3067 3432 attingit;
3121 3363 3240 3432 ipse
3290 3376 3429 3433 ergo
3471 3377 3626 3433 ager,

1920 3460 1975 3509 et
2008 3452 2303 3521 spelunca,
2341 3460 2402 3507 ut
2442 3451 2847 3521 praemisimus,
2884 3451 3108 3506 interno
3151 3450 3352 3521 vigore
3402 3450 3633 3506 firman-

1925 3549 2039 3608 tur,
2115 3542 2211 3597 sed
2262 3549 2317 3597 et
2371 3541 2590 3595 arbores
2652 3543 2712 3595 in
2756 3543 2967 3594 cunctis
3012 3541 3280 3606 terminis,
3340 3540 3629 3595 universa

1920 3629 2135 3686 scilicet
2182 3629 2557 3700 cogitationes
2631 3628 2884 3685 fructum
2965 3628 3043 3699 pii
3100 3629 3306 3698 operis,
3389 3635 3443 3684 et
3492 3628 3629 3684 folia

1920 3727 2133 3775 sancta
2194 3718 2498 3774 locutionis
2552 3718 2894 3783 emittentes,
2959 3718 3014 3773 in
3070 3717 3229 3773 omni
3286 3731 3393 3773 sua
3454 3717 3630 3774 inten-

1918 3808 2095 3873 tione,
2147 3822 2281 3879 qua
2331 3806 2500 3878 quasi
2547 3807 2814 3877 quadam
2879 3805 3175 3862 ﬁnalitatis
3244 3806 3488 3875 provisio
3570 3806 3625 3861 in

1920 3896 2145 3953 cunctis
2174 3910 2306 3966 qua
2338 3896 2568 3967 agimus
2592 3894 2953 3966 dignoscitur
2975 3909 3117 3961 esse,
3155 3894 3499 3951 solidantur.

1991 3986 2118 4041 Filii
2160 3984 2304 4041 lleth
2358 3984 2574 4049 vident,
2611 3998 2743 4039 cum
2792 3983 3003 4040 talibus
3032 3982 3274 4053 negotiis
3321 3983 3625 4054 cogitatio-

1918 4088 2061 4130 num
2142 4077 2331 4128 motus
2389 4071 2494 4128 ulli
2568 4086 2683 4127 non
2739 4071 2969 4139 vident;
3046 4070 3240 4127 cuncti
3294 4070 3466 4126 etiam
3521 4070 3624 4141 qui

1915 4167 2133 4231 portam
2176 4164 2419 4216 civitatis
2489 4160 2727 4228 intrant,
2795 4174 2994 4216 omnes
3039 4159 3244 4229 utique
3292 4158 3621 4226 rationales,

1918 4251 2261 4323 imaginales
2292 4249 2586 4306 sensuales
2616 4264 2853 4321 quoque
2885 4249 3149 4318 impetus,
3198 4248 3300 4319 qui
3333 4261 3435 4318 per
3466 4248 3624 4318 Ipor-

1917 4348 2034 4397 tam
2084 4339 2265 4395 divini
2317 4340 2538 4396 timoris
2577 4338 2831 4410 (initium
2872 4337 3026 4393 enim
3072 4336 3367 4408 sapientia
3418 4338 3524 4405 est)
3570 4345 3623 4393 et

110 4427 314 4498 excipit
363 4426 844 4483 benevolentiam.
904 4429 1188 4497 Appendit
1254 4430 1562 4498 pecuniam,
1634 4446 1798 4500 quam
1837 4434 1883 4490 ι)
1914 4436 2279 4500 peccatorum
2324 4427 2713 4494 Confessionis,
2788 4427 2861 4483 ad
2913 4426 3203 4482 civitatem
3239 4426 3339 4481 Dei
3381 4440 3440 4482 se
3474 4426 3623 4481 colli-

112 4518 324 4585 Ephron
380 4517 777 4587 postulaverat,
839 4516 1189 4571 audientibus
1244 4518 1381 4583 ﬁliis
1449 4520 1617 4584 Heth;
1673 4522 1812 4591 quia

115 4604 372 4674 proponit
408 4603 731 4660 intellectus
761 4604 990 4661 alfectui
1041 4603 1350 4675 Scriptura
1389 4607 1601 4663 divina
1634 4608 1810 4679 justi-

114 4693 260 4759 tiam,
294 4708 417 4765 qua
460 4706 629 4748 suam
674 4693 923 4764 dirigere
954 4694 1136 4750 vitam
1167 4695 1392 4761 debeat,
1419 4704 1475 4752 et
1504 4711 1681 4767 quam
1711 4713 1812 4768 per

113 4782 490 4839 obedientiam
562 4781 812 4838 filiorum
884 4782 1063 4850 Heth,
1126 4784 1486 4854 cogitatuum
1549 4785 1811 4843 videlicet

115 4878 436 4927 nostrorum
469 4869 665 4926 divino
706 4871 909 4927 timore
952 4879 1256 4937 tactorum,
1298 4873 1462 4943 sequi
1510 4874 1807 4931 deliberat.

116 4959 175 5013 Et
204 4960 321 5017 hac
354 4967 589 5015 moneta
643 4959 875 5029 publica
902 4968 1007 5026 est,
1065 4968 1121 5017 et
1173 4960 1432 5031 probata,
1481 4961 1622 5032 quia
1664 4963 1810 5020 nulli

117 5047 213 5102 nisi
244 5048 448 5104 insano
494 5048 553 5104 in
580 5048 823 5105 dubium
876 5049 1120 5105 veniunt
1149 5063 1327 5107 sacra
1366 5050 1595 5121 pagina
1638 5052 1810 5108 insti-

120 5143 249 5192 tuta.
303 5137 531 5192 Iudicia
575 5138 729 5192 enim
784 5140 1001 5192 Domini
1031 5154 1159 5193 vera
1183 5140 1494 5208 justificata
1539 5142 1599 5194 in
1627 5146 1810 5196 semet-

120 5227 228 5293 ipsa
257 5227 423 5295 (Psal.
460 5240 626 5289 xvm,
662 5227 765 5295 l0).
809 5227 1034 5283 Moneta
1056 5227 1323 5297 quadam
1354 5228 1557 5296 est,lex
1588 5228 1807 5296 divina,

122 5313 212 5369 ubi
244 5328 539 5383 mensura,
586 5327 848 5383 numero,
872 5322 928 5372 et
960 5316 1211 5387 pondere
1233 5317 1429 5373 omnia
1459 5318 1612 5375 Deus
1646 5318 1807 5374 insti-

122 5403 237 5470 tuit,
286 5418 603 5461 numerum
653 5404 888 5474 quidem
956 5404 1330 5462 consiliorum
1389 5407 1804 5476 universitatis,

124 5503 439 5549 mensuram
499 5491 767 5548 omnium
796 5507 897 5563 per
926 5493 1176 5564 singula.
1222 5501 1277 5549 et
1322 5507 1423 5563 per
1450 5494 1645 5550 omnia
1695 5495 1810 5551 sin-

126 5579 374 5646 gulorum
410 5581 1046 5651 contemperabilitatis,
1098 5581 1328 5653 pondus
1382 5583 1539 5653 quod
1588 5597 1623 5639 a
1672 5599 1809 5653 pen-

130 5666 283 5725 dendo
310 5669 530 5728 dicitur
573 5668 649 5725 ad
687 5670 1228 5742 contemplationem
1278 5670 1435 5727 illius
1490 5686 1622 5742 qua
1678 5672 1810 5728 finis

1922 4526 2089 4589 gunt,
2125 4519 2213 4574 his
2242 4516 2597 4574 commerciis
2628 4516 2841 4572 favent.
2893 4516 3056 4573 Unde
3096 4515 3307 4571 dicitur
3340 4530 3352 4569 :
3387 4517 3622 4585 Populus

1920 4609 2059 4676 ejus,
2094 4612 2144 4661 et
2169 4623 2310 4673 oves,
2343 4608 2567 4661 introite
2614 4611 2805 4675 portas
2834 4606 2952 4673 ejus
2986 4608 3046 4658 in
3075 4606 3407 4671 confessione
3444 4605 3617 4670 (Psal.

1920 4710 2073 4763 xcxx,
2106 4695 2161 4766 4)
2189 4710 2200 4749 :
2231 4694 2424 4764 sepelit
2472 4694 2668 4763 itaque
2701 4694 2987 4747 Abraham
3016 4708 3241 4746 umorem
3278 4694 3337 4745 in
3365 4694 3623 4761 spelunca

1920 4789 2066 4853 agri,
2116 4787 2215 4853 qui
2287 4782 2518 4853 respicit
2572 4784 2780 4846 Manre,
2840 4795 2973 4836 cum
3022 4788 3262 4836 auctore
3327 4779 3621 4837 intellectu

1919 4872 2281 4938 sensualitas,
2313 4886 2380 4928 ac
2438 4869 2827 4943 imaginalitas
2854 4868 3165 4939 corporalis
3210 4868 3283 4924 ad
3322 4868 3617 4924 discretio-

1921 4962 2012 5018 nis
2040 4962 2313 5017 virtutem
2361 4959 2621 5026 tendens,
2652 4966 2708 5015 et
2766 4958 2873 5014 sub
2904 4972 3045 5029 agro
3084 4956 3405 5028 spiritualis
3453 4972 3618 5014 exer-

1919 5050 2034 5107 citii
2090 5064 2149 5106 se
2199 5050 2517 5114 continens,
2565 5064 2599 5105 a
2632 5047 2953 5105 visibilium
2999 5047 3374 5104 delectatione
3422 5061 3619 5103 rerum

1918 5154 1977 5195 se
2007 5140 2298 5202 cohibens.
2352 5138 2532 5208 ipsam
2584 5138 2758 5193 etiam
2789 5137 3079 5193 interioris
3117 5136 3370 5193 hominis
3402 5134 3620 5192 volun-

1918 5237 2092 5285 tatem
2137 5228 2310 5295 fovet,
2354 5241 2421 5282 ac
2467 5227 2645 5283 veluti
2701 5227 2852 5282 intra
2885 5227 3001 5283 duo
3048 5233 3207 5296 septa
3253 5225 3463 5281 munit.
3500 5227 3621 5280 Hac

1916 5324 1995 5372 est
2025 5317 2237 5372 Hebron
2278 5319 2338 5371 in
2369 5321 2514 5371 terra
2559 5317 2835 5370 Chanaan
2868 5332 2881 5370 :
2916 5316 3145 5371 Hebron
3205 5315 3622 5385 interpretatur

1917 5411 2266 5473 augmentum
2308 5407 2716 5474 sempiternum,
2770 5404 2860 5460 vel
2916 5408 3056 5459 visio
3108 5406 3437 5473 sempiterna
3483 5403 3619 5459 dici-

1917 5504 2033 5563 tur,
2086 5496 2361 5551 Cbanaan
2397 5509 2532 5550 vero
2584 5496 2940 5549 mutationem
2996 5501 3190 5563 sonat;
3221 5493 3421 5549 Manre
3451 5508 3610 5563 ergo,

1917 5584 1973 5641 id
2001 5591 2085 5639 est
2127 5583 2471 5638 discretionis
2520 5585 2886 5653 perspicuitas
2942 5582 3015 5639 ad
3074 5583 3183 5639 hoc
3227 5589 3291 5638 ut
3326 5581 3424 5638 ﬁat
3474 5582 3620 5638 visio

1912 5672 2280 5743 sempiterna,
2312 5680 2368 5729 et
2413 5679 2701 5743 augeatur
2746 5685 2988 5741 semper,
3030 5670 3280 5743 attingit,
3322 5683 3454 5727 cum
3485 5670 3621 5726 sub-
