3956 6472
329 392 427 445 I79

1227 389 1288 442 V.
1331 387 1664 446 GUIBERTI
1705 389 1995 445 ABBATIS
2031 390 2088 445 S.
2132 388 2368 444 MARLE
2406 388 2496 444 DE
2535 391 2926 447 NOVIGENTO

3741 397 3844 448 180

323 521 501 577 tilitas
547 519 1071 591 dignoscendorum
1116 517 1426 589 spirituum
1459 520 1530 575 ad
1569 518 2009 588 contemplatio-
2048 521 2096 578 A
2125 526 2396 596 corporis,
2445 527 2725 583 diuturna
2756 527 2878 598 jam
2927 536 3132 586 contra
3183 531 3478 600 passiones
3513 532 3848 603 vigilantia

323 624 456 666 nem
487 624 672 680 usque
699 609 796 664 Dei
830 607 1069 678 prolicit,
1102 622 1234 678 quae
1271 609 1506 678 quidem
1534 608 1628 663 hic
1659 609 1876 677 incipit,
1916 607 2015 663 sed

324 699 398 755 ab
417 699 723 770 aenigmate
751 705 806 753 et
841 697 1073 767 speculo
1102 697 1173 752 ad
1208 697 1676 767 sempiternitatis
1729 710 2018 766 augmen-

323 795 470 855 tum,
502 787 658 858 quod
689 787 1086 856 complebitur,
1119 801 1252 842 cum
1285 786 1426 842 facie
1485 787 1557 841 ad
1597 785 1795 840 faciem
1827 785 2020 841 videre

322 878 665 946 cmperimus
695 876 755 946 (ι
787 877 908 932 Cor.
959 890 1078 944 xm,
1121 878 1224 941 l2),
1271 875 1477 944 surgit.
1512 875 1583 930 Et
1624 875 1729 930 hoc
1772 878 1830 928 in
1871 880 2019 929 terra

322 965 590 1020 Chanaan
635 963 716 1031 tit,
759 963 861 1019 ubi
922 978 1061 1020 vera
1103 965 1346 1019 mutatio
1392 971 1620 1019 aeterna;
1667 963 2014 1031 stabilitatis,

327 1062 490 1110 terra:
513 1053 772 1109 videlicet
799 1053 1120 1108 viventium
1153 1054 1231 1108 nil
1254 1053 1374 1124 jam
1408 1054 1590 1108 inesse
1621 1053 1784 1108 nobis
1821 1062 2018 1110 muta-

325 1142 436 1198 bile
455 1141 610 1196 sinit.

396 1230 568 1286 Vens.
626 1231 716 1282 20.
767 1259 835 1268 —
892 1231 960 1285 Et
1006 1229 1357 1301 conﬁrmatus
1429 1235 1526 1297 est,
1601 1229 1809 1302 inquit,
1887 1247 2020 1300 ager

2125 615 2234 671 sub
2287 616 2544 672 dominio
2617 617 2884 684 Abrahae,
2945 617 3158 675 scilicet
3209 621 3449 675 rationis
3493 626 3549 676 et
3605 627 3849 674 antrum

2127 705 2487 760 conscientiae
2549 714 2746 761 contra
2820 706 3126 775 imperium
3184 707 3425 779 justitiae
3487 709 3853 764 nullatenus

2129 793 2570 859 murmurantis,
2622 802 2684 850 ut
2733 795 3092 864 pissideatur
3158 796 3292 867 jure
3343 798 3744 864 monumenti,
3786 807 3852 854 ut

2123 881 2343 952 jugiter
2371 883 2584 938 scilicet
2621 885 2829 938 mentis
2881 886 3213 941 lili‘lllOl‘lam
3270 896 3544 943 moneant
3609 887 3855 958 profes-

2128 971 2322 1038 sionis,
2357 985 2532 1041 quam
2560 971 2628 1025 de
2659 973 2904 1041 proprize
2934 973 3125 1029 fecerit
3147 975 3583 1031 mortilicatione
3615 977 3849 1042 carnis,

2127 1067 2182 1113 et
2266 1067 2773 1115 recommemorent
2845 1061 3117 1130 propositi
3193 1064 3328 1119 sui:
3382 1073 3850 1120 monumentum

2129 1159 2334 1214 nempe
2378 1154 2434 1202 et
2481 1155 2774 1202 mortuum
2825 1149 2981 1218 tegit,
3034 1156 3090 1204 et
3127 1163 3162 1205 a
3189 1151 3449 1205 monendo
3475 1151 3850 1208 vocabulum

2129 1235 2392 1304 sumpsit.

1645 1409 1947 1453 EXPLICIT
1991 1412 2187 1456 LIBER
2230 1413 2506 1458 SEXTUS.

1457 1695 1814 1769 INCIPIT
1875 1697 2161 1771 LIBER
2217 1699 2713 1777 SEPTIMUS.

1075 1905 1920 2012 MORALIUM
2059 1908 2219 2010 IN
2361 1908 3082 2016 GENESIM.

396 2321 498 2371 υτ
529 2315 842 2386 Septimum
865 2315 923 2372 in
943 2315 1144 2372 Genesi
1174 2315 1536 2387 aggrediens,
1557 2317 1682 2387 {Deo
1711 2316 2024 2387 aspirante,
2068 2317 2107 2370 Β
2139 2317 2348 2386 inhias,
2383 2320 2492 2376 sub
2526 2321 2902 2392 intelligentia
2949 2322 3165 2394 ingenii
3225 2323 3336 2379 mei
3362 2323 3651 2394 jdeprime,
3705 2325 3852 2395 quia

328 2412 658 2470 tractatum,
714 2404 894 2460 sancti
956 2404 1200 2473 Spiritus
1269 2403 1410 2459 mihi
1489 2404 1765 2474 deprecor
1829 2406 2026 2460 adesse

327 2492 708 2562 praesentiam,
749 2493 856 2548 hoc
901 2492 1107 2548 deinde
1155 2491 1453 2548 humiliter
1499 2507 1691 2548 meum
1751 2502 2026 2562 expostu-

327 2581 499 2637 lando
553 2581 816 2636 lectorem
867 2589 950 2646 ut,
991 2580 1036 2636 si
1095 2594 1215 2651 qua
1269 2581 1465 2636 minus
1517 2595 1694 2650 quam
1755 2582 2026 2651 competit

324 2669 571 2726 dilucide
622 2669 826 2739 posita,
861 2677 963 2725 aut
1017 2669 1455 2739 Scripturarum
1505 2669 1781 2739 exemplis
1833 2670 2026 2726 minus

323 2773 502 2828 quam
545 2759 711 2813 vellet
768 2757 988 2824 fulcita,
1039 2765 1140 2812 aut
1181 2757 1362 2812 nimia
1414 2757 1692 2812 brevitate
1731 2765 2026 2814 contracta

328 2846 654 2915 perviderit,
707 2846 1003 2916 indulgeat
1061 2860 1201 2901 meae
1272 2845 1714 2900 misericorditer
1760 2847 2025 2916 novitati,

325 2933 427 3004 qui
480 2935 670 3004 potius
719 2934 776 2990 in
825 2935 932 2990 hoc
971 2949 1098 2990 meo
1162 2933 1347 3004 primo
1404 2933 1682 3003 opusculo
1747 2933 2028 3004 quidnam

325 3035 496 3092 agere
519 3037 736 3092 possem
758 3022 1007 3094 experiri
1039 3021 1218 3087 volui,
1261 3029 1316 3077 et
1349 3036 1484 3077 meze
1544 3021 1725 3076 solius
1764 3021 2029 3078 utilitatis

323 3123 500 3166 causa
519 3111 727 3167 cudere
777 3109 884 3166 ista
913 3111 1206 3181 proposui,
1253 3111 1363 3165 imo
1395 3124 1510 3166 non
1541 3109 1772 3178 cudere,
1807 3109 1905 3165 sed
1954 3110 2026 3166 ad

322 3200 612 3255 memoriae
685 3199 824 3255 mihi
876 3200 1335 3270 ,reparationem,
1397 3213 1530 3254 cum
1608 3212 1677 3254 ea
1750 3199 2026 3269 relegero,

322 3287 655 3342 summatim
704 3294 940 3357 tangere
989 3287 1163 3357 cupii.
1223 3287 1396 3342 Plane
1443 3287 1629 3342 multa
1691 3286 2028 3342 testimoniis

325 3375 597 3430 roborare
621 3375 796 3444 potui,
828 3375 924 3430 sed
956 3389 1128 3430 morie
1173 3374 1476 3442 impatiens
1507 3373 1689 3428 nolui.
1747 3372 2026 3444 Septifor—

327 3463 404 3518 mi
441 3464 615 3534 igitur
644 3462 860 3532 Spiritu
890 3463 1268 3531 accingamur
1297 3462 1368 3516 ad
1399 3469 1622 3517 caetera.

927 3548 1160 3604 CAPUT
1201 3547 1414 3604 XXIV.

2137 2405 2255 2461 vim
2303 2415 2416 2463 tuae
2478 2409 2826 2478 operationis
2886 2410 2960 2465 ab
3015 2411 3239 2481 origine
3306 2411 3477 2466 debes
3534 2412 3852 2468 rationalis

2135 2506 2464 2566 exspectare
2490 2498 2759 2566 scientiae,
2813 2507 2873 2554 ut
2906 2499 3066 2554 nulla
3095 2500 3198 2555 tibi
3228 2501 3514 2572 subripiat
3541 2515 3846 2571 pracsum-

2138 2583 2253 2653 ptio
2283 2585 2595 2641 alacritatis
2625 2601 2826 2655 vana};
2864 2587 3052 2643 femur
3082 2603 3220 2644 sane
3251 2589 3378 2645 fons
3407 2590 3848 2660 quodammodo

2137 2673 2470 2742 propaginis
2492 2689 2613 2729 esse
2641 2674 3020 2743 dignoscitur,
3058 2691 3156 2746 per
3185 2679 3340 2747 quod
3373 2678 3498 2748 ipsa
3519 2679 3848 2749 intelligen-

2137 2760 2228 2814 tize
2259 2761 2419 2815 sedes
2449 2775 2560 2815 non
2598 2761 2832 2832 indigne
2868 2764 3080 2819 veritas
3108 2779 3142 2819 a
3172 2766 3337 2822 nobis
3363 2767 3672 2836 accipitur,
3709 2767 3846 2824 inde

2134 2863 2270 2918 ergo
2317 2850 2624 2918 adjuratur
2675 2851 2962 2920 appetitus
3019 2861 3212 2908 noster
3256 2871 3356 2923 per
3403 2856 3577 2909 Deum
3618 2857 3748 2910 cwli
3795 2862 3845 2910 et

2138 2941 2313 3000 terrae,
2337 2937 2474 3006 quia
2504 2951 2605 3006 per
2643 2937 2920 2993 humilem
2953 2953 3072 3008 qua
3124 2941 3349 2998 veritati
3381 2957 3625 2999 summa;
3667 2944 3844 3000 inﬂe-

2135 3021 2311 3077 ctitur
2353 3022 2778 3092 depressionem
2830 3023 2900 3077 ad
2923 3024 3022 3093 jus
3055 3026 3574 3096 rectitudinemque
3607 3029 3843 3093 statuit,

2136 3123 2237 3178 per
2264 3109 2392 3178 ejus
2455 3110 2859 3180 cognitionem,
2916 3112 3018 3180 qui
3053 3111 3405 3168 intellectum
3438 3115 3537 3170 dat
3567 3115 3844 3186 parvulis

2139 3197 2312 3266 (Psai.
2347 3213 2542 3266 cxvui,
2595 3201 2741 3268 130).
2785 3199 2884 3268 qui
2915 3207 2998 3255 est
3039 3200 3194 3255 Deus
3240 3201 3388 3268 cmli,
3425 3202 3843 3259 intellectuali—

2134 3287 2269 3342 tatis
2297 3293 2526 3351 nostra},
2561 3300 2668 3342 sua
2697 3286 2909 3342 scilicet
2947 3302 3074 3342 eam
3106 3287 3484 3345 illustratione
3516 3289 3839 3357 clariﬁans,

2133 3380 2189 3428 et
2210 3387 2312 3442 per
2341 3373 2529 3442 ipsum
2566 3375 2774 3430 cielum
2807 3375 3036 3444 pluvias
3065 3375 3424 3432 voluntarias
3456 3391 3638 3434 sacrae
3662 3379 3834 3434 insti-

2132 3460 2372 3516 tutionis
2419 3469 2602 3530 terrae,
2664 3463 2768 3532 ipsi
2817 3464 2908 3532 pio
2955 3463 3218 3520 videlicet
3247 3465 3526 3535 appetitui
3579 3467 3837 3522 admini-

2133 3557 2342 3617 strans,
2407 3550 2639 3621 adjurat
2693 3565 2762 3606 ne
2822 3551 3065 3622 accipiat
3133 3569 3355 3608 umorem
3409 3556 3524 3624 ﬁlio
3607 3571 3719 3612 suo
3774 3557 3838 3610 de

399 3637 572 3694 VERS.
618 3639 666 3704 1,
699 3637 752 3703 2,
783 3639 836 3699 3,
870 3636 922 3688 4.
969 3663 1042 3676 -
1087 3637 1223 3690 Erat
1267 3640 1446 3689 autem
1499 3635 1786 3690 Abraham
1840 3651 2022 3703 senem,
2063 3612 2104 3666 Ο
2135 3612 2354 3706 ﬁliabus
2385 3612 2828 3706 Chananworum,
2878 3612 3020 3696 inter
3062 3657 3195 3710 quos
3228 3612 3470 3708 habitat,
3503 3644 3612 3699 hoc
3641 3652 3731 3700 est
3763 3659 3832 3700 ne

329 3726 648 3794 dierumque
710 3725 1020 3790 multorum,
1089 3728 1141 3776 et
1188 3725 1452 3778 Dominus
1494 3726 1555 3778 in
1606 3727 1811 3779 cunctis
1864 3725 2025 3779 bene-

331 3814 552 3868 diwerat
588 3814 658 3866 ei.
701 3815 961 3880 Dixitque
1003 3811 1077 3865 ad
1121 3827 1340 3865 servum
1377 3815 1636 3865 seniorem
1665 3812 1853 3866 domus
1890 3828 2020 3879 suae,

331 3905 428 3972 qui
459 3907 694 3972 praeerat
728 3901 972 3956 omnibus
1004 3916 1122 3970 quae
1147 3901 1377 3954 habebat
1403 3917 1415 3954 :
1453 3902 1592 3954 Pone
1619 3916 1839 3954 manum
1871 3911 2022 3956 tuam

327 3992 512 4047 subter
545 3995 724 4060 femur
769 4006 961 4057 meum,
1001 3996 1061 4044 ut
1089 3990 1339 4058 adjurem
1390 3995 1456 4056 te,
1487 4005 1586 4058 per
1617 3993 1776 4043 Deum
1826 3991 1944 4043 cceli
1973 3994 2022 4044 et

330 4088 504 4148 terra,
535 4085 596 4134 ut
641 4097 748 4135 non
785 4083 1022 4149 accipias
1079 4095 1298 4134 umorem
1352 4080 1465 4146 ﬁlio
1505 4094 1616 4132 meo
1678 4079 1744 4131 de
1800 4079 2021 4147 ﬁliabus

329 4172 784 4236 Chananzorum,
840 4171 982 4222 inter
1037 4183 1168 4238 quos
1219 4167 1436 4233 habito;
1483 4167 1578 4220 sed
1609 4167 1685 4220 ad
1719 4172 1939 4233 terram,
1971 4172 2022 4221 et

329 4259 402 4312 ad
444 4261 812 4326 cognationem
855 4271 1028 4310 meam
1081 4257 1467 4324 proﬁciscaris,
1520 4261 1571 4308 et
1617 4255 1744 4308 inde
1781 4258 2020 4324 accipias

327 4363 550 4401 uxorem
606 4345 727 4416 ﬁlio
773 4361 884 4399 meo
921 4344 1099 4401 Isaac.
1153 4343 1384 4413 Sepulta
1439 4359 1504 4400 eo
1555 4359 1673 4413 quo
1711 4344 2019 4399 adnotavi-

327 4449 458 4491 mus
485 4434 649 4489 modo
699 4432 858 4498 Sara,
895 4431 1291 4488 intellectualis
1323 4440 1515 4488 noster
1563 4432 1857 4487 Abraham
1898 4446 2017 4488 mo-

327 4537 457 4580 rum
479 4522 761 4594 gravitate
782 4521 1043 4588 senescit,
1072 4521 1504 4590 multarumque
1519 4521 1800 4576 virtutum
1817 4520 2020 4576 diebus

325 4611 577 4679 albescit,
613 4618 666 4666 et
709 4610 759 4666 ei
807 4624 1036 4665 omnem
1093 4609 1564 4676 benedictionem,
1625 4608 2016 4678 spiritualium

323 4699 586 4757 videlicet
627 4699 1042 4755 charismatum
1107 4697 1552 4768 provectionem,
1605 4697 1884 4752 Dominus
1937 4697 2020 4752 in-

323 4789 533 4846 fundit.
592 4787 648 4844 Si
707 4802 843 4859 ergo
894 4801 997 4858 per
1039 4787 1331 4842 Abraham
1382 4800 1454 4842 ex
1501 4785 1629 4856 ejus
1685 4785 2018 4855 conjectura

324 4877 574 4934 nominis
628 4876 949 4932 intellectus
1008 4875 1304 4944 accipitur,

323 4967 530 5033 domus,
566 4965 666 5034 qui
710 4971 914 5034 praeest
952 4963 1070 5018 suis
1103 4962 1390 5029 omnibus,
1430 4961 1636 5016 melius
1665 4975 1844 5030 quam
1877 4960 2019 5018 bene

323 5053 530 5124 agendi
571 5052 858 5122 appetitus
898 5049 1264 5120 exprimitur,
1303 5050 1405 5120 qui
1438 5056 1742 5118 postquam
1767 5049 2020 5119 jrationis

320 5141 640 5200 maturitati
670 5139 870 5196 sedula
900 5139 1176 5194 servitute
1233 5137 1614 5204 connectitur,
1671 5138 1838 5208 quasi
1872 5153 2017 5208 prae-

323 5231 472 5298 vius,
505 5236 560 5285 et
581 5228 855 5299 magister
873 5241 1094 5294 eorum,
1133 5240 1264 5297 quae
1297 5226 1388 5296 pie
1422 5225 1676 5296 gerimus
1696 5226 2012 5284 invenitur.

322 5320 429 5376 Per
480 5320 662 5385 femur
725 5314 1006 5381 Abrahae,
1097 5315 1563 5384 propagationem
1641 5315 2018 5388 intelligimus

319 5405 638 5478 spiritualis
681 5401 1086 5474 intelligentize,
1128 5418 1260 5474 quae
1290 5403 1500 5458 divinis
1541 5403 1898 5470 lectionibus,
1961 5411 2018 5460 et

317 5496 546 5552 diutina
574 5493 1024 5550 conversationis
1049 5493 1404 5563 experientia
1433 5492 1708 5549 dilatatur
1729 5493 1786 5548 in
1801 5499 2010 5550 mente.

317 5586 559 5649 Manum,
610 5582 802 5652 inquit
843 5587 992 5636 tuam
1059 5581 1255 5638 femori
1321 5596 1447 5637 meo
1495 5595 1770 5650 suppone,
1824 5579 1879 5635 id
1927 5583 2013 5636 est

316 5674 588 5728 virtutem
635 5673 798 5727 bonae
840 5678 954 5727 tuae
1002 5671 1315 5737 aviditatis,
1372 5682 1492 5740 qua
1530 5669 1742 5724 sanctis
1785 5667 2010 5725 actibus

2137 3727 2491 3783 voluntatem
2540 3728 2760 3784 ﬂuxam
2791 3729 3110 3784 secundum
3141 3730 3425 3786 desideria
3455 3733 3836 3789 saecularium

2133 3823 2360 3870 aeternze
2415 3816 2802 3872 damnationis
2874 3817 3184 3873 humilitati
3240 3820 3658 3890 parandarum,
3717 3821 3833 3890 spei

2134 3903 2305 3959 semel
2357 3903 2413 3958 in
2443 3905 2650 3960 caelesti
2693 3905 2906 3974 gaudio
2939 3905 3088 3973 ﬂxae,
3121 3919 3188 3961 ac
3219 3907 3266 3962 si
3311 3906 3426 3962 filio
3460 3909 3621 3965 Isaac
3653 3909 3836 3964 admi-

2131 3999 2304 4058 sceat,
2351 4000 2416 4048 ut
2474 3993 2544 4048 de
2600 3993 2829 4049 filiabus
2871 3993 3224 4050 Hierusalem
3298 3996 3372 4050 ad
3414 3996 3836 4052 Chananitidas

2130 4080 2328 4136 oculos
2385 4081 2655 4136 reflectat.
2701 4081 2879 4138 Habet
2928 4081 3082 4138 filius
3123 4097 3386 4151 uxorem,
3439 4085 3676 4154 quando
3705 4099 3834 4154 spes

2130 4168 2444 4224 caelestium
2489 4183 2524 4223 a
2579 4169 2822 4224 terrenis
2871 4169 3057 4225 elevat
3106 4171 3483 4240 voluntatem,
3545 4180 3611 4228 ut
3671 4171 3830 4243 quod

2127 4265 2316 4326 sperat
2345 4260 2460 4312 no‘n
2480 4257 2700 4328 gverbo,
2737 4259 2834 4314 sed
2876 4272 3047 4328 opere
3099 4259 3266 4325 velit;
3303 4259 3480 4316 tiliam
3509 4275 3650 4317 vero
3680 4260 3829 4318 Cha-

2131 4345 2444 4401 nanitidem
2491 4346 2596 4402 sibi
2641 4347 2912 4414 adnectit,
2964 4362 3094 4402 cum
3157 4348 3229 4402 ad
3281 4348 3596 4414 mollitiem,
3654 4349 3830 4405 lasci—

2128 4434 2401 4506 viamque
2454 4435 2656 4492 mundi
2701 4449 2955 4505 superna
3005 4435 3273 4492 alacritas
3321 4451 3381 4492 se
3445 4437 3710 4494 demittit.
3750 4437 3827 4493 De

2128 4524 2468 4593 cognatione
2517 4525 2765 4580 Abrahae
2813 4539 3054 4580 uxorem
3123 4526 3414 4595 accepturi
3467 4525 3541 4581 ad
3609 4535 3824 4584 terram

2129 4613 2565 4682 proficiscimur,
2608 4628 2743 4670 cum
2797 4613 2869 4669 ad
2899 4613 3414 4684 impassibilitatem
3440 4614 3497 4670 in
3529 4623 3821 4686 quantum

2127 4701 2394 4771 possibile
2447 4709 2532 4758 est
2580 4701 2780 4768 animi,
2832 4715 2963 4772 quae
3018 4716 3158 4757 vera
3201 4703 3482 4758 stabilitas
3537 4711 3623 4760 est
3697 4704 3823 4773 (hoc

2124 4789 2276 4846 enim
2307 4798 2460 4846 terra
2489 4788 2818 4860 signiﬁcat),
2871 4789 3295 4857 contendentes,
3337 4791 3717 4860 spiritualiter
3750 4789 3820 4846 ad

1385 4874 1524 4946 quid
1595 4887 1697 4944 per
1757 4875 2015 4928 seniorem
2057 4897 2102 4952 ι)
2131 4877 2585 4934 conformitatem
2623 4877 2822 4932 matris
2863 4885 3072 4932 nostrae
3128 4877 3483 4934 Hierusalem
3529 4893 3818 4951 superena-

2128 4967 2300 5034 lestis,
2358 4981 2490 5022 cum
2537 4980 2654 5036 qua
2711 4966 3005 5036 quondam
3057 4966 3224 5021 homo
3271 4976 3463 5024 noster
3544 4969 3814 5033 exterior,

2127 5056 2264 5111 dum
2313 5062 2465 5110 recte
2511 5055 2674 5122 vivit,
2735 5054 3166 5124 germanitatem
3223 5055 3418 5122 habet,
3491 5054 3816 5113 conversari

2127 5144 2438 5214 gestimus;
2488 5143 2640 5198 unde
2669 5143 2816 5198 sicut
2871 5144 2930 5196 in
2975 5143 3136 5208 coelo,
3180 5142 3259 5198 ita
3305 5151 3360 5200 et
3397 5144 3455 5199 in
3495 5152 3649 5201 terra
3697 5142 3817 5200 fieri

2126 5233 2225 5288 Dei
2282 5231 2636 5287 voluntatem
2680 5245 2915 5286 oramus
2951 5233 3168 5297 (Matth.
3236 5247 3318 5304 vr,
3376 5236 3479 5299 l2),
3510 5248 3583 5290 ex
3615 5248 3683 5290 ea
3720 5246 3812 5288 co-

2125 5320 2397 5392 gnatione
2452 5333 2696 5374 uxorem
2753 5320 3084 5389 accipimus,
3145 5335 3277 5376 cum
3337 5323 3474 5377 moti
3535 5319 3812 5378 desiderio

2122 5409 2285 5463 beate
2315 5407 2595 5476 gvivendi,
2649 5407 2756 5478 piae
2814 5408 3129 5464 voluntatis
3183 5410 3429 5481 gratiam
3477 5411 3660 5483 magis
3685 5423 3812 5465 am-

2124 5497 2446 5567 plectimus.

2194 5582 2366 5638 VEns.
2393 5583 2448 5650 5,
2503 5587 2552 5638 6.
2587 5613 2656 5626 -
2709 5585 3017 5654 Respondit
3045 5600 3232 5641 servus
3265 5602 3279 5640 :
3334 5588 3397 5642 Si
3425 5589 3659 5642 noluerit
3685 5601 3806 5641 mu—

2120 5671 2220 5724 lier
2277 5675 2458 5725 venire
2526 5688 2731 5727 mecum
2777 5675 2835 5726 in
2889 5679 3090 5727 terram
3150 5675 3308 5740 hanc,
3383 5691 3517 5730 num
3559 5677 3805 5731 reducere
