3956 6450
90 402 176 452 181
1201 395 1558 451 MORALIUM
1601 397 1667 450 IN
1705 394 2030 451 GENESIN.
2066 426 2131 434 -
2166 397 2295 451 LIB.
2341 396 2463 452 VII.

3537 402 3636 453 182

83 535 249 588 debeo
282 536 479 602 ﬁlium
525 539 679 588 tuum
735 533 809 585 ad
841 532 1011 586 locum
1038 533 1103 585 de
1125 546 1229 600 quo
1259 545 1502 599 egressus
1546 534 1640 585 es?
1666 532 1814 585 Cave
1853 532 1897 583 Α
1928 530 2110 586 divini
2154 539 2238 588 est
2269 533 2520 600 seminis,
2577 534 2968 589 fortitudinem
3000 549 3120 589 sum
3150 535 3313 590 bonze
3345 536 3633 605 operatio-

84 623 287 693 inquit
356 623 694 689 Abraham,
765 638 831 675 ne
887 621 1106 689 quando
1166 620 1397 674 reducas
1463 620 1592 673 illuc
1647 622 1821 687 filium

83 728 287 766 meum.
328 713 635 783 Loquitur
679 711 971 767 Abraham
1018 710 1089 764 ad
1120 723 1376 775 servum,
1407 722 1540 763 cum
1575 709 1717 764 ratio
1753 709 1822 764 de

85 803 449 872 quibusque
490 799 779 871 gerendiis
828 799 1097 854 informat
1147 796 1438 852 affectum.
1505 796 1822 865 Respondet

86 891 197 945 hoc
229 891 365 946 loco
417 904 630 945 servus
678 889 947 954 Abrahae,
981 902 1113 943 cum
1166 887 1236 942 ad
1272 887 1393 941 haec
1421 900 1553 955 quae
1583 884 1822 955 spiritus

86 982 364 1050 suggerit
402 979 757 1049 peragenda,
808 983 907 1031 93
944 976 1138 1047 objicit
1166 975 1514 1031 desideratos
1562 973 1818 1041 effectus,

87 1082 243 1137 quos
274 1074 462 1136 putat
506 1080 622 1121 non
652 1080 810 1135 posse
841 1073 1145 1134 suppetere
1185 1063 1468 1119 voluntati
1495 1077 1645 1131 suae;
1687 1076 1823 1117 mu-

90 1157 199 1212 lier
228 1156 399 1210 enim
436 1164 579 1211 tunc
632 1169 746 1209 non
799 1153 926 1209 vult
982 1152 1180 1208 venire
1237 1166 1430 1207 secum
1485 1153 1543 1205 in
1585 1159 1818 1216 terram,

93 1260 234 1300 cum
280 1244 508 1307 mollis,
540 1251 595 1299 et
628 1243 790 1298 ﬁuxa
820 1241 1090 1311 cogitatio
1146 1241 1328 1311 magis
1387 1240 1544 1309 eligit
1576 1239 1823 1295 smcula-

99 1335 361 1390 ritatum
400 1333 637 1389 turbine
678 1331 1037 1388 circumferri
1066 1344 1240 1401 quam
1272 1330 1567 1399 consopito
1598 1328 1821 1398 passio-

95 1437 239 1477 num
278 1422 481 1477 ﬂuctu
511 1422 583 1477 ad
616 1429 782 1476 terrae
804 1418 1238 1475 similitudinem
1273 1417 1536 1473 stabiliri.
1572 1416 1823 1472 Reduci-

92 1518 194 1566 tur
238 1510 410 1566 ﬁlius
456 1510 530 1565 ad
578 1509 767 1565 locum
813 1509 883 1563 de
928 1522 1046 1578 quo
1100 1521 1366 1577 egressus
1416 1512 1521 1572 est,
1582 1505 1820 1575 quando

92 1615 223 1669 spes
282 1607 498 1655 nostra
550 1605 781 1669 propter
811 1597 1069 1667 aliquam
1131 1594 1458 1651 tentationis
1504 1607 1708 1649 auram
1753 1594 1822 1648 de

92 1689 444 1745 caelestibus
500 1687 858 1757 desperando
886 1694 1015 1756 post
1052 1699 1111 1740 se
1150 1684 1432 1740 relabitur
1462 1683 1536 1737 ad
1605 1690 1821 1738 statum

90 1787 355 1833 veterem
418 1775 688 1833 desiderii
734 1774 1045 1838 saecularis,
1102 1774 1172 1829 de
1221 1787 1340 1843 qua
1396 1772 1530 1829 olim
1588 1785 1820 1842 egressa

91 1874 357 1937 tempore
417 1864 813 1921 conversionis
866 1871 968 1920 est.
1023 1865 1211 1928 Quare
1247 1870 1440 1917 autem
1491 1876 1593 1931 per
1632 1860 1814 1915 ﬁlium

94 1970 253 2025 spem
286 1955 636 2024 accipimus,
698 1952 1097 2022 praediximus,
1130 1950 1270 2022 quia
1317 1965 1473 2021 spem
1509 1951 1566 2005 in
1601 1949 1737 2020 ipsis
1761 1956 1817 2005 et

94 2044 451 2114 propaginis
482 2050 538 2099 et
568 2042 867 2099 solaminis
894 2040 1181 2111 ponimus,
1218 2041 1371 2097 unde
1394 2048 1450 2096 et
1480 2040 1645 2111 vulgi
1702 2052 1816 2095 usu

96 2148 223 2201 spes
266 2147 374 2188 eos
431 2145 725 2187 vocamus.
784 2130 943 2186 Unde
1001 2129 1297 2198 psalmus:
1332 2131 1402 2183 Et
1455 2129 1643 2182 videas
1673 2128 1815 2197 ﬁlios

93 2223 335 2288 ﬁliorum
425 2227 633 2275 tuorem
700 2220 862 2288 (Psal.
932 2233 1146 2284 cxxvu,
1208 2222 1277 2283 6),
1336 2217 1392 2272 id
1450 2226 1533 2273 est
1588 2217 1814 2272 fructus

96 2310 508 2378 sperationum
556 2316 810 2365 tuarum.
871 2308 975 2373 Ne,
1037 2307 1249 2377 inquit,
1300 2307 1371 2362 ad
1431 2306 1812 2376 antiquarum

97 2399 415 2455 volutabra
468 2398 834 2467 voluptatum
877 2397 992 2467 spei
1039 2411 1176 2452 mem
1229 2396 1409 2451 aciem
1447 2396 1811 2466 detorqueas,

99 2487 236 2557 quia
282 2487 490 2557 (Vsus.
537 2486 592 2556 '7)
642 2488 899 2541 Dominus
956 2489 1095 2540 Deus
1128 2486 1266 2549 caili,
1300 2487 1398 2553 qui
1452 2485 1578 2538 tulit
1607 2500 1689 2537 me
1748 2484 1814 2538 de

99 2578 253 2630 domo
306 2580 503 2646 patris
539 2578 662 2643 mei,
718 2580 767 2629 et
808 2576 874 2630 de
932 2580 1079 2628 terra
1120 2575 1433 2627 nativitatis
1509 2589 1654 2639 meae,
1716 2576 1814 2641 qui

102 2664 305 2719 locutus
364 2670 451 2719 est
479 2665 621 2718 mihi
674 2668 724 2717 et
744 2662 963 2733 juravit
1019 2663 1241 2717 dicens:
1278 2663 1483 2717 Semini
1522 2662 1629 2715 duo
1674 2660 1813 2715 dabo

102 2758 297 2807 terram
332 2755 501 2819 hanc,
534 2755 651 2822 ipse
686 2756 864 2807 mittet
919 2752 1172 2819 angelum
1218 2766 1374 2804 suum
1421 2767 1602 2804 coram
1650 2755 1720 2818 te,
1763 2755 1812 2804 et

102 2845 332 2912 accipies
381 2842 517 2895 inde
570 2857 794 2895 uxorem
847 2841 960 2909 ﬁlio
1007 2856 1140 2894 meo.
1170 2841 1251 2895 Ac
1281 2839 1326 2895 si
1358 2839 1610 2895 diceret:
1671 2843 1811 2892 Deus

104 2934 196 2998 qui
231 2945 326 2986 me
359 2930 738 2987 intellectuali
768 2931 896 2985 luce
948 2929 1212 2996 zediﬁcat,
1269 2928 1370 2999 qui
1421 2931 1550 2983 tulit
1610 2944 1690 2981 me
1743 2929 1812 2984 de

104 3019 457 3075 conscientia
517 3020 755 3090 peccati,
827 3032 1005 3089 quam
1061 3017 1425 3073 inbabitabat
1498 3016 1812 3073 auctoritas

1930 620 2022 676 nis
2065 622 2257 678 debita
2306 623 2592 678 servitute
2640 622 2973 694 subjungit;
3035 638 3199 692 super
3256 639 3495 679 sermone
3535 626 3628 677 hoc

1924 709 2106 778 jurat,
2140 726 2271 765 cum
2306 712 2626 767 secundum
2669 712 2990 767 intellectus
3021 713 3361 767 sententiam
3393 711 3634 767 affectus

1931 800 2108 854 nostri
2163 799 2468 854 inﬁrmitas
2520 815 2640 855 sese
2687 800 2902 869 dirigit,
2958 808 3013 856 et
3070 800 3389 855 innormat.‘
3429 800 3630 868 (Vens.

1936 888 2042 957 l0.)
2095 889 2323 957 Tulique
2373 888 2550 943 decem
2579 891 2804 943 camelos
2862 889 2929 942 de
2974 889 3223 957 gregibus
3276 889 3485 942 domini
3524 890 3631 955 sui,

1929 981 1980 1029 et
2016 977 2157 1031 abiit
2203 993 2270 1031 ex
2335 979 2580 1031 omnibus
2612 978 2765 1031 bonis
2823 978 2939 1048 ejus
2972 984 3196 1046 portans
3225 993 3421 1031 secum.
3501 979 3635 1031 Pro-

1928 1068 2207 1136 fectusque
2256 1071 2504 1135 perrexit
2560 1066 3002 1134 Mesopotamiam
3047 1067 3122 1120 ad
3157 1067 3343 1120 urbem
3395 1067 3631 1122 Nachor.

1931 1156 2036 1212 Per
2056 1156 2340 1212 camelum
2368 1156 2470 1226 qui
2502 1156 2779 1219 ruminat,
2811 1156 2905 1210 sed
2940 1155 3221 1227 ungulam
3258 1170 3373 1210 non
3405 1155 3633 1219 dividit,

1928 1253 1984 1302 et
2013 1246 2085 1301 ab
2119 1246 2465 1301 incurvitate
2495 1260 2621 1313 sua,
2674 1246 2821 1301 sicut
2850 1246 3133 1313 caminus,
3176 1253 3231 1301 et
3266 1258 3493 1300 camera
3546 1259 3637 1298 no-

1930 1349 2062 1390 men
2121 1336 2357 1404 accepit,
2416 1335 2535 1390 vita
2583 1335 2815 1405 quidem
2851 1349 2921 1390 ex
2973 1347 3186 1405 magna
3216 1340 3377 1404 parte
3422 1333 3637 1388 divinae

1931 1423 2071 1495 legis
2102 1424 2451 1493 praeminens
2480 1423 2849 1478 observantia
2873 1422 3237 1491 intelligitur,
3286 1422 3383 1478 sed
3443 1429 3636 1477 tamen

1929 1511 2001 1566 ob
2040 1510 2502 1566 indiscretionem
2551 1524 2738 1577 suam,
2794 1511 2933 1580 quia
2966 1511 3210 1565 necdum
3266 1509 3431 1578 plene
3487 1510 3638 1563 inter

1932 1600 2071 1654 vitia
2099 1600 2446 1668 virtutisque
2480 1599 2683 1655 dividit
2720 1612 2754 1653 a
2804 1596 3145 1667 perfectione
3178 1597 3416 1664 distans,
3467 1604 3523 1652 et
3563 1597 3635 1651 ob

1932 1688 2039 1744 hoc
2094 1703 2215 1744 sese
2268 1702 2532 1759 congrua
2586 1687 2913 1743 humilitate
2979 1685 3225 1756 propriae
3277 1685 3640 1756 indignitatis

1930 1778 2390 1834 consideratione
2432 1776 2738 1833 inclinans.
2789 1776 2895 1831 Per
2922 1775 3099 1829 decem
3128 1774 3324 1845 itaque
3384 1776 3631 1838 camelos,

1858 1835 1898 1890 Β
1929 1867 2139 1923 divinae
2169 1866 2329 1938 legis,
2381 1867 2552 1937 cujus
2607 1879 2837 1922 summa
2880 1865 3199 1936 Decalogus
3226 1871 3329 1931 est,
3379 1877 3543 1918 amor
3576 1871 3631 1918 et

1923 1956 2249 2012 retractatio
2278 1954 2482 2011 crebra
2512 1954 2813 2023 accipitur,
2866 1968 2998 2024 quae
3045 1953 3186 2008 dum
3216 1951 3385 2008 avido
3429 1951 3637 2006 mentis

1922 2059 2021 2101 ore
2048 2052 2334 2116 gustatur,
2398 2044 2547 2100 ﬁdeli
2594 2043 2722 2113 ejus
2778 2042 3167 2098 ruminatione
3210 2041 3389 2096 animi
3456 2039 3638 2095 robur

1919 2134 2188 2205 erigitur,
2226 2140 2281 2189 et
2310 2131 2503 2188 carnis
2551 2131 2898 2187 desiderium
2952 2138 3227 2186 tenuatur
3276 2136 3331 2185 et
3384 2129 3522 2185 dum
3556 2130 3629 2184 ad

1921 2234 2178 2292 unguem
2220 2234 2280 2275 se
2332 2227 2395 2276 ut
2437 2218 2722 2275 desiderat
2768 2218 2964 2289 perﬁci
3004 2217 3194 2274 carnis
3238 2217 3466 2288 objecta
3513 2231 3629 2272 non

1920 2324 2084 2380 posse
2111 2308 2451 2375 considerat,
2484 2322 2556 2363 ex
2584 2321 2691 2363 sua
2717 2322 2852 2363 mox
2883 2307 3038 2378 quod
3069 2315 3203 2363 actu
3251 2322 3368 2362 non
3399 2320 3629 2376 praeva-

1923 2399 1996 2454 let
2025 2398 2350 2454 humilitate
2402 2399 2693 2454 reformat.
2747 2396 2957 2469 Greges
3010 2395 3258 2464 Domini,
3314 2397 3382 2452 de
3412 2395 3629 2465 quibus

1921 2488 2112 2543 decem
2146 2488 2521 2555 assumimus,
2553 2495 2890 2542 czeterorum
2940 2486 3342 2541 multitudines
3390 2485 3628 2540 manda-

1919 2586 2110 2634 torum
2141 2585 2296 2644 sunt,
2345 2578 2414 2632 de
2466 2577 2683 2647 quibus
2739 2574 3073 2646 perfectiora
3103 2574 3442 2644 accipimus,
3492 2587 3626 2628 cum

1919 2666 2040 2734 Dei,
2091 2674 2146 2723 et
2194 2666 2440 2736 proximi
2479 2666 2839 2730 charitatem,
2879 2664 2939 2719 in
2978 2664 3192 2734 quibus
3222 2671 3341 2720 tota
3372 2663 3463 2719 lex
3494 2676 3627 2732 pen-

1919 2756 2012 2811 det
2065 2763 2120 2811 et
2174 2756 2488 2825 propheta},
2547 2754 2852 2811 tenendam
2900 2754 3190 2825 eligimus.
3244 2752 3405 2809 Unde
3455 2759 3509 2808 et
3556 2769 3624 2806 σω

1918 2846 2166 2899 omnibus
2225 2844 2453 2900 Domini
2518 2844 2608 2899 sui
2659 2844 2810 2898 bonis
2864 2849 3093 2913 portans
3149 2840 3364 2897 dicitur
3414 2841 3624 2908 abisse,

1920 2935 2060 3005 quia
2104 2934 2196 2989 cui
2247 2933 2568 2989 dilectionis
2614 2933 2801 2988 virtus
2846 2932 3019 2997 inest;
3074 2930 3131 2987 in
3180 2938 3467 3001 quantum
3516 2930 3624 2986 sibi

1919 3024 2096 3089 adest,
2128 3023 2185 3077 in
2225 3030 2451 3077 tantum
2482 3022 2587 3077 etsi
2624 3036 2737 3076 non
2787 3021 2983 3077 omnia
3031 3020 3264 3087 adsunt,
3331 3020 3403 3075 de
3460 3019 3626 3075 bouis

107 3108 333 3175 diaboli,
387 3109 533 3164 dum
584 3107 635 3163 ei
668 3107 1079 3175 conformarer,
1138 3121 1207 3162 ac
1246 3106 1293 3161 si
1349 3106 1516 3176 patri,
1569 3108 1669 3161 εἰν(

2061 3112 2187 3169 ibus
2216 3118 2426 3180 portat,
2461 3125 2593 3165 cum
2652 3109 2903 3165 charitas
2950 3108 3155 3175 ofﬁcio,
3193 3122 3325 3178 qua:
3382 3108 3623 3164 univer-

106 3198 543 3253 conversatione
596 3196 910 3265 mundiali;
959 3195 1173 3251 dicitur
1200 3195 1354 3250 enim
1388 3195 1600 3251 atrium
1635 3208 1807 3249 suum

107 3286 391 3342 custodire
445 3286 714 3356 princeps
766 3285 970 3341 mundi
1018 3284 1168 3352 (Luc.
1222 3299 1300 3350 XI,
1333 3285 1448 3352 21),
1503 3285 1651 3339 etde
1694 3292 1809 3339 ter-

106 3374 341 3430 renitate
373 3375 434 3430 in
466 3389 606 3446 qua,
639 3382 695 3430 et
725 3374 797 3430 ad
832 3388 1010 3444 quam
1043 3388 1249 3430 sumus
1264 3388 1337 3428 ex
1357 3374 1555 3429 eodem
1585 3373 1811 3429 diabolo

111 3471 264 3531 patre
298 3465 446 3531 nati,
482 3463 584 3533 qui
613 3463 731 3533 spei
770 3462 1075 3518 collatione
1133 3463 1448 3518 introrsum
1500 3463 1705 3517 locutus
1735 3467 1813 3515 est

110 3554 259 3616 mihi,
308 3558 361 3607 et
400 3554 643 3627 juravit,
691 3551 750 3607 id
801 3559 887 3607 est
928 3551 989 3605 in
1036 3549 1486 3606 Christianitatis
1542 3566 1634 3606 me
1678 3551 1813 3621 jure

110 3640 398 3697 constituit
443 3643 670 3697 interna
724 3640 1033 3710 sponsione
1064 3639 1339 3709 pollicens
1366 3643 1578 3706 semini,
1610 3640 1668 3695 id
1728 3648 1812 3695 est

110 3727 264 3784 bonae
295 3738 413 3786 tua-3
443 3729 687 3785 actionis
718 3728 939 3795 merito,
976 3728 1134 3798 quod
1164 3728 1224 3783 in
1254 3742 1355 3798 spe
1380 3727 1567 3799 frugis
1582 3736 1811 3784 internae

111 3820 500 3885 seminaveris,
554 3817 906 3874 terrenitatis
950 3818 1129 3888 hujus
1155 3818 1368 3873 scilicet
1408 3818 1663 3888 corporis
1725 3820 1810 3874 tui

112 3907 326 3974 pondus
354 3907 719 3975 submittam,
756 3914 819 3963 ut
851 3907 1172 3977 spiritualis
1196 3906 1510 3963 alacritatis
1544 3908 1808 3977 experia-

114 4002 202 4051 tur
229 3998 499 4067 gratiam,
535 3998 702 4063 Deus,
732 3997 941 4067 inquit,
972 3996 1076 4066 qui
1106 4004 1161 4051 et
1192 3996 1315 4051 haec
1344 3996 1492 4063 fecit,
1526 4004 1581 4051 et
1620 3996 1810 4051 factu-

115 4098 233 4140 rum
293 4100 352 4142 se
410 4086 696 4156 promisit,
738 4088 854 4155 ipse
903 4088 1157 4153 angelum
1185 4085 1367 4141 divini
1421 4085 1511 4141 sui
1568 4086 1806 4155 eloquii,

116 4173 211 4243 qui
239 4188 365 4244 qua:
387 4175 618 4246 agenda
648 4182 786 4230 sunt
818 4175 1069 4244 nuntiet,
1100 4191 1282 4229 coram
1315 4179 1364 4228 te
1407 4177 1606 4240 mittet,
1636 4174 1691 4229 id
1727 4183 1809 4230 est

119 4264 385 4330 praevium
412 4264 517 4319 tibi
553 4263 734 4328 faciet,
771 4272 826 4319 et
870 4264 1021 4331 inde,
1063 4278 1137 4319 ex
1170 4265 1296 4334 ejus
1337 4263 1599 4319 videlicet
1638 4264 1810 4320 docu-

120 4358 298 4407 mento
342 4352 568 4408 videbis
619 4367 795 4423 quam
849 4354 1056 4408 debeas
1119 4353 1329 4423 eligere
1384 4354 1654 4422 corporis,
1732 4367 1806 4409 an

1919 3202 2105 3256 sitatis
2163 3201 2450 3255 bonorum
2494 3198 2733 3254 materia
2792 3204 2896 3263 est,
2953 3197 3210 3266 corporis
3266 3196 3621 3253 voluntatem

1919 3290 2218 3360 subjugat.
2277 3288 2429 3354 Abit,
2462 3301 2595 3341 cum
2638 3287 2697 3341 in
2733 3285 2972 3341 meliora
3001 3284 3235 3355 gerendi
3263 3298 3490 3353 semper
3521 3300 3624 3354 ap-

1919 3379 2159 3448 petitum
2192 3391 2251 3433 se
2276 3375 2554 3431 extendit.
2579 3374 2986 3444 Mesopotamia
3016 3388 3220 3443 graece,
3269 3373 3451 3427 media
3481 3376 3625 3428 inter

1919 3468 2176 3537 ﬂumina;
2256 3464 2547 3531 Hebraice,
2626 3466 2832 3518 elevata
2890 3465 3101 3517 vacatio
3186 3463 3618 3532 interpretatur.

1924 3556 2175 3612 Vocatur
2204 3554 2389 3624 primo
2437 3553 2508 3607 ad
2542 3553 2731 3620 ﬁdem,
2766 3553 3029 3608 elevatur
3073 3566 3209 3607 vero
3252 3550 3478 3606 vocatio
3525 3564 3624 3619 per

1920 3645 2122 3701 mundi
2175 3643 2760 3709 abrenuntiationem,
2824 3642 2943 3709 ubi,
2982 3642 3129 3696 inter
3159 3641 3372 3696 ﬂuctus
3404 3647 3623 3708 tempe-
3688 3632 3689 3635 “

1920 3741 2134 3790 statum
2192 3732 2396 3788 mentis
2461 3740 2517 3788 et
2565 3732 2781 3799 saeculi,
2843 3745 3072 3787 necesse
3129 3737 3213 3785 est
3281 3727 3625 3784 commorari

1920 3824 2129 3894 spiritu
2188 3836 2528 3893 pauperem;
2565 3835 2667 3891 per
2725 3821 2877 3877 hanc
2920 3818 3387 3889 Mesopotamiam
3421 3817 3489 3871 ad
3526 3830 3619 3871 ur-

1921 3912 2046 3968 bem
2107 3912 2354 3979 Nachor,
2438 3904 2594 3981 quod
2652 3909 3063 3978 interpretatur
3116 3908 3327 3977 requies
3380 3906 3620 3967 luminis,

1921 4000 2234 4071 pergimus,
2295 3998 2531 4070 quando
2584 3998 2655 4053 ad
2704 3997 3106 4067 perfectionem
3160 3994 3458 4051 charitatis
3526 4008 3625 4063 per

1919 4090 2212 4160 passiones
2264 4087 2614 4158 proﬁcimus,
2674 4101 2806 4157 quae
2862 4086 3058 4141 lumen
3109 4084 3298 4155 juxta,
3345 4084 3621 4139 Joannem

1918 4178 2243 4249 apostolum
2273 4186 2355 4233 est
2386 4178 2435 4249 (Ι
2474 4179 2632 4232 Joan.
2684 4191 2742 4244 ιι,
2778 4174 2882 4246 10),
2912 4188 3030 4245 qua
3075 4188 3207 4229 vere
3243 4171 3618 4243 quiescimus.

1917 4269 2006 4324 vel
2049 4268 2120 4323 ad
2176 4268 2467 4323 civitatem
2506 4279 2838 4335 supernam,
2899 4263 3000 4319 ubi
3055 4263 3250 4319 lumen
3298 4261 3354 4316 in
3406 4259 3625 4316 lumine

1918 4357 2115 4413 verius
2145 4356 2505 4426 quiescentes
2532 4354 2853 4410 videamus.

120 4440 285 4496 animi
340 4442 717 4508 voluntatem,
750 4442 865 4511 spei
895 4441 1094 4512 utique
1129 4450 1241 4498 tuae
1271 4456 1338 4496 ac
1374 4442 1422 4496 si
1456 4442 1570 4497 ﬁlio
1618 4443 1808 4498 admi-
1850 4445 1893 4499 D
1994 4446 2164 4501 Vnus.
2221 4448 2302 4512 ll,
2341 4447 2428 4498 l2.
2487 4473 2551 4483 —
2582 4444 2819 4511 Cumque
2864 4443 3091 4496 camelos
3150 4442 3365 4507 fecisset
3406 4454 3625 4492 accum-

121 4530 393 4586 scendam.
431 4532 624 4601 (VERS.
676 4532 755 4600 8.)
782 4532 878 4586 Sin
918 4537 1098 4585 autem
1126 4532 1322 4584 mulier
1364 4534 1521 4600 sequi
1549 4537 1597 4585 te
1623 4533 1805 4586 nolue-

123 4620 206 4684 rit,
256 4635 360 4673 non
415 4620 680 4674 teneberis
722 4618 1059 4689 juramento,
1094 4619 1147 4675 id
1180 4628 1283 4687 est,
1328 4620 1371 4674 si
1429 4620 1803 4688 seductibilis,

122 4712 171 4760 et
213 4706 418 4765 lasciva
499 4708 767 4779 cogitatio
812 4709 1135 4765 secundum
1189 4709 1507 4779 appetitum
1568 4709 1808 4780 justitize

125 4808 284 4864 quam
314 4798 494 4854 habes
528 4798 735 4869 corrigi
795 4798 1072 4866 renuerit,
1102 4797 1200 4868 jus
1245 4799 1629 4869 regulamque
1658 4800 1805 4855 veri-

125 4884 241 4940 tatis
289 4888 595 4951 excedens,
672 4902 787 4943 non
839 4887 996 4943 ultra
1051 4887 1357 4955 teneberis,
1415 4888 1513 4943 sed
1579 4888 1810 4944 effrenis

129 4985 409 5047 vagosque
451 4989 555 5047 per
584 4976 725 5031 vitia
777 4991 1028 5047 quaeque
1079 4977 1306 5033 laberis.
1352 4979 1554 5033 Filium
1598 4982 1810 5033 tantum

130 5075 282 5117 meum
308 5081 371 5120 ne
411 5066 648 5120 reducas
701 5067 852 5121 illuc.
886 5065 1049 5133 Quod
1102 5073 1184 5122 est
1233 5066 1467 5123 dicere:
1503 5075 1557 5123 et
1605 5067 1653 5122 si
1701 5067 1810 5124 ha-

136 5148 275 5208 benis
299 5154 512 5211 divinae
561 5154 706 5225 legis
760 5155 942 5211 teneri
977 5155 1216 5226 refugis,
1266 5169 1423 5225 spem
1481 5156 1682 5212 saltem
1740 5171 1811 5212 ne

135 5241 337 5305 penitus
389 5245 460 5300 de
529 5243 671 5299 caelo
723 5245 1014 5311 devolvas,
1070 5252 1126 5299 et
1166 5244 1431 5300 saeculari
1480 5244 1811 5315 labyrintho

139 5340 435 5403 immergas.

201 5416 350 5476 Vsus.
383 5426 413 5477 9
462 5452 536 5461 —
569 5422 757 5475 Posuit
796 5437 924 5490 ergo
975 5437 1162 5477 servus
1198 5438 1421 5477 manum
1455 5423 1554 5477 sub
1611 5424 1814 5489 femore

144 5504 390 5565 Abraham
415 5511 635 5567 domini
652 5512 759 5577 sui,
795 5516 845 5564 et
866 5510 1090 5581 juruvit
1114 5513 1202 5566 illi
1228 5527 1394 5581 super
1422 5527 1662 5565 sermone
1690 5512 1814 5566 hoc-

144 5590 309 5651 Servus
335 5614 558 5653 manum
608 5598 705 5651 sub
737 5600 940 5665 femore
988 5599 1207 5654 domini
1240 5600 1417 5669 ponit,
1450 5614 1581 5655 cum
1630 5599 1815 5669 pieta-

146 5677 207 5734 tis
267 5684 496 5745 aﬁ‘ectus
557 5686 815 5743 veritatis
894 5687 1182 5759 praesidio,
1245 5702 1378 5758 quae
1429 5688 1588 5743 locus
1643 5688 1817 5743 totius

1918 4535 2039 4588 bere
2094 4541 2253 4588 ecetra
2298 4533 2563 4601 oppidum
2603 4533 2775 4601 juxta
2834 4536 3053 4600 puteum
3097 4545 3253 4599 aqua:
3292 4544 3528 4598 vespere,
3570 4542 3625 4579 eo

1918 4628 2171 4692 tempore,
2212 4638 2317 4691 quo
2369 4622 2539 4676 solent
2595 4622 2845 4674 mulieres
2901 4619 3087 4687 egredi
3131 4619 3207 4672 ad
3266 4616 3627 4671 hauriendam

1918 4727 2121 4780 aquam
2151 4711 2339 4765 dixit:
2404 4710 2625 4764 Domine
2674 4708 2839 4773 Deus,
2872 4714 2978 4762 etc.
3041 4706 3329 4776 Oppidum
3371 4703 3628 4760 mundus

1915 4810 2019 4867 est,
2053 4800 2144 4855 cui
2178 4799 2338 4855 fortis
2376 4805 2639 4853 armatus
2673 4796 3033 4866 principatur
3083 4803 3138 4850 et
3199 4800 3402 4864 regnat
3470 4794 3623 4862 (Luc.

1917 4904 1978 4956 ιι,
2008 4890 2117 4958 2t).
2163 4888 2325 4945 Unde
2354 4886 2568 4942 dicitur
2605 4884 2913 4955 apostolis:
2944 4886 3021 4939 Ite
3068 4886 3128 4936 in
3172 4883 3453 4937 castellum
3483 4881 3629 4950 quod

1917 4983 2106 5032 contra
2154 4991 2248 5031 vos
2302 4981 2385 5030 est
2444 4975 2665 5043 (Matth.
2721 4989 2840 5040 xxi,
2899 4973 2976 5044 2),
3033 4981 3088 5028 et
3142 4970 3343 5027 merito
3405 4978 3625 5035 contra,

1919 5068 2055 5136 quia
2116 5066 2175 5120 in
2231 5064 2447 5121 mundo
2488 5077 2821 5134 pressuram
2864 5063 3088 5119 habetis
3115 5061 3292 5132 (Joan.
3344 5075 3459 5130 xvi,
3518 5063 3624 5127 33).

1919 5156 2102 5211 Extra
2144 5154 2423 5224 oppidum
2480 5153 2726 5209 camelos
2784 5153 3028 5209 facimus
3087 5151 3449 5217 accumbere,
3494 5164 3628 5205 cum

1922 5244 2071 5300 bona
2099 5250 2293 5299 nostra
2322 5256 2518 5312 opera,
2566 5243 2783 5313 quibus
2812 5242 3025 5297 divinze
3054 5241 3165 5312 legi
3212 5244 3310 5294 94
3361 5238 3631 5310 congrui-

1920 5348 2071 5399 mus,
2108 5345 2143 5386 a
2183 5332 2384 5388 mundi
2415 5332 2632 5387 carnali
2686 5332 2897 5401 pariter
2924 5340 2979 5387 et
3008 5329 3296 5401 spirituali
3345 5327 3628 5384 consortio

1922 5435 2277 5492 separamus.
2330 5421 2469 5476 dum
2528 5421 2671 5476 vitia
2724 5422 2850 5491 ejus
2902 5427 2958 5477 et
3014 5420 3214 5475 laudes
3285 5417 3626 5488 refugimus.

1921 5515 2094 5567 Juxta
2136 5515 2361 5580 puteum
2410 5525 2567 5579 aquae
2609 5526 2827 5579 vespere
2873 5509 3293 5575 accumbimus,
3352 5521 3485 5563 cum
3525 5506 3620 5561 de-

1926 5598 2377 5655 fervescentibus
2437 5600 2495 5654 in
2576 5599 2743 5654 nobis
2794 5599 3067 5655 vitiorum
3110 5596 3402 5654 caloribus
3448 5609 3516 5650 ac
3583 5594 3628 5648 si

1925 5687 2178 5758 quodam
2223 5687 2462 5744 meridie
2487 5687 2559 5743 ad
2590 5688 2805 5744 fontem
2851 5701 3021 5758 aqua:
3064 5687 3233 5749 vivae,
3283 5684 3353 5740 de
3382 5697 3500 5754 quo
3527 5682 3632 5752 qui
