3956 6448
341 390 440 443 183

339 517 566 586 biberit,
631 532 745 573 non
789 517 940 573 sitiet
989 516 1139 573 ultra
1192 517 1388 586 (Joan.
1441 531 1515 583 vt,
1569 517 1688 584 335),
1739 515 2028 570 Christum
2070 520 2112 570 Α

339 607 557 663 scilicet
590 607 757 663 bonis
779 605 990 662 nostris
1017 607 1286 676 operibus
1319 620 1418 675 per
1445 614 1656 660 sanctae
1689 605 1802 674 spei
1834 619 2034 673 exspe-

337 697 638 753 ctationem
671 697 928 766 requiem
961 696 1306 752 invenimus.
1365 696 1508 752 Nam
1551 695 1619 750 de
1649 708 1805 764 aqua
1843 694 2032 764 oppidi

340 787 442 856 qui
472 785 631 852 bibit,
664 785 815 840 sitiet
851 785 1080 841 iterum.
1123 788 1267 840 Dum
1296 785 1538 853 superbit
1582 787 1800 852 impius,
1846 785 2035 837 incen-

339 875 493 928 ditur
520 889 730 942 pauper
755 874 918 941 (Psal.
943 887 1018 940 IX,
1054 875 1146 941 23)
1180 887 1193 926 :
1227 873 1364 928 dum
1420 875 1667 926 mulieres
1711 871 2032 941 [egrediun-

341 969 437 1018 tur
465 961 538 1014 ad
591 962 952 1015 hauriendam
992 978 1213 1030 aquam,
1257 962 1393 1016 dum
1425 960 1652 1028 fragilia
1681 961 1864 1016 instar
1910 974 2032 1015 mu-

340 1049 545 1106 lierum
592 1050 764 1105 corda
813 1050 882 1105 de
912 1063 1093 1120 prava
1129 1064 1254 1116 sua,
1310 1057 1365 1104 et
1397 1050 1620 1104 occulta
1662 1047 2032 1117 conceptione

338 1139 660 1208 adapertas
681 1145 897 1194 exeunt
932 1138 1178 1194 malitias
1220 1147 1280 1194 ut
1328 1137 1600 1194 hauriant
1647 1152 1761 1192 non
1801 1137 2027 1204 Christi,

338 1224 432 1281 sed
461 1223 652 1293 oppidi
700 1238 904 1294 aquas,
961 1224 1015 1280 id
1066 1233 1148 1280 est
1179 1225 1450 1294 impleant
1486 1224 1540 1280 in
1573 1225 1756 1291 malls,
1811 1239 1926 1280 non
1972 1224 2030 1278 in

339 1313 504 1369 bonis
533 1313 811 1368 desideria
837 1326 962 1380 sua,
994 1327 1078 1380 eo,
1115 1314 1376 1383 inquam,
1411 1320 1682 1382 tempore,
1738 1327 1855 1382 quo
1909 1311 2029 1368 lar—

339 1404 456 1473 gito
506 1401 612 1457 sibi
643 1401 970 1470 paenitendi
1024 1402 1208 1472 spatio
1255 1402 1584 1458 abutuntur
1629 1403 1686 1457 in
1733 1401 2026 1471 superbia,

336 1492 568 1547 student
623 1490 804 1546 sancti
864 1491 1085 1562 quique
1129 1499 1297 1548 extra
1356 1491 1634 1562 oppidum
1681 1505 1790 1548 sua
1845 1491 2028 1548 facere

334 1593 523 1648 Opera.

405 1667 578 1723 Vens.
633 1668 714 1723 l2.
752 1695 812 1706 —
864 1667 1112 1735 Domine,
1160 1667 1259 1736 ait,
1315 1668 1523 1722 domini
1569 1670 1675 1722 mei
1716 1667 2025 1733 Abraham,

334 1770 568 1822 occurre,
620 1756 860 1823 obsecro,
922 1757 1078 1823 mihi,
1127 1755 1304 1823 hodie,
1351 1761 1402 1810 et
1457 1757 1550 1822 fac
1600 1756 2024 1810 misericordiam

335 1859 456 1898 cum
505 1844 721 1898 domino
769 1859 884 1899 meo
935 1844 1240 1900 Abraham.
1297 1844 1459 1911 Quod
1523 1852 1608 1900 est
1653 1844 1859 1912 dicere,
1917 1845 2028 1901 Do-

335 1933 509 2011 mine,
567 1931 668 2001 qui
715 1947 855 1988 mere
903 1933 1216 1989 dominaris
1261 1933 1488 2000 rationi,
1543 1947 1722 2004 quam
1761 1934 1924 2000 mihi,
1975 1942 2029 1991 te

337 2019 594 2088 praeside,
653 2019 912 2076 desidero
971 2021 1138 2076 hodie
1195 2020 1610 2077 inhabitatione
1667 2023 1866 2092 utique
1915 2029 2028 2078 tute

335 2107 499 2175 lucis,
534 2108 636 2178 qui
661 2109 780 2164 dies
813 2109 1029 2179 ubique
1079 2124 1350 2180 przesens,
1400 2117 1455 2166 et
1484 2123 1704 2180 semper
1727 2125 1805 2178 es,
1837 2111 2030 2181 opitu-

334 2197 564 2253 lationis
595 2205 706 2253 tuae
738 2197 875 2253 mihi
900 2199 1089 2268 praebe
1117 2207 1444 2265 Occursum,
1482 2206 1539 2254 et
1565 2213 1690 2254 eam
1726 2215 1857 2270 quin
1887 2199 2028 2255 mihi

338 2293 542 2355 praeest
576 2301 690 2341 non
726 2287 948 2354 merito,
977 2287 1074 2343 sed
1125 2287 1514 2342 misericordia
1552 2288 1804 2344 clarifica
1855 2289 2027 2345 ratio-

334 2387 486 2428 nem.
517 2373 710 2442 (Vens.
743 2375 856 2442 l3.)
883 2378 1016 2428 Ecce
1053 2381 1132 2428 sto
1155 2381 1378 2444 propter
1405 2378 1609 2440 fontem
1637 2392 1816 2444 aqua,
1839 2382 1889 2431 et
1903 2379 2030 2446 filiae

334 2463 702 2517 habitatorum
731 2465 974 2517 civitatis
1007 2465 1172 2531 hujus
1199 2465 1544 2531 egredientur
1567 2465 1641 2518 ad
1671 2467 2030 2521 hauriendam

334 2566 554 2618 aquam.
589 2549 708 2606 Stat
757 2557 981 2621 propter
1031 2553 1255 2619 fontem,
1290 2552 1524 2622 quando
1556 2559 1746 2608 noster
1791 2553 2031 2610 affectus

335 2639 550 2694 haustu
586 2639 754 2694 fontis
793 2640 992 2695 aeterni
1043 2639 1348 2696 roboratus
1395 2647 1570 2696 certat
1611 2641 1734 2712 jam
1790 2642 2032 2698 viriliter

334 2735 536 2782 contra
561 2727 773 2783 diaboli
796 2735 851 2784 et
880 2728 1070 2784 carnis
1105 2729 1616 2799 impugnationem.
1673 2730 1886 2786 Cameli
1930 2745 2030 2787 ac—

334 2817 638 2882 cumbunt,
667 2825 723 2872 et
749 2831 948 2872 servus
976 2825 1104 2886 stat,
1149 2819 1287 2888 quia
1331 2817 1560 2873 virtutis
1611 2819 1801 2874 studia
1847 2819 1904 2874 in
1934 2835 2032 2890 spe

335 2904 425 2959 sui
456 2904 674 2974 praemii
704 2905 1091 2975 requiescunt,
1127 2907 1396 2976 quamvis
1442 2907 1569 2975 pius
1610 2907 1898 2977 appetitus
1928 2923 2032 2977 pro

335 2991 629 3062 religionis
673 2993 996 3049 defensione
1047 2994 1364 3064 pugnando
1390 3009 1448 3050 se
1484 3003 1778 3062 exerceat;
1829 2997 2032 3051 stando

335 3081 489 3136 enim
537 3079 787 3150 quisque
837 3088 1048 3150 certat;
1096 3081 1444 3136 habitatores
1517 3082 1783 3149 civitatis,
1843 3091 2032 3139 motus

334 3177 470 3224 sunt
529 3171 706 3224 nostri
762 3169 1069 3225 rationales
1133 3169 1206 3225 ad
1253 3185 1400 3240 quos
1453 3171 1711 3241 regimen
1788 3171 2032 3242 pertinet

337 3255 556 3310 utentis.
611 3257 681 3312 Hi
730 3257 877 3312 tilias
942 3257 1173 3325 habent,
1229 3259 1466 3328 quando
1508 3259 1615 3328 ipsi
1673 3266 1886 3326 motus,
1940 3260 2030 3316 vel

339 3346 579 3400 virtutes
615 3359 689 3400 ex
738 3360 844 3402 suo
893 3360 1166 3415 prospero
1203 3354 1416 3401 eventu
1461 3361 1742 3402 vanarum
1811 3347 2032 3418 cogita-

338 3429 558 3486 tionum
616 3430 882 3484 lascivias
912 3438 1204 3500 generant.
1243 3431 1322 3486 De
1374 3431 1603 3486 civitate
1653 3433 2034 3502 egrediuntur

337 3517 457 3572 ista)
514 3517 586 3572 ad
641 3516 1023 3573 hauriendam
1086 3532 1321 3587 aquam.
1384 3519 1453 3573 de
1512 3519 1768 3575 interiori
1824 3519 2033 3576 scilicet

337 3605 516 3660 animi
546 3619 708 3673 cura,
740 3605 1030 3660 excedunt
1055 3605 1128 3660 ad
1162 3606 1358 3660 horam
1395 3607 1466 3661 ad
1494 3605 1816 3662 affectanda
1846 3607 2036 3664 laudis

339 3693 700 3762 temporaria:
724 3693 960 3763 gaudia.

413 3782 584 3838 Vens.
638 3781 723 3835 14.
768 3810 833 3822 -—
883 3783 1063 3850 igitur
1110 3783 1315 3851 puella,
1373 3786 1462 3837 cui
1505 3785 1749 3839 dixero:
1827 3787 2035 3840 Inclina

341 3870 597 3938 hydriam
622 3873 684 3923 ut
736 3869 917 3923 bibam
970 3876 1020 3924 et
1070 3871 1169 3924 illa
1200 3871 1540 3940 responderit
1571 3887 1583 3926 :
1616 3873 1767 3940 Bibe,
1819 3876 1953 3942 quin
1985 3880 2034 3928 et

343 3960 558 4013 camelis
609 3959 715 4013 tuis
760 3959 900 4012 dabo
945 3965 1153 4028 potum,
1210 3961 1331 4028 ipsa
1381 3966 1460 4015 est
1517 3977 1680 4029 quam
1705 3965 2036 4031 praeparasti

340 4063 493 4101 servo
551 4051 641 4101 tuo
679 4047 861 4113 Isaac,
920 4053 971 4102 et
1013 4063 1114 4116 per
1174 4048 1268 4101 hoc
1317 4050 1619 4116 intelligam
1660 4050 1805 4118 quod
1840 4053 2034 4116 feceris

341 4135 768 4190 misericordiam
823 4151 944 4189 cum
993 4137 1219 4189 Domino
1272 4153 1382 4189 meo
1411 4139 1584 4192 Isaac.
1641 4141 1746 4193 Per
1787 4140 2033 4208 puellam

340 4226 584 4295 puritas,
615 4233 670 4280 et
697 4225 848 4280 nitor
879 4239 1044 4279 novae
1090 4225 1480 4295 conscientize;
1513 4226 1646 4281 huic
1701 4235 1763 4283 ut
1807 4228 2038 4285 inclinet

343 4314 610 4384 hydriam
661 4313 731 4366 ad
766 4313 1079 4368 bibendum
1119 4311 1386 4381 dicimus,
1435 4329 1564 4370 cum
1624 4317 2038 4374 rationabiliter

1228 385 1289 440 V.
1331 385 1670 442 GUIBERTI
1717 386 2008 440 ABBATIS
2045 386 2101 440 S.
2147 385 2390 440 ΜΑΒΙΑΞ
2430 387 2520 442 DE
2561 385 2952 441 NOVIGENTO

3795 387 3890 439 tS’i

2223 517 2390 572 Vens.
2424 517 2516 584 15,
2551 519 2634 570 l6.
2683 545 2755 558 —
2787 518 3026 572 Necdum
3059 521 3209 572 intra
3238 534 3293 572 se
3325 520 3492 573 rer-ba
3545 519 3889 587 compleue-

2141 612 2252 672 rat,
2308 612 2357 660 et
2400 622 2515 660 ecce
2562 606 2942 674 egrediebatur
2982 607 3222 660 Rebecca
3271 608 3392 675 ﬁlia
3449 608 3722 662 Bathuel
3765 609 3892 673 ﬁlia

2144 697 2380 762 Melchaz,
2430 698 2619 749 umoris
2672 696 2910 762 Nachor,
2992 698 3194 761 fratris
3243 697 3570 762 Abraham;
3657 695 3890 749 habens

2143 785 2399 850 hydriam
2450 786 2510 838 in
2545 785 2805 852 scapulu;
2847 784 3028 850 puella
3089 784 3283 838 decora
3331 787 3514 850 nimis,
3583 787 3891 852 virgoque

2139 872 2509 941 pulcherrima
2539 874 2589 923 et
2613 873 2882 936 ἰηουυιιικί
2923 885 3055 923 ivro.
3091 869 3278 925 Verba
3308 871 3575 926 absolute
3626 870 3891 938 aliquo-

2143 959 2246 1014 ties
2295 959 2490 1014 inania
2525 959 2795 1028 quzelibet
2825 974 3030 1014 VUc.tt'tt
3083 959 3354 1026 solemus,
3397 975 3530 1030 quae
3563 959 3668 1014 nil
3708 959 3888 1014 aliud

2140 1062 2317 1117 quam
2357 1061 2563 1102 sonum
2600 1047 2843 1114 habent;
2875 1047 3029 1102 unde
3057 1056 3167 1102 est:
3228 1067 3256 1098 ιι
3284 1047 3474 1103 Verba
3497 1048 3608 1104 dat
3671 1046 3887 1102 omnis

2140 1150 2303 1192 amor
2333 1135 2507 1205 (0v.).
2543 1156 2570 1182 ››
2633 1137 2958 1204 Antequam
3011 1135 3191 1190 verba
3234 1136 3671 1205 cornpleamus,
3747 1149 3888 1190 ecce

2140 1225 2389 1280 Rebecca
2419 1223 2732 1293 egreditur,
2759 1223 2900 1294 quia
2929 1224 3268 1292 priusquam
3299 1224 3498 1279 nubila
3539 1237 3888 1292 nugarum

2137 1313 2209 1368 ad
2239 1312 2472 1382 plenum
2510 1325 2544 1366 a
2589 1312 2758 1367 corde
2812 1312 3212 1377 excludamus,
3269 1321 3499 1382 repente
3539 1327 3627 1368 ex
3681 1310 3886 1367 nimio

2137 1399 2479 1470 repulsionis
2534 1399 2744 1466 labore,
2802 1400 3094 1455 oboriente
3157 1401 3382 1456 fastidio
3446 1401 3764 1467 Rebecca,
3826 1401 3884 1455 id

2135 1496 2219 1544 est
2245 1491 2517 1558 patientia
2561 1488 2670 1557 (sic
2694 1488 2848 1543 cnim
2891 1489 3327 1558 interpretatur)
3370 1489 3665 1545 excedere
3721 1488 3884 1543 deti-

2135 1578 2336 1632 ciendo
2368 1577 2589 1632 nititur.
2644 1577 2854 1632 Reatus
2884 1578 3034 1632 enim
3070 1577 3172 1648 qui
3201 1578 3403 1633 suffert
3461 1577 3882 1633 tentationem

2138 1667 2290 1733 (Jac.
2326 1681 2364 1730 I,
2399 1667 2476 1733 12)
2509 1681 2521 1718 :
2559 1665 2798 1721 Bathuel
2828 1668 2982 1735 virgo
3015 1667 3120 1720 Dei
3147 1666 3381 1734 dicitur,
3417 1666 3470 1720 in
3495 1681 3621 1736 quo
3661 1665 3882 1721 incor-

2139 1762 2324 1824 ruptae
2355 1754 2483 1810 fidei
2514 1761 2697 1810 status
2734 1755 3104 1825 exprimitur,
3161 1755 3231 1811 de
3275 1769 3390 1826 quo
3439 1755 3721 1810 Rebecca
3780 1755 3880 1825 gi-

2066 1813 2110 1871 Β
2139 1813 2356 1913 gnitur,
2415 1841 2554 1912 quia
2594 1841 2735 1898 dum
2794 1813 3218 1911 credimus'his,
3261 1813 3392 1914 quae
3445 1857 3518 1898 ex
3577 1843 3713 1898 fide
3747 1813 3884 1898 sola

2138 1935 2426 1996 tenentur,
2482 1929 2756 1998 patientia
2809 1931 2958 1986 inter
3013 1932 3164 1987 mala
3222 1932 3525 2002 praesentia
3566 1946 3690 2001 pro
3769 1945 3879 2000 spe

2135 2025 2481 2074 aeternorum
2516 2017 2572 2072 in
2603 2019 2764 2074 nobis
2788 2029 3140 2089 procreatur.
3192 2020 3353 2077 Unde
3383 2021 3636 2077 Bathuet
3701 2019 3880 2075 filius

2137 2105 2368 2162 Melchze
2423 2107 2476 2162 id
2535 2115 2620 2164 est
2682 2113 2900 2176 reginae,
2951 2109 3042 2166 vel
3083 2110 3676 2178 regnaturadicitur,
3713 2110 3874 2180 quia

2135 2195 2290 2263 quod
2322 2195 2567 2261 nunclin
2601 2197 2709 2252 lide
2763 2198 2909 2252 inter
2946 2205 3294 2254 tentamenta
3359 2199 3731 2268 persistitur,
3793 2213 3872 2253 ex

2135 2283 2383 2351 perfecta
2422 2285 2611 2353 surgit
2662 2285 2862 2355 gloria,
2897 2301 3072 2356 quam
3121 2287 3430 2354 credimus,
3483 2287 3870 2358 superemic-

2135 2369 2235 2424 stis
2255 2370 2606 2426 Hierusalem
2635 2373 2834 2428 matris
2865 2382 3092 2440 nostrae,
3121 2375 3240 2442 jam
3264 2389 3336 2430 ex
3383 2383 3545 2444 parte
3574 2388 3868 2444 regnau-

2137 2457 2226 2524 tis,
2285 2465 2340 2513 et
2390 2468 2512 2528 post
2559 2461 2761 2530 judicii
2804 2462 2954 2518 diem
3005 2463 3076 2518 ad
3129 2464 3418 2531 integrum
3472 2472 3861 2534 regnaturae.

2137 2546 2356 2602 Melcha
2385 2556 2468 2603 est
2500 2563 2648 2604 uxor
2702 2550 2929 2606 Nachor
2970 2551 3160 2606 fratris
3207 2551 3522 2619 Abraham,
3566 2551 3730 2621 quia
3763 2551 3867 2605 illa

2138 2650 2270 2705 quae
2295 2635 2414 2706 jam
2465 2645 2669 2707 regnat
2699 2653 2908 2708 sponsa
2959 2647 3044 2694 est
3090 2640 3237 2710 ejus,
3271 2639 3372 2709 qui
3405 2653 3607 2695 verum
3666 2640 3864 2693 lumen

2136 2732 2239 2788 est,
2299 2727 2358 2778 in
2407 2741 2512 2794 quo
2567 2729 2926 2796 requiescunt,
2969 2728 3308 2798 quicunque
3360 2742 3498 2784 vera
3529 2742 3682 2797 pace
3717 2728 3862 2797 qui-

2137 2821 2366 2878 escunt;
2426 2821 2483 2868 et
2532 2815 2648 2884 ipse
2695 2816 2920 2872 Nachor
2977 2816 3154 2872 frater
3213 2825 3296 2872 est
3355 2817 3620 2884 Abrahae,
3708 2816 3862 2886 quia

2141 2899 2337 2956 lumen
2362 2902 2518 2971 quod
2560 2902 2849 2959 illuminat
2877 2904 3182 2972 mundum,
3209 2905 3344 2960 dum
3379 2918 3511 2960 caro
3543 2905 3627 2971 tit,
3667 2905 3860 2960 frater

2141 2987 2328 3042 factus
2369 2997 2453 3045 est
2483 2991 2743 3046 omnium
2800 2992 2923 3062 qui,
2967 3007 3067 3062 per
3114 2993 3302 3060 fidem,
3335 3007 3542 3048 nomen
3576 3000 3634 3048 et
3668 3005 3860 3060 opera

2069 3111 2110 3167 ο
2143 3075 2443 3167 imitantur
2466 3079 2731 3167 Abrahae.
2767 3080 3041 3149 Hydriam
3095 3080 3152 3136 in
3185 3080 3423 3162 scapula
3453 3088 3664 3150 portat,
3707 3079 3858 3150 quia

2145 3164 2366 3232 pondus
2391 3166 2794 3240 cupiditatum,
2822 3169 2977 3238 quod
3008 3170 3270 3223 talentum
3304 3169 3516 3238 plumbi
3545 3168 3605 3223 in
3635 3168 3858 3223 Zacha-

2139 3252 2226 3308 ria
2245 3253 2530 3324 signiﬁcat
2560 3255 2746 3324 (Zach.
2787 3273 2838 3323 v,
2873 3257 2947 3327 7),
2981 3273 3113 3328 quae
3162 3272 3220 3312 se
3249 3257 3528 3312 violenter
3559 3257 3854 3326 ingerunt

2137 3355 2290 3409 aegre
2346 3342 2574 3413 tolerat;
2631 3344 2837 3413 hydria
2887 3345 3276 3414 cupiditatem,
3335 3359 3490 3414 aqua
3543 3344 3854 3415 signiﬁcat

2137 3429 2522 3500 voluntatem;
2574 3442 2855 3501 gravatur
2899 3448 3035 3504 ergo
3081 3449 3183 3504 per
3213 3434 3576 3503 voluptatum
3623 3431 3852 3502 cupidi-

2139 3524 2333 3585 tatem,
2391 3521 2585 3574 decora
2632 3520 2691 3576 in
2739 3520 2968 3587 affectu,
3002 3522 3126 3578 sine
3175 3521 3541 3592 corruptione
3579 3519 3847 3587 Efavoris,

2135 3605 2508 3675 pulcherrima
2561 3607 2620 3663 in
2675 3607 2902 3670 effectu,
2956 3613 3233 3676 incognita
3286 3613 3425 3675 viro,
3457 3624 3589 3679 quae
3619 3608 3850 3664 scilicet

2140 3694 2396 3750 audaciae
2427 3695 2638 3752 diaboli
2670 3705 2864 3766 patere
2891 3698 3028 3753 velit
3059 3697 3117 3753 in
3151 3697 3331 3754 nullo.
3356 3697 3614 3753 Dicimus
3643 3705 3850 3753 autem

2139 3798 2255 3838 non
2286 3784 2439 3854 quod
2470 3785 2590 3840 haec
2621 3785 2816 3840 omnia
2829 3785 2950 3855 jam
2977 3787 3067 3850 sit,
3109 3786 3206 3842 sed
3237 3785 3410 3856 Qquod
3442 3786 3514 3840 ad
3561 3785 3672 3841 hoc
3724 3799 3852 3839 esse

2141 3873 2454 3942 contendit,
2480 3873 2957 3930 sicutEcclesiam
2988 3874 3111 3930 sine
3147 3888 3295 3944 ruga
3326 3882 3382 3930 et
3413 3876 3675 3930 mascula
3708 3873 3852 3928 dicit

2141 3961 2448 4030 Apostolus
2469 3963 2686 4032 (Ephes.
2719 3978 2771 4030 v,
2803 3963 2918 4032 27).

2214 4049 2382 4106 Vsus.
2425 4051 2508 4116 l7,
2547 4054 2630 4104 18.
2681 4081 2750 4091 -
2799 4051 3157 4106 Descenderat
3205 4056 3384 4106 autem
3408 4051 3483 4105 ad
3531 4053 3766 4118 fontem,
3800 4054 3850 4102 et

2142 4139 2459 4205 impleverat
2515 4138 2790 4207 hydriam,
2836 4156 2900 4194 ac
2939 4140 3327 4193 revertebatur.
3399 4140 3586 4194 Occurr
3602 4141 3759 4209 itque
3801 4139 3851 4189 ei

2141 4241 2346 4292 servus,
2401 4231 2452 4280 et
2480 4229 2564 4282 ait
2591 4243 2609 4280 .'
2661 4226 2984 4280 Paumillum
3025 4229 3162 4280 mihi
3185 4227 3363 4296 przbe
3417 4227 3493 4280 ad
3516 4224 3848 4285 sorbendum

2141 4331 2296 4382 aqua:
2334 4315 2398 4368 de
2425 4315 2628 4382 hydria
2649 4321 2769 4368 tua.
2805 4315 2935 4379 Quae
2957 4315 3273 4382 respondit:
3307 4315 3451 4381 Bibe,
3482 4321 3583 4368 95
3626 4314 3846 4368 domine

343 4402 415 4456 ad
444 4400 864 4456 hutniliandam
900 4399 1094 4454 see-culi
1121 4403 1498 4468 cupiditatum
1533 4404 1591 4458 in
1623 4407 1806 4474 seipsa
1843 4419 2036 4474 super-
2075 4411 2118 4465 D
2149 4406 2244 4468 mi,
2276 4405 2620 4472 celeriterque
2667 4404 2917 4472 deposuit
2955 4403 3211 4471 hydriam
3234 4419 3398 4472 super
3433 4404 3620 4458 ulnam
3660 4415 3841 4464 suam,

344 4490 499 4546 biam
532 4501 929 4558 provocamus,
973 4495 1038 4543 ut
1089 4502 1212 4543 eam
1253 4489 1538 4558 bibamus,
1592 4491 1647 4546 id
1691 4499 1774 4546 est
1809 4505 1881 4547 ex
1923 4499 2035 4546 toto

343 4578 403 4634 in
443 4577 609 4634 nobis
644 4589 1073 4633 consumamus.
1121 4577 1238 4632 Hoc
1290 4579 1451 4633 modo
1484 4579 1754 4634 Israelita:
1787 4579 2034 4635 vitulum

341 4667 762 4722 comminutum
823 4665 1112 4734 biberunt,
1169 4673 1224 4722 et
1254 4667 1425 4723 draco
1457 4668 1630 4724 datur
1653 4683 1783 4724 esca
1811 4668 2038 4738 populis

344 4755 679 4824 Ethiopum
725 4755 888 4825 (Psal.
942 4769 1138 4814 Lxxut.
1191 4756 1296 4818 14).
1331 4756 1649 4825 Respondet
1704 4756 1846 4822 illa;
1887 4758 2034 4823 Bibe,

341 4859 474 4900 cum
507 4843 715 4900 rationi
739 4843 883 4899 bene
912 4845 1241 4914 suggerenti
1270 4843 1469 4898 hilaris
1495 4845 1682 4900 obedit
1711 4845 2040 4901 benevolen-

341 4933 422 4986 tia
445 4933 518 4988 ad
543 4946 604 4988 se
624 4931 1406 5002 castigandamconscientire.
1424 4933 1664 4989 Camelis
1690 4942 1884 5004 potum
1909 4933 2037 5003 pol-

342 5019 569 5086 licetur,
601 5033 735 5074 cum
766 5019 1076 5074 virtutibus
1105 5033 1174 5074 ex
1205 5019 1464 5089 [propriae
1500 5023 1839 5092 evagatione
1869 5021 2038 5092 cupi-

343 5108 534 5163 ditatis
567 5107 851 5162 instaurat
883 5107 1075 5162 robur.
1111 5107 1275 5173 Cum,
1302 5108 1510 5178 inquit,
1546 5109 1642 5164 tali
1689 5111 1857 5166 modo
1896 5109 2038 5164 mihi

346 5210 509 5250 mens
539 5195 836 5250 munditiae
867 5195 1051 5250 amica
1075 5196 1352 5260 arriserit,
1393 5198 1568 5254 sciam
1598 5199 1797 5269 procul
1835 5198 2033 5266 dubio,

340 5292 396 5340 et
431 5283 781 5354 perpendam
830 5297 947 5338 non
990 5297 1112 5338 meo
1157 5285 1446 5353 exercitio,
1494 5287 1592 5342 sed
1647 5285 1846 5358 gratiae
1925 5293 2036 5340 tum

343 5372 496 5428 dono
526 5371 678 5426 hanc
706 5370 1017 5440 przeparari
1065 5372 1124 5427 in
1153 5387 1244 5427 me
1280 5372 1657 5439 voluntatem,
1709 5388 1840 5442 quze
1873 5387 2036 5428 asso-

341 5459 484 5516 ciari
516 5467 808 5514 mereatur
862 5461 1035 5528 Isaac,
1077 5459 1221 5516 risui
1269 5461 1480 5516 scilicet
1516 5461 1880 5530 sempiterno,
1931 5461 2036 5530 qui

342 5563 505 5605 nunc
534 5547 680 5604 ridet
720 5548 778 5603 in
824 5562 939 5617 spe,
1001 5551 1098 5606 sed
1139 5557 1328 5606 tamen
1357 5549 1535 5605 servit
1590 5549 1725 5616 tuis,
1772 5549 2030 5615 Domine,

343 5637 548 5694 officiis
567 5636 882 5693 militando.

2142 4497 2192 4544 et
2221 4492 2373 4546 dedit
2416 4494 2468 4546 ei
2495 4497 2700 4560 potum.
2750 4492 2840 4547 Ad
2883 4494 3086 4558 fontem
3141 4491 3429 4548 descendit
3469 4489 3841 4550 conscientia.

2143 4594 2276 4635 cum
2329 4594 2363 4634 a
2401 4579 2609 4636 cmlesti
2643 4581 2924 4636 desiderio
2957 4580 3280 4635 deﬂectitur
3313 4581 3383 4635 ad
3437 4580 3632 4635 saeculi
3663 4580 3842 4649 hujus

2145 4668 2325 4724 ﬂuxa.
2359 4668 2562 4737 Impiet
2616 4669 2890 4735 hgdriam,
2930 4683 3064 4724 cum
3122 4669 3191 4724 de
3237 4667 3436 4724 intima
3492 4669 3620 4740 ejus
3659 4668 3843 4740 gloria

2144 4757 2355 4813 satiare
2382 4756 2584 4812 nititur
2607 4756 2934 4812 avaritiam.
2979 4757 3108 4812 Post
3151 4772 3282 4826 quae
3331 4755 3658 4824 revertitur,
3705 4753 3842 4826 quia

2144 4845 2402 4916 qualibet
2459 4845 2686 4914 expleta
2733 4845 2968 4901 libidine
2993 4845 3296 4914 aliquoties
3342 4845 3573 4900 animus
3609 4839 3841 4900 admissi

2145 4936 2424 5004 pmnitens
2465 4935 2535 4988 ad
2568 4948 2627 4988 se
2676 4935 2987 4990 reducitur.
3039 4933 3320 4988 Redeunti
3369 4948 3555 4988 servus
3585 4933 3836 4995 occurrit,

2143 5033 2276 5074 cum
2318 5017 2666 5086 resipiscenti
2705 5019 3065 5074 conscientia:
3107 5017 3337 5072 virtutis
3365 5018 3655 5088 appetitus
3693 5017 3836 5073 allu-

2143 5107 2246 5163 dit.
2279 5109 2594 5162 Pauxillum
2630 5123 2787 5175 aqua:
2823 5107 2898 5160 ad
2935 5107 3256 5161 sorbendum
3311 5106 3580 5176 postulat,
3615 5105 3838 5178 quoties

2147 5195 2542 5251 intellectualis
2597 5195 2836 5250 affectus
2905 5195 3290 5264 cupiditatum
3355 5194 3588 5250 fluentis
3645 5196 3832 5251 sinum

2143 5283 2348 5339 mentis
2384 5284 2608 5354 deplere
2637 5283 2941 5339 desiderat.
2972 5283 3225 5340 Celeriter
3269 5297 3406 5354 ergo
3436 5283 3834 5354 obtemperans

2143 5372 2396 5441 hydriam
2449 5388 2612 5441 super
2665 5373 2852 5426 ulnam
2907 5373 3159 5442 deponit,
3209 5386 3342 5428 cum
3394 5372 3502 5428 sibi
3532 5373 3826 5442 scapulum

2142 5461 2347 5532 iniqua
2397 5461 2667 5531 patientia
2697 5461 2768 5516 ad
2830 5461 2946 5516 ima
2975 5461 3208 5516 curvari
3237 5460 3648 5516 carnalitatum
3694 5456 3830 5517 mole

2141 5549 2380 5618 respuit,
2427 5551 2522 5605 sed
2561 5549 2766 5606 debitae
2799 5549 3152 5604 fortitudinis
3199 5549 3437 5605 brachio
3468 5548 3828 5619 voluptatum

2144 5636 2437 5694 lasciviam
2467 5637 2778 5708 regendam
2825 5637 3084 5707 suscipit,
3124 5644 3181 5694 et
3237 5637 3477 5692 rationis
3507 5651 3606 5692 ore
3638 5647 3830 5693 consu-
