3956 6430
126 398 222 451 185
1297 397 1666 455 MORALIUM
1714 400 1782 456 IN
1833 402 2130 458 GENESIN
2185 404 2311 458 LIB.
2370 402 2485 458 Vll.
3529 408 3624 459 l86

106 534 369 589 mendam
405 534 668 604 exponit.
708 533 873 589 VEus.
903 534 1012 604 (19.
1046 534 1151 604 20).
1178 537 1414 604 Cumque
1444 537 1536 590 ille
1564 536 1806 603 bibisset,
1848 540 1891 592 Α
1925 537 2147 608 absque
2196 538 2523 595 humilitate
2554 548 2610 595 et
2644 539 2920 608 patientia
2963 540 3222 596 exhiberi
3270 556 3383 597 non
3425 549 3624 612 potest.

104 620 303 691 adjecit
336 637 351 674 :
384 623 533 687 Quin
566 628 617 677 et
665 623 881 677 camelis
927 625 1035 677 tuis
1090 623 1347 678 hauriam
1383 640 1607 693 aquam,
1650 625 1815 680 donec

103 712 282 765 cuncti
339 710 552 765 bibant.
614 711 1020 782 E/fundensque
1076 713 1333 781 hydriam
1389 715 1448 767 in
1508 714 1815 782 canalibus,

104 801 336 853 recurrit
387 800 465 853 ad
520 805 759 869 puteum,
822 806 879 854 ut
930 802 1175 855 hauriret
1219 816 1404 869 quam,
1461 805 1512 855 et
1561 803 1815 856 haustam

103 888 349 943 omnibus
379 890 599 943 cernetis
646 889 817 943 dedit.
851 889 1010 944 Mens
1043 897 1190 945 tacta
1221 890 1502 946 divinitus
1545 904 1659 946 non
1718 906 1815 947 so-

102 978 224 1033 lum
256 978 315 1032 in
350 992 470 1033 una
502 977 762 1047 qualibet
789 992 850 1034 re
897 978 1420 1048 concupiscentiam
1454 978 1507 1034 vi
1554 979 1814 1035 rationa-

104 1064 281 1121 litatis
334 1067 601 1122 consumi
650 1066 885 1136 gaudet,
935 1067 1089 1123 sedet
1142 1068 1415 1123 omnibus
1461 1069 1697 1135 camelis,
1760 1068 1816 1123 id

108 1161 191 1210 est
225 1155 550 1211 humilibus
585 1156 865 1211 virtutum
897 1156 1105 1212 studiis
1135 1156 1343 1212 datura
1372 1164 1428 1213 et
1459 1156 1818 1213 refocillatio—

109 1244 200 1298 nis
242 1243 456 1309 locum,
506 1245 675 1314 aquis
711 1244 899 1301 omnis
943 1244 1202 1301 molliciei
1251 1248 1439 1301 noxia:
1482 1260 1540 1302 se
1581 1246 1819 1303 haurire

108 1332 372 1401 spondet.
421 1334 622 1390 Virtus
663 1334 815 1389 enim
862 1349 977 1390 non
1024 1334 1198 1391 habet
1244 1350 1360 1405 quo
1403 1342 1654 1403 maneat,
1706 1335 1818 1391 nisi

107 1420 232 1475 vitii
266 1422 571 1477 humorem
604 1422 842 1492 spiritus
872 1422 1025 1493 ignis
1056 1423 1267 1479 sudum
1312 1423 1531 1480 reddat.
1585 1425 1813 1494 Aquam

105 1506 303 1577 itaque
335 1511 392 1561 in
431 1510 715 1563 canalibus
760 1509 1132 1577 elfundimus,
1182 1524 1317 1566 cum
1357 1509 1816 1579 superﬂuitatem

102 1596 506 1653 saecularitatis
539 1612 636 1668 per
669 1598 1051 1654 humilitatem
1083 1598 1496 1669 cogitationum
1541 1600 1814 1655 exinani-

100 1700 247 1742 mus.
282 1687 518 1743 Canalis
548 1687 699 1743 enim
732 1688 804 1743 ob
839 1687 1252 1744 concavitatem
1300 1701 1467 1743 suam
1512 1688 1814 1743 humilita-

102 1782 212 1830 tem
277 1776 490 1831 mentis
545 1776 849 1847 signilicat,
916 1777 1069 1833 unde
1126 1776 1339 1833 dicitur
1395 1776 1453 1831 in
1515 1777 1809 1833 Canticis:

103 1864 270 1920 Com
301 1863 422 1934 ejus
447 1866 589 1919 sicut
607 1882 860 1935 purpura
889 1868 1033 1934 regis
1068 1868 1255 1921 vincta
1294 1866 1576 1921 canalibus
1628 1866 1811 1935 (Cant.

103 1967 196 2017 vn,
232 1955 313 2019 6).
345 1953 441 2008 Ad
468 1962 688 2022 puteum
732 1968 869 2009 vero
900 1953 1274 2021 recurrimus,
1310 1962 1370 2009 ut
1416 1970 1623 2023 aquam
1670 1955 1815 2011 hau-

104 2042 346 2109 riamus,
384 2043 743 2112 haustumque
774 2044 992 2098 camelis
1017 2043 1242 2109 demus,
1274 2058 1404 2098 cum
1438 2044 1510 2097 ad
1555 2044 1812 2101 conside-

107 2131 347 2187 randam
394 2131 572 2187 totius
600 2139 808 2188 nostra:
830 2132 1307 2202 concupiscentiae
1348 2146 1594 2188 massam
1635 2132 1813 2187 aciem

104 2219 282 2275 animi
313 2220 668 2287 reducimus,
702 2229 767 2277 ut
796 2236 829 2276 a
855 2222 1064 2277 nostris
1103 2234 1229 2276 eam
1260 2220 1487 2275 sinibus
1530 2221 1815 2276 extruda-

105 2323 251 2375 mus,
306 2316 364 2364 et
427 2310 711 2366 virtutum
762 2323 1136 2381 quarumque
1191 2308 1465 2365 examina
1504 2307 1813 2365 libidinum

105 2396 544 2467 consumptione
593 2412 918 2468 pascamus.

173 2486 347 2543 Vens.
384 2489 474 2548 2i,
509 2488 596 2541 22.
637 2518 706 2527 —
734 2489 836 2544 Ille
863 2493 1041 2543 autem
1067 2487 1533 2557 contemplabatur
1562 2502 1679 2541 eam
1721 2493 1814 2540 ta-

106 2578 262 2641 citus,
301 2578 447 2631 scire
484 2577 685 2644 volens,
716 2582 899 2631 utrum
949 2592 1274 2647 prosperum
1300 2578 1516 2643 fecisset
1555 2577 1813 2630 Dominus

106 2667 205 2718 iter
244 2681 429 2733 suum,
479 2681 554 2719 an
600 2681 724 2721 non.
781 2666 1081 2735 Postquam
1127 2681 1251 2733 ergo
1300 2666 1547 2720 biberunt
1599 2666 1810 2731 cameli,

105 2756 330 2823 protulit
379 2757 469 2809 vir
501 2757 719 2809 inaures
748 2770 945 2809 aureas
976 2754 1339 2824 appendentes
1367 2755 1528 2809 siclos
1568 2753 1723 2821 duos,
1764 2760 1814 2808 et

107 2845 352 2898 armillas
412 2844 636 2898 totidem
684 2844 866 2914 pondo
930 2845 1187 2899 sicterum
1257 2844 1453 2897 decem.
1514 2842 1812 2912 Virginem

107 2931 255 2987 taciti
287 2933 772 3001 contemplemur,
817 2948 948 2989 cum
989 2947 1024 2989 a
1063 2932 1306 3002 strepitu
1338 2932 1602 2988 forastico
1646 2946 1812 2988 men-

109 3021 256 3077 tibus
276 3022 609 3092 consopitis,
639 3037 818 3093 quam
848 3022 1161 3093 gloriosum
1194 3022 1266 3079 sit
1296 3037 1330 3078 a
1362 3021 1577 3092 peccati
1619 3034 1812 3078 morsu

1924 626 2131 682 Aureae
2168 635 2324 693 sunt,
2377 642 2510 684 cum
2553 642 2654 697 pro
2692 628 2810 684 solo
2846 629 2959 684 Deo
3010 629 3253 700 imperia
3293 631 3627 688 obedientia:

1925 716 2093 772 liunt.
2117 717 2373 775 Armillte
2403 719 2585 788 pondo
2609 720 2759 773 εἰσίω
2774 735 2863 774 um
2895 721 3072 775 decem
3120 728 3275 789 sunt,
3333 737 3463 779 cum
3497 736 3629 779 cor-

1925 819 2034 875 pus
2066 814 2331 863 nostrum
2363 815 2617 878 quatuor
2648 807 2967 864 subsistens
2998 809 3314 877 elementis,
3346 820 3402 867 et
3435 811 3631 867 anima

1925 894 2132 962 tribus,
2167 894 2462 952 intellectu
2491 896 2725 964 scilicet,
2769 898 3066 964 memoria,
3114 899 3433 968 voluntate,
3469 901 3629 970 prin-

1923 983 2210 1053 cipalibus
2256 985 2423 1041 donis
2474 987 2745 1056 pendent,
2804 1001 2871 1043 ac
2920 1001 3104 1058 prona
3153 996 3292 1044 sunt
3333 989 3404 1045 ad
3452 989 3631 1045 unius

1924 1071 2271 1129 desiderium
2318 1074 2658 1143 Trinitatis;
2707 1075 2933 1145 pondus
2984 1090 3242 1147 namque
3281 1091 3348 1132 ac
3377 1078 3564 1147 pondo
3595 1092 3630 1133 a

1919 1161 2204 1230 pendendo
2257 1161 2556 1229 dicuntur,
2608 1171 2661 1219 et
2702 1163 2857 1233 quod
2893 1164 3097 1233 pendet
3127 1165 3197 1220 ad
3242 1164 3463 1234 aliquid
3504 1171 3628 1221 ten-

1923 1249 2024 1317 dit,
2055 1251 2207 1306 unde
2239 1259 2293 1306 et
2322 1260 2583 1307 amantes
2614 1253 2861 1322 pendere
2886 1253 3171 1309 feruntur.

1996 1338 2169 1395 γωδ.
2204 1342 2293 1405 23,
2312 1341 2400 1407 2i,
2424 1342 2511 1394 '25.
2537 1372 2603 1380 —
2630 1343 2899 1411 Dia-itque
2922 1344 2997 1396 ad
3026 1359 3177 1397 eum:
3207 1343 3373 1411 Cujus
3394 1359 3447 1397 es
3467 1342 3632 1413 ﬁlia?

1922 1429 2022 1481 Est
2075 1429 2135 1480 in
2182 1428 2337 1482 domo
2384 1431 2565 1497 patris
2597 1433 2688 1483 tui
2726 1430 2872 1486 locus
2923 1431 2998 1485 ad
3065 1431 3431 1486 manendum?
3498 1433 3631 1497 Qua

1921 1516 2245 1584 respondit:
2297 1519 2443 1572 Filia
2490 1519 2768 1573 Bathuelis
2823 1535 2963 1587 sum,
3022 1521 3129 1589 filii
3168 1521 3406 1587 Nachor,
3465 1533 3629 1589 quem

1921 1608 2134 1673 peperit
2171 1607 2221 1658 ei
2249 1607 2477 1660 Melcha.
2512 1608 2800 1661 Palearum
2848 1624 3058 1677 quoque
3087 1613 3138 1662 et
3171 1611 3291 1675 feni
3326 1610 3628 1679 plurimum

1923 1699 2000 1746 est
2056 1694 2206 1762 apud
2262 1709 2355 1747 nos
2386 1700 2437 1748 ct
2485 1696 2630 1749 locus
2662 1699 2937 1765 spatiosus
2967 1698 3043 1750 ad
3071 1698 3419 1752 manendum.
3475 1697 3625 1752 Dum

1921 1781 2374 1837 conversationis
2403 1790 2612 1839 nostra:
2641 1783 2891 1855 rigorem
2923 1784 3213 1841 ferventer
3251 1784 3623 1851 attendimus,

1925 1865 2105 1936 ipsam
2180 1867 2594 1929 conversionis,
2661 1868 2751 1923 vel
2808 1868 2980 1925 etiam
3036 1870 3370 1926 intentionis
3417 1877 3627 1925 nostrae

1923 1955 2207 2024 originem
2241 1970 2597 2026 causamque
2626 1957 2863 2012 solerter
2890 1957 3233 2029 plerumque
3260 1957 3624 2013 discutimus.

1925 2042 2091 2112 Cujus
2141 2059 2277 2114 ergo
2343 2045 2415 2100 sit
2461 2046 2584 2104 filia
2640 2054 2757 2101 tam
2824 2045 3011 2102 nitens
3071 2046 3444 2114 conscientia,
3512 2047 3626 2102 Deo

1923 2132 2156 2199 scilicet,
2192 2146 2265 2189 an
2293 2134 2520 2189 diabolo
2542 2143 2913 2205 propagante,
2945 2134 3016 2191 sit
3047 2135 3199 2191 edita
3224 2134 3623 2206 disquirimus,

1921 2236 2055 2276 cum
2088 2235 2157 2276 ne
2192 2222 2342 2277 bona
2374 2233 2437 2280 ut
2466 2223 2671 2277 assolet
2701 2237 2879 2292 prava
2910 2224 3224 2279 intentione
3258 2224 3623 2294 coeperimus,

1918 2318 2085 2365 caute
2101 2310 2499 2379 prospicimus.
2538 2312 2753 2367 Domus
2788 2311 3001 2367 diaboli
3035 2312 3128 2367 hic
3176 2312 3433 2368 mundus
3481 2311 3623 2367 dici-

1923 2406 2038 2454 tur.
2066 2400 2237 2455 Porro
2268 2399 2361 2455 hic
2390 2400 2598 2456 domus
2622 2401 2821 2470 patris,
2858 2400 3122 2457 videlicet
3164 2401 3282 2468 Dei,
3317 2416 3433 2457 non
3463 2400 3623 2457 aliud

1920 2495 2005 2544 est
2034 2501 2211 2557 quam
2257 2503 2421 2545 mens
2472 2489 2595 2559 ipsa
2634 2504 2767 2559 quae
2799 2489 3178 2559 spiritualiter
3224 2490 3342 2560 ipso
3393 2490 3625 2546 inhabi-

1920 2583 2078 2634 tante
2104 2577 2395 2648 dirigitur.
2430 2579 2500 2633 Et
2532 2578 2681 2634 sicut
2703 2579 2856 2648 apud
2879 2578 3172 2635 diabolum
3214 2579 3623 2651 dispergimur,

1923 2663 2001 2720 ita
2058 2665 2129 2721 ad
2164 2679 2364 2721 curam
2416 2665 2706 2723 interioris
2753 2667 3002 2723 hominis
3049 2668 3201 2737 apud
3250 2669 3434 2724 Deum
3494 2682 3628 2723 vere

1923 2755 2149 2811 Patrem
2208 2755 2362 2811 intra
2409 2771 2513 2813 nos
2561 2756 2716 2826 ipsos
2771 2771 2839 2813 ac
2891 2756 2939 2812 si
2995 2757 3290 2813 domestici
3370 2756 3626 2813 localiter

1921 2857 2374 2900 commanemus.
2430 2845 2613 2901 Locus
2668 2854 2863 2901 autem
2921 2847 3177 2902 lidelium
3224 2846 3478 2902 charitas
3515 2853 3619 2911 est,

1919 2945 2036 2988 non
2060 2932 2310 2996 horaria.
2348 2934 2465 3000 sed,
2499 2943 2565 2990 ut
2607 2934 2682 2990 ita
2712 2934 2919 3000 dicam,
2953 2934 3364 3001 mansionaria,
3395 2933 3549 2989 unde
3573 2940 3629 2989 et

1921 3021 2168 3091 Spiritus
2195 3030 2431 3078 sanctus
2484 3022 2576 3079 die
2616 3023 2971 3079 Pentecostes
3024 3023 3284 3078 illabitur
3343 3021 3623 3077 manenti-

110 3109 430 3166 immunem
459 3111 669 3167 habere
699 3111 1127 3180 conscientiam,
1159 3112 1313 3168 intra
1345 3125 1448 3167 nos
1479 3110 1632 3180 ipsos
1680 3123 1808 3178 per-
1847 3136 1888 3191 α
1921 3110 2032 3166 bus
2086 3110 2144 3165 in
2200 3112 2397 3167 eodem
2467 3111 2606 3167 loco.
2671 3112 2836 3178 Filia,
2897 3111 3109 3182 inquit,
3164 3112 3467 3179 Bathuelis,
3526 3116 3628 3165 96

116 3199 438 3268 pendimus.
520 3200 587 3255 In
659 3200 831 3271 cujus
891 3200 1343 3271 pulchritudinis
1434 3196 1809 3255 delectatione

114 3288 436 3357 auspicium
480 3288 775 3358 quoddam
820 3289 1156 3359 accipimus,
1218 3296 1416 3346 utrum
1471 3298 1812 3360 prosperum

113 3375 371 3432 desiderii
406 3377 586 3432 nostri
639 3392 878 3433 cursum
925 3377 1098 3434 faciat
1128 3378 1427 3445 Dominus,
1487 3379 1625 3448 quia
1672 3382 1814 3439 dum

113 3464 443 3521 divinarum
471 3466 676 3535 speciei
706 3480 900 3521 rerum
930 3466 1034 3521 soli
1069 3467 1399 3537 quaerendae
1435 3466 1810 3536 intendimus,

116 3554 187 3609 ibi
214 3555 467 3625 profecto
496 3569 565 3610 ac
611 3554 658 3610 si
682 3555 741 3611 in
768 3555 911 3610 libro
942 3555 1206 3625 legimus,
1236 3555 1377 3625 quid
1408 3556 1563 3625 boni,
1598 3558 1813 3627 quidve

116 3643 244 3699 mali
274 3657 694 3714 exsequamur,
741 3643 882 3715 quid
908 3659 1086 3711 nunc,
1129 3643 1273 3714 quid
1316 3645 1375 3699 in
1415 3644 1615 3702 futuro
1641 3648 1815 3703 sorti-

115 3734 224 3788 turi
264 3748 492 3799 sumus,
533 3748 607 3790 ex
632 3733 835 3804 aliqua
881 3742 1041 3804 parte
1072 3748 1489 3805 praesagamur.
1517 3738 1814 3805 Postquam

112 3818 287 3890 igitur
318 3822 527 3877 bibunt
551 3824 761 3889 cameli,
806 3823 904 3878 ubi
948 3822 1162 3878 scilicet
1192 3837 1226 3878 a
1266 3823 1480 3879 virtute
1511 3824 1815 3881 humilita-

113 3911 180 3964 tis
206 3911 592 3977 consumitur,
626 3911 912 3982 quidquid
969 3912 1121 3968 intra
1152 3927 1256 3968 nos
1298 3920 1382 3968 est
1431 3912 1554 3968 vitii
1601 3914 1817 3983 profert

115 3998 294 4054 virilis
349 3999 599 4055 feminea
667 4001 787 4070 jam
861 4000 1100 4057 exclusa
1172 4001 1406 4058 mollitie
1494 4001 1818 4059 intellectus

119 4088 407 4155 geminam
441 4088 556 4144 Deo
577 4096 632 4144 et
654 4088 988 4145 hominibus
1028 4090 1183 4160 quod
1243 4105 1342 4160 per
1374 4094 1592 4145 inaures
1632 4092 1818 4163 signa-

116 4178 209 4229 tur
235 4176 641 4245 obedientiam,
674 4186 737 4233 ut
775 4192 908 4233 cum
940 4180 1056 4234 Deo
1077 4179 1317 4249 obsequi
1349 4179 1554 4235 nititur
1603 4180 1815 4251 bisqui

119 4263 221 4317 sibi
270 4273 509 4335 paterne
550 4274 822 4335 praesunt,
859 4274 916 4322 et
964 4267 1215 4323 fraterne
1243 4268 1473 4335 adsunt,
1508 4268 1566 4323 in
1611 4269 1817 4325 auditu

116 4352 271 4408 auris
297 4363 706 4409 ornamentum
734 4355 995 4425 obsequii
1026 4371 1140 4412 non
1174 4363 1433 4426 negetur.
1459 4357 1583 4412 Non
1627 4357 1814 4412 solum

1917 3216 2038 3255 sum
2068 3216 2081 3253 :
2114 3201 2356 3256 Bathuel
2377 3203 2533 3269 virgo
2565 3203 2667 3256 Dei
2686 3201 2899 3256 dicitur
2924 3215 2937 3255 :
2967 3200 3130 3269 virgo
3160 3206 3354 3255 autem
3389 3199 3469 3254 nil
3493 3214 3619 3255 con-

1921 3288 2291 3345 venientibus
2320 3288 2605 3359 accipitur
2635 3303 2813 3359 quam
2835 3289 3064 3356 veritas,
3099 3302 3231 3359 quae
3248 3287 3390 3357 quia
3418 3302 3491 3342 ex
3518 3290 3626 3343 Deo

1921 3385 2025 3445 est,
2062 3377 2141 3433 nil
2174 3391 2242 3433 ea
2277 3378 2482 3448 purius
2512 3386 2624 3448 est;
2658 3392 2820 3433 mens
2847 3378 3043 3447 itaque
3092 3376 3186 3446 pia
3209 3376 3505 3432 Bathuelis
3532 3375 3627 3431 'est

1922 3466 2061 3533 filia,
2112 3466 2213 3537 qui
2244 3481 2317 3521 ex
2370 3466 2631 3522 castitate
2679 3464 2938 3522 veritatis
2976 3465 3149 3535 edita,
3202 3465 3364 3522 nulla
3403 3464 3623 3534 recipit,

1923 3555 2033 3611 nisi
2063 3555 2406 3612 sinceritatis
2434 3555 2670 3613 monita.
2698 3557 2884 3611 Omnis
2921 3555 3075 3615 enim
3128 3557 3225 3625 qui
3264 3560 3343 3609 est
3386 3573 3453 3608 ex
3481 3556 3625 3609 veri-

1923 3649 2053 3711 tate,
2114 3644 2273 3699 audit
2317 3661 2496 3699 vocem
2552 3661 2724 3699 meam
2776 3647 2952 3712 (Joan.
3015 3659 3175 3712 XVIII,
3223 3642 3332 3713 37).
3384 3644 3626 3699 Bathuel

1922 3733 2155 3790 Melchae
2182 3742 2265 3789 est
2297 3733 2469 3799 ﬁlius,
2505 3734 2646 3804 quia
2669 3733 2878 3789 veritas
2926 3748 3041 3789 non
3075 3733 3185 3789 nisi
3217 3748 3318 3803 per
3345 3734 3625 3789 rationem

1923 3822 1983 3877 in
2031 3822 2195 3878 nobis
2243 3824 2525 3887 exoritur,
2559 3837 2692 3893 qua:
2744 3822 2979 3889 Melcha,
3032 3822 3087 3876 id
3121 3829 3204 3878 est
3244 3825 3438 3891 regina
3493 3823 3627 3892 jure

1923 3911 2153 3978 dicitur,
2196 3912 2337 3981 quia
2379 3911 2661 3967 divinitus
2709 3911 2998 3967 illustrata
3047 3911 3260 3967 nostris
3315 3910 3628 3967 rectissimo

1926 3998 2191 4054 sensibus
2242 3998 2625 4067 principatur,
2668 3997 2822 4053 unde
2868 4006 2923 4053 et
2969 3996 3255 4067 peperisse
3310 3997 3469 4053 hunc
3506 3996 3629 4053 Na-

1923 4088 2062 4144 chor
2117 4087 2348 4156 dicitur,
2401 4087 2505 4158 qui
2554 4089 2769 4156 requies
2818 4087 3039 4141 luminis
3084 4085 3432 4156 appellatur,
3486 4085 3627 4154 quia

1925 4174 2213 4245 quidquid
2272 4188 2427 4230 verae
2484 4173 2828 4245 cognitionis
2864 4173 3017 4229 intra
3048 4188 3153 4228 nos
3192 4186 3295 4242 per
3347 4171 3627 4237 Melchan,

1924 4263 2205 4320 rationem
2259 4263 2491 4331 scilicet,
2564 4262 2844 4335 gignitur,
2893 4262 2965 4318 ad
3032 4269 3325 4318 auctorem
3371 4262 3627 4331 proracto

1925 4352 2125 4415 Deum,
2163 4351 2221 4407 in
2251 4367 2369 4422 quo
2391 4366 2527 4408 vero
2558 4334 2777 4407 lumine
2806 4365 2840 4406 a
2872 4352 3123 4422 negotio,
3172 4350 3227 4406 id
3258 4358 3342 4406 est
3376 4334 3623 4419 peccato,

117 4440 264 4495 enim
291 4441 577 4510 patribus,
609 4442 707 4497 sed
766 4451 821 4499 et
866 4444 1021 4499 omni
1062 4444 1335 4500 humanae
1364 4453 1646 4505 creaturae
1688 4459 1812 4514 pro-
1851 4446 1893 4499 D
1923 4440 2357 4511 perambulante
2410 4440 2468 4494 in
2517 4440 2768 4495 tenebris
2823 4439 2990 4506 (Psal.
3032 4454 3110 4503 ιχ,
3171 4438 3224 4509 8)
3287 4438 3627 4508 insipientia:

120 4536 237 4598 pter
266 4530 452 4586 Deum
475 4530 645 4585 subdi
675 4531 949 4589 debemus
977 4535 1019 4600 (Ι
1044 4535 1187 4587 Petr.
1219 4548 1277 4599 ιι,
1317 4536 1426 4603 l3).
1460 4533 1815 4604 Obsequium

120 4631 267 4685 vero,
297 4620 475 4690 juxta
499 4628 744 4689 poetam,
767 4622 933 4690 parit,
967 4621 1181 4678 amicos
1211 4622 1368 4692 (Tun.
1403 4623 1634 4691 Andr.),
1665 4622 1817 4677 unde

117 4715 169 4761 et
201 4708 436 4764 totidem
470 4708 713 4763 armiIIze
747 4710 950 4779 puellae
990 4711 1264 4767 manibus
1306 4710 1681 4768 adhibentur.
1714 4710 1819 4766 Per

114 4798 380 4861 armillas,
442 4810 575 4867 quae
619 4798 907 4866 manibus,
972 4799 1141 4870 quasi
1188 4814 1403 4855 corona
1443 4799 1805 4870 praeminent,

116 4882 333 4941 fructus
364 4885 497 4941 boni
530 4887 719 4957 operis
749 4888 1050 4958 accipitur,
1084 4888 1239 4959 quod
1268 4896 1353 4945 est
1382 4902 1497 4959 pax
1530 4888 1714 4958 primo
1744 4889 1815 4943 ad

118 4973 311 5041 Deum,
344 4974 560 5031 dehinc
588 4976 660 5031 ad
702 4977 1066 5045 proximum;
1102 4991 1212 5048 pax
1244 4978 1400 5032 enim
1453 4977 1585 5033 belli
1624 4976 1813 5033 exacti

119 5062 374 5129 pretium,
435 5076 551 5132 pax
599 5078 827 5119 summa
886 5063 1148 5120 laborum
1199 5070 1326 5119 est:
1396 5079 1606 5120 manus
1674 5077 1809 5119 vero

123 5165 285 5218 opera
313 5152 624 5223 signiﬁcat,
660 5152 877 5222 quibus
905 5161 960 5209 et
1016 5153 1129 5208 Deo
1161 5152 1559 5223 obsequimur,
1605 5160 1660 5209 et
1691 5168 1817 5223 pro-

124 5238 268 5294 ximo
291 5240 560 5309 exempla
593 5242 937 5309 praebemus.
969 5241 1277 5297 Praemium
1319 5249 1511 5297 autem
1573 5256 1815 5312 operum

123 5326 278 5383 etiam
344 5327 403 5383 in
449 5329 737 5398 prasenti,
787 5328 954 5399 quasi
1000 5328 1234 5399 quidam
1291 5343 1509 5385 ornans
1553 5344 1676 5397 nos,
1750 5342 1819 5384 ac

124 5416 379 5472 muniens
434 5416 690 5473 ambitus
758 5417 1143 5482 armillarum.
1222 5431 1386 5473 amor
1457 5426 1651 5474 noster
1744 5418 1818 5474 ad

128 5503 314 5571 Deum,
364 5505 589 5575 Deique
633 5505 705 5561 ad
758 5521 862 5563 nos
916 5519 1243 5576 rursusque
1297 5520 1371 5562 ex
1430 5506 1520 5575 pio
1577 5520 1819 5563 nascens

126 5606 282 5661 opere
312 5592 567 5663 proximi
599 5592 671 5648 ad
728 5607 849 5662 nos,
896 5600 953 5649 et
1003 5602 1198 5650 noster
1224 5594 1295 5649 ad
1338 5592 1693 5663 proximum.
1721 5595 1817 5648 In-

127 5692 269 5736 aures
314 5681 662 5753 appendunt
705 5683 863 5738 siclos
918 5683 1076 5752 duos,
1124 5682 1265 5753 quia
1315 5695 1453 5740 vera
1497 5680 1822 5738 obedientia

1923 4529 2183 4584 suaviter
2238 4528 2612 4598 quiescimus,
2676 4528 2944 4584 refertur.
2996 4528 3101 4583 Per
3152 4528 3344 4599 paleas
3390 4528 3544 4598 quod
3593 4541 3627 4582 a

1926 4632 2109 4689 grano
2134 4617 2445 4683 decutitur,
2475 4631 2690 4687 eaquae
2717 4616 2775 4671 in
2805 4616 2971 4672 nobis
2996 4616 3390 4685 superﬂuunt,
3424 4616 3628 4686 culpas

1926 4706 2140 4762 scilicet
2172 4704 2567 4776 intelligimus.
2611 4705 2717 4760 Per
2749 4706 2942 4761 fenum
2971 4703 3352 4759 humanitatis
3402 4703 3629 4775 fragili-

1926 4804 2013 4853 tas
2041 4795 2352 4865 accipitur;
2392 4795 2584 4865 paleas
2630 4809 2786 4865 ergo,
2840 4802 2895 4851 et
2928 4793 3042 4849 feni
3074 4793 3390 4861 plurimum
3458 4792 3629 4847 habet

1926 4884 2191 4956 quisquis
2214 4892 2268 4941 et
2297 4884 2605 4954 culparum
2637 4891 2693 4939 et
2712 4882 2957 4953 propriae
2986 4881 3180 4938 carnis
3204 4880 3335 4952 jugi
3362 4881 3628 4937 conside-

1926 4974 2147 5030 ratione
2178 4988 2291 5029 non
2322 4980 2493 5028 caret.
2537 4972 2643 5028 Sed
2687 4980 2742 5028 et
2784 4974 2926 5026 locus
2979 4973 3254 5041 spatiosus
3285 4970 3359 5023 ad
3410 4986 3630 5023 manen-

1924 5062 2055 5117 dum
2087 5061 2144 5117 in
2172 5061 2340 5117 domo
2368 5066 2467 5127 est,
2497 5061 2637 5130 quia
2660 5061 2766 5117 etsi
2796 5061 3051 5130 corporis
3082 5060 3307 5129 pondus
3348 5059 3626 5129 patimur,

1924 5158 1979 5206 et
2034 5152 2417 5206 circumstans
2472 5165 2576 5205 nos
2636 5160 2954 5221 peccatum,
2997 5149 3178 5205 latum
3214 5156 3407 5205 tamen
3461 5163 3630 5219 penes

1926 5254 2029 5295 nos
2056 5252 2470 5295 conservamus
2517 5238 2816 5295 charitatis
2866 5239 3229 5303 mandatum,
3261 5238 3417 5309 quod
3455 5238 3629 5294 etiam

1927 5328 2323 5398 complectitur
2361 5327 2684 5399 inimicum,
2739 5327 3014 5399 quodque
3059 5326 3239 5397 operit
3299 5326 3631 5382 multitudi-

1926 5432 2058 5473 nem
2116 5423 2504 5486 peccatorum,
2568 5417 2721 5473 unde
2779 5416 3038 5472 dicitur:
3100 5418 3367 5472 Statuisti
3409 5417 3468 5469 in
3522 5416 3631 5470 loco

1924 5507 2167 5576 spatioso
2219 5505 2383 5574 pedes
2428 5521 2567 5560 meos
2627 5506 2790 5575 (Psal.
2850 5520 2987 5571 xxx,
3045 5507 3120 5571 9).
3177 5504 3267 5559 Ad
3304 5504 3632 5559 manendum

1928 5609 2066 5651 vero
2097 5598 2177 5648 est
2216 5593 2429 5649 scilicet
2478 5594 2552 5649 ad
2608 5593 3118 5664 perseverandum,
3162 5599 3227 5649 ut
3277 5606 3394 5648 non
3453 5590 3631 5646 verbo

1928 5691 1985 5741 et
2028 5682 2252 5753 lingua,
2306 5683 2405 5738 sed
2443 5696 2614 5753 opere
2658 5683 2973 5755 diligamus
3001 5688 3057 5737 et
3105 5681 3346 5738 veritate
3386 5679 3434 5749 (l
3469 5680 3628 5734 Joan.
