3966 6408
199 450 301 503 ἨἿ
1705 453 2054 513 ΕΡΙΞΤΟΕΕ
2069 498 2081 510 .
3440 472 3543 526 718

199 570 415 626 ordinis
464 571 720 629 nitidam
784 584 1205 648 perseveranter
1265 576 1569 634 observare
1623 578 1835 649 purita-
1867 581 1921 639 Α
1950 580 2183 636 litteram
2213 583 2499 654 scripturae
2523 592 2787 651 reservat,
2820 602 2962 658 quos
2985 602 3117 644 vero
3146 587 3409 663 indignos
3447 594 3544 662 ju-

198 675 336 723 tem,
1946 667 2089 723 dicat
2118 669 2235 725 sine
2282 671 2554 742 scriptura
2599 673 2797 745 gladiis
2837 688 2934 729 sex
2980 674 3225 758 virorum
3267 693 3547 751 «ponere

1946 776 2059 820 nec
2085 766 2361 823 formidet.
2391 768 2559 838 Cujus
2590 770 2876 841 potestatis
2907 772 3217 829 sublimitas
3244 782 3411 833 terra
3439 778 3547 834 illis

1947 854 2277 921 attribuitur,
2312 857 2404 927 qui
2431 858 2736 914 castitatem
2765 863 3014 930 corporis
3052 862 3333 920 mtmditite
3361 867 3543 924 cordis

1948 957 2012 995 ex
2045 941 2371 1000 discretione
2391 946 2743 1012 associantes,
2776 946 2961 1019 gladio
2988 948 3158 1004 divini
3196 951 3351 1006 verbi
3394 953 3545 1015 circa

1948 1037 2506 1109 femurpoteutissime
2527 1043 2775 1106 accincti,
2814 1044 3079 1100 lectulum
3105 1046 3223 1101 veri
3281 1048 3538 1107 Salomo-p

1949 1128 2034 1179 nis
2064 1128 2443 1198 observantes,
2474 1146 2612 1202 puro
2639 1132 2799 1188 oculo
2828 1133 3011 1203 ipsttm
3040 1150 3230 1204 regem
3259 1134 3317 1191 in
3335 1136 3542 1194 decore

269 774 482 833 Sancto
518 777 771 850 Spiritui
829 781 1032 854 gratias
1073 781 1306 853 agimus,
1368 783 1527 851 cujus
1585 781 1839 837 instinctu

201 863 345 919 circa
378 870 746 930 canonicum
789 871 1042 925 ordinem
1089 887 1187 925 vos
1231 870 1429 925 fratres
1472 869 1740 925 fervorem
1788 878 1841 924 et

198 952 442 1007 studium
474 956 706 1013 habere
743 959 1155 1030 cognoscimus.
1180 960 1347 1013 Decet
1375 959 1516 1013 enim
1547 964 1603 1012 ut
1634 966 1841 1031 quanto

202 1051 455 1105 sanctior
488 1052 664 1116 ordo,
704 1064 860 1110 tanto
903 1056 1249 1110 militantibus
1280 1056 1334 1110 in
1389 1055 1492 1111 hac
1548 1055 1720 1127 gratia
1777 1055 1842 1108 sit

202 1138 384 1206 major
416 1140 663 1195 devotio
700 1152 757 1196 et
790 1143 1120 1199 sollicitudo.
1155 1144 1403 1213 Dignitas
1434 1143 1632 1214 quippe
1681 1143 1843 1211 hujus

199 1228 433 1289 ordinis,
472 1230 756 1285 videlicet
790 1232 1037 1287 canonici
1065 1239 1118 1288 et
1150 1233 1528 1299 sacerdotalis,
1563 1233 1843 1287 veteribus

201 1333 252 1378 et
303 1326 473 1380 novis
519 1329 921 1399 multipliciter
970 1330 1381 1385 demonstratur
1427 1330 1614 1403 ﬁguris
1681 1338 1843 1402 atque

202 1415 518 1485 exemplis.
586 1418 763 1473 Hanc
824 1419 1173 1473 commendat
1232 1420 1467 1490 Spiritus
1514 1427 1736 1475 sanctus
1790 1420 1842 1473 in

202 1502 425 1571 psalmo
450 1505 665 1560 dicens
699 1525 712 1559 :
744 1507 950 1578 ttat/sea
971 1509 1225 1563 ctAaron
1246 1510 1309 1563 in
1327 1508 1707 1564 sacerdotibus
1726 1510 1845 1578 ejus

200 1599 563 1657 invocabant
588 1603 909 1659 Dominum
932 1609 989 1659 et
1008 1607 1127 1677 ipse
1160 1606 1507 1661 exaudiebat
1540 1623 1632 1661 eos
1655 1607 1835 1663 (Psal.

200 1703 393 1755 xcvnt',
427 1691 518 1759 6).
563 1691 639 1745 Et
671 1694 875 1747 iterum
907 1693 1174 1750 deduxit.
1235 1735 1246 1746 .
1306 1735 1319 1747 .
1377 1736 1388 1747 .
1448 1737 1459 1749 .
1520 1734 1537 1747 .
1590 1735 1603 1747 .
1672 1735 1684 1747 .
1744 1735 1756 1747 .
1824 1735 1838 1748 .

1950 1215 2327 1273 indesinenter
2354 1221 2807 1291 contemplemur.
2832 1222 3045 1277 Deinde
3069 1223 3257 1292 paucis
3287 1233 3340 1280 et
3364 1224 3543 1296 pluri—

1951 1311 2054 1366 bus
2086 1314 2416 1381 memoratis,
2451 1317 2518 1370 ad
2549 1317 2762 1371 Novum
2792 1318 3203 1374 Testamentum
3225 1320 3533 1378 veniamus.

1954 1402 2136 1470 ipsum
2168 1402 2265 1457 Dei
2300 1410 2349 1458 et
2378 1404 2623 1459 hominis
2644 1406 2831 1461 Filium
2863 1415 3076 1462 constat
3107 1424 3300 1464 omnes
3337 1411 3543 1482 gradus

1952 1489 2227 1545 clericalis
2254 1492 2462 1546 ordinis
2509 1493 2564 1547 in
2622 1493 2808 1565 seipse
2855 1510 3236 1559 consecrasse,
3295 1499 3544 1570 regulam

1954 1602 2167 1657 quoque
2198 1605 2307 1659 qua
2346 1590 2582 1645 vivimus
2637 1592 2755 1647 suis
2800 1593 3067 1664 apostolis
3095 1596 3407 1652 tradidisse.
3448 1597 3546 1653 llic

1955 1675 2254 1745 discipulos
2329 1689 2656 1751 congregat,
2706 1680 2868 1735 vitam
2923 1698 3274 1739 communem
3324 1685 3549 1742 instituit

208 1816 222 1829 .
282 1818 295 1828 .
352 1819 365 1830 _
422 1822 435 1832 ι
506 1819 522 1832 θ
588 1821 602 1833 ⁸
672 1821 686 1833 ,
741 1821 754 1835 ⁸
807 1820 822 1835 .
881 1821 894 1834 ο
947 1822 959 1835 ,
1006 1823 1018 1835 ,
1062 1822 1075 1836 .
1116 1783 1233 1837 sive
1265 1782 1461 1854 regni.
1518 1782 1845 1853 disciplina,
1955 1764 3546 1844 dicens:Quinonrcnuntiatomnibusquazpossidetmon

197 1867 449 1934 pcrcum
481 1867 819 1939 [Egypmm’
847 1869 1040 1925 “hem
1084 1870 1273 1935 Isne],
1304 1872 1501 1927 dividit
1545 1886 1698 1925 mare
1739 1872 1844 1924 ιω,
1876 1934 1919 1939 _
1955 1856 2139 1923 potest
2160 1870 2315 1908 meus
2332 1871 2445 1909 esse
2463 1856 2941 1927 discipulus(Luc.
2967 1875 3075 1925 XIV,
3096 1860 3208 1928 33).
3254 1862 3406 1915 llanc
3424 1875 3548 1930 apo-

202 1963 387 2025 ιιι-ωτι,
424 1934 618 2034 aqua;
644 1934 816 2021 ςπρηίι
845 1966 900 2021 in
928 1967 1297 2034 dujcedinem’
1344 1967 1563 2023 numina
1594 1967 1845 2038 producit
1876 1934 1927 1993 Β
1958 1950 2080 2004 stoli
2128 1951 2414 2021 primitivae
2453 1954 2673 2008 tradunt
2712 1955 2976 2012 Ecclesiae
3022 1956 3158 2013 sicut
3203 1959 3260 2014 in
3320 1959 3550 2017 Actibus

198 2051 270 2104 de
302 2061 501 2121 petra.
538 2056 655 2109 per
684 2056 1039 2110 sacerdotem
1069 2057 1163 2111 dat
1202 2057 1351 2111 Deus
1388 2057 1589 2126 legem,
1631 2056 1846 2111 ίηειωη
1954 2053 2144 2092 eorum
2177 2039 2437 2111 scripturn
2469 2050 2589 2096 est:
2616 2043 3548 2103 Eratcorunumetanimaunain

202 2140 674 2211 tabernaculum,
705 2159 913 2209 arcam,
947 2160 1105 2211 vasa,
1137 2145 1483 2212 vestimenta,
1514 2146 1651 2199 ritus
1673 2144 1834 2201 sacri-

1954 2127 2088 2192 Deo,
2123 2132 2177 2182 et
2208 2145 2317 2182 non
2350 2129 2605 2185 dicebant
2625 2131 2829 2203 aliquid
2876 2137 3177 2205 proprium,
3214 2150 3341 2189 nam
3392 2144 3547 2191 erant

203 2235 487 2303 liciorum,
524 2249 582 2295 et
618 2250 826 2297 cmtera
856 2259 978 2314 qua?
1023 2243 1300 2313 pertinent
1329 2244 1399 2297 ad
1445 2242 1649 2299 cultum
1706 2242 1835 2298 Dei.

207 2326 373 2382 Hanc
405 2330 836 2386 sacerdotalem
888 2330 1208 2404 dignitatem
1240 2332 1588 2387 commendat
1626 2331 1845 2388 claritas

209 2414 397 2469 vultus
428 2417 681 2489 Moysis,
736 2419 1022 2490 gloriaque
1064 2419 1515 2475 vestimentorum
1568 2423 1748 2475 Aaron
1790 2429 1845 2475 et

211 2510 455 2569 liliorum
491 2516 651 2584 ejus,
680 2525 735 2573 et
764 2518 910 2588 quod
943 2517 1147 2573 dictum
1179 2526 1263 2573 est
1281 2519 1492 2590 Moysi:
1525 2521 1721 2575 Omnia
1751 2521 1843 2590 fac

202 2602 388 2671 juxta
421 2608 749 2676 exemplar
777 2607 919 2678 quod
951 2608 1553 2664 tibimonstratumest
1576 2610 1637 2663 in
1652 2613 1844 2663 monte

214 2690 420 2756 (Exod.
461 2711 520 2764 κ,
553 2697 646 2764 4).
678 2695 759 2749 Ex
789 2695 991 2765 quibus
1037 2696 1223 2751 verbis
1268 2696 1543 2768 colligitur
1588 2697 1845 2768 quoniam

215 2790 487 2845 canonica
521 2795 584 2847 et
619 2791 980 2847 sacerdotalis
1012 2793 1206 2863 regula
1236 2810 1306 2848 ex
1338 2794 1473 2864 ipsis
1521 2794 1843 2850 coelestibus

215 2879 646 2949 exemplaribus
676 2880 1016 2949 informatur,
1050 2882 1283 2953 plusque
1305 2891 1385 2937 est
1417 2883 1643 2938 dicenda
1660 2882 1846 2937 divina

217 2981 384 3033 quam
417 2969 695 3023 humana.
725 2970 785 3022 in
817 2967 990 3037 figura
1029 2970 1203 3025 nostri
1247 2971 1456 3026 ordinis
1500 2980 1847 3043 praeceptum

219 3061 300 3106 est
329 3057 732 3112 sacerdotibus
759 3065 812 3111 et
841 3057 1037 3125 levitis,
1072 3066 1130 3113 ut
1166 3074 1276 3113 non
1318 3060 1556 3114 habeant
1604 3059 1841 3115 hancdi-

220 3146 381 3196 tatem
414 3145 572 3201 inter
604 3146 825 3200 fratres.
858 3148 987 3216 Ego,
1021 3146 1194 3216 inquit
1223 3148 1504 3213 Dominus,
1539 3164 1633 3204 cro
1676 3149 1843 3208 ha’rc-

220 3237 370 3293 ditas
400 3257 635 3298 corum.
658 3243 904 3296 lstivasa
925 3258 1088 3298 sacra
1104 3244 1457 3308 custodiunt,
1480 3244 1631 3299 circa
1654 3245 1841 3298 taber-

221 3329 436 3384 nacula
460 3332 781 3396 excubant,
805 3331 1038 3401 placant
1057 3332 1208 3385 iram
1229 3333 1586 3404 Dci,portant
1605 3335 1838 3402 peccata

218 3418 419 3486 populi
427 3437 480 3486 ,a
490 3424 627 3492 tque
641 3420 797 3473 inter
813 3420 989 3474 Deum
1006 3424 1059 3475 et
1070 3421 1339 3492 populum
1356 3421 1688 3475 mediatores
1703 3424 1839 3475 sunt

223 3518 557 3572 constituti.
596 3515 806 3583 Quibus
837 3516 1022 3571 verbis
1050 3523 1197 3587 patet
1228 3515 1353 3591 quia
1383 3515 1439 3573 hi
1467 3514 1555 3587 qui
1585 3525 1709 3573 sunt
1736 3516 1838 3573 hu-

216 3599 306 3665 jus
346 3604 591 3667 ordinis,
627 3604 730 3658 etsi
759 3613 884 3658 sunt
913 3604 1182 3671 homines,
1241 3604 1444 3662 debent
1498 3620 1622 3661 esse
1670 3620 1838 3676 super

223 3686 507 3748 homines.
551 3692 620 3747 Ili
649 3692 825 3746 tribus
874 3693 1108 3749 excitant
1158 3694 1440 3764 populum,
1488 3692 1544 3747 hi
1578 3693 1631 3747 in
1679 3693 1836 3765 virga

221 3784 410 3844 Aaron
437 3790 629 3846 ferrea
661 3790 880 3859 ﬂorent,
925 3790 1268 3859 fructiﬁcant,
1320 3791 1641 3863 cazlerisque
1679 3790 1831 3845 ordi-

222 3873 382 3931 nibus
409 3879 809 3949 przeeminent.
839 3879 906 3934 lli
935 3894 1126 3941 arcam
1158 3888 1401 3951 portant.
1432 3880 1726 3943 Iordanem
1744 3879 1831 3935 di-

222 3971 433 4042 vidunt,
468 3975 861 4049 promissionis
890 3984 1093 4032 teri-mn
1136 3985 1423 4047 occupant,
1466 3975 1686 4033 Iericho
1737 3975 1830 4033 deo

226 4065 464 4129 struunt,
500 4065 768 4120 barbaras
798 4073 994 4135 gentes
1022 4066 1364 4135 Opprimunt.
1403 4065 1597 4121 Omnia
1623 4064 1740 4119 haec
1772 4063 1827 4118 in

225 4159 415 4207 nostro
448 4155 653 4210 ordine
683 4153 1033 4223 spiritualiter
1079 4153 1397 4225 figurantur.
1450 4154 1649 4208 Noster
1690 4167 1827 4223 quo-

228 4264 330 4317 que
360 4253 587 4308 habitus
612 4250 859 4321 pluribus
889 4251 1066 4305 modis
1098 4259 1179 4306 est
1207 4250 1279 4304 ibi
1304 4251 1571 4323 figuratus
1604 4257 1657 4305 et
1700 4266 1827 4304 con-

226 4352 471 4397 secratus
502 4342 559 4395 in
589 4340 926 4394 vestimentis
951 4342 1151 4394 Aaron.
1178 4338 1471 4394 Plurimum
1521 4339 1653 4409 nitet
1702 4338 1826 4411 bys-

225 4441 317 4481 sus
345 4438 594 4495 retorta,
626 4426 722 4481 lilii
766 4429 883 4497 ejus
923 4427 977 4482 in
1026 4429 1124 4483 Dei
1180 4428 1479 4483 ministerio
1536 4426 1696 4483 lineis
1741 4443 1826 4485 rec

226 4524 521 4593 splendent
547 4524 901 4593 indumentis,
951 4525 1157 4596 posteri
1205 4541 1391 4580 eorum
1442 4524 1619 4596 ephod
1666 4532 1824 4579 utim-

225 4618 307 4666 tur
336 4615 508 4672 lineo.
543 4613 686 4670 Cum
737 4629 870 4686 ergo
916 4629 949 4669 a
991 4613 1345 4669 femoralibus
1390 4630 1565 4680 usque
1610 4613 1676 4668 ad
1725 4613 1815 4667 tia-
1845 4635 1902 4697 D

228 4716 342 4756 ram
372 4705 525 4760 lineo
554 4702 795 4760 candore
825 4717 949 4757 cum
978 4703 1195 4759 caeteris
1240 4702 1533 4774 Speciebus
1574 4701 1820 4774 fulgeant

228 4802 567 4866 sacerdotes,
603 4798 734 4869 quid
769 4798 1035 4872 ﬁguratur
1066 4799 1170 4854 nisi
1196 4798 1404 4855 ordinis
1432 4798 1605 4853 nostri
1650 4798 1830 4853 invio-

228 4884 445 4945 labilem
474 4887 854 4945 ouctoritalem
885 4896 939 4943 et
981 4887 1415 4957 resplendentem
1465 4885 1730 4942 castitatis
1769 4894 1835 4942 et:

230 4973 472 5034 honesta:
507 4977 631 5033 vita)
661 4977 945 5046 puritatem
977 4977 1004 5029 ?
1026 4976 1167 5047 Quid
1199 4976 1380 5031 tunica
1419 4973 1691 5031 Samuelis
1736 4992 1821 5031 re-

231 5088 324 5143 ges
353 5072 744 5133 constituentis
786 5073 1060 5146 designat,
1119 5073 1225 5128 nisi
1276 5074 1514 5130 tunicam
1571 5079 1819 5128 nostram

216 5158 427 5222 lineam
455 5169 511 5221 et
543 5161 936 5234 talarem,quia
959 5161 1089 5218 ﬁunt
1118 5179 1151 5217 a
1180 5163 1263 5219 sui
1290 5162 1527 5219 nominis
1557 5160 1821 5233 etymolo-

232 5250 316 5320 gia
342 5253 548 5309 mundo
580 5251 749 5306 corde
768 5253 796 5303 ?
828 5250 1254 5307 Observavimus
1282 5268 1458 5323 genus
1498 5250 1712 5322 regium
1761 5255 1825 5307 et

231 5346 586 5411 sacerdotale,
620 5360 805 5403 coram
837 5363 1050 5403 summo
1091 5364 1224 5421 rege
1271 5347 1587 5403 astabimus.
1626 5346 1827 5402 Veniat

231 5429 281 5488 in
308 5444 496 5494 mente
520 5442 711 5491 nostra
742 5435 822 5493 vir
858 5437 948 5495 ille
979 5438 1073 5509 qui
1128 5437 1273 5508 apud
1330 5436 1673 5495 Ezecltielem
1730 5435 1818 5495 in-

231 5520 385 5580 dutus
410 5524 579 5580 lineis
620 5531 682 5578 et
725 5526 1189 5582 atramentarium-
1220 5526 1493 5597 scriptorii
1533 5526 1604 5582 ad
1653 5541 1821 5581 renes

230 5617 429 5678 habere
460 5621 682 5687 dicitur,
714 5624 800 5679 cui
840 5632 987 5678 tanta
1040 5631 1279 5695 potestas
1327 5623 1641 5691 ascribitur,
1692 5630 1749 5677 ut
1790 5639 1823 5677 a

233 5711 546 5768 sanctuario
578 5709 863 5781 incipiens,
887 5702 1022 5783 quos
1039 5713 1237 5785 dignos
1255 5711 1540 5784 perpendit
1570 5728 1666 5782 per
1708 5712 1821 5766 Tau

231 5849 389 5925 ipsius
416 5855 647 5914 ordinis
696 5871 725 5911 a
781 5857 1077 5912 Benedicto
1132 5855 1396 5925 episcopo
1449 5853 1824 5911 Aveniouensi

229 5921 528 5987 fundatum
563 5940 706 5985 anno
738 5931 894 5995 1038,
956 5928 1105 5985 haud
1157 5921 1349 6002 procul
1402 5929 1473 5983 ab
1516 5925 1821 5993 Avenione,

1954 2221 2061 2277 illis
2089 2223 2269 2279 omnia
2300 2224 2613 2281 communia
2661 2228 2808 2298 (Act.
2861 2246 2935 2293 tv,
2980 2231 3096 2300 3'2).
3152 2232 3220 2287 Et
3268 2232 3548 2303 impletum

1954 2320 2035 2365 est
2067 2312 2217 2383 quod
2249 2312 2414 2388 longe
2447 2325 2573 2369 ante
2602 2314 2671 2371 de
2699 2318 2803 2372 hoc
2833 2326 3019 2373 nostro
3049 2318 3239 2375 ordine
3286 2321 3550 2392 scriptum

1953 2408 2070 2454 est:
2099 2403 2235 2457 Eccc
2250 2419 2415 2474 quam
2430 2404 2707 2460 bonumet
2727 2424 2891 2478 quam
2917 2408 3242 2478 jucundum
3288 2410 3551 2465 habitare

1950 2500 2164 2568 fratres
2184 2501 2242 2554 in
2268 2518 2446 2557 unum
2472 2502 2646 2569 (Psal.
2671 2517 2889 2569 cxxxn,
2912 2506 2989 2573 t).
3029 2504 3196 2559 Primi
3226 2506 3547 2563 audierunt:

1952 2588 2271 2660 Ecccquam
2294 2590 2518 2655 bonum,
2572 2606 2672 2646 nec
2721 2591 2823 2646 soli
2872 2592 3211 2661 audierunt;
3257 2610 3366 2648 non
3408 2594 3553 2651 enim

1952 2690 2125 2747 usque
2151 2676 2220 2732 ad
2255 2676 2375 2731 illos
2406 2685 2613 2733 tantum
2643 2677 2747 2733 ista
2777 2678 3003 2737 dilectio
3034 2688 3085 2736 et
3115 2680 3295 2737 unitas
3324 2681 3551 2737 fratrum

1952 2772 2121 2838 venit,
2154 2773 2441 2830 descendit
2482 2791 2720 2846 namque
2765 2777 2833 2831 ad
2884 2786 3132 2848 posteros
3175 2795 3347 2850 usque
3390 2778 3550 2834 etiam

1953 2860 2023 2915 ad
2053 2861 2367 2929 modernos,
2398 2871 2454 2917 ut
2478 2863 2586 2931 jam
2628 2863 2873 2920 dicamus
2908 2881 2922 2919 :
2958 2868 3093 2922 Ecca
3131 2884 3304 2937 quam
3344 2867 3551 2923 bonum

1953 2962 2009 3014 et
2030 2976 2199 3030 quam
2204 2960 2235 3030 j
2240 2960 2529 3017 ucuudum
2546 2961 2802 3019 habitare
2817 2965 3031 3033 fratrea
3052 2966 3111 3023 in
3128 2965 3444 3021 unum.Sed
3462 2967 3550 3021 cui

1953 3055 2029 3109 rei
2050 3054 2256 3110 similes
2287 3072 2474 3109 sumus
2487 3056 2630 3111 dicat
2653 3058 2920 3127 psalmus,
2942 3061 3091 3115 sicut
3109 3064 3464 3131 unguentum
3486 3061 3548 3116 in

1953 3145 2161 3213 capite,
2201 3145 2342 3215 quod
2376 3144 2668 3200 descendit
2708 3148 2770 3201 in
2798 3148 3045 3217 barbam,
3085 3149 3310 3204 barbam
3359 3150 3547 3205 Aaron

1954 3232 2235 3302 (ibid.,n).
2254 3232 2452 3287 Noster
2471 3235 2675 3299 Aaron,
2706 3236 2968 3291 sacerdos
3009 3245 3215 3304 noster,
3240 3245 3322 3292 est
3353 3237 3544 3293 Chris-

1950 3337 2054 3382 tus.
2080 3329 2201 3398 Ipse
2223 3330 2465 3400 seipsum
2491 3330 2681 3385 obtulit
2702 3348 2804 3402 pro
2822 3333 2982 3387 nobis
3003 3333 3056 3387 in
3075 3333 3424 3404 sacrificium,
3449 3352 3545 3390 re-

1947 3417 2201 3482 surrexit,
2226 3418 2473 3473 ascendit
2496 3417 2547 3471 in
2585 3418 2800 3484 coelum,
2826 3422 2973 3476 venit
2995 3420 3236 3492 Spiritus
3266 3430 3485 3479 sanctus
3514 3440 3544 3477 a

1946 3505 2125 3579 capite
2153 3506 2205 3563 in
2239 3506 2486 3571 barbam,
2538 3521 2573 3562 ι
2615 3507 2831 3563 Christo
2877 3510 2945 3563 ad
2994 3510 3317 3580 discipulos.
3370 3511 3539 3566 Barba

1945 3600 2307 3661 maturitatem
2339 3600 2536 3677 ﬁgurat
2565 3612 2617 3658 et
2648 3604 3034 3674 perfectionem
3070 3623 3083 3659 :
3124 3608 3264 3678 quod
3309 3609 3542 3666 descen-

1944 3690 2021 3744 dit
2052 3690 2105 3744 in
2137 3706 2287 3745 oram
2320 3692 2623 3747 vestimenti
2677 3692 2820 3763 ejus,
2870 3694 2976 3749 hoc
3034 3703 3116 3749 est
3164 3696 3235 3750 ad
3288 3704 3540 3768 posteros

1941 3775 2210 3831 Ecclesiae
2239 3776 2525 3831 derivavit.
2559 3777 2756 3832 Secuta
2791 3786 2874 3833 est
2921 3778 3064 3833 enim
3107 3779 3373 3848 Ecclesia,
3418 3799 3540 3853 qua:

1941 3874 2110 3929 vestis
2140 3874 2357 3930 Domini
2388 3882 2492 3941 est,
2527 3883 2579 3930 et
2619 3876 2832 3947 peperit
2879 3877 3233 3933 monasteria.
3292 3879 3536 3950 Implen-

1939 3969 2047 4029 tur,
2088 3970 2147 4018 ut
2198 3962 2328 4028 dixi,
2385 3963 2581 4035 Spiritu
2640 3972 2852 4031 sancto,
2907 3962 3164 4039 iubentur
3228 3967 3529 4037 prtedicare

1938 4052 2085 4105 omni
2115 4059 2395 4119 creaturae,
2450 4052 2727 4107 daemones
2762 4052 2973 4126 fugant,
3020 4053 3268 4110 inﬁmos
3310 4065 3527 4124 sanant,

1935 4154 2178 4204 mortuos
2208 4148 2487 4214 suscitant,
2539 4158 2879 4205 sacramenta
2927 4150 3248 4216 coniiciunt,
3297 4157 3528 4223 peccata

1934 4237 2168 4300 solvunt,
2203 4236 2401 4291 ccnlum
2449 4237 2717 4308 aperiunt.
2764 4239 2993 4294 Demum
3048 4240 3119 4295 ad
3156 4240 3389 4296 nitorem
3428 4259 3530 4298 ve-

1936 4325 2096 4381 stium
2126 4333 2179 4379 et
2222 4325 2465 4380 habitum
2516 4327 3009 4382 commendandum
3055 4329 3366 4385 redeamus.
3414 4335 3529 4386 Au—

1933 4421 2107 4486 distis,
2140 4423 2372 4479 Domino
2404 4423 2456 4476 in
2488 4431 2671 4479 monte
2702 4423 3119 4497 transﬁgurato,
3166 4428 3312 4499 quod
3363 4428 3529 4485 vesti-

1934 4521 2121 4565 menta
2151 4511 2269 4579 ejus
2298 4510 2609 4566 claruerunt
2661 4513 2940 4579 sicut'nix,
2992 4515 3223 4587 angelos
3271 4516 3429 4571 etiam
3472 4517 3529 4572 in

1932 4608 2071 4663 albis
2102 4608 2349 4663 vestibus
2394 4608 2721 4680 apparuisse
2762 4609 3024 4683 legimus.
3080 4612 3318 4668 Iacobus
3361 4613 3530 4669 frater

1934 4704 2151 4762 Domini
2200 4704 2491 4776 episcopus
2538 4704 2919 4778 episcoporum
2963 4705 3122 4761 lineis
3188 4707 3528 4765 vestimentis

1931 4809 2149 4864 semper
2177 4810 2310 4848 usus
2342 4802 2442 4848 est.
2494 4794 2682 4849 Petrus
2739 4794 2879 4849 hanc
2935 4802 3174 4850 tonsurae
3224 4804 3424 4853 nostrae
3475 4807 3530 4854 et

1928 4898 2150 4940 coronae
2204 4881 2434 4937 formam
2484 4882 2537 4936 in
2591 4882 2912 4938 memoriam
2976 4882 3251 4954 passionis
3324 4885 3523 4941 Christi

1927 4976 2135 5042 primus
2191 4971 2450 5044 gestavit.
2506 4972 2605 5027 llic
2660 4970 2798 5028 ordo
2855 4979 3069 5037 noster,
3126 4980 3184 5026 ut
3262 4972 3392 5041 dixi,
3466 4975 3521 5029 in

1928 5060 2165 5127 Christo,
2199 5060 2252 5114 in
2285 5059 2571 5130 apostolis,
2610 5060 2666 5115 in
2721 5060 2994 5131 primitiva
3050 5059 3299 5117 Ecclesia
3341 5062 3525 5131 primo

1930 5157 2220 5221 exﬂoruit;
2282 5157 2382 5213 sed
2427 5154 2771 5232 frigescente
2828 5157 3116 5224 charitate,
3179 5165 3233 5214 et
3288 5158 3525 5216 instante

1931 5244 2330 5316 persecutione,
2355 5247 2703 5316 postmodum
2735 5246 3019 5314 emarcuit,
3064 5263 3223 5319 quem
3259 5245 3527 5307 Urbanus

1927 5348 2071 5405 papa
2101 5341 2312 5403 martyr
2335 5333 2536 5390 deinde
2588 5335 2703 5391 suis
2747 5335 2989 5392 decretis
3031 5335 3199 5406 coepit
3242 5335 3522 5407 suscitare,

1929 5432 2120 5487 beatus
2170 5448 2386 5504 quoque
2434 5433 2769 5504 Augustinus
2809 5434 2921 5489 suis
2980 5433 3189 5507 regulis
3248 5433 3524 5502 ordinare,

1929 5529 2145 5577 sanctus
2171 5521 2537 5591 Hieronymus
2559 5521 2672 5576 suis
2693 5521 2939 5593 epistolis
2960 5523 3374 5588 commendare,
3420 5540 3529 5581 οπερ

1930 5610 2137 5681 terique
2168 5609 2347 5665 sancti
2404 5608 2530 5673 viri,
2592 5626 2732 5681 quos
2776 5609 3005 5682 longum
3061 5620 3145 5668 est
3188 5629 3518 5670 memorare.

1930 5708 2085 5763 Unde
2112 5706 2330 5763 excitati
2363 5706 2509 5762 servi
2538 5707 2659 5773 Dei,
2689 5709 2801 5777 jam
2824 5710 2892 5764 ad
2919 5710 3222 5766 sehoiarem
3240 5710 3526 5782 pristinum

1928 5850 2056 5929 inde
2086 5848 2600 5929 propeValenciam
2630 5850 2973 5922 translatum,
3005 5866 3071 5910 ac
3096 5851 3383 5915 demumin
3398 5853 3525 5929 ipsa

1934 5924 2154 5983 civitate
2184 5920 2464 5978 Valentius
2492 5926 2876 5985 restauratum.
