3966 6408
176 392 287 453 ’721
1401 394 1990 455 DEFLORATIONES
2028 398 2104 453 SS
2116 440 2130 454 .
2173 396 2478 455 PATRUM.
3490 401 3597 459 722

782 860 1274 1009 LIBRI
1418 855 3098 1010 DELFLORATIONUM

1180 1319 1488 1431 SIVE
1602 1318 2681 1434 EXCERPTIONUM

183 1589 295 1654 Ex
331 1589 749 1654 melliﬂua
782 1587 1222 1670 diversorum
1252 1589 1534 1670 Patrum
1564 1589 1922 1670 signanter
1952 1591 2343 1669 Augustini.
2376 1590 2808 1670 Hieronymi,
2843 1588 3211 1663 Ambrosii,
3240 1589 3579 1669 Gregorii,

398 1670 730 1745 Hilarii,
766 1669 1270 1752 Chrysostomi,
1309 1669 1608 1752 Maximi,
1644 1669 2357 1752 Origenis,7Remigii.
2393 1669 2807 1752 Cassiodori,
2844 1670 3064 1745 Bedae,
3106 1671 3383 1734 Alcuini

1052 1750 1480 1831 aliorumque
1511 1750 1871 1815 doctorum
1901 1750 2441 1817 orthodoxorum
2475 1750 2806 1826 doctrina,

1854 2030 2032 2071 SUPER

281 2274 1106 2382 EVANGELIA
1184 2277 1353 2381 DE
1431 2277 2024 2383 TEMPORE
2099 2281 2339 2387 PER
2417 2278 2714 2385 ANNI
2790 2277 3461 2407 CIRCULUM,

1464 2549 1595 2613 Per
1626 2549 2078 2616 reverendum
2114 2550 2389 2616 Patrem

661 2770 1720 2913 DOMINUM
1829 2772 3135 2914 WERNEBUM

619 3068 884 3111 ABBA'I'III
922 3068 1265 3111 κοΝΑετιηιι
1305 3071 1359 3110 S.
1408 3067 1585 3112 BLASII
1622 3069 1909 3111 ωιτηιε
1949 3070 2020 3109 ΒΤ
2064 3070 2364 3110 PONTlFlClS
2404 3070 2462 3111 IN
2500 3071 2673 3111 NIGBA
2717 3070 2897 3123 SILVA,
2940 3058 3169 3113 OkblNlS

1262 3275 1319 3313 S.
1368 3273 1686 3327 BENEDIC‘I‘I,
1728 3273 2200 3314 CONSTANTIENSIS
2240 3272 2541 3329 υιοιερεειε,

1564 3489 2261 3557 CONSCRIPTARUM

684 3784 769 3849 In
814 3800 1147 3848 sermones
1176 3783 1546 3866 postillares
1572 3784 2012 3865 subsequentcs
2039 3786 2577 3866 syntagmatizati
2604 3788 2733 3849 sive
2758 3786 3128 3867 compositi.

272 4321 568 4395 (Titulum
632 4333 801 4390 supra
846 4330 1100 4373 recusum
1149 4334 1211 4374 ex
1270 4318 1505 4375 editione
1564 4318 1860 4375 Basileensi
1888 4319 2015 4375 anni
2058 4321 2213 4388 1494,
2255 4320 2398 4392 typis
2444 4319 2690 4376 Gothicis
2727 4315 2941 4374 duabus
2979 4314 3245 4372 columnis
3289 4312 3556 4385 impressa

193 4414 273 4470 ad
308 4412 582 4468 verbum
631 4406 1057 4477 exscripsimus.
1094 4408 1327 4463 Litteras
1374 4409 1607 4463 initiales
1648 4408 1816 4464 minio
1872 4408 2135 4479 eﬁigiatas
2166 4410 2419 4477 exhibet;
2453 4410 2648 4464 desunt
2694 4408 3024 4479 paginarum
3070 4402 3378 4463 numerales
3410 4405 3556 4457 nota»

192 4500 511 4557 Volumen
540 4502 635 4552 est
665 4495 722 4549 in
749 4495 880 4550 tolio
909 4495 1139 4561 minori;
1169 4497 1381 4551 duabus
1427 4498 1671 4569 partibus
1718 4506 1931 4552 constat
1981 4498 2031 4552 in
2078 4514 2236 4553 unam
2267 4499 2587 4570 compactis,
2620 4513 2741 4569 quae
2769 4505 2955 4551 tamen
3003 4494 3238 4549 seorsim
3266 4492 3447 4547 lucem
3478 4493 3557 4547 vi-

190 4599 454 4653 derant-
515 4592 783 4648 \Vernari
828 4608 1113 4649 sermones
1157 4595 1360 4650 claudit
1397 4595 1584 4652 nolula
1622 4596 1973 4667 typographi,
2022 4609 2318 4666 suppresso
2361 4603 2542 4650 tamen
2579 4593 2753 4664 ipsius
2794 4591 3059 4647 nomine:
3100 4587 3385 4660 «Explicit
3412 4585 3554 4641 liber

192 4682 685 4741 Deﬂorationum
716 4680 959 4747 Patrum,
1011 4682 1237 4739 Basileae
1266 4684 1564 4755 impressus
1592 4700 1739 4740 anno
1768 4685 1984 4740 Domini
2027 4686 2165 4738 1494
2236 4708 2257 4732 η
2296 4685 2430 4739 Pars
2457 4683 2604 4754 prior
2635 4696 2947 4738 sermonum
2976 4677 3359 4735 collectionem
3388 4690 3548 4731 com-

191 4774 517 4845 plectitur,
549 4768 944 4838 cujusinitium
975 4770 1081 4827 tale
1107 4779 1224 4826 est:
1265 4794 1285 4817 «ι
1324 4772 1592 4842 Incipiunt
1620 4789 1904 4828 sermones
1963 4772 2232 4829 notabiles
2288 4772 2466 4841 valde,
2500 4779 2555 4827 et
2584 4771 2810 4826 multum
2851 4767 3134 4831 formales,
3176 4763 3360 4820 fratris
3388 4762 3549 4819 Socci

194 4861 451 4919 ordinis
480 4855 886 4923 Cisterciensis,
918 4858 987 4913 de
1016 4860 1239 4925 sanctis,
1273 4860 1351 4915 sic
1382 4861 1677 4931 nuncupati
1708 4878 1831 4916 cum
1862 4862 1930 4916 de
1958 4879 2143 4927 succo,
2168 4861 2224 4917 id
2253 4870 2338 4917 est
2366 4862 2434 4917 de
2463 4859 2704 4916 medulla
2733 4873 2902 4915 sacrae
2924 4856 3140 4928 pagina:
3166 4853 3306 4924 stylo
3335 4851 3551 4907 subele-

194 4950 367 5022 ειυῑί
405 4944 859 5018 exquisitissime
890 4946 998 5000 sint
1051 4947 1287 5004 collecti.
1325 4972 1347 4996 »
1382 4948 1607 5017 Legitur
1653 4951 1717 5004 ad
1777 4949 1986 5006 calcem
2022 4971 2033 5005 :
2073 4974 2095 5000 α
2132 4952 2426 5007 Sermones
2456 4950 2526 5005 de
2554 4948 2755 5004 sanctis
2783 4944 3022 5002 ﬂosculis
3046 4939 3552 4998 melliﬂuidoctoris

198 5048 407 5105 sancti
448 5042 720 5099 Bel-nardi
749 5059 865 5114 pra:
890 5045 1103 5100 caeteris
1135 5054 1409 5118 utcunque
1439 5047 1708 5112 exornati,
1769 5063 1802 5102 a
1857 5052 2045 5119 sagaci
2076 5050 2196 5105 viro
2244 5049 2484 5106 Johanni
2533 5049 2658 5118 (sic)
2694 5047 2763 5102 de
2794 5044 3120 5114 Grﬁningen
3150 5040 3204 5095 in
3235 5037 3433 5108 inclyta
3464 5037 3553 5091 Ar

200 5133 552 5209 gentinensi
574 5132 801 5188 civitate
822 5131 1113 5206 diligenter
1141 5133 1422 5202 elaborati,
1457 5149 1600 5190 anno
1630 5150 1662 5190 a
1691 5136 1891 5192 Christi
1921 5138 2195 5195 nativitate
2218 5139 2372 5205 ttat,
2408 5137 2536 5193 Idus
2580 5136 2786 5191 mensis
2835 5132 3060 5206 Aprilis,
3102 5126 3395 5203 explicinnt
3421 5124 3547 5183 feli-

202 5227 357 5284 citer
370 5266 387 5278 .
443 5226 493 5292 ι)
