  <div class='ocr_page' id='page_1' title='image "/cluster/home/n/w/nwhite01/storage/ocr_20150623/156-157/uc1.31175010662024/1006.png"; bbox 0 0 3966 6390; ppageno 0'>
   <div class='ocr_carea' id='block_1_1' title="bbox 257 354 356 418">
    <p class='ocr_par' dir='ltr' id='par_1_1' title="bbox 257 354 356 418">
     <span class='ocr_line' id='line_1_1' title="bbox 257 354 356 418; baseline -0.02 0"><span class='ocrx_word' id='word_1_1' title='bbox 257 354 356 418; x_wconf 68' lang='grc' dir='ltr'><strong>δῖὶο</strong></span> 
     </span>
    </p>
   </div>
   <div class='ocr_carea' id='block_1_2' title="bbox 1216 348 2645 422">
    <p class='ocr_par' dir='ltr' id='par_1_2' title="bbox 1216 348 2645 422">
     <span class='ocr_line' id='line_1_2' title="bbox 1216 348 2645 422; baseline 0.001 -4"><span class='ocrx_word' id='word_1_2' title='bbox 1216 348 1800 420; x_wconf 70' lang='lat' dir='ltr'><strong>DEFLORATIONES</strong></span> <span class='ocrx_word' id='word_1_3' title='bbox 1838 364 1941 420; x_wconf 91' lang='lat' dir='ltr'><strong>ss.</strong></span> <span class='ocrx_word' id='word_1_4' title='bbox 1991 352 2292 422; x_wconf 78' lang='lat' dir='ltr'><strong>PATRUM.</strong></span> <span class='ocrx_word' id='word_1_5' title='bbox 2325 395 2392 406; x_wconf 88' lang='lat'><em>—</em></span> <span class='ocrx_word' id='word_1_6' title='bbox 2425 366 2555 422; x_wconf 87' lang='lat' dir='ltr'><strong>LIB.</strong></span> <span class='ocrx_word' id='word_1_7' title='bbox 2598 355 2645 420; x_wconf 85' lang='lat' dir='ltr'><strong>t.</strong></span> 
     </span>
    </p>
   </div>
   <div class='ocr_carea' id='block_1_3' title="bbox 3472 369 3573 423">
    <p class='ocr_par' dir='ltr' id='par_1_3' title="bbox 3472 369 3573 423">
     <span class='ocr_line' id='line_1_3' title="bbox 3472 369 3573 423; baseline -0.02 0"><span class='ocrx_word' id='word_1_8' title='bbox 3472 369 3573 423; x_wconf 84' lang='lat'><strong>730</strong></span> 
     </span>
    </p>
   </div>
   <div class='ocr_carea' id='block_1_4' title="bbox 266 487 3583 562">
    <p class='ocr_par' dir='ltr' id='par_1_4' title="bbox 266 487 3583 562">
     <span class='ocr_line' id='line_1_4' title="bbox 266 487 3583 562; baseline 0.001 -18"><span class='ocrx_word' id='word_1_9' title='bbox 266 487 568 558; x_wconf 81' lang='lat' dir='ltr'><strong>Quomodo</strong></span> <span class='ocrx_word' id='word_1_10' title='bbox 600 489 785 547; x_wconf 82' lang='lat' dir='ltr'><strong>Filius</strong></span> <span class='ocrx_word' id='word_1_11' title='bbox 816 504 846 544; x_wconf 89' lang='lat' dir='ltr'><strong>a</strong></span> <span class='ocrx_word' id='word_1_12' title='bbox 877 490 1034 544; x_wconf 90' lang='lat' dir='ltr'><strong>Patre</strong></span> <span class='ocrx_word' id='word_1_13' title='bbox 1064 487 1279 562; x_wconf 75' lang='lat' dir='ltr'><strong>genitus</strong></span> <span class='ocrx_word' id='word_1_14' title='bbox 1309 488 1398 555; x_wconf 90' lang='lat' dir='ltr'><strong>sit,</strong></span> <span class='ocrx_word' id='word_1_15' title='bbox 1433 488 1768 561; x_wconf 88' lang='lat' dir='ltr'><strong>impossibile</strong></span> <span class='ocrx_word' id='word_1_16' title='bbox 1797 496 1877 543; x_wconf 87' lang='lat' dir='ltr'><strong>est</strong></span> <span class='ocrx_word' id='word_1_17' title='bbox 1907 490 1960 550; x_wconf 87' lang='lat' dir='ltr'><strong>A</strong></span> <span class='ocrx_word' id='word_1_18' title='bbox 1990 491 2162 546; x_wconf 91' lang='lat' dir='ltr'><strong>Deum</strong></span> <span class='ocrx_word' id='word_1_19' title='bbox 2195 507 2386 546; x_wconf 86' lang='lat' dir='ltr'><strong>verum</strong></span> <span class='ocrx_word' id='word_1_20' title='bbox 2416 501 2600 547; x_wconf 87' lang='lat' dir='ltr'><strong>natum</strong></span> <span class='ocrx_word' id='word_1_21' title='bbox 2630 491 2700 546; x_wconf 90' lang='lat' dir='ltr'><strong>de</strong></span> <span class='ocrx_word' id='word_1_22' title='bbox 2737 491 2854 547; x_wconf 90' lang='lat' dir='ltr'><strong>Deo</strong></span> <span class='ocrx_word' id='word_1_23' title='bbox 2904 493 3084 558; x_wconf 89' lang='lat' dir='ltr'><strong>Patre,</strong></span> <span class='ocrx_word' id='word_1_24' title='bbox 3107 498 3159 546; x_wconf 90' lang='lat' dir='ltr'><strong>et</strong></span> <span class='ocrx_word' id='word_1_25' title='bbox 3186 507 3371 546; x_wconf 88' lang='lat' dir='ltr'><strong>verum</strong></span> <span class='ocrx_word' id='word_1_26' title='bbox 3402 493 3583 548; x_wconf 89' lang='lat' dir='ltr'><strong>homi-</strong></span> 
     </span>
    </p>
   </div>
   <div class='ocr_carea' id='block_1_5' title="bbox 272 577 1880 650">
    <p class='ocr_par' dir='ltr' id='par_1_5' title="bbox 272 577 1880 650">
     <span class='ocr_line' id='line_1_5' title="bbox 272 577 1880 650; baseline -0.002 -16"><span class='ocrx_word' id='word_1_27' title='bbox 272 579 416 636; x_wconf 86' lang='lat' dir='ltr'><strong>scire</strong></span> <span class='ocrx_word' id='word_1_28' title='bbox 463 598 477 635; x_wconf 91' lang='lat'>:</span> <span class='ocrx_word' id='word_1_29' title='bbox 536 596 710 636; x_wconf 88' lang='lat' dir='ltr'><strong>mens</strong></span> <span class='ocrx_word' id='word_1_30' title='bbox 763 577 970 646; x_wconf 88' lang='lat' dir='ltr'><strong>deﬁcit,</strong></span> <span class='ocrx_word' id='word_1_31' title='bbox 1022 577 1206 650; x_wconf 79' lang='lat' dir='ltr'><strong>lingua</strong></span> <span class='ocrx_word' id='word_1_32' title='bbox 1249 577 1390 644; x_wconf 92' lang='lat' dir='ltr'><strong>silet,</strong></span> <span class='ocrx_word' id='word_1_33' title='bbox 1437 593 1541 633; x_wconf 87' lang='lat' dir='ltr'><strong>non</strong></span> <span class='ocrx_word' id='word_1_34' title='bbox 1603 577 1880 633; x_wconf 85' lang='lat' dir='ltr'><strong>hominum</strong></span> 
     </span>
    </p>
   </div>
   <div class='ocr_carea' id='block_1_6' title="bbox 279 666 1884 739">
    <p class='ocr_par' dir='ltr' id='par_1_6' title="bbox 279 666 1884 739">
     <span class='ocr_line' id='line_1_6' title="bbox 279 666 1884 739; baseline -0.002 -15"><span class='ocrx_word' id='word_1_35' title='bbox 279 677 512 735; x_wconf 86' lang='lat' dir='ltr'><strong>tantum,</strong></span> <span class='ocrx_word' id='word_1_36' title='bbox 561 670 667 726; x_wconf 88' lang='lat' dir='ltr'><strong>sed</strong></span> <span class='ocrx_word' id='word_1_37' title='bbox 726 675 782 724; x_wconf 87' lang='lat' dir='ltr'><strong>et.</strong></span> <span class='ocrx_word' id='word_1_38' title='bbox 837 666 1182 739; x_wconf 74' lang='lat' dir='ltr'><strong>angelorum,</strong></span> <span class='ocrx_word' id='word_1_39' title='bbox 1229 682 1388 738; x_wconf 81' lang='lat' dir='ltr'><strong>supra</strong></span> <span class='ocrx_word' id='word_1_40' title='bbox 1432 666 1684 738; x_wconf 79' lang='lat' dir='ltr'><strong>angelos,</strong></span> <span class='ocrx_word' id='word_1_41' title='bbox 1717 681 1884 737; x_wconf 92' lang='lat' dir='ltr'><strong>supra</strong></span> 
     </span>
    </p>
   </div>
   <div class='ocr_carea' id='block_1_7' title="bbox 282 755 1881 828">
    <p class='ocr_par' dir='ltr' id='par_1_7' title="bbox 282 755 1881 828">
     <span class='ocr_line' id='line_1_7' title="bbox 282 755 1881 828; baseline -0.005 -12"><span class='ocrx_word' id='word_1_42' title='bbox 282 758 590 826; x_wconf 76' lang='lat' dir='ltr'><strong>cherubim,</strong></span> <span class='ocrx_word' id='word_1_43' title='bbox 632 773 798 828; x_wconf 82' lang='lat' dir='ltr'><strong>supra</strong></span> <span class='ocrx_word' id='word_1_44' title='bbox 828 755 1128 826; x_wconf 89' lang='lat' dir='ltr'><strong>seraphim,</strong></span> <span class='ocrx_word' id='word_1_45' title='bbox 1159 771 1326 826; x_wconf 83' lang='lat' dir='ltr'><strong>supra</strong></span> <span class='ocrx_word' id='word_1_46' title='bbox 1383 771 1602 810; x_wconf 91' lang='lat' dir='ltr'><strong>omnem</strong></span> <span class='ocrx_word' id='word_1_47' title='bbox 1663 772 1881 810; x_wconf 89' lang='lat' dir='ltr'><strong>sensum</strong></span> 
     </span>
    </p>
   </div>
   <div class='ocr_carea' id='block_1_8' title="bbox 284 843 1872 916">
    <p class='ocr_par' dir='ltr' id='par_1_8' title="bbox 284 843 1872 916">
     <span class='ocr_line' id='line_1_8' title="bbox 284 843 1872 916; baseline -0.004 -13"><span class='ocrx_word' id='word_1_48' title='bbox 284 855 383 903; x_wconf 79' lang='lat' dir='ltr'><strong>est.</strong></span> <span class='ocrx_word' id='word_1_49' title='bbox 415 847 660 903; x_wconf 82' lang='lat' dir='ltr'><strong>Credere</strong></span> <span class='ocrx_word' id='word_1_50' title='bbox 687 845 968 916; x_wconf 88' lang='lat' dir='ltr'><strong>jubemur,</strong></span> <span class='ocrx_word' id='word_1_51' title='bbox 1005 860 1113 900; x_wconf 91' lang='lat' dir='ltr'><strong>non</strong></span> <span class='ocrx_word' id='word_1_52' title='bbox 1164 844 1434 899; x_wconf 81' lang='lat' dir='ltr'><strong>discutere</strong></span> <span class='ocrx_word' id='word_1_53' title='bbox 1490 843 1872 914; x_wconf 87' lang='lat' dir='ltr'><strong>permittimur.</strong></span> 
     </span>
    </p>
   </div>
   <div class='ocr_carea' id='block_1_9' title="bbox 286 931 1882 1008">
    <p class='ocr_par' dir='ltr' id='par_1_9' title="bbox 286 931 1882 1008">
     <span class='ocr_line' id='line_1_9' title="bbox 286 931 1882 1008; baseline -0.002 -17"><span class='ocrx_word' id='word_1_54' title='bbox 286 935 452 991; x_wconf 71' lang='lat' dir='ltr'><strong>Aufer</strong></span> <span class='ocrx_word' id='word_1_55' title='bbox 483 942 813 1008; x_wconf 80' lang='lat' dir='ltr'><strong>argumenta</strong></span> <span class='ocrx_word' id='word_1_56' title='bbox 843 932 932 988; x_wconf 91' lang='lat' dir='ltr'><strong>ubi</strong></span> <span class='ocrx_word' id='word_1_57' title='bbox 955 931 1090 988; x_wconf 89' lang='lat' dir='ltr'><strong>ﬁdes</strong></span> <span class='ocrx_word' id='word_1_58' title='bbox 1107 933 1380 1004; x_wconf 70' lang='lat' dir='ltr'><strong>quaeritur.</strong></span> <span class='ocrx_word' id='word_1_59' title='bbox 1403 932 1688 988; x_wconf 86' lang='lat' dir='ltr'><strong>Credimus</strong></span> <span class='ocrx_word' id='word_1_60' title='bbox 1714 949 1882 988; x_wconf 89' lang='lat' dir='ltr'><strong>unum</strong></span> 
     </span>
    </p>
   </div>
   <div class='ocr_carea' id='block_1_10' title="bbox 289 1021 1883 1092">
    <p class='ocr_par' dir='ltr' id='par_1_10' title="bbox 289 1021 1883 1092">
     <span class='ocr_line' id='line_1_10' title="bbox 289 1021 1883 1092; baseline -0.003 -12"><span class='ocrx_word' id='word_1_61' title='bbox 289 1023 484 1092; x_wconf 90' lang='lat' dir='ltr'><strong>Deum,</strong></span> <span class='ocrx_word' id='word_1_62' title='bbox 521 1026 737 1080; x_wconf 88' lang='lat' dir='ltr'><strong>Patrem</strong></span> <span class='ocrx_word' id='word_1_63' title='bbox 769 1030 821 1078; x_wconf 89' lang='lat' dir='ltr'><strong>et</strong></span> <span class='ocrx_word' id='word_1_64' title='bbox 852 1021 1044 1076; x_wconf 83' lang='lat' dir='ltr'><strong>Filium</strong></span> <span class='ocrx_word' id='word_1_65' title='bbox 1074 1029 1127 1076; x_wconf 91' lang='lat' dir='ltr'><strong>et</strong></span> <span class='ocrx_word' id='word_1_66' title='bbox 1160 1021 1416 1092; x_wconf 73' lang='lat' dir='ltr'><strong>Spiritum</strong></span> <span class='ocrx_word' id='word_1_67' title='bbox 1449 1029 1697 1076; x_wconf 88' lang='lat' dir='ltr'><strong>sanctum</strong></span> <span class='ocrx_word' id='word_1_68' title='bbox 1727 1039 1739 1074; x_wconf 93' lang='lat'><strong>:</strong></span> <span class='ocrx_word' id='word_1_69' title='bbox 1774 1024 1883 1076; x_wconf 88' lang='lat' dir='ltr'><strong>Pa-</strong></span> 
     </span>
    </p>
   </div>
   <div class='ocr_carea' id='block_1_11' title="bbox 285 1109 1881 1184">
    <p class='ocr_par' dir='ltr' id='par_1_11' title="bbox 285 1109 1881 1184">
     <span class='ocr_line' id='line_1_11' title="bbox 285 1109 1881 1184; baseline -0.003 -15"><span class='ocrx_word' id='word_1_70' title='bbox 285 1122 428 1170; x_wconf 88' lang='lat' dir='ltr'><strong>trem</strong></span> <span class='ocrx_word' id='word_1_71' title='bbox 456 1128 524 1169; x_wconf 90' lang='lat' dir='ltr'><strong>eo</strong></span> <span class='ocrx_word' id='word_1_72' title='bbox 582 1113 727 1184; x_wconf 83' lang='lat' dir='ltr'><strong>quod</strong></span> <span class='ocrx_word' id='word_1_73' title='bbox 779 1111 973 1167; x_wconf 84' lang='lat' dir='ltr'><strong>habeat</strong></span> <span class='ocrx_word' id='word_1_74' title='bbox 998 1109 1212 1175; x_wconf 89' lang='lat' dir='ltr'><strong>Filium,</strong></span> <span class='ocrx_word' id='word_1_75' title='bbox 1255 1109 1446 1164; x_wconf 87' lang='lat' dir='ltr'><strong>Filium</strong></span> <span class='ocrx_word' id='word_1_76' title='bbox 1477 1125 1542 1165; x_wconf 91' lang='lat' dir='ltr'><strong>eo</strong></span> <span class='ocrx_word' id='word_1_77' title='bbox 1598 1109 1743 1181; x_wconf 88' lang='lat' dir='ltr'><strong>quod</strong></span> <span class='ocrx_word' id='word_1_78' title='bbox 1776 1110 1881 1164; x_wconf 93' lang='lat' dir='ltr'><strong>Pa-</strong></span> 
     </span>
    </p>
   </div>
   <div class='ocr_carea' id='block_1_12' title="bbox 281 1197 1883 1272">
    <p class='ocr_par' dir='ltr' id='par_1_12' title="bbox 281 1197 1883 1272">
     <span class='ocr_line' id='line_1_12' title="bbox 281 1197 1883 1272; baseline -0.003 -15"><span class='ocrx_word' id='word_1_79' title='bbox 281 1211 448 1268; x_wconf 87' lang='lat' dir='ltr'><strong>trem,</strong></span> <span class='ocrx_word' id='word_1_80' title='bbox 485 1201 747 1272; x_wconf 86' lang='lat' dir='ltr'><strong>Spiritum</strong></span> <span class='ocrx_word' id='word_1_81' title='bbox 793 1214 857 1255; x_wconf 91' lang='lat' dir='ltr'><strong>eo</strong></span> <span class='ocrx_word' id='word_1_82' title='bbox 886 1198 1030 1270; x_wconf 87' lang='lat' dir='ltr'><strong>quod</strong></span> <span class='ocrx_word' id='word_1_83' title='bbox 1063 1198 1120 1252; x_wconf 89' lang='lat' dir='ltr'><strong>ﬁt</strong></span> <span class='ocrx_word' id='word_1_84' title='bbox 1150 1215 1213 1252; x_wconf 87' lang='lat' dir='ltr'><strong>ex</strong></span> <span class='ocrx_word' id='word_1_85' title='bbox 1246 1199 1402 1253; x_wconf 85' lang='lat' dir='ltr'><strong>Patre</strong></span> <span class='ocrx_word' id='word_1_86' title='bbox 1441 1205 1495 1252; x_wconf 91' lang='lat' dir='ltr'><strong>et</strong></span> <span class='ocrx_word' id='word_1_87' title='bbox 1536 1197 1687 1252; x_wconf 79' lang='lat' dir='ltr'><strong>Filio.</strong></span> <span class='ocrx_word' id='word_1_88' title='bbox 1726 1199 1883 1253; x_wconf 89' lang='lat' dir='ltr'><strong>Pater</strong></span> 
     </span>
    </p>
   </div>
   <div class='ocr_carea' id='block_1_13' title="bbox 292 1286 1882 1362">
    <p class='ocr_par' dir='ltr' id='par_1_13' title="bbox 292 1286 1882 1362">
     <span class='ocr_line' id='line_1_13' title="bbox 292 1286 1882 1362; baseline -0.003 -17"><span class='ocrx_word' id='word_1_89' title='bbox 292 1306 433 1362; x_wconf 81' lang='lat' dir='ltr'><strong>ergo</strong></span> <span class='ocrx_word' id='word_1_90' title='bbox 453 1288 782 1361; x_wconf 83' lang='lat' dir='ltr'><strong>principium</strong></span> <span class='ocrx_word' id='word_1_91' title='bbox 803 1287 1042 1355; x_wconf 87' lang='lat' dir='ltr'><strong>deitatis,</strong></span> <span class='ocrx_word' id='word_1_92' title='bbox 1064 1287 1153 1359; x_wconf 87' lang='lat' dir='ltr'><strong>qui</strong></span> <span class='ocrx_word' id='word_1_93' title='bbox 1177 1287 1314 1343; x_wconf 85' lang='lat' dir='ltr'><strong>sicut</strong></span> <span class='ocrx_word' id='word_1_94' title='bbox 1333 1301 1612 1358; x_wconf 88' lang='lat' dir='ltr'><strong>nunquam</strong></span> <span class='ocrx_word' id='word_1_95' title='bbox 1649 1286 1745 1340; x_wconf 86' lang='lat' dir='ltr'><strong>t&#39;nit</strong></span> <span class='ocrx_word' id='word_1_96' title='bbox 1776 1303 1882 1341; x_wconf 93' lang='lat' dir='ltr'><strong>non</strong></span> 
     </span>
    </p>
   </div>
   <div class='ocr_carea' id='block_1_14' title="bbox 277 1373 1883 1450">
    <p class='ocr_par' dir='ltr' id='par_1_14' title="bbox 277 1373 1883 1450">
     <span class='ocr_line' id='line_1_14' title="bbox 277 1373 1883 1450; baseline -0.004 -15"><span class='ocrx_word' id='word_1_97' title='bbox 277 1381 454 1448; x_wconf 88' lang='lat' dir='ltr'><strong>Deus,</strong></span> <span class='ocrx_word' id='word_1_98' title='bbox 502 1378 576 1433; x_wconf 87' lang='lat' dir='ltr'><strong>ita</strong></span> <span class='ocrx_word' id='word_1_99' title='bbox 624 1391 906 1450; x_wconf 84' lang='lat' dir='ltr'><strong>nunquam</strong></span> <span class='ocrx_word' id='word_1_100' title='bbox 941 1390 1054 1431; x_wconf 87' lang='lat' dir='ltr'><strong>non</strong></span> <span class='ocrx_word' id='word_1_101' title='bbox 1114 1373 1212 1430; x_wconf 83' lang='lat' dir='ltr'><strong>fuit</strong></span> <span class='ocrx_word' id='word_1_102' title='bbox 1252 1391 1362 1430; x_wconf 80' lang='lat' dir='ltr'><strong>non</strong></span> <span class='ocrx_word' id='word_1_103' title='bbox 1411 1376 1589 1430; x_wconf 85' lang='lat' dir='ltr'><strong>Pater.</strong></span> <span class='ocrx_word' id='word_1_104' title='bbox 1644 1377 1696 1429; x_wconf 82' lang='lat' dir='ltr'><strong>A</strong></span> <span class='ocrx_word' id='word_1_105' title='bbox 1730 1377 1883 1429; x_wconf 89' lang='lat' dir='ltr'><strong>Patre</strong></span> 
     </span>
    </p>
   </div>
   <div class='ocr_carea' id='block_1_15' title="bbox 291 1463 1879 1534">
    <p class='ocr_par' dir='ltr' id='par_1_15' title="bbox 291 1463 1879 1534">
     <span class='ocr_line' id='line_1_15' title="bbox 291 1463 1879 1534; baseline -0.003 -11"><span class='ocrx_word' id='word_1_106' title='bbox 291 1467 465 1523; x_wconf 79' lang='lat' dir='ltr'><strong>Filius</strong></span> <span class='ocrx_word' id='word_1_107' title='bbox 494 1473 674 1531; x_wconf 89' lang='lat' dir='ltr'><strong>natus,</strong></span> <span class='ocrx_word' id='word_1_108' title='bbox 707 1467 778 1520; x_wconf 85' lang='lat' dir='ltr'><strong>ab</strong></span> <span class='ocrx_word' id='word_1_109' title='bbox 811 1479 877 1520; x_wconf 90' lang='lat' dir='ltr'><strong>eo</strong></span> <span class='ocrx_word' id='word_1_110' title='bbox 907 1479 1036 1519; x_wconf 88' lang='lat' dir='ltr'><strong>vero</strong></span> <span class='ocrx_word' id='word_1_111' title='bbox 1066 1471 1119 1517; x_wconf 84' lang='lat' dir='ltr'><strong>et</strong></span> <span class='ocrx_word' id='word_1_112' title='bbox 1148 1479 1180 1518; x_wconf 88' lang='lat' dir='ltr'><strong>a</strong></span> <span class='ocrx_word' id='word_1_113' title='bbox 1211 1463 1344 1518; x_wconf 83' lang='lat' dir='ltr'><strong>Filio</strong></span> <span class='ocrx_word' id='word_1_114' title='bbox 1359 1464 1601 1534; x_wconf 88' lang='lat' dir='ltr'><strong>procedit</strong></span> <span class='ocrx_word' id='word_1_115' title='bbox 1628 1463 1879 1534; x_wconf 87' lang='lat' dir='ltr'><strong>Spiritus.</strong></span> 
     </span>
    </p>
   </div>
   <div class='ocr_carea' id='block_1_16' title="bbox 285 1552 1881 1625">
    <p class='ocr_par' dir='ltr' id='par_1_16' title="bbox 285 1552 1881 1625">
     <span class='ocr_line' id='line_1_16' title="bbox 285 1552 1881 1625; baseline -0.002 -14"><span class='ocrx_word' id='word_1_116' title='bbox 285 1559 446 1611; x_wconf 85' lang='lat' dir='ltr'><strong>Pater</strong></span> <span class='ocrx_word' id='word_1_117' title='bbox 471 1564 710 1610; x_wconf 61' lang='lat' dir='ltr'><strong>aeternus</strong></span> <span class='ocrx_word' id='word_1_118' title='bbox 739 1569 806 1609; x_wconf 89' lang='lat' dir='ltr'><strong>eo</strong></span> <span class='ocrx_word' id='word_1_119' title='bbox 832 1553 979 1625; x_wconf 91' lang='lat' dir='ltr'><strong>quod</strong></span> <span class='ocrx_word' id='word_1_120' title='bbox 1021 1553 1217 1607; x_wconf 86' lang='lat' dir='ltr'><strong>habeat</strong></span> <span class='ocrx_word' id='word_1_121' title='bbox 1249 1552 1436 1607; x_wconf 83' lang='lat' dir='ltr'><strong>Filium</strong></span> <span class='ocrx_word' id='word_1_122' title='bbox 1463 1562 1748 1618; x_wconf 70' lang='lat' dir='ltr'><strong>aeternum,</strong></span> <span class='ocrx_word' id='word_1_123' title='bbox 1781 1568 1881 1608; x_wconf 89' lang='lat' dir='ltr'><strong>cu-</strong></span> 
     </span>
    </p>
   </div>
   <div class='ocr_carea' id='block_1_17' title="bbox 273 1641 1888 1712">
    <p class='ocr_par' dir='ltr' id='par_1_17' title="bbox 273 1641 1888 1712">
     <span class='ocr_line' id='line_1_17' title="bbox 273 1641 1888 1712; baseline -0.001 -14"><span class='ocrx_word' id='word_1_124' title='bbox 273 1645 373 1712; x_wconf 88' lang='lat' dir='ltr'><strong>jus</strong></span> <span class='ocrx_word' id='word_1_125' title='bbox 430 1651 668 1698; x_wconf 68' lang='lat' dir='ltr'><strong>aeternus</strong></span> <span class='ocrx_word' id='word_1_126' title='bbox 698 1643 767 1697; x_wconf 90' lang='lat' dir='ltr'><strong>sit</strong></span> <span class='ocrx_word' id='word_1_127' title='bbox 818 1643 995 1697; x_wconf 89' lang='lat' dir='ltr'><strong>Pater.</strong></span> <span class='ocrx_word' id='word_1_128' title='bbox 1027 1641 1193 1696; x_wconf 82' lang='lat' dir='ltr'><strong>Filius</strong></span> <span class='ocrx_word' id='word_1_129' title='bbox 1248 1649 1491 1696; x_wconf 67' lang='lat' dir='ltr'><strong>aeternus</strong></span> <span class='ocrx_word' id='word_1_130' title='bbox 1529 1657 1596 1697; x_wconf 90' lang='lat' dir='ltr'><strong>eo</strong></span> <span class='ocrx_word' id='word_1_131' title='bbox 1643 1642 1789 1712; x_wconf 90' lang='lat' dir='ltr'><strong>quod</strong></span> <span class='ocrx_word' id='word_1_132' title='bbox 1819 1641 1888 1696; x_wconf 88' lang='lat' dir='ltr'><strong>sit</strong></span> 
     </span>
    </p>
   </div>
   <div class='ocr_carea' id='block_1_18' title="bbox 286 1730 1886 1802">
    <p class='ocr_par' dir='ltr' id='par_1_18' title="bbox 286 1730 1886 1802">
     <span class='ocr_line' id='line_1_18' title="bbox 286 1730 1886 1802; baseline 0.001 -16"><span class='ocrx_word' id='word_1_133' title='bbox 286 1733 437 1788; x_wconf 78' lang='lat' dir='ltr'><strong>Patri</strong></span> <span class='ocrx_word' id='word_1_134' title='bbox 468 1741 519 1788; x_wconf 87' lang='lat' dir='ltr'><strong>et</strong></span> <span class='ocrx_word' id='word_1_135' title='bbox 545 1731 763 1802; x_wconf 89' lang='lat' dir='ltr'><strong>Spiritui</strong></span> <span class='ocrx_word' id='word_1_136' title='bbox 793 1739 982 1788; x_wconf 86' lang='lat' dir='ltr'><strong>sancto</strong></span> <span class='ocrx_word' id='word_1_137' title='bbox 1011 1737 1356 1786; x_wconf 81' lang='lat' dir='ltr'><strong>coaeternus.</strong></span> <span class='ocrx_word' id='word_1_138' title='bbox 1400 1730 1634 1800; x_wconf 82' lang='lat' dir='ltr'><strong>Spiritus</strong></span> <span class='ocrx_word' id='word_1_139' title='bbox 1663 1739 1886 1787; x_wconf 88' lang='lat' dir='ltr'><strong>sanctus</strong></span> 
     </span>
    </p>
   </div>
   <div class='ocr_carea' id='block_1_19' title="bbox 1990 580 3582 649">
    <p class='ocr_par' dir='ltr' id='par_1_19' title="bbox 1990 580 3582 649">
     <span class='ocr_line' id='line_1_19' title="bbox 1990 580 3582 649; baseline 0.001 -16"><span class='ocrx_word' id='word_1_140' title='bbox 1990 596 2114 634; x_wconf 87' lang='lat' dir='ltr'><strong>nem</strong></span> <span class='ocrx_word' id='word_1_141' title='bbox 2145 589 2330 635; x_wconf 91' lang='lat' dir='ltr'><strong>natum</strong></span> <span class='ocrx_word' id='word_1_142' title='bbox 2393 581 2460 636; x_wconf 91' lang='lat' dir='ltr'><strong>de</strong></span> <span class='ocrx_word' id='word_1_143' title='bbox 2491 581 2708 635; x_wconf 86' lang='lat' dir='ltr'><strong>homine</strong></span> <span class='ocrx_word' id='word_1_144' title='bbox 2739 590 2955 636; x_wconf 89' lang='lat' dir='ltr'><strong>matre:</strong></span> <span class='ocrx_word' id='word_1_145' title='bbox 2991 598 3094 636; x_wconf 88' lang='lat' dir='ltr'><strong>nec</strong></span> <span class='ocrx_word' id='word_1_146' title='bbox 3123 581 3245 649; x_wconf 83' lang='lat' dir='ltr'><strong>ejus</strong></span> <span class='ocrx_word' id='word_1_147' title='bbox 3273 580 3582 635; x_wconf 88' lang='lat' dir='ltr'><strong>humanita-</strong></span> 
     </span>
    </p>
   </div>
   <div class='ocr_carea' id='block_1_20' title="bbox 1991 669 3581 740">
    <p class='ocr_par' dir='ltr' id='par_1_20' title="bbox 1991 669 3581 740">
     <span class='ocr_line' id='line_1_20' title="bbox 1991 669 3581 740; baseline 0.001 -18"><span class='ocrx_word' id='word_1_148' title='bbox 1991 677 2096 724; x_wconf 91' lang='lat' dir='ltr'><strong>tem</strong></span> <span class='ocrx_word' id='word_1_149' title='bbox 2129 669 2392 725; x_wconf 89' lang='lat' dir='ltr'><strong>minorem</strong></span> <span class='ocrx_word' id='word_1_150' title='bbox 2442 671 2600 725; x_wconf 90' lang='lat' dir='ltr'><strong>Patre</strong></span> <span class='ocrx_word' id='word_1_151' title='bbox 2647 670 2900 726; x_wconf 88' lang='lat' dir='ltr'><strong>minuere</strong></span> <span class='ocrx_word' id='word_1_152' title='bbox 2930 669 3139 740; x_wconf 89' lang='lat' dir='ltr'><strong>aliquid</strong></span> <span class='ocrx_word' id='word_1_153' title='bbox 3169 670 3286 738; x_wconf 91' lang='lat' dir='ltr'><strong>ejus</strong></span> <span class='ocrx_word' id='word_1_154' title='bbox 3315 669 3581 724; x_wconf 81' lang='lat' dir='ltr'><strong>divinitati</strong></span> 
     </span>
    </p>
   </div>
   <div class='ocr_carea' id='block_1_21' title="bbox 1992 756 3585 828">
    <p class='ocr_par' dir='ltr' id='par_1_21' title="bbox 1992 756 3585 828">
     <span class='ocr_line' id='line_1_21' title="bbox 1992 756 3585 828; baseline 0.001 -18"><span class='ocrx_word' id='word_1_155' title='bbox 1992 756 2356 828; x_wconf 60' lang='lat' dir='ltr'><strong>quana‘qualis</strong></span> <span class='ocrx_word' id='word_1_156' title='bbox 2377 765 2457 812; x_wconf 87' lang='lat' dir='ltr'><strong>est</strong></span> <span class='ocrx_word' id='word_1_157' title='bbox 2491 758 2652 812; x_wconf 83' lang='lat' dir='ltr'><strong>Patri.</strong></span> <span class='ocrx_word' id='word_1_158' title='bbox 2673 760 2786 814; x_wconf 91' lang='lat' dir='ltr'><strong>lloc</strong></span> <span class='ocrx_word' id='word_1_159' title='bbox 2807 775 2942 828; x_wconf 77' lang='lat' dir='ltr'><strong>ergo</strong></span> <span class='ocrx_word' id='word_1_160' title='bbox 2966 767 3265 828; x_wconf 87' lang='lat' dir='ltr'><strong>utrumque</strong></span> <span class='ocrx_word' id='word_1_161' title='bbox 3303 773 3442 812; x_wconf 87' lang='lat' dir='ltr'><strong>unus</strong></span> <span class='ocrx_word' id='word_1_162' title='bbox 3500 766 3585 812; x_wconf 90' lang='lat' dir='ltr'><strong>est</strong></span> 
     </span>
    </p>
   </div>
   <div class='ocr_carea' id='block_1_22' title="bbox 1991 845 3586 917">
    <p class='ocr_par' dir='ltr' id='par_1_22' title="bbox 1991 845 3586 917">
     <span class='ocr_line' id='line_1_22' title="bbox 1991 845 3586 917; baseline 0.001 -18"><span class='ocrx_word' id='word_1_163' title='bbox 1991 845 2232 900; x_wconf 85' lang='lat' dir='ltr'><strong>Christus</strong></span> <span class='ocrx_word' id='word_1_164' title='bbox 2287 845 2377 917; x_wconf 83' lang='lat' dir='ltr'><strong>qui</strong></span> <span class='ocrx_word' id='word_1_165' title='bbox 2410 848 2669 901; x_wconf 76' lang='lat' dir='ltr'><strong>secudum</strong></span> <span class='ocrx_word' id='word_1_166' title='bbox 2723 848 2893 901; x_wconf 85' lang='lat' dir='ltr'><strong>Deum</strong></span> <span class='ocrx_word' id='word_1_167' title='bbox 2922 846 3087 901; x_wconf 85' lang='lat' dir='ltr'><strong>dixit:</strong></span> <span class='ocrx_word' id='word_1_168' title='bbox 3131 868 3152 896; x_wconf 73' lang='grc' dir='ltr'>ι</span> <span class='ocrx_word' id='word_1_169' title='bbox 3188 847 3310 917; x_wconf 82' lang='lat' dir='ltr'><strong>Ego</strong></span> <span class='ocrx_word' id='word_1_170' title='bbox 3342 853 3394 900; x_wconf 86' lang='lat' dir='ltr'><strong>et</strong></span> <span class='ocrx_word' id='word_1_171' title='bbox 3425 846 3586 900; x_wconf 87' lang='lat' dir='ltr'><strong>Pater</strong></span> 
     </span>
    </p>
   </div>
   <div class='ocr_carea' id='block_1_23' title="bbox 1989 933 3578 1000">
    <p class='ocr_par' dir='ltr' id='par_1_23' title="bbox 1989 933 3578 1000">
     <span class='ocr_line' id='line_1_23' title="bbox 1989 933 3578 1000; baseline -0.001 -11"><span class='ocrx_word' id='word_1_172' title='bbox 1989 951 2117 989; x_wconf 91' lang='lat' dir='ltr'><strong>uum</strong></span> <span class='ocrx_word' id='word_1_173' title='bbox 2168 951 2356 989; x_wconf 90' lang='lat' dir='ltr'><strong>sumus</strong></span> <span class='ocrx_word' id='word_1_174' title='bbox 2383 936 2574 998; x_wconf 71' lang='lat' dir='ltr'><strong>(&#39;Joan.</strong></span> <span class='ocrx_word' id='word_1_175' title='bbox 2631 936 2713 1000; x_wconf 76' lang='grc' dir='ltr'><strong>χ.)</strong></span> <span class='ocrx_word' id='word_1_176' title='bbox 2747 959 2767 981; x_wconf 77' lang='grc' dir='ltr'><strong><em>η</em></strong></span> <span class='ocrx_word' id='word_1_177' title='bbox 2802 935 2870 988; x_wconf 81' lang='lat' dir='ltr'><strong>Et</strong></span> <span class='ocrx_word' id='word_1_178' title='bbox 2929 935 3229 991; x_wconf 82' lang='lat' dir='ltr'><strong>secundum</strong></span> <span class='ocrx_word' id='word_1_179' title='bbox 3260 933 3533 988; x_wconf 85' lang='lat' dir='ltr'><strong>hominem</strong></span> <span class='ocrx_word' id='word_1_180' title='bbox 3568 954 3578 988; x_wconf 80' lang='grc' dir='ltr'><strong>ε</strong></span> 
     </span>
    </p>
   </div>
   <div class='ocr_carea' id='block_1_24' title="bbox 1996 1023 3582 1093">
    <p class='ocr_par' dir='ltr' id='par_1_24' title="bbox 1996 1023 3582 1093">
     <span class='ocr_line' id='line_1_24' title="bbox 1996 1023 3582 1093; baseline -0.001 -15"><span class='ocrx_word' id='word_1_181' title='bbox 1996 1048 2016 1071; x_wconf 73' lang='grc' dir='ltr'><strong><em>κ</em></strong></span> <span class='ocrx_word' id='word_1_182' title='bbox 2055 1025 2210 1080; x_wconf 89' lang='lat' dir='ltr'><strong>Pater</strong></span> <span class='ocrx_word' id='word_1_183' title='bbox 2261 1024 2432 1092; x_wconf 88' lang='lat' dir='ltr'><strong>major</strong></span> <span class='ocrx_word' id='word_1_184' title='bbox 2463 1039 2548 1078; x_wconf 90' lang='lat' dir='ltr'><strong>me</strong></span> <span class='ocrx_word' id='word_1_185' title='bbox 2576 1027 2659 1078; x_wconf 89' lang='lat' dir='ltr'><strong>est</strong></span> <span class='ocrx_word' id='word_1_186' title='bbox 2717 1026 3062 1093; x_wconf 75' lang='lat' dir='ltr'><strong>(Joa-n.x1v),</strong></span> <span class='ocrx_word' id='word_1_187' title='bbox 3113 1049 3133 1070; x_wconf 73' lang='grc' dir='ltr'><strong>»ι</strong></span> <span class='ocrx_word' id='word_1_188' title='bbox 3170 1039 3234 1077; x_wconf 83' lang='lat' dir='ltr'><strong>ex</strong></span> <span class='ocrx_word' id='word_1_189' title='bbox 3267 1039 3374 1093; x_wconf 84' lang='lat' dir='ltr'><strong>quo</strong></span> <span class='ocrx_word' id='word_1_190' title='bbox 3421 1023 3582 1076; x_wconf 89' lang='lat' dir='ltr'><strong>homo</strong></span> 
     </span>
    </p>
   </div>
   <div class='ocr_carea' id='block_1_25' title="bbox 1991 1110 3582 1183">
    <p class='ocr_par' dir='ltr' id='par_1_25' title="bbox 1991 1110 3582 1183">
     <span class='ocr_line' id='line_1_25' title="bbox 1991 1110 3582 1183; baseline -0.003 -15"><span class='ocrx_word' id='word_1_191' title='bbox 1991 1113 2154 1183; x_wconf 65' lang='lat' dir='ltr'><strong>carpit</strong></span> <span class='ocrx_word' id='word_1_192' title='bbox 2184 1129 2324 1178; x_wconf 87' lang='lat' dir='ltr'><strong>esse,</strong></span> <span class='ocrx_word' id='word_1_193' title='bbox 2375 1127 2484 1166; x_wconf 90' lang='lat' dir='ltr'><strong>non</strong></span> <span class='ocrx_word' id='word_1_194' title='bbox 2510 1112 2653 1166; x_wconf 84' lang='lat' dir='ltr'><strong>aliud</strong></span> <span class='ocrx_word' id='word_1_195' title='bbox 2703 1113 2864 1182; x_wconf 79' lang='lat' dir='ltr'><strong>coepit</strong></span> <span class='ocrx_word' id='word_1_196' title='bbox 2895 1127 3016 1166; x_wconf 81' lang='lat' dir='ltr'><strong>esse</strong></span> <span class='ocrx_word' id='word_1_197' title='bbox 3061 1127 3221 1182; x_wconf 90' lang='lat' dir='ltr'><strong>quam</strong></span> <span class='ocrx_word' id='word_1_198' title='bbox 3255 1110 3353 1164; x_wconf 89' lang='lat' dir='ltr'><strong>Dei</strong></span> <span class='ocrx_word' id='word_1_199' title='bbox 3393 1110 3582 1176; x_wconf 82' lang='lat' dir='ltr'><strong>Filius,</strong></span> 
     </span>
    </p>
   </div>
   <div class='ocr_carea' id='block_1_26' title="bbox 1992 1194 3580 1267">
    <p class='ocr_par' dir='ltr' id='par_1_26' title="bbox 1992 1194 3580 1267">
     <span class='ocr_line' id='line_1_26' title="bbox 1992 1194 3580 1267; baseline -0.001 -17"><span class='ocrx_word' id='word_1_200' title='bbox 1992 1205 2043 1250; x_wconf 91' lang='lat' dir='ltr'><strong>et</strong></span> <span class='ocrx_word' id='word_1_201' title='bbox 2075 1198 2176 1252; x_wconf 91' lang='lat' dir='ltr'><strong>hoc</strong></span> <span class='ocrx_word' id='word_1_202' title='bbox 2214 1196 2544 1267; x_wconf 79' lang='lat' dir='ltr'><strong>unigenitus,</strong></span> <span class='ocrx_word' id='word_1_203' title='bbox 2580 1204 2631 1250; x_wconf 89' lang='lat' dir='ltr'><strong>et</strong></span> <span class='ocrx_word' id='word_1_204' title='bbox 2687 1204 2912 1266; x_wconf 82' lang='lat' dir='ltr'><strong>prOpter</strong></span> <span class='ocrx_word' id='word_1_205' title='bbox 2943 1197 3113 1249; x_wconf 86' lang='lat' dir='ltr'><strong>Deum</strong></span> <span class='ocrx_word' id='word_1_206' title='bbox 3161 1194 3407 1261; x_wconf 87' lang='lat' dir='ltr'><strong>verbum,</strong></span> <span class='ocrx_word' id='word_1_207' title='bbox 3450 1209 3580 1264; x_wconf 89' lang='lat' dir='ltr'><strong>quo,</strong></span> 
     </span>
    </p>
   </div>
   <div class='ocr_carea' id='block_1_27' title="bbox 1994 1282 3582 1354">
    <p class='ocr_par' dir='ltr' id='par_1_27' title="bbox 1994 1282 3582 1354">
     <span class='ocr_line' id='line_1_27' title="bbox 1994 1282 3582 1354; baseline -0.002 -16"><span class='ocrx_word' id='word_1_208' title='bbox 1994 1285 2085 1338; x_wconf 92' lang='lat' dir='ltr'><strong>illo</strong></span> <span class='ocrx_word' id='word_1_209' title='bbox 2125 1293 2397 1354; x_wconf 86' lang='lat' dir='ltr'><strong>suscepto,</strong></span> <span class='ocrx_word' id='word_1_210' title='bbox 2422 1299 2553 1340; x_wconf 86' lang='lat' dir='ltr'><strong>caro</strong></span> <span class='ocrx_word' id='word_1_211' title='bbox 2583 1285 2782 1339; x_wconf 83' lang='lat' dir='ltr'><strong>factum</strong></span> <span class='ocrx_word' id='word_1_212' title='bbox 2807 1295 2884 1338; x_wconf 81' lang='lat' dir='ltr'><strong>est</strong></span> <span class='ocrx_word' id='word_1_213' title='bbox 2929 1285 3113 1344; x_wconf 80' lang='lat' dir='ltr'><strong>(Joan.</strong></span> <span class='ocrx_word' id='word_1_214' title='bbox 3139 1287 3198 1352; x_wconf 83' lang='grc' dir='ltr'><strong>ι),</strong></span> <span class='ocrx_word' id='word_1_215' title='bbox 3229 1291 3281 1336; x_wconf 92' lang='lat' dir='ltr'><strong>ut</strong></span> <span class='ocrx_word' id='word_1_216' title='bbox 3313 1282 3582 1354; x_wconf 88' lang='lat' dir='ltr'><strong>quemad-</strong></span> 
     </span>
    </p>
   </div>
   <div class='ocr_carea' id='block_1_28' title="bbox 1992 1378 3582 1452">
    <p class='ocr_par' dir='ltr' id='par_1_28' title="bbox 1992 1378 3582 1452">
     <span class='ocr_line' id='line_1_28' title="bbox 1992 1378 3582 1452; baseline -0.003 -16"><span class='ocrx_word' id='word_1_217' title='bbox 1992 1382 2212 1436; x_wconf 91' lang='lat' dir='ltr'><strong>modum</strong></span> <span class='ocrx_word' id='word_1_218' title='bbox 2242 1390 2326 1436; x_wconf 90' lang='lat' dir='ltr'><strong>est</strong></span> <span class='ocrx_word' id='word_1_219' title='bbox 2356 1397 2461 1436; x_wconf 90' lang='lat' dir='ltr'><strong>una</strong></span> <span class='ocrx_word' id='word_1_220' title='bbox 2493 1397 2724 1452; x_wconf 84' lang='lat' dir='ltr'><strong>persona</strong></span> <span class='ocrx_word' id='word_1_221' title='bbox 2756 1381 2977 1452; x_wconf 85' lang='lat' dir='ltr'><strong>quilibet</strong></span> <span class='ocrx_word' id='word_1_222' title='bbox 3009 1381 3188 1444; x_wconf 92' lang='lat' dir='ltr'><strong>homo,</strong></span> <span class='ocrx_word' id='word_1_223' title='bbox 3224 1379 3405 1434; x_wconf 85' lang='lat' dir='ltr'><strong>anima</strong></span> <span class='ocrx_word' id='word_1_224' title='bbox 3435 1378 3582 1434; x_wconf 88' lang='lat' dir='ltr'><strong>scili-</strong></span> 
     </span>
    </p>
   </div>
   <div class='ocr_carea' id='block_1_29' title="bbox 1992 1469 3579 1538">
    <p class='ocr_par' dir='ltr' id='par_1_29' title="bbox 1992 1469 3579 1538">
     <span class='ocr_line' id='line_1_29' title="bbox 1992 1469 3579 1538; baseline -0.001 -14"><span class='ocrx_word' id='word_1_225' title='bbox 1992 1480 2079 1526; x_wconf 85' lang='lat' dir='ltr'><strong>cet</strong></span> <span class='ocrx_word' id='word_1_226' title='bbox 2110 1471 2393 1524; x_wconf 85' lang='lat' dir='ltr'><strong>rationalis</strong></span> <span class='ocrx_word' id='word_1_227' title='bbox 2423 1475 2478 1524; x_wconf 93' lang='lat' dir='ltr'><strong>et</strong></span> <span class='ocrx_word' id='word_1_228' title='bbox 2506 1485 2659 1537; x_wconf 89' lang='lat' dir='ltr'><strong>caro,</strong></span> <span class='ocrx_word' id='word_1_229' title='bbox 2685 1470 2756 1523; x_wconf 91' lang='lat' dir='ltr'><strong>ita</strong></span> <span class='ocrx_word' id='word_1_230' title='bbox 2788 1470 2856 1522; x_wconf 90' lang='lat' dir='ltr'><strong>sit</strong></span> <span class='ocrx_word' id='word_1_231' title='bbox 2899 1469 3141 1523; x_wconf 85' lang='lat' dir='ltr'><strong>Christus</strong></span> <span class='ocrx_word' id='word_1_232' title='bbox 3181 1483 3290 1522; x_wconf 90' lang='lat' dir='ltr'><strong>una</strong></span> <span class='ocrx_word' id='word_1_233' title='bbox 3319 1483 3579 1538; x_wconf 83' lang='lat' dir='ltr'><strong>persona,</strong></span> 
     </span>
    </p>
   </div>
   <div class='ocr_carea' id='block_1_30' title="bbox 1996 1563 3587 1629">
    <p class='ocr_par' dir='ltr' id='par_1_30' title="bbox 1996 1563 3587 1629">
     <span class='ocr_line' id='line_1_30' title="bbox 1996 1563 3587 1629; baseline -0.003 -7"><span class='ocrx_word' id='word_1_234' title='bbox 1996 1567 2231 1622; x_wconf 83' lang='lat' dir='ltr'><strong>Verbum</strong></span> <span class='ocrx_word' id='word_1_235' title='bbox 2264 1574 2313 1621; x_wconf 92' lang='lat' dir='ltr'><strong>et</strong></span> <span class='ocrx_word' id='word_1_236' title='bbox 2345 1568 2531 1621; x_wconf 92' lang='lat' dir='ltr'><strong>homo.</strong></span> <span class='ocrx_word' id='word_1_237' title='bbox 2581 1565 2832 1619; x_wconf 85' lang='lat' dir='ltr'><strong>Christus</strong></span> <span class='ocrx_word' id='word_1_238' title='bbox 2860 1565 3019 1618; x_wconf 85' lang='lat' dir='ltr'><strong>Jesus</strong></span> <span class='ocrx_word' id='word_1_239' title='bbox 3055 1563 3150 1618; x_wconf 90' lang='lat' dir='ltr'><strong>Dei</strong></span> <span class='ocrx_word' id='word_1_240' title='bbox 3202 1564 3369 1618; x_wconf 81' lang='lat' dir='ltr'><strong>Filius</strong></span> <span class='ocrx_word' id='word_1_241' title='bbox 3402 1570 3504 1629; x_wconf 88' lang='lat' dir='ltr'><strong>est,</strong></span> <span class='ocrx_word' id='word_1_242' title='bbox 3530 1569 3587 1618; x_wconf 88' lang='lat' dir='ltr'><strong>et</strong></span> 
     </span>
    </p>
   </div>
   <div class='ocr_carea' id='block_1_31' title="bbox 1993 1651 3583 1725">
    <p class='ocr_par' dir='ltr' id='par_1_31' title="bbox 1993 1651 3583 1725">
     <span class='ocr_line' id='line_1_31' title="bbox 1993 1651 3583 1725; baseline -0.003 -15"><span class='ocrx_word' id='word_1_243' title='bbox 1993 1656 2142 1711; x_wconf 90' lang='lat' dir='ltr'><strong>Deus</strong></span> <span class='ocrx_word' id='word_1_244' title='bbox 2171 1664 2223 1710; x_wconf 90' lang='lat' dir='ltr'><strong>et</strong></span> <span class='ocrx_word' id='word_1_245' title='bbox 2289 1656 2498 1711; x_wconf 88' lang='lat' dir='ltr'><strong>homo:</strong></span> <span class='ocrx_word' id='word_1_246' title='bbox 2534 1655 2698 1717; x_wconf 86' lang='lat' dir='ltr'><strong>Deus,</strong></span> <span class='ocrx_word' id='word_1_247' title='bbox 2751 1653 2878 1725; x_wconf 85' lang='lat' dir='ltr'><strong>quia</strong></span> <span class='ocrx_word' id='word_1_248' title='bbox 2925 1653 3026 1708; x_wconf 83' lang='lat' dir='ltr'><strong>Dei</strong></span> <span class='ocrx_word' id='word_1_249' title='bbox 3088 1652 3340 1717; x_wconf 83' lang='lat' dir='ltr'><strong>Verbum,</strong></span> <span class='ocrx_word' id='word_1_250' title='bbox 3399 1651 3583 1717; x_wconf 88' lang='lat' dir='ltr'><strong>homo,</strong></span> 
     </span>
    </p>
   </div>
   <div class='ocr_carea' id='block_1_32' title="bbox 1995 1747 3581 1823">
    <p class='ocr_par' dir='ltr' id='par_1_32' title="bbox 1995 1747 3581 1823">
     <span class='ocr_line' id='line_1_32' title="bbox 1995 1747 3581 1823; baseline -0.003 -17"><span class='ocrx_word' id='word_1_251' title='bbox 1995 1751 2126 1823; x_wconf 86' lang='lat' dir='ltr'><strong>quia</strong></span> <span class='ocrx_word' id='word_1_252' title='bbox 2155 1753 2208 1806; x_wconf 91' lang='lat' dir='ltr'><strong>in</strong></span> <span class='ocrx_word' id='word_1_253' title='bbox 2239 1752 2440 1807; x_wconf 90' lang='lat' dir='ltr'><strong>unitate</strong></span> <span class='ocrx_word' id='word_1_254' title='bbox 2468 1767 2718 1822; x_wconf 75' lang='lat' dir='ltr'><strong>personae</strong></span> <span class='ocrx_word' id='word_1_255' title='bbox 2769 1749 3001 1805; x_wconf 89' lang='lat' dir='ltr'><strong>accessit</strong></span> <span class='ocrx_word' id='word_1_256' title='bbox 3033 1747 3131 1802; x_wconf 87' lang='lat' dir='ltr'><strong>Dei</strong></span> <span class='ocrx_word' id='word_1_257' title='bbox 3164 1748 3364 1813; x_wconf 82' lang='lat' dir='ltr'><strong>Verbo,</strong></span> <span class='ocrx_word' id='word_1_258' title='bbox 3397 1747 3581 1802; x_wconf 87' lang='lat' dir='ltr'><strong>anima</strong></span> 
     </span>
    </p>
   </div>
   <div class='ocr_carea' id='block_1_33' title="bbox 289 1819 1883 1909">
    <p class='ocr_par' dir='ltr' id='par_1_33' title="bbox 289 1819 1883 1890">
     <span class='ocr_line' id='line_1_33' title="bbox 289 1819 1883 1890; baseline -0.002 -13"><span class='ocrx_word' id='word_1_259' title='bbox 289 1829 536 1876; x_wconf 71' lang='lat' dir='ltr'><strong>aeternus</strong></span> <span class='ocrx_word' id='word_1_260' title='bbox 564 1820 790 1886; x_wconf 83' lang='lat' dir='ltr'><strong>dicitur,</strong></span> <span class='ocrx_word' id='word_1_261' title='bbox 821 1835 888 1874; x_wconf 92' lang='lat' dir='ltr'><strong>eo</strong></span> <span class='ocrx_word' id='word_1_262' title='bbox 918 1819 1064 1890; x_wconf 88' lang='lat' dir='ltr'><strong>quod</strong></span> <span class='ocrx_word' id='word_1_263' title='bbox 1107 1819 1247 1874; x_wconf 89' lang='lat' dir='ltr'><strong>Patri</strong></span> <span class='ocrx_word' id='word_1_264' title='bbox 1285 1827 1339 1874; x_wconf 92' lang='lat' dir='ltr'><strong>et</strong></span> <span class='ocrx_word' id='word_1_265' title='bbox 1381 1819 1517 1875; x_wconf 84' lang='lat' dir='ltr'><strong>Filio</strong></span> <span class='ocrx_word' id='word_1_266' title='bbox 1554 1819 1623 1874; x_wconf 89' lang='lat' dir='ltr'><strong>sit</strong></span> <span class='ocrx_word' id='word_1_267' title='bbox 1667 1828 1883 1875; x_wconf 62' lang='lat' dir='ltr'><strong>coarter-</strong></span> 
     </span>
    </p>
   </div>
   <div class='ocr_carea' id='block_1_34' title="bbox 1993 1819 3581 1909">
    <p class='ocr_par' dir='ltr' id='par_1_34' title="bbox 1998 1819 3581 1909">
     <span class='ocr_line' id='line_1_34' title="bbox 1998 1819 3581 1909; baseline -0.003 -14"><span class='ocrx_word' id='word_1_268' title='bbox 1998 1819 2273 1896; x_wconf 77' lang='lat' dir='ltr'><strong>rationalis</strong></span> <span class='ocrx_word' id='word_1_269' title='bbox 2329 1849 2378 1895; x_wconf 85' lang='lat' dir='ltr'><strong>et</strong></span> <span class='ocrx_word' id='word_1_270' title='bbox 2411 1819 2562 1895; x_wconf 19' lang='lat' dir='ltr'><strong>carro.</strong></span> <span class='ocrx_word' id='word_1_271' title='bbox 2621 1839 2687 1893; x_wconf 91' lang='lat' dir='ltr'><strong>Et</strong></span> <span class='ocrx_word' id='word_1_272' title='bbox 2738 1837 2830 1909; x_wconf 90' lang='lat' dir='ltr'><strong>qui</strong></span> <span class='ocrx_word' id='word_1_273' title='bbox 2860 1837 3058 1892; x_wconf 91' lang='lat' dir='ltr'><strong>unicus</strong></span> <span class='ocrx_word' id='word_1_274' title='bbox 3105 1835 3204 1890; x_wconf 88' lang='lat' dir='ltr'><strong>Dei</strong></span> <span class='ocrx_word' id='word_1_275' title='bbox 3258 1836 3422 1890; x_wconf 84' lang='lat' dir='ltr'><strong>Filius</strong></span> <span class='ocrx_word' id='word_1_276' title='bbox 3479 1845 3581 1903; x_wconf 90' lang='lat' dir='ltr'><strong>est,</strong></span> 
     </span>
    </p>
   </div>
   <div class='ocr_carea' id='block_1_35' title="bbox 287 1906 1884 1980">
    <p class='ocr_par' dir='ltr' id='par_1_35' title="bbox 287 1906 1884 1980">
     <span class='ocr_line' id='line_1_35' title="bbox 287 1906 1884 1980; baseline -0.001 -15"><span class='ocrx_word' id='word_1_277' title='bbox 287 1927 420 1972; x_wconf 86' lang='lat' dir='ltr'><strong>nus,</strong></span> <span class='ocrx_word' id='word_1_278' title='bbox 453 1924 562 1965; x_wconf 87' lang='lat' dir='ltr'><strong>non</strong></span> <span class='ocrx_word' id='word_1_279' title='bbox 589 1908 840 1975; x_wconf 77' lang='lat' dir='ltr'><strong>confusa,</strong></span> <span class='ocrx_word' id='word_1_280' title='bbox 870 1915 926 1964; x_wconf 89' lang='lat' dir='ltr'><strong>ut</strong></span> <span class='ocrx_word' id='word_1_281' title='bbox 956 1906 1236 1964; x_wconf 86' lang='lat' dir='ltr'><strong>Sabellius</strong></span> <span class='ocrx_word' id='word_1_282' title='bbox 1264 1907 1414 1973; x_wconf 89' lang='lat' dir='ltr'><strong>dicit,</strong></span> <span class='ocrx_word' id='word_1_283' title='bbox 1433 1907 1734 1963; x_wconf 85' lang='lat' dir='ltr'><strong>Trinitasin</strong></span> <span class='ocrx_word' id='word_1_284' title='bbox 1763 1925 1884 1980; x_wconf 89' lang='lat' dir='ltr'><strong>per-</strong></span> 
     </span>
    </p>
   </div>
   <div class='ocr_carea' id='block_1_36' title="bbox 287 1995 1885 2070">
    <p class='ocr_par' dir='ltr' id='par_1_36' title="bbox 287 1995 1885 2070">
     <span class='ocr_line' id='line_1_36' title="bbox 287 1995 1885 2070; baseline -0.001 -17"><span class='ocrx_word' id='word_1_285' title='bbox 287 2014 455 2064; x_wconf 79' lang='lat' dir='ltr'><strong>sons,</strong></span> <span class='ocrx_word' id='word_1_286' title='bbox 490 2013 670 2070; x_wconf 90' lang='lat' dir='ltr'><strong>neque</strong></span> <span class='ocrx_word' id='word_1_287' title='bbox 700 2005 953 2068; x_wconf 87' lang='lat' dir='ltr'><strong>separata</strong></span> <span class='ocrx_word' id='word_1_288' title='bbox 979 2003 1072 2051; x_wconf 89' lang='lat' dir='ltr'><strong>aut</strong></span> <span class='ocrx_word' id='word_1_289' title='bbox 1101 1995 1278 2051; x_wconf 84' lang='lat' dir='ltr'><strong>divisa</strong></span> <span class='ocrx_word' id='word_1_290' title='bbox 1328 1995 1381 2050; x_wconf 91' lang='lat' dir='ltr'><strong>in</strong></span> <span class='ocrx_word' id='word_1_291' title='bbox 1415 2003 1608 2052; x_wconf 88' lang='lat' dir='ltr'><strong>natura</strong></span> <span class='ocrx_word' id='word_1_292' title='bbox 1637 1997 1885 2052; x_wconf 85' lang='lat' dir='ltr'><strong>divinita-</strong></span> 
     </span>
    </p>
   </div>
   <div class='ocr_carea' id='block_1_37' title="bbox 283 2084 1884 2156">
    <p class='ocr_par' dir='ltr' id='par_1_37' title="bbox 283 2084 1884 2156">
     <span class='ocr_line' id='line_1_37' title="bbox 283 2084 1884 2156; baseline -0.001 -14"><span class='ocrx_word' id='word_1_293' title='bbox 283 2089 384 2154; x_wconf 93' lang='lat' dir='ltr'><strong>tis,</strong></span> <span class='ocrx_word' id='word_1_294' title='bbox 418 2095 476 2142; x_wconf 89' lang='lat' dir='ltr'><strong>ut</strong></span> <span class='ocrx_word' id='word_1_295' title='bbox 503 2086 668 2142; x_wconf 78' lang='lat' dir='ltr'><strong>Arius</strong></span> <span class='ocrx_word' id='word_1_296' title='bbox 697 2085 1057 2155; x_wconf 77' lang='lat' dir='ltr'><strong>blasphemat,</strong></span> <span class='ocrx_word' id='word_1_297' title='bbox 1087 2084 1186 2140; x_wconf 89' lang='lat' dir='ltr'><strong>sed</strong></span> <span class='ocrx_word' id='word_1_298' title='bbox 1241 2084 1376 2142; x_wconf 86' lang='lat' dir='ltr'><strong>alter</strong></span> <span class='ocrx_word' id='word_1_299' title='bbox 1401 2084 1456 2139; x_wconf 90' lang='lat' dir='ltr'><strong>in</strong></span> <span class='ocrx_word' id='word_1_300' title='bbox 1510 2100 1748 2156; x_wconf 83' lang='lat' dir='ltr'><strong>persona</strong></span> <span class='ocrx_word' id='word_1_301' title='bbox 1781 2087 1884 2140; x_wconf 90' lang='lat' dir='ltr'><strong>Pa-</strong></span> 
     </span>
    </p>
   </div>
   <div class='ocr_carea' id='block_1_38' title="bbox 307 2172 1880 2244">
    <p class='ocr_par' dir='ltr' id='par_1_38' title="bbox 307 2172 1880 2244">
     <span class='ocr_line' id='line_1_38' title="bbox 307 2172 1880 2244; baseline -0.001 -14"><span class='ocrx_word' id='word_1_302' title='bbox 307 2183 420 2243; x_wconf 86' lang='lat' dir='ltr'><strong>ter,</strong></span> <span class='ocrx_word' id='word_1_303' title='bbox 474 2174 614 2230; x_wconf 82' lang='lat' dir='ltr'><strong>alter</strong></span> <span class='ocrx_word' id='word_1_304' title='bbox 662 2173 846 2239; x_wconf 87' lang='lat' dir='ltr'><strong>Filius,</strong></span> <span class='ocrx_word' id='word_1_305' title='bbox 885 2173 1024 2228; x_wconf 87' lang='lat' dir='ltr'><strong>alter</strong></span> <span class='ocrx_word' id='word_1_306' title='bbox 1088 2172 1319 2244; x_wconf 87' lang='lat' dir='ltr'><strong>Spiritus</strong></span> <span class='ocrx_word' id='word_1_307' title='bbox 1359 2181 1604 2238; x_wconf 86' lang='lat' dir='ltr'><strong>sanctus,</strong></span> <span class='ocrx_word' id='word_1_308' title='bbox 1637 2191 1776 2230; x_wconf 89' lang='lat' dir='ltr'><strong>unus</strong></span> <span class='ocrx_word' id='word_1_309' title='bbox 1824 2174 1880 2229; x_wconf 92' lang='lat' dir='ltr'><strong>in</strong></span> 
     </span>
    </p>
   </div>
   <div class='ocr_carea' id='block_1_39' title="bbox 288 2262 1880 2334">
    <p class='ocr_par' dir='ltr' id='par_1_39' title="bbox 288 2262 1880 2334">
     <span class='ocr_line' id='line_1_39' title="bbox 288 2262 1880 2334; baseline -0.001 -14"><span class='ocrx_word' id='word_1_310' title='bbox 288 2272 514 2331; x_wconf 87' lang='lat' dir='ltr'><strong>natura,</strong></span> <span class='ocrx_word' id='word_1_311' title='bbox 548 2264 602 2317; x_wconf 91' lang='lat' dir='ltr'><strong>in</strong></span> <span class='ocrx_word' id='word_1_312' title='bbox 655 2262 894 2318; x_wconf 91' lang='lat' dir='ltr'><strong>trinitate</strong></span> <span class='ocrx_word' id='word_1_313' title='bbox 951 2263 1113 2328; x_wconf 85' lang='lat' dir='ltr'><strong>Deus,</strong></span> <span class='ocrx_word' id='word_1_314' title='bbox 1148 2263 1308 2318; x_wconf 88' lang='lat' dir='ltr'><strong>Pater</strong></span> <span class='ocrx_word' id='word_1_315' title='bbox 1363 2270 1416 2317; x_wconf 91' lang='lat' dir='ltr'><strong>et</strong></span> <span class='ocrx_word' id='word_1_316' title='bbox 1462 2262 1645 2332; x_wconf 85' lang='lat' dir='ltr'><strong>Filius,</strong></span> <span class='ocrx_word' id='word_1_317' title='bbox 1677 2277 1729 2318; x_wconf 87' lang='lat' dir='ltr'><strong>et</strong></span> <span class='ocrx_word' id='word_1_318' title='bbox 1758 2262 1880 2334; x_wconf 91' lang='lat' dir='ltr'><strong>Spi-</strong></span> 
     </span>
    </p>
   </div>
   <div class='ocr_carea' id='block_1_40' title="bbox 282 2351 1878 2423">
    <p class='ocr_par' dir='ltr' id='par_1_40' title="bbox 282 2351 1878 2423">
     <span class='ocr_line' id='line_1_40' title="bbox 282 2351 1878 2423; baseline -0.001 -15"><span class='ocrx_word' id='word_1_319' title='bbox 282 2354 429 2409; x_wconf 65' lang='lat' dir='ltr'><strong>ritus</strong></span> <span class='ocrx_word' id='word_1_320' title='bbox 457 2359 701 2409; x_wconf 89' lang='lat' dir='ltr'><strong>sanctus.</strong></span> <span class='ocrx_word' id='word_1_321' title='bbox 735 2351 866 2406; x_wconf 87' lang='lat' dir='ltr'><strong>Item</strong></span> <span class='ocrx_word' id='word_1_322' title='bbox 903 2370 914 2405; x_wconf 92' lang='lat'>:</span> <span class='ocrx_word' id='word_1_323' title='bbox 943 2351 1064 2406; x_wconf 88' lang='lat' dir='ltr'><strong>Non</strong></span> <span class='ocrx_word' id='word_1_324' title='bbox 1095 2359 1249 2422; x_wconf 88' lang='lat' dir='ltr'><strong>pater</strong></span> <span class='ocrx_word' id='word_1_325' title='bbox 1301 2366 1521 2406; x_wconf 88' lang='lat' dir='ltr'><strong>carnem</strong></span> <span class='ocrx_word' id='word_1_326' title='bbox 1567 2353 1878 2423; x_wconf 72' lang='lat' dir='ltr'><strong>assumpsit,</strong></span> 
     </span>
    </p>
   </div>
   <div class='ocr_carea' id='block_1_41' title="bbox 281 2439 1878 2512">
    <p class='ocr_par' dir='ltr' id='par_1_41' title="bbox 281 2439 1878 2512">
     <span class='ocr_line' id='line_1_41' title="bbox 281 2439 1878 2512; baseline -0.001 -15"><span class='ocrx_word' id='word_1_327' title='bbox 281 2457 397 2497; x_wconf 88' lang='lat' dir='ltr'><strong>nec</strong></span> <span class='ocrx_word' id='word_1_328' title='bbox 426 2441 670 2512; x_wconf 86' lang='lat' dir='ltr'><strong>Spiritus</strong></span> <span class='ocrx_word' id='word_1_329' title='bbox 700 2448 941 2506; x_wconf 87' lang='lat' dir='ltr'><strong>sanctus,</strong></span> <span class='ocrx_word' id='word_1_330' title='bbox 973 2439 1070 2494; x_wconf 89' lang='lat' dir='ltr'><strong>sed</strong></span> <span class='ocrx_word' id='word_1_331' title='bbox 1093 2439 1256 2494; x_wconf 84' lang='lat' dir='ltr'><strong>Filius</strong></span> <span class='ocrx_word' id='word_1_332' title='bbox 1287 2449 1514 2506; x_wconf 87' lang='lat' dir='ltr'><strong>tantum,</strong></span> <span class='ocrx_word' id='word_1_333' title='bbox 1538 2449 1611 2505; x_wconf 89' lang='lat' dir='ltr'><strong>ut,</strong></span> <span class='ocrx_word' id='word_1_334' title='bbox 1642 2441 1731 2512; x_wconf 91' lang='lat' dir='ltr'><strong>qui</strong></span> <span class='ocrx_word' id='word_1_335' title='bbox 1762 2449 1878 2496; x_wconf 90' lang='lat' dir='ltr'><strong>erat</strong></span> 
     </span>
    </p>
   </div>
   <div class='ocr_carea' id='block_1_42' title="bbox 274 2527 1879 2598">
    <p class='ocr_par' dir='ltr' id='par_1_42' title="bbox 274 2527 1879 2598">
     <span class='ocr_line' id='line_1_42' title="bbox 274 2527 1879 2598; baseline 0 -14"><span class='ocrx_word' id='word_1_336' title='bbox 274 2531 336 2584; x_wconf 89' lang='lat' dir='ltr'><strong>in</strong></span> <span class='ocrx_word' id='word_1_337' title='bbox 379 2528 666 2584; x_wconf 80' lang='lat' dir='ltr'><strong>divinitate</strong></span> <span class='ocrx_word' id='word_1_338' title='bbox 705 2527 877 2583; x_wconf 88' lang='lat' dir='ltr'><strong>Patris</strong></span> <span class='ocrx_word' id='word_1_339' title='bbox 899 2527 998 2582; x_wconf 89' lang='lat' dir='ltr'><strong>Dei</strong></span> <span class='ocrx_word' id='word_1_340' title='bbox 1031 2527 1213 2593; x_wconf 78' lang='lat' dir='ltr'><strong>Filius,</strong></span> <span class='ocrx_word' id='word_1_341' title='bbox 1249 2527 1366 2598; x_wconf 91' lang='lat' dir='ltr'><strong>ipse</strong></span> <span class='ocrx_word' id='word_1_342' title='bbox 1395 2527 1545 2583; x_wconf 87' lang='lat' dir='ltr'><strong>ﬁeret</strong></span> <span class='ocrx_word' id='word_1_343' title='bbox 1575 2528 1630 2584; x_wconf 91' lang='lat' dir='ltr'><strong>in</strong></span> <span class='ocrx_word' id='word_1_344' title='bbox 1662 2530 1879 2584; x_wconf 80' lang='lat' dir='ltr'><strong>homine</strong></span> 
     </span>
    </p>
   </div>
   <div class='ocr_carea' id='block_1_43' title="bbox 279 2615 1880 2688">
    <p class='ocr_par' dir='ltr' id='par_1_43' title="bbox 279 2615 1880 2688">
     <span class='ocr_line' id='line_1_43' title="bbox 279 2615 1880 2688; baseline -0.001 -15"><span class='ocrx_word' id='word_1_345' title='bbox 279 2616 532 2674; x_wconf 81' lang='lat' dir='ltr'><strong>hominis</strong></span> <span class='ocrx_word' id='word_1_346' title='bbox 553 2616 715 2684; x_wconf 89' lang='lat' dir='ltr'><strong>ﬁlius,</strong></span> <span class='ocrx_word' id='word_1_347' title='bbox 735 2633 912 2688; x_wconf 90' lang='lat' dir='ltr'><strong>neque</strong></span> <span class='ocrx_word' id='word_1_348' title='bbox 947 2615 1065 2670; x_wconf 81' lang='lat' dir='ltr'><strong>Filii</strong></span> <span class='ocrx_word' id='word_1_349' title='bbox 1091 2631 1288 2671; x_wconf 89' lang='lat' dir='ltr'><strong>nomen</strong></span> <span class='ocrx_word' id='word_1_350' title='bbox 1329 2616 1397 2670; x_wconf 85' lang='lat' dir='ltr'><strong>ad</strong></span> <span class='ocrx_word' id='word_1_351' title='bbox 1425 2617 1652 2672; x_wconf 89' lang='lat' dir='ltr'><strong>alterum</strong></span> <span class='ocrx_word' id='word_1_352' title='bbox 1697 2626 1880 2672; x_wconf 89' lang='lat' dir='ltr'><strong>trans-</strong></span> 
     </span>
    </p>
   </div>
   <div class='ocr_carea' id='block_1_44' title="bbox 276 2703 1880 2776">
    <p class='ocr_par' dir='ltr' id='par_1_44' title="bbox 276 2703 1880 2776">
     <span class='ocr_line' id='line_1_44' title="bbox 276 2703 1880 2776; baseline -0.001 -14"><span class='ocrx_word' id='word_1_353' title='bbox 276 2708 415 2772; x_wconf 89' lang='lat' dir='ltr'><strong>iret,</strong></span> <span class='ocrx_word' id='word_1_354' title='bbox 448 2704 540 2776; x_wconf 91' lang='lat' dir='ltr'><strong>qui</strong></span> <span class='ocrx_word' id='word_1_355' title='bbox 585 2721 693 2760; x_wconf 93' lang='lat' dir='ltr'><strong>non</strong></span> <span class='ocrx_word' id='word_1_356' title='bbox 725 2712 870 2760; x_wconf 89' lang='lat' dir='ltr'><strong>esset</strong></span> <span class='ocrx_word' id='word_1_357' title='bbox 901 2703 1178 2759; x_wconf 84' lang='lat' dir='ltr'><strong>nativitate</strong></span> <span class='ocrx_word' id='word_1_358' title='bbox 1210 2704 1392 2758; x_wconf 86' lang='lat' dir='ltr'><strong>Filius.</strong></span> <span class='ocrx_word' id='word_1_359' title='bbox 1440 2704 1538 2759; x_wconf 92' lang='lat' dir='ltr'><strong>Dei</strong></span> <span class='ocrx_word' id='word_1_360' title='bbox 1569 2721 1708 2774; x_wconf 82' lang='lat' dir='ltr'><strong>ergo</strong></span> <span class='ocrx_word' id='word_1_361' title='bbox 1737 2705 1880 2760; x_wconf 88' lang='lat' dir='ltr'><strong>nati-</strong></span> 
     </span>
    </p>
   </div>
   <div class='ocr_carea' id='block_1_45' title="bbox 286 2792 1880 2848">
    <p class='ocr_par' dir='ltr' id='par_1_45' title="bbox 286 2792 1880 2848">
     <span class='ocr_line' id='line_1_45' title="bbox 286 2792 1880 2848; baseline 0.001 -1"><span class='ocrx_word' id='word_1_362' title='bbox 286 2794 468 2848; x_wconf 81' lang='lat' dir='ltr'><strong>vitate</strong></span> <span class='ocrx_word' id='word_1_363' title='bbox 502 2793 650 2847; x_wconf 88' lang='lat' dir='ltr'><strong>ﬁlius</strong></span> <span class='ocrx_word' id='word_1_364' title='bbox 680 2792 916 2848; x_wconf 87' lang='lat' dir='ltr'><strong>hominis</strong></span> <span class='ocrx_word' id='word_1_365' title='bbox 945 2792 1116 2848; x_wconf 84' lang='lat' dir='ltr'><strong>factus</strong></span> <span class='ocrx_word' id='word_1_366' title='bbox 1148 2800 1230 2846; x_wconf 90' lang='lat' dir='ltr'><strong>est</strong></span> <span class='ocrx_word' id='word_1_367' title='bbox 1275 2792 1470 2848; x_wconf 85' lang='lat' dir='ltr'><strong>Filius:</strong></span> <span class='ocrx_word' id='word_1_368' title='bbox 1496 2802 1652 2848; x_wconf 86' lang='lat' dir='ltr'><strong>natus</strong></span> <span class='ocrx_word' id='word_1_369' title='bbox 1681 2810 1880 2848; x_wconf 90' lang='lat' dir='ltr'><strong>secun-</strong></span> 
     </span>
    </p>
   </div>
   <div class='ocr_carea' id='block_1_46' title="bbox 282 2880 1881 2948">
    <p class='ocr_par' dir='ltr' id='par_1_46' title="bbox 282 2880 1881 2948">
     <span class='ocr_line' id='line_1_46' title="bbox 282 2880 1881 2948; baseline -0.001 -11"><span class='ocrx_word' id='word_1_370' title='bbox 282 2883 424 2938; x_wconf 88' lang='lat' dir='ltr'><strong>dum</strong></span> <span class='ocrx_word' id='word_1_371' title='bbox 455 2881 735 2937; x_wconf 79' lang='lat' dir='ltr'><strong>veritatem</strong></span> <span class='ocrx_word' id='word_1_372' title='bbox 765 2889 992 2940; x_wconf 59' lang='lat' dir='ltr'><strong>natura},</strong></span> <span class='ocrx_word' id='word_1_373' title='bbox 1025 2895 1092 2935; x_wconf 84' lang='lat' dir='ltr'><strong>ex</strong></span> <span class='ocrx_word' id='word_1_374' title='bbox 1140 2880 1255 2935; x_wconf 91' lang='lat' dir='ltr'><strong>Deo</strong></span> <span class='ocrx_word' id='word_1_375' title='bbox 1276 2881 1374 2936; x_wconf 91' lang='lat' dir='ltr'><strong>Dei</strong></span> <span class='ocrx_word' id='word_1_376' title='bbox 1395 2880 1565 2948; x_wconf 86' lang='lat' dir='ltr'><strong>ﬁlius;</strong></span> <span class='ocrx_word' id='word_1_377' title='bbox 1585 2884 1881 2938; x_wconf 89' lang='lat' dir='ltr'><strong>secundum</strong></span> 
     </span>
    </p>
   </div>
   <div class='ocr_carea' id='block_1_47' title="bbox 289 2968 1885 3036">
    <p class='ocr_par' dir='ltr' id='par_1_47' title="bbox 289 2968 1885 3036">
     <span class='ocr_line' id='line_1_47' title="bbox 289 2968 1885 3036; baseline 0 -10"><span class='ocrx_word' id='word_1_378' title='bbox 289 2971 586 3026; x_wconf 82' lang='lat' dir='ltr'><strong>veritatem</strong></span> <span class='ocrx_word' id='word_1_379' title='bbox 645 2979 870 3033; x_wconf 71' lang='lat' dir='ltr'><strong>naturae,</strong></span> <span class='ocrx_word' id='word_1_380' title='bbox 930 2985 996 3024; x_wconf 84' lang='lat' dir='ltr'><strong>ex</strong></span> <span class='ocrx_word' id='word_1_381' title='bbox 1046 2968 1264 3024; x_wconf 90' lang='lat' dir='ltr'><strong>homine</strong></span> <span class='ocrx_word' id='word_1_382' title='bbox 1317 2969 1551 3024; x_wconf 86' lang='lat' dir='ltr'><strong>hominis</strong></span> <span class='ocrx_word' id='word_1_383' title='bbox 1607 2970 1768 3036; x_wconf 88' lang='lat' dir='ltr'><strong>ﬁlius,</strong></span> <span class='ocrx_word' id='word_1_384' title='bbox 1823 2979 1885 3026; x_wconf 88' lang='lat' dir='ltr'><strong>ut</strong></span> 
     </span>
    </p>
   </div>
   <div class='ocr_carea' id='block_1_48' title="bbox 289 3065 1882 3137">
    <p class='ocr_par' dir='ltr' id='par_1_48' title="bbox 289 3065 1882 3137">
     <span class='ocr_line' id='line_1_48' title="bbox 289 3065 1882 3137; baseline 0.001 -17"><span class='ocrx_word' id='word_1_385' title='bbox 289 3068 514 3122; x_wconf 81' lang='lat' dir='ltr'><strong>veritas</strong></span> <span class='ocrx_word' id='word_1_386' title='bbox 543 3065 738 3136; x_wconf 76' lang='lat' dir='ltr'><strong>geniti,</strong></span> <span class='ocrx_word' id='word_1_387' title='bbox 767 3080 876 3120; x_wconf 90' lang='lat' dir='ltr'><strong>non</strong></span> <span class='ocrx_word' id='word_1_388' title='bbox 904 3065 1214 3135; x_wconf 88' lang='lat' dir='ltr'><strong>adoptione,</strong></span> <span class='ocrx_word' id='word_1_389' title='bbox 1235 3081 1337 3122; x_wconf 91' lang='lat' dir='ltr'><strong>nec</strong></span> <span class='ocrx_word' id='word_1_390' title='bbox 1365 3065 1755 3137; x_wconf 84' lang='lat' dir='ltr'><strong>appellatione,</strong></span> <span class='ocrx_word' id='word_1_391' title='bbox 1783 3067 1882 3123; x_wconf 90' lang='lat' dir='ltr'><strong>sed</strong></span> 
     </span>
    </p>
   </div>
   <div class='ocr_carea' id='block_1_49' title="bbox 1995 1925 3582 1995">
    <p class='ocr_par' dir='ltr' id='par_1_49' title="bbox 1995 1925 3582 1995">
     <span class='ocr_line' id='line_1_49' title="bbox 1995 1925 3582 1995; baseline -0.004 -11"><span class='ocrx_word' id='word_1_392' title='bbox 1995 1929 2160 1984; x_wconf 89' lang='lat' dir='ltr'><strong>etiam</strong></span> <span class='ocrx_word' id='word_1_393' title='bbox 2217 1937 2268 1984; x_wconf 91' lang='lat' dir='ltr'><strong>et</strong></span> <span class='ocrx_word' id='word_1_394' title='bbox 2298 1927 2441 1983; x_wconf 89' lang='lat' dir='ltr'><strong>ﬁlius</strong></span> <span class='ocrx_word' id='word_1_395' title='bbox 2496 1926 2750 1993; x_wconf 89' lang='lat' dir='ltr'><strong>hominis,</strong></span> <span class='ocrx_word' id='word_1_396' title='bbox 2783 1925 2838 1980; x_wconf 87' lang='lat' dir='ltr'><strong>id</strong></span> <span class='ocrx_word' id='word_1_397' title='bbox 2895 1935 2975 1980; x_wconf 86' lang='lat' dir='ltr'><strong>est</strong></span> <span class='ocrx_word' id='word_1_398' title='bbox 3009 1925 3125 1994; x_wconf 89' lang='lat' dir='ltr'><strong>ipse</strong></span> <span class='ocrx_word' id='word_1_399' title='bbox 3176 1931 3466 1995; x_wconf 89' lang='lat' dir='ltr'><strong>utrumque</strong></span> <span class='ocrx_word' id='word_1_400' title='bbox 3516 1939 3582 1978; x_wconf 83' lang='lat' dir='ltr'><strong>ex</strong></span> 
     </span>
    </p>
   </div>
   <div class='ocr_carea' id='block_1_50' title="bbox 1992 2012 3582 2088">
    <p class='ocr_par' dir='ltr' id='par_1_50' title="bbox 1992 2012 3582 2088">
     <span class='ocr_line' id='line_1_50' title="bbox 1992 2012 3582 2088; baseline -0.004 -17"><span class='ocrx_word' id='word_1_401' title='bbox 1992 2025 2230 2088; x_wconf 90' lang='lat' dir='ltr'><strong>utroque</strong></span> <span class='ocrx_word' id='word_1_402' title='bbox 2288 2033 2428 2071; x_wconf 90' lang='lat' dir='ltr'><strong>unus</strong></span> <span class='ocrx_word' id='word_1_403' title='bbox 2484 2015 2748 2082; x_wconf 89' lang='lat' dir='ltr'><strong>Christus,</strong></span> <span class='ocrx_word' id='word_1_404' title='bbox 2799 2030 2940 2069; x_wconf 91' lang='lat' dir='ltr'><strong>unus</strong></span> <span class='ocrx_word' id='word_1_405' title='bbox 2985 2013 3084 2068; x_wconf 91' lang='lat' dir='ltr'><strong>Dei</strong></span> <span class='ocrx_word' id='word_1_406' title='bbox 3117 2012 3300 2079; x_wconf 87' lang='lat' dir='ltr'><strong>Filius,</strong></span> <span class='ocrx_word' id='word_1_407' title='bbox 3327 2012 3582 2083; x_wconf 87' lang='lat' dir='ltr'><strong>idemque</strong></span> 
     </span>
    </p>
   </div>
   <div class='ocr_carea' id='block_1_51' title="bbox 1992 2099 3582 2170">
    <p class='ocr_par' dir='ltr' id='par_1_51' title="bbox 1992 2099 3582 2170">
     <span class='ocr_line' id='line_1_51' title="bbox 1992 2099 3582 2170; baseline -0.004 -11"><span class='ocrx_word' id='word_1_408' title='bbox 1992 2105 2226 2160; x_wconf 89' lang='lat' dir='ltr'><strong>hominis</strong></span> <span class='ocrx_word' id='word_1_409' title='bbox 2283 2103 2445 2169; x_wconf 89' lang='lat' dir='ltr'><strong>ﬁlius,</strong></span> <span class='ocrx_word' id='word_1_410' title='bbox 2479 2119 2587 2158; x_wconf 88' lang='lat' dir='ltr'><strong>non</strong></span> <span class='ocrx_word' id='word_1_411' title='bbox 2641 2103 2750 2157; x_wconf 92' lang='lat' dir='ltr'><strong>duo</strong></span> <span class='ocrx_word' id='word_1_412' title='bbox 2795 2101 2910 2170; x_wconf 83' lang='lat' dir='ltr'><strong>lilii,</strong></span> <span class='ocrx_word' id='word_1_413' title='bbox 2956 2102 3104 2156; x_wconf 87' lang='lat' dir='ltr'><strong>Deus</strong></span> <span class='ocrx_word' id='word_1_414' title='bbox 3160 2108 3214 2155; x_wconf 88' lang='lat' dir='ltr'><strong>et</strong></span> <span class='ocrx_word' id='word_1_415' title='bbox 3266 2100 3449 2167; x_wconf 89' lang='lat' dir='ltr'><strong>homo,</strong></span> <span class='ocrx_word' id='word_1_416' title='bbox 3483 2099 3582 2154; x_wconf 87' lang='lat' dir='ltr'><strong>sed</strong></span> 
     </span>
    </p>
   </div>
   <div class='ocr_carea' id='block_1_52' title="bbox 1992 2188 3582 2259">
    <p class='ocr_par' dir='ltr' id='par_1_52' title="bbox 1992 2188 3582 2259">
     <span class='ocr_line' id='line_1_52' title="bbox 1992 2188 3582 2259; baseline -0.003 -11"><span class='ocrx_word' id='word_1_417' title='bbox 1992 2211 2129 2248; x_wconf 90' lang='lat' dir='ltr'><strong>unus</strong></span> <span class='ocrx_word' id='word_1_418' title='bbox 2171 2193 2358 2248; x_wconf 84' lang='lat' dir='ltr'><strong>Filius.</strong></span> <span class='ocrx_word' id='word_1_419' title='bbox 2399 2194 2531 2248; x_wconf 90' lang='lat' dir='ltr'><strong>Item</strong></span> <span class='ocrx_word' id='word_1_420' title='bbox 2564 2193 2710 2247; x_wconf 88' lang='lat' dir='ltr'><strong>Deus</strong></span> <span class='ocrx_word' id='word_1_421' title='bbox 2765 2191 3042 2245; x_wconf 89' lang='lat' dir='ltr'><strong>hominem</strong></span> <span class='ocrx_word' id='word_1_422' title='bbox 3073 2188 3385 2259; x_wconf 89' lang='lat' dir='ltr'><strong>assumpsit,</strong></span> <span class='ocrx_word' id='word_1_423' title='bbox 3419 2189 3582 2244; x_wconf 88' lang='lat' dir='ltr'><strong>homo</strong></span> 
     </span>
    </p>
   </div>
   <div class='ocr_carea' id='block_1_53' title="bbox 1989 2276 3583 2346">
    <p class='ocr_par' dir='ltr' id='par_1_53' title="bbox 1989 2276 3583 2346">
     <span class='ocr_line' id='line_1_53' title="bbox 1989 2276 3583 2346; baseline -0.005 -8"><span class='ocrx_word' id='word_1_424' title='bbox 1989 2283 2042 2338; x_wconf 87' lang='lat' dir='ltr'><strong>in</strong></span> <span class='ocrx_word' id='word_1_425' title='bbox 2069 2285 2244 2338; x_wconf 88' lang='lat' dir='ltr'><strong>Deum</strong></span> <span class='ocrx_word' id='word_1_426' title='bbox 2275 2282 2542 2346; x_wconf 89' lang='lat' dir='ltr'><strong>transivit,</strong></span> <span class='ocrx_word' id='word_1_427' title='bbox 2576 2296 2684 2335; x_wconf 93' lang='lat' dir='ltr'><strong>non</strong></span> <span class='ocrx_word' id='word_1_428' title='bbox 2715 2287 2916 2333; x_wconf 62' lang='lat' dir='ltr'><strong>natura}</strong></span> <span class='ocrx_word' id='word_1_429' title='bbox 2947 2277 3318 2342; x_wconf 88' lang='lat' dir='ltr'><strong>versihilitate,</strong></span> <span class='ocrx_word' id='word_1_430' title='bbox 3353 2276 3448 2331; x_wconf 90' lang='lat' dir='ltr'><strong>sed</strong></span> <span class='ocrx_word' id='word_1_431' title='bbox 3481 2276 3583 2330; x_wconf 90' lang='lat' dir='ltr'><strong>Dei</strong></span> 
     </span>
    </p>
   </div>
   <div class='ocr_carea' id='block_1_54' title="bbox 1987 2365 3579 2443">
    <p class='ocr_par' dir='ltr' id='par_1_54' title="bbox 1987 2365 3579 2443">
     <span class='ocr_line' id='line_1_54' title="bbox 1987 2365 3579 2443; baseline -0.006 -17"><span class='ocrx_word' id='word_1_432' title='bbox 1987 2371 2324 2443; x_wconf 78' lang='lat' dir='ltr'><strong>dignatione,</strong></span> <span class='ocrx_word' id='word_1_433' title='bbox 2375 2377 2429 2423; x_wconf 90' lang='lat' dir='ltr'><strong>ut</strong></span> <span class='ocrx_word' id='word_1_434' title='bbox 2460 2384 2562 2424; x_wconf 90' lang='lat' dir='ltr'><strong>nec</strong></span> <span class='ocrx_word' id='word_1_435' title='bbox 2619 2369 2765 2422; x_wconf 91' lang='lat' dir='ltr'><strong>Deus</strong></span> <span class='ocrx_word' id='word_1_436' title='bbox 2821 2373 3125 2421; x_wconf 78' lang='lat' dir='ltr'><strong>mutaretur</strong></span> <span class='ocrx_word' id='word_1_437' title='bbox 3180 2365 3235 2419; x_wconf 92' lang='lat' dir='ltr'><strong>in</strong></span> <span class='ocrx_word' id='word_1_438' title='bbox 3288 2366 3579 2419; x_wconf 87' lang='lat' dir='ltr'><strong>humanam</strong></span> 
     </span>
    </p>
   </div>
   <div class='ocr_carea' id='block_1_55' title="bbox 1988 2451 3578 2517">
    <p class='ocr_par' dir='ltr' id='par_1_55' title="bbox 1988 2451 3578 2517">
     <span class='ocr_line' id='line_1_55' title="bbox 1988 2451 3578 2517; baseline -0.005 -5"><span class='ocrx_word' id='word_1_439' title='bbox 1988 2457 2343 2513; x_wconf 85' lang='lat' dir='ltr'><strong>substantiam</strong></span> <span class='ocrx_word' id='word_1_440' title='bbox 2399 2456 2730 2511; x_wconf 89' lang='lat' dir='ltr'><strong>assumeudo</strong></span> <span class='ocrx_word' id='word_1_441' title='bbox 2785 2455 3079 2517; x_wconf 87' lang='lat' dir='ltr'><strong>hominem,</strong></span> <span class='ocrx_word' id='word_1_442' title='bbox 3141 2468 3243 2508; x_wconf 87' lang='lat' dir='ltr'><strong>nec</strong></span> <span class='ocrx_word' id='word_1_443' title='bbox 3299 2454 3461 2507; x_wconf 85' lang='lat' dir='ltr'><strong>homo</strong></span> <span class='ocrx_word' id='word_1_444' title='bbox 3522 2451 3578 2505; x_wconf 90' lang='lat' dir='ltr'><strong>in</strong></span> 
     </span>
    </p>
   </div>
   <div class='ocr_carea' id='block_1_56' title="bbox 1987 2539 3582 2616">
    <p class='ocr_par' dir='ltr' id='par_1_56' title="bbox 1987 2539 3582 2616">
     <span class='ocr_line' id='line_1_56' title="bbox 1987 2539 3582 2616; baseline -0.005 -16"><span class='ocrx_word' id='word_1_445' title='bbox 1987 2547 2229 2601; x_wconf 89' lang='lat' dir='ltr'><strong>divinam</strong></span> <span class='ocrx_word' id='word_1_446' title='bbox 2257 2545 2590 2616; x_wconf 74' lang='lat' dir='ltr'><strong>gloriticatus</strong></span> <span class='ocrx_word' id='word_1_447' title='bbox 2620 2543 2672 2597; x_wconf 91' lang='lat' dir='ltr'><strong>in</strong></span> <span class='ocrx_word' id='word_1_448' title='bbox 2707 2545 2896 2597; x_wconf 90' lang='lat' dir='ltr'><strong>Deum.</strong></span> <span class='ocrx_word' id='word_1_449' title='bbox 2927 2541 3064 2610; x_wconf 86' lang='lat' dir='ltr'><strong>Quia</strong></span> <span class='ocrx_word' id='word_1_450' title='bbox 3095 2539 3318 2594; x_wconf 90' lang='lat' dir='ltr'><strong>mutatio</strong></span> <span class='ocrx_word' id='word_1_451' title='bbox 3350 2540 3434 2595; x_wconf 90' lang='lat' dir='ltr'><strong>vel</strong></span> <span class='ocrx_word' id='word_1_452' title='bbox 3465 2555 3582 2594; x_wconf 86' lang='lat' dir='ltr'><strong>ver-</strong></span> 
     </span>
    </p>
   </div>
   <div class='ocr_carea' id='block_1_57' title="bbox 1988 2627 3578 2688">
    <p class='ocr_par' dir='ltr' id='par_1_57' title="bbox 1988 2627 3578 2688">
     <span class='ocr_line' id='line_1_57' title="bbox 1988 2627 3578 2688; baseline -0.004 0"><span class='ocrx_word' id='word_1_453' title='bbox 1988 2635 2218 2688; x_wconf 87' lang='lat' dir='ltr'><strong>sibilitas</strong></span> <span class='ocrx_word' id='word_1_454' title='bbox 2247 2641 2455 2688; x_wconf 61' lang='lat' dir='ltr'><strong>natura:</strong></span> <span class='ocrx_word' id='word_1_455' title='bbox 2510 2631 2596 2687; x_wconf 91' lang='lat' dir='ltr'><strong>vel</strong></span> <span class='ocrx_word' id='word_1_456' title='bbox 2625 2631 3041 2685; x_wconf 89' lang='lat' dir='ltr'><strong>diminutionem</strong></span> <span class='ocrx_word' id='word_1_457' title='bbox 3097 2632 3182 2686; x_wconf 90' lang='lat' dir='ltr'><strong>vel</strong></span> <span class='ocrx_word' id='word_1_458' title='bbox 3230 2627 3578 2682; x_wconf 87' lang='lat' dir='ltr'><strong>abolitionem</strong></span> 
     </span>
    </p>
   </div>
   <div class='ocr_carea' id='block_1_58' title="bbox 1987 2716 3583 2788">
    <p class='ocr_par' dir='ltr' id='par_1_58' title="bbox 1987 2716 3583 2788">
     <span class='ocr_line' id='line_1_58' title="bbox 1987 2716 3583 2788; baseline -0.005 -12"><span class='ocrx_word' id='word_1_459' title='bbox 1987 2721 2136 2788; x_wconf 85' lang='lat' dir='ltr'><strong>facit,</strong></span> <span class='ocrx_word' id='word_1_460' title='bbox 2167 2722 2406 2778; x_wconf 90' lang='lat' dir='ltr'><strong>creditur</strong></span> <span class='ocrx_word' id='word_1_461' title='bbox 2461 2735 2494 2775; x_wconf 90' lang='lat' dir='ltr'><strong>a</strong></span> <span class='ocrx_word' id='word_1_462' title='bbox 2535 2719 2700 2775; x_wconf 89' lang='lat' dir='ltr'><strong>nobis</strong></span> <span class='ocrx_word' id='word_1_463' title='bbox 2756 2719 2874 2774; x_wconf 91' lang='lat' dir='ltr'><strong>sine</strong></span> <span class='ocrx_word' id='word_1_464' title='bbox 2925 2717 3242 2773; x_wconf 87' lang='lat' dir='ltr'><strong>confusione</strong></span> <span class='ocrx_word' id='word_1_465' title='bbox 3298 2716 3583 2784; x_wconf 84' lang='lat' dir='ltr'><strong>conjuncta</strong></span> 
     </span>
    </p>
   </div>
   <div class='ocr_carea' id='block_1_59' title="bbox 1987 2804 3580 2880">
    <p class='ocr_par' dir='ltr' id='par_1_59' title="bbox 1987 2804 3580 2880">
     <span class='ocr_line' id='line_1_59' title="bbox 1987 2804 3580 2880; baseline -0.005 -16"><span class='ocrx_word' id='word_1_466' title='bbox 1987 2811 2240 2874; x_wconf 86' lang='lat' dir='ltr'><strong>Trinitas,</strong></span> <span class='ocrx_word' id='word_1_467' title='bbox 2265 2809 2381 2863; x_wconf 89' lang='lat' dir='ltr'><strong>sine</strong></span> <span class='ocrx_word' id='word_1_468' title='bbox 2402 2809 2748 2880; x_wconf 87' lang='lat' dir='ltr'><strong>separatione</strong></span> <span class='ocrx_word' id='word_1_469' title='bbox 2771 2807 3042 2861; x_wconf 87' lang='lat' dir='ltr'><strong>distincta.</strong></span> <span class='ocrx_word' id='word_1_470' title='bbox 3081 2806 3230 2859; x_wconf 87' lang='lat' dir='ltr'><strong>Item.</strong></span> <span class='ocrx_word' id='word_1_471' title='bbox 3254 2804 3399 2858; x_wconf 86' lang='lat' dir='ltr'><strong>Nihil</strong></span> <span class='ocrx_word' id='word_1_472' title='bbox 3427 2817 3580 2857; x_wconf 86' lang='lat' dir='ltr'><strong>crea-</strong></span> 
     </span>
    </p>
   </div>
   <div class='ocr_carea' id='block_1_60' title="bbox 1990 2891 3584 2963">
    <p class='ocr_par' dir='ltr' id='par_1_60' title="bbox 1990 2891 3584 2963">
     <span class='ocr_line' id='line_1_60' title="bbox 1990 2891 3584 2963; baseline -0.004 -10"><span class='ocrx_word' id='word_1_473' title='bbox 1990 2907 2122 2963; x_wconf 91' lang='lat' dir='ltr'><strong>tum,</strong></span> <span class='ocrx_word' id='word_1_474' title='bbox 2155 2906 2249 2953; x_wconf 87' lang='lat' dir='ltr'><strong>aut</strong></span> <span class='ocrx_word' id='word_1_475' title='bbox 2277 2898 2522 2953; x_wconf 84' lang='lat' dir='ltr'><strong>serviens</strong></span> <span class='ocrx_word' id='word_1_476' title='bbox 2562 2897 2616 2950; x_wconf 91' lang='lat' dir='ltr'><strong>in</strong></span> <span class='ocrx_word' id='word_1_477' title='bbox 2645 2897 2910 2950; x_wconf 87' lang='lat' dir='ltr'><strong>Trinitale</strong></span> <span class='ocrx_word' id='word_1_478' title='bbox 2941 2894 3274 2950; x_wconf 91' lang='lat' dir='ltr'><strong>credendum</strong></span> <span class='ocrx_word' id='word_1_479' title='bbox 3315 2900 3418 2957; x_wconf 80' lang='lat' dir='ltr'><strong>est,</strong></span> <span class='ocrx_word' id='word_1_480' title='bbox 3451 2891 3584 2946; x_wconf 90' lang='lat' dir='ltr'><strong>nihil</strong></span> 
     </span>
    </p>
   </div>
   <div class='ocr_carea' id='block_1_61' title="bbox 1991 2978 3583 3058">
    <p class='ocr_par' dir='ltr' id='par_1_61' title="bbox 1991 2978 3583 3058">
     <span class='ocr_line' id='line_1_61' title="bbox 1991 2978 3583 3058; baseline -0.006 -17"><span class='ocrx_word' id='word_1_481' title='bbox 1991 2987 2281 3058; x_wconf 69' lang='lat' dir='ltr'><strong>inmquale,</strong></span> <span class='ocrx_word' id='word_1_482' title='bbox 2325 2985 2462 3040; x_wconf 90' lang='lat' dir='ltr'><strong>nihil</strong></span> <span class='ocrx_word' id='word_1_483' title='bbox 2494 2985 2684 3056; x_wconf 72' lang='lat' dir='ltr'><strong>gratia:</strong></span> <span class='ocrx_word' id='word_1_484' title='bbox 2729 2983 2954 3054; x_wconf 61' lang='lat' dir='ltr'><strong>mqualo,</strong></span> <span class='ocrx_word' id='word_1_485' title='bbox 2992 2983 3123 3036; x_wconf 90' lang='lat' dir='ltr'><strong>nihil</strong></span> <span class='ocrx_word' id='word_1_486' title='bbox 3154 2981 3416 3043; x_wconf 89' lang='lat' dir='ltr'><strong>anterius,</strong></span> <span class='ocrx_word' id='word_1_487' title='bbox 3449 2978 3583 3033; x_wconf 90' lang='lat' dir='ltr'><strong>nihil</strong></span> 
     </span>
    </p>
   </div>
   <div class='ocr_carea' id='block_1_62' title="bbox 1989 3065 3585 3147">
    <p class='ocr_par' dir='ltr' id='par_1_62' title="bbox 1989 3065 3585 3147">
     <span class='ocr_line' id='line_1_62' title="bbox 1989 3065 3585 3147; baseline -0.007 -16"><span class='ocrx_word' id='word_1_488' title='bbox 1989 3075 2283 3147; x_wconf 89' lang='lat' dir='ltr'><strong>posterius,</strong></span> <span class='ocrx_word' id='word_1_489' title='bbox 2311 3083 2402 3129; x_wconf 90' lang='lat' dir='ltr'><strong>aut</strong></span> <span class='ocrx_word' id='word_1_490' title='bbox 2459 3073 2659 3138; x_wconf 91' lang='lat' dir='ltr'><strong>minus,</strong></span> <span class='ocrx_word' id='word_1_491' title='bbox 2695 3073 2826 3128; x_wconf 78' lang='lat' dir='ltr'><strong>nihil</strong></span> <span class='ocrx_word' id='word_1_492' title='bbox 2882 3081 3204 3126; x_wconf 77' lang='lat' dir='ltr'><strong>extraneum</strong></span> <span class='ocrx_word' id='word_1_493' title='bbox 3231 3078 3320 3122; x_wconf 90' lang='lat' dir='ltr'><strong>aut</strong></span> <span class='ocrx_word' id='word_1_494' title='bbox 3348 3065 3585 3124; x_wconf 78' lang='lat' dir='ltr'><strong>ofﬁciale</strong></span> 
     </span>
    </p>
   </div>
   <div class='ocr_carea' id='block_1_63' title="bbox 284 3150 3583 3255">
    <p class='ocr_par' dir='ltr' id='par_1_63' title="bbox 284 3150 3583 3255">
     <span class='ocr_line' id='line_1_63' title="bbox 284 3150 3583 3255; baseline -0.002 -44"><span class='ocrx_word' id='word_1_495' title='bbox 284 3157 347 3212; x_wconf 86' lang='lat' dir='ltr'><strong>iu</strong></span> <span class='ocrx_word' id='word_1_496' title='bbox 397 3163 629 3226; x_wconf 86' lang='lat' dir='ltr'><strong>utraque</strong></span> <span class='ocrx_word' id='word_1_497' title='bbox 668 3154 956 3209; x_wconf 87' lang='lat' dir='ltr'><strong>nativitate</strong></span> <span class='ocrx_word' id='word_1_498' title='bbox 999 3152 1095 3208; x_wconf 91' lang='lat' dir='ltr'><strong>ﬁlii</strong></span> <span class='ocrx_word' id='word_1_499' title='bbox 1142 3169 1342 3210; x_wconf 88' lang='lat' dir='ltr'><strong>nomen</strong></span> <span class='ocrx_word' id='word_1_500' title='bbox 1389 3156 1664 3212; x_wconf 86' lang='lat' dir='ltr'><strong>nascendo</strong></span> <span class='ocrx_word' id='word_1_501' title='bbox 1707 3156 1881 3212; x_wconf 89' lang='lat' dir='ltr'><strong>babe-</strong></span> <span class='ocrx_word' id='word_1_502' title='bbox 1912 3191 1964 3255; x_wconf 77' lang='lat' dir='ltr'>C</span> <span class='ocrx_word' id='word_1_503' title='bbox 1992 3160 2168 3228; x_wconf 87' lang='lat' dir='ltr'><strong>alteri,</strong></span> <span class='ocrx_word' id='word_1_504' title='bbox 2201 3158 2334 3214; x_wconf 90' lang='lat' dir='ltr'><strong>nihil</strong></span> <span class='ocrx_word' id='word_1_505' title='bbox 2363 3156 2470 3213; x_wconf 90' lang='lat' dir='ltr'><strong>sibi</strong></span> <span class='ocrx_word' id='word_1_506' title='bbox 2526 3157 2815 3220; x_wconf 86' lang='lat' dir='ltr'><strong>invisibile,</strong></span> <span class='ocrx_word' id='word_1_507' title='bbox 2851 3155 2980 3210; x_wconf 89' lang='lat' dir='ltr'><strong>nihil</strong></span> <span class='ocrx_word' id='word_1_508' title='bbox 3039 3152 3306 3209; x_wconf 88' lang='lat' dir='ltr'><strong>creaturis</strong></span> <span class='ocrx_word' id='word_1_509' title='bbox 3354 3150 3583 3218; x_wconf 86' lang='lat' dir='ltr'><strong>visibile,</strong></span> 
     </span>
    </p>
   </div>
   <div class='ocr_carea' id='block_1_64' title="bbox 284 3243 1885 3311">
    <p class='ocr_par' dir='ltr' id='par_1_64' title="bbox 284 3243 1885 3311">
     <span class='ocr_line' id='line_1_64' title="bbox 284 3243 1885 3311; baseline 0 -11"><span class='ocrx_word' id='word_1_510' title='bbox 284 3253 400 3310; x_wconf 81' lang='lat' dir='ltr'><strong>ret,</strong></span> <span class='ocrx_word' id='word_1_511' title='bbox 459 3251 514 3300; x_wconf 90' lang='lat' dir='ltr'><strong>et</strong></span> <span class='ocrx_word' id='word_1_512' title='bbox 565 3251 711 3300; x_wconf 87' lang='lat' dir='ltr'><strong>esset</strong></span> <span class='ocrx_word' id='word_1_513' title='bbox 767 3259 930 3299; x_wconf 87' lang='lat' dir='ltr'><strong>verus</strong></span> <span class='ocrx_word' id='word_1_514' title='bbox 975 3243 1142 3310; x_wconf 84' lang='lat' dir='ltr'><strong>Deus,</strong></span> <span class='ocrx_word' id='word_1_515' title='bbox 1189 3259 1353 3299; x_wconf 85' lang='lat' dir='ltr'><strong>verus</strong></span> <span class='ocrx_word' id='word_1_516' title='bbox 1407 3245 1589 3311; x_wconf 91' lang='lat' dir='ltr'><strong>homo,</strong></span> <span class='ocrx_word' id='word_1_517' title='bbox 1622 3261 1762 3300; x_wconf 89' lang='lat' dir='ltr'><strong>unus</strong></span> <span class='ocrx_word' id='word_1_518' title='bbox 1817 3244 1885 3300; x_wconf 83' lang='lat' dir='ltr'><strong>ﬁ-</strong></span> 
     </span>
    </p>
   </div>
   <div class='ocr_carea' id='block_1_65' title="bbox 278 3333 412 3390">
    <p class='ocr_par' dir='ltr' id='par_1_65' title="bbox 278 3333 412 3390">
     <span class='ocr_line' id='line_1_65' title="bbox 278 3333 412 3390; baseline 0.022 -3"><span class='ocrx_word' id='word_1_519' title='bbox 278 3333 412 3390; x_wconf 82' lang='lat' dir='ltr'><strong>lius.</strong></span> 
     </span>
    </p>
   </div>
   <div class='ocr_carea' id='block_1_66' title="bbox 362 3419 1885 3494">
    <p class='ocr_par' dir='ltr' id='par_1_66' title="bbox 362 3419 1885 3494">
     <span class='ocr_line' id='line_1_66' title="bbox 362 3419 1885 3494; baseline 0.001 -19"><span class='ocrx_word' id='word_1_520' title='bbox 362 3424 496 3476; x_wconf 88' lang='lat' dir='ltr'><strong>Item</strong></span> <span class='ocrx_word' id='word_1_521' title='bbox 529 3436 641 3476; x_wconf 90' lang='lat' dir='ltr'><strong>non</strong></span> <span class='ocrx_word' id='word_1_522' title='bbox 671 3435 806 3490; x_wconf 74' lang='lat' dir='ltr'><strong>ergo</strong></span> <span class='ocrx_word' id='word_1_523' title='bbox 857 3419 996 3475; x_wconf 89' lang='lat' dir='ltr'><strong>duos</strong></span> <span class='ocrx_word' id='word_1_524' title='bbox 1025 3419 1280 3484; x_wconf 86' lang='lat' dir='ltr'><strong>christos,</strong></span> <span class='ocrx_word' id='word_1_525' title='bbox 1325 3437 1503 3494; x_wconf 89' lang='lat' dir='ltr'><strong>neque</strong></span> <span class='ocrx_word' id='word_1_526' title='bbox 1531 3421 1670 3477; x_wconf 91' lang='lat' dir='ltr'><strong>duos</strong></span> <span class='ocrx_word' id='word_1_527' title='bbox 1729 3421 1885 3490; x_wconf 91' lang='lat' dir='ltr'><strong>ﬁlios,</strong></span> 
     </span>
    </p>
   </div>
   <div class='ocr_carea' id='block_1_67' title="bbox 287 3508 1888 3582">
    <p class='ocr_par' dir='ltr' id='par_1_67' title="bbox 287 3508 1888 3582">
     <span class='ocr_line' id='line_1_67' title="bbox 287 3508 1888 3582; baseline 0.001 -18"><span class='ocrx_word' id='word_1_528' title='bbox 287 3510 396 3565; x_wconf 85' lang='lat' dir='ltr'><strong>sed</strong></span> <span class='ocrx_word' id='word_1_529' title='bbox 421 3510 592 3564; x_wconf 88' lang='lat' dir='ltr'><strong>Deum</strong></span> <span class='ocrx_word' id='word_1_530' title='bbox 619 3517 672 3564; x_wconf 91' lang='lat' dir='ltr'><strong>et</strong></span> <span class='ocrx_word' id='word_1_531' title='bbox 705 3508 981 3564; x_wconf 87' lang='lat' dir='ltr'><strong>hominem</strong></span> <span class='ocrx_word' id='word_1_532' title='bbox 1006 3524 1170 3564; x_wconf 90' lang='lat' dir='ltr'><strong>unum</strong></span> <span class='ocrx_word' id='word_1_533' title='bbox 1219 3509 1430 3565; x_wconf 85' lang='lat' dir='ltr'><strong>Filium.</strong></span> <span class='ocrx_word' id='word_1_534' title='bbox 1457 3510 1632 3578; x_wconf 85' lang='lat' dir='ltr'><strong>Quem</strong></span> <span class='ocrx_word' id='word_1_535' title='bbox 1663 3520 1888 3582; x_wconf 88' lang='lat' dir='ltr'><strong>propte-</strong></span> 
     </span>
    </p>
   </div>
   <div class='ocr_carea' id='block_1_68' title="bbox 279 3596 1888 3670">
    <p class='ocr_par' dir='ltr' id='par_1_68' title="bbox 279 3596 1888 3670">
     <span class='ocr_line' id='line_1_68' title="bbox 279 3596 1888 3670; baseline -0.001 -16"><span class='ocrx_word' id='word_1_536' title='bbox 279 3614 384 3654; x_wconf 84' lang='lat' dir='ltr'><strong>rea</strong></span> <span class='ocrx_word' id='word_1_537' title='bbox 416 3596 768 3670; x_wconf 80' lang='lat' dir='ltr'><strong>Unigenitum</strong></span> <span class='ocrx_word' id='word_1_538' title='bbox 817 3597 1068 3663; x_wconf 88' lang='lat' dir='ltr'><strong>dicimus,</strong></span> <span class='ocrx_word' id='word_1_539' title='bbox 1093 3605 1398 3653; x_wconf 87' lang='lat' dir='ltr'><strong>manentem</strong></span> <span class='ocrx_word' id='word_1_540' title='bbox 1431 3599 1484 3653; x_wconf 91' lang='lat' dir='ltr'><strong>in</strong></span> <span class='ocrx_word' id='word_1_541' title='bbox 1516 3598 1730 3654; x_wconf 89' lang='lat' dir='ltr'><strong>duabus</strong></span> <span class='ocrx_word' id='word_1_542' title='bbox 1761 3600 1888 3654; x_wconf 82' lang='lat' dir='ltr'><strong>sub-</strong></span> 
     </span>
    </p>
   </div>
   <div class='ocr_carea' id='block_1_69' title="bbox 291 3693 1890 3760">
    <p class='ocr_par' dir='ltr' id='par_1_69' title="bbox 291 3693 1890 3760">
     <span class='ocr_line' id='line_1_69' title="bbox 291 3693 1890 3760; baseline 0 -10"><span class='ocrx_word' id='word_1_543' title='bbox 291 3695 526 3760; x_wconf 88' lang='lat' dir='ltr'><strong>stantiis,</strong></span> <span class='ocrx_word' id='word_1_544' title='bbox 565 3694 705 3749; x_wconf 91' lang='lat' dir='ltr'><strong>sicut</strong></span> <span class='ocrx_word' id='word_1_545' title='bbox 727 3693 781 3747; x_wconf 89' lang='lat' dir='ltr'><strong>ei</strong></span> <span class='ocrx_word' id='word_1_546' title='bbox 812 3693 1010 3748; x_wconf 88' lang='lat' dir='ltr'><strong>veritas</strong></span> <span class='ocrx_word' id='word_1_547' title='bbox 1041 3702 1247 3748; x_wconf 65' lang='lat' dir='ltr'><strong>natura:</strong></span> <span class='ocrx_word' id='word_1_548' title='bbox 1283 3695 1528 3760; x_wconf 88' lang='lat' dir='ltr'><strong>contulit,</strong></span> <span class='ocrx_word' id='word_1_549' title='bbox 1562 3711 1668 3751; x_wconf 91' lang='lat' dir='ltr'><strong>non</strong></span> <span class='ocrx_word' id='word_1_550' title='bbox 1700 3696 1890 3751; x_wconf 81' lang='lat' dir='ltr'><strong>confu-</strong></span> 
     </span>
    </p>
   </div>
   <div class='ocr_carea' id='block_1_70' title="bbox 289 3781 1886 3853">
    <p class='ocr_par' dir='ltr' id='par_1_70' title="bbox 289 3781 1886 3853">
     <span class='ocr_line' id='line_1_70' title="bbox 289 3781 1886 3853; baseline 0 -15"><span class='ocrx_word' id='word_1_551' title='bbox 289 3785 367 3839; x_wconf 89' lang='lat' dir='ltr'><strong>sis</strong></span> <span class='ocrx_word' id='word_1_552' title='bbox 399 3783 628 3848; x_wconf 90' lang='lat' dir='ltr'><strong>naturis,</strong></span> <span class='ocrx_word' id='word_1_553' title='bbox 654 3797 837 3853; x_wconf 85' lang='lat' dir='ltr'><strong>neque</strong></span> <span class='ocrx_word' id='word_1_554' title='bbox 881 3781 1157 3837; x_wconf 89' lang='lat' dir='ltr'><strong>immistis.</strong></span> <span class='ocrx_word' id='word_1_555' title='bbox 1200 3783 1276 3836; x_wconf 92' lang='lat' dir='ltr'><strong>Ita</strong></span> <span class='ocrx_word' id='word_1_556' title='bbox 1299 3783 1442 3839; x_wconf 90' lang='lat' dir='ltr'><strong>enim</strong></span> <span class='ocrx_word' id='word_1_557' title='bbox 1474 3783 1640 3838; x_wconf 83' lang='lat' dir='ltr'><strong>Filius</strong></span> <span class='ocrx_word' id='word_1_558' title='bbox 1669 3800 1886 3839; x_wconf 89' lang='lat' dir='ltr'><strong>assum-</strong></span> 
     </span>
    </p>
   </div>
   <div class='ocr_carea' id='block_1_71' title="bbox 286 3879 1884 3953">
    <p class='ocr_par' dir='ltr' id='par_1_71' title="bbox 286 3879 1884 3953">
     <span class='ocr_line' id='line_1_71' title="bbox 286 3879 1884 3953; baseline 0.001 -18"><span class='ocrx_word' id='word_1_559' title='bbox 286 3880 394 3953; x_wconf 89' lang='lat' dir='ltr'><strong>psit</strong></span> <span class='ocrx_word' id='word_1_560' title='bbox 441 3879 744 3944; x_wconf 89' lang='lat' dir='ltr'><strong>hominem,</strong></span> <span class='ocrx_word' id='word_1_561' title='bbox 778 3885 838 3933; x_wconf 91' lang='lat' dir='ltr'><strong>ut</strong></span> <span class='ocrx_word' id='word_1_562' title='bbox 893 3879 985 3950; x_wconf 90' lang='lat' dir='ltr'><strong>qui</strong></span> <span class='ocrx_word' id='word_1_563' title='bbox 1041 3880 1302 3951; x_wconf 88' lang='lat' dir='ltr'><strong>suscepit,</strong></span> <span class='ocrx_word' id='word_1_564' title='bbox 1332 3887 1387 3935; x_wconf 87' lang='lat' dir='ltr'><strong>et</strong></span> <span class='ocrx_word' id='word_1_565' title='bbox 1431 3881 1577 3953; x_wconf 89' lang='lat' dir='ltr'><strong>quod</strong></span> <span class='ocrx_word' id='word_1_566' title='bbox 1627 3883 1884 3953; x_wconf 90' lang='lat' dir='ltr'><strong>suscepit,</strong></span> 
     </span>
    </p>
   </div>
   <div class='ocr_carea' id='block_1_72' title="bbox 279 3974 1888 4050">
    <p class='ocr_par' dir='ltr' id='par_1_72' title="bbox 279 3974 1888 4050">
     <span class='ocr_line' id='line_1_72' title="bbox 279 3974 1888 4050; baseline 0.001 -16"><span class='ocrx_word' id='word_1_567' title='bbox 279 3994 386 4034; x_wconf 89' lang='lat' dir='ltr'><strong>una</strong></span> <span class='ocrx_word' id='word_1_568' title='bbox 418 3985 568 4034; x_wconf 75' lang='lat' dir='ltr'><strong>esset</strong></span> <span class='ocrx_word' id='word_1_569' title='bbox 600 3977 657 4030; x_wconf 91' lang='lat' dir='ltr'><strong>in</strong></span> <span class='ocrx_word' id='word_1_570' title='bbox 690 3974 931 4031; x_wconf 88' lang='lat' dir='ltr'><strong>trinitate</strong></span> <span class='ocrx_word' id='word_1_571' title='bbox 967 3991 1225 4046; x_wconf 87' lang='lat' dir='ltr'><strong>persona.</strong></span> <span class='ocrx_word' id='word_1_572' title='bbox 1267 3978 1460 4050; x_wconf 86' lang='lat' dir='ltr'><strong>Neque</strong></span> <span class='ocrx_word' id='word_1_573' title='bbox 1489 3979 1636 4034; x_wconf 90' lang='lat' dir='ltr'><strong>enim</strong></span> <span class='ocrx_word' id='word_1_574' title='bbox 1666 3980 1888 4036; x_wconf 91' lang='lat' dir='ltr'><strong>homine</strong></span> 
     </span>
    </p>
   </div>
   <div class='ocr_carea' id='block_1_73' title="bbox 274 4072 1888 4147">
    <p class='ocr_par' dir='ltr' id='par_1_73' title="bbox 274 4072 1888 4147">
     <span class='ocr_line' id='line_1_73' title="bbox 274 4072 1888 4147; baseline 0.001 -16"><span class='ocrx_word' id='word_1_575' title='bbox 274 4081 559 4147; x_wconf 88' lang='lat' dir='ltr'><strong>assumpto</strong></span> <span class='ocrx_word' id='word_1_576' title='bbox 595 4072 948 4146; x_wconf 87' lang='lat' dir='ltr'><strong>quaternitas</strong></span> <span class='ocrx_word' id='word_1_577' title='bbox 988 4072 1129 4130; x_wconf 80' lang='lat' dir='ltr'><strong>facta</strong></span> <span class='ocrx_word' id='word_1_578' title='bbox 1160 4081 1261 4128; x_wconf 87' lang='lat' dir='ltr'><strong>est.</strong></span> <span class='ocrx_word' id='word_1_579' title='bbox 1287 4075 1395 4130; x_wconf 86' lang='lat' dir='ltr'><strong>Sed</strong></span> <span class='ocrx_word' id='word_1_580' title='bbox 1427 4075 1636 4132; x_wconf 84' lang='lat' dir='ltr'><strong>trinitas</strong></span> <span class='ocrx_word' id='word_1_581' title='bbox 1666 4078 1888 4145; x_wconf 87' lang='lat' dir='ltr'><strong>mansit,</strong></span> 
     </span>
    </p>
   </div>
   <div class='ocr_carea' id='block_1_74' title="bbox 269 4167 1891 4244">
    <p class='ocr_par' dir='ltr' id='par_1_74' title="bbox 269 4167 1891 4244">
     <span class='ocr_line' id='line_1_74' title="bbox 269 4167 1891 4244; baseline 0 -14"><span class='ocrx_word' id='word_1_582' title='bbox 269 4173 666 4244; x_wconf 88' lang='lat' dir='ltr'><strong>assumptione</strong></span> <span class='ocrx_word' id='word_1_583' title='bbox 696 4167 1164 4226; x_wconf 78' lang='lat' dir='ltr'><strong>illa&#39;inefl‘abiliter</strong></span> <span class='ocrx_word' id='word_1_584' title='bbox 1192 4169 1426 4227; x_wconf 84' lang='lat' dir='ltr'><strong>faciente</strong></span> <span class='ocrx_word' id='word_1_585' title='bbox 1452 4189 1703 4244; x_wconf 68' lang='lat' dir='ltr'><strong>personae</strong></span> <span class='ocrx_word' id='word_1_586' title='bbox 1731 4176 1891 4232; x_wconf 84' lang='lat' dir='ltr'><strong>unius</strong></span> 
     </span>
    </p>
   </div>
   <div class='ocr_carea' id='block_1_75' title="bbox 262 4264 1892 4338">
    <p class='ocr_par' dir='ltr' id='par_1_75' title="bbox 262 4264 1892 4338">
     <span class='ocr_line' id='line_1_75' title="bbox 262 4264 1892 4338; baseline 0 -12"><span class='ocrx_word' id='word_1_587' title='bbox 262 4271 321 4326; x_wconf 91' lang='lat' dir='ltr'><strong>in</strong></span> <span class='ocrx_word' id='word_1_588' title='bbox 343 4271 467 4325; x_wconf 91' lang='lat' dir='ltr'><strong>Deo</strong></span> <span class='ocrx_word' id='word_1_589' title='bbox 495 4275 552 4323; x_wconf 89' lang='lat' dir='ltr'><strong>et</strong></span> <span class='ocrx_word' id='word_1_590' title='bbox 580 4264 810 4320; x_wconf 89' lang='lat' dir='ltr'><strong>homine</strong></span> <span class='ocrx_word' id='word_1_591' title='bbox 841 4265 1144 4329; x_wconf 87' lang='lat' dir='ltr'><strong>veritatem,</strong></span> <span class='ocrx_word' id='word_1_592' title='bbox 1167 4268 1420 4338; x_wconf 89' lang='lat' dir='ltr'><strong>quoniam</strong></span> <span class='ocrx_word' id='word_1_593' title='bbox 1443 4285 1552 4325; x_wconf 91' lang='lat' dir='ltr'><strong>non</strong></span> <span class='ocrx_word' id='word_1_594' title='bbox 1574 4272 1745 4328; x_wconf 89' lang='lat' dir='ltr'><strong>Deum</strong></span> <span class='ocrx_word' id='word_1_595' title='bbox 1776 4282 1892 4328; x_wconf 82' lang='lat' dir='ltr'><strong>tan-</strong></span> 
     </span>
    </p>
   </div>
   <div class='ocr_carea' id='block_1_76' title="bbox 257 4362 1894 4439">
    <p class='ocr_par' dir='ltr' id='par_1_76' title="bbox 257 4362 1894 4439">
     <span class='ocr_line' id='line_1_76' title="bbox 257 4362 1894 4439; baseline 0 -13"><span class='ocrx_word' id='word_1_596' title='bbox 257 4378 394 4434; x_wconf 91' lang='lat' dir='ltr'><strong>tum,</strong></span> <span class='ocrx_word' id='word_1_597' title='bbox 430 4381 542 4422; x_wconf 89' lang='lat' dir='ltr'><strong>nec</strong></span> <span class='ocrx_word' id='word_1_598' title='bbox 604 4362 894 4418; x_wconf 89' lang='lat' dir='ltr'><strong>hominem</strong></span> <span class='ocrx_word' id='word_1_599' title='bbox 926 4369 1128 4417; x_wconf 83' lang='lat' dir='ltr'><strong>tantum</strong></span> <span class='ocrx_word' id='word_1_600' title='bbox 1185 4362 1417 4423; x_wconf 87' lang='lat' dir='ltr'><strong>dicimus</strong></span> <span class='ocrx_word' id='word_1_601' title='bbox 1464 4369 1762 4439; x_wconf 87' lang='lat' dir='ltr'><strong>Christum,</strong></span> <span class='ocrx_word' id='word_1_602' title='bbox 1796 4371 1894 4426; x_wconf 89' lang='lat' dir='ltr'><strong>sed</strong></span> 
     </span>
    </p>
   </div>
   <div class='ocr_carea' id='block_1_77' title="bbox 1994 3240 3585 3308">
    <p class='ocr_par' dir='ltr' id='par_1_77' title="bbox 1994 3240 3585 3308">
     <span class='ocr_line' id='line_1_77' title="bbox 1994 3240 3585 3308; baseline -0.007 -4"><span class='ocrx_word' id='word_1_603' title='bbox 1994 3248 2128 3304; x_wconf 88' lang='lat' dir='ltr'><strong>nihil</strong></span> <span class='ocrx_word' id='word_1_604' title='bbox 2157 3248 2408 3304; x_wconf 91' lang='lat' dir='ltr'><strong>moribus</strong></span> <span class='ocrx_word' id='word_1_605' title='bbox 2439 3245 2522 3302; x_wconf 90' lang='lat' dir='ltr'><strong>vel</strong></span> <span class='ocrx_word' id='word_1_606' title='bbox 2555 3245 2828 3300; x_wconf 86' lang='lat' dir='ltr'><strong>voluntate</strong></span> <span class='ocrx_word' id='word_1_607' title='bbox 2859 3245 3159 3308; x_wconf 89' lang='lat' dir='ltr'><strong>diversum,</strong></span> <span class='ocrx_word' id='word_1_608' title='bbox 3203 3241 3334 3296; x_wconf 89' lang='lat' dir='ltr'><strong>nihil</strong></span> <span class='ocrx_word' id='word_1_609' title='bbox 3376 3241 3444 3296; x_wconf 91' lang='lat' dir='ltr'><strong>de</strong></span> <span class='ocrx_word' id='word_1_610' title='bbox 3464 3240 3585 3295; x_wconf 83' lang='lat' dir='ltr'><strong>Tri-</strong></span> 
     </span>
    </p>
   </div>
   <div class='ocr_carea' id='block_1_78' title="bbox 1997 3329 3584 3394">
    <p class='ocr_par' dir='ltr' id='par_1_78' title="bbox 1997 3329 3584 3394">
     <span class='ocr_line' id='line_1_78' title="bbox 1997 3329 3584 3394; baseline -0.006 -2"><span class='ocrx_word' id='word_1_611' title='bbox 1997 3338 2182 3393; x_wconf 88' lang='lat' dir='ltr'><strong>nitatis</strong></span> <span class='ocrx_word' id='word_1_612' title='bbox 2203 3336 2438 3392; x_wconf 85' lang='lat' dir='ltr'><strong>essentia</strong></span> <span class='ocrx_word' id='word_1_613' title='bbox 2473 3335 2544 3390; x_wconf 91' lang='lat' dir='ltr'><strong>ad</strong></span> <span class='ocrx_word' id='word_1_614' title='bbox 2569 3342 2947 3390; x_wconf 89' lang='lat' dir='ltr'><strong>creaturarum</strong></span> <span class='ocrx_word' id='word_1_615' title='bbox 2996 3341 3248 3386; x_wconf 88' lang='lat' dir='ltr'><strong>naturam</strong></span> <span class='ocrx_word' id='word_1_616' title='bbox 3272 3329 3584 3394; x_wconf 89' lang='lat' dir='ltr'><strong>deductum,</strong></span> 
     </span>
    </p>
   </div>
   <div class='ocr_carea' id='block_1_79' title="bbox 1997 3417 3584 3495">
    <p class='ocr_par' dir='ltr' id='par_1_79' title="bbox 1997 3417 3584 3495">
     <span class='ocr_line' id='line_1_79' title="bbox 1997 3417 3584 3495; baseline -0.008 -13"><span class='ocrx_word' id='word_1_617' title='bbox 1997 3426 2130 3482; x_wconf 90' lang='lat' dir='ltr'><strong>nihil</strong></span> <span class='ocrx_word' id='word_1_618' title='bbox 2177 3424 2357 3481; x_wconf 70' lang='lat' dir='ltr'><strong>ofﬁcio</strong></span> <span class='ocrx_word' id='word_1_619' title='bbox 2407 3423 2708 3495; x_wconf 77' lang='lat' dir='ltr'><strong>singulare,</strong></span> <span class='ocrx_word' id='word_1_620' title='bbox 2752 3436 2853 3477; x_wconf 90' lang='lat' dir='ltr'><strong>nec</strong></span> <span class='ocrx_word' id='word_1_621' title='bbox 2911 3420 3069 3475; x_wconf 89' lang='lat' dir='ltr'><strong>alteri</strong></span> <span class='ocrx_word' id='word_1_622' title='bbox 3112 3417 3584 3482; x_wconf 85' lang='lat' dir='ltr'><strong>communicabile,</strong></span> 
     </span>
    </p>
   </div>
   <div class='ocr_carea' id='block_1_80' title="bbox 1996 3507 3590 3580">
    <p class='ocr_par' dir='ltr' id='par_1_80' title="bbox 1996 3507 3590 3580">
     <span class='ocr_line' id='line_1_80' title="bbox 1996 3507 3590 3580; baseline -0.007 -10"><span class='ocrx_word' id='word_1_623' title='bbox 1996 3515 2130 3571; x_wconf 90' lang='lat' dir='ltr'><strong>nihil</strong></span> <span class='ocrx_word' id='word_1_624' title='bbox 2186 3513 2490 3580; x_wconf 79' lang='lat' dir='ltr'><strong>confusum,</strong></span> <span class='ocrx_word' id='word_1_625' title='bbox 2525 3511 2622 3568; x_wconf 90' lang='lat' dir='ltr'><strong>sed</strong></span> <span class='ocrx_word' id='word_1_626' title='bbox 2654 3519 2819 3566; x_wconf 90' lang='lat' dir='ltr'><strong>totum</strong></span> <span class='ocrx_word' id='word_1_627' title='bbox 2880 3508 3180 3580; x_wconf 86' lang='lat' dir='ltr'><strong>perfectum</strong></span> <span class='ocrx_word' id='word_1_628' title='bbox 3215 3525 3228 3562; x_wconf 88' lang='lat'><strong>:</strong></span> <span class='ocrx_word' id='word_1_629' title='bbox 3261 3507 3391 3578; x_wconf 88' lang='lat' dir='ltr'><strong>quia</strong></span> <span class='ocrx_word' id='word_1_630' title='bbox 3419 3515 3590 3560; x_wconf 86' lang='lat' dir='ltr'><strong>totum</strong></span> 
     </span>
    </p>
   </div>
   <div class='ocr_carea' id='block_1_81' title="bbox 1998 3596 3590 3669">
    <p class='ocr_par' dir='ltr' id='par_1_81' title="bbox 1998 3596 3590 3669">
     <span class='ocr_line' id='line_1_81' title="bbox 1998 3596 3590 3669; baseline -0.008 -9"><span class='ocrx_word' id='word_1_631' title='bbox 1998 3622 2062 3660; x_wconf 86' lang='lat' dir='ltr'><strong>ex</strong></span> <span class='ocrx_word' id='word_1_632' title='bbox 2093 3620 2222 3669; x_wconf 92' lang='lat' dir='ltr'><strong>uno,</strong></span> <span class='ocrx_word' id='word_1_633' title='bbox 2255 3611 2308 3658; x_wconf 91' lang='lat' dir='ltr'><strong>et</strong></span> <span class='ocrx_word' id='word_1_634' title='bbox 2365 3618 2552 3666; x_wconf 89' lang='lat' dir='ltr'><strong>unum,</strong></span> <span class='ocrx_word' id='word_1_635' title='bbox 2610 3616 2720 3656; x_wconf 91' lang='lat' dir='ltr'><strong>non</strong></span> <span class='ocrx_word' id='word_1_636' title='bbox 2776 3607 2953 3653; x_wconf 89' lang='lat' dir='ltr'><strong>tamen</strong></span> <span class='ocrx_word' id='word_1_637' title='bbox 3011 3596 3334 3652; x_wconf 85' lang='lat' dir='ltr'><strong>solitarium.</strong></span> <span class='ocrx_word' id='word_1_638' title='bbox 3383 3597 3521 3649; x_wconf 85' lang='lat' dir='ltr'><strong>Item</strong></span> <span class='ocrx_word' id='word_1_639' title='bbox 3576 3612 3590 3648; x_wconf 91' lang='lat'><strong>:</strong></span> 
     </span>
    </p>
   </div>
   <div class='ocr_carea' id='block_1_82' title="bbox 1998 3685 3590 3762">
    <p class='ocr_par' dir='ltr' id='par_1_82' title="bbox 1998 3685 3590 3762">
     <span class='ocr_line' id='line_1_82' title="bbox 1998 3685 3590 3762; baseline -0.008 -14"><span class='ocrx_word' id='word_1_640' title='bbox 1998 3692 2330 3748; x_wconf 84' lang='lat' dir='ltr'><strong>Homousion</strong></span> <span class='ocrx_word' id='word_1_641' title='bbox 2391 3706 2529 3762; x_wconf 77' lang='lat' dir='ltr'><strong>ergo</strong></span> <span class='ocrx_word' id='word_1_642' title='bbox 2555 3690 2610 3744; x_wconf 93' lang='lat' dir='ltr'><strong>in</strong></span> <span class='ocrx_word' id='word_1_643' title='bbox 2640 3688 2918 3744; x_wconf 87' lang='lat' dir='ltr'><strong>divinitate</strong></span> <span class='ocrx_word' id='word_1_644' title='bbox 2949 3685 3087 3741; x_wconf 89' lang='lat' dir='ltr'><strong>Patri</strong></span> <span class='ocrx_word' id='word_1_645' title='bbox 3127 3685 3324 3749; x_wconf 87' lang='lat' dir='ltr'><strong>Filius;</strong></span> <span class='ocrx_word' id='word_1_646' title='bbox 3357 3685 3590 3738; x_wconf 89' lang='lat' dir='ltr'><strong>homou-</strong></span> 
     </span>
    </p>
   </div>
   <div class='ocr_carea' id='block_1_83' title="bbox 1996 3779 3591 3855">
    <p class='ocr_par' dir='ltr' id='par_1_83' title="bbox 1996 3779 3591 3855">
     <span class='ocr_line' id='line_1_83' title="bbox 1996 3779 3591 3855; baseline -0.006 -11"><span class='ocrx_word' id='word_1_647' title='bbox 1996 3791 2114 3845; x_wconf 92' lang='lat' dir='ltr'><strong>sion</strong></span> <span class='ocrx_word' id='word_1_648' title='bbox 2157 3789 2302 3844; x_wconf 89' lang='lat' dir='ltr'><strong>Patri</strong></span> <span class='ocrx_word' id='word_1_649' title='bbox 2359 3797 2410 3843; x_wconf 89' lang='lat' dir='ltr'><strong>et</strong></span> <span class='ocrx_word' id='word_1_650' title='bbox 2468 3787 2602 3842; x_wconf 84' lang='lat' dir='ltr'><strong>Filio</strong></span> <span class='ocrx_word' id='word_1_651' title='bbox 2661 3784 2894 3855; x_wconf 89' lang='lat' dir='ltr'><strong>Spiritus</strong></span> <span class='ocrx_word' id='word_1_652' title='bbox 2943 3789 3210 3838; x_wconf 89' lang='lat' dir='ltr'><strong>sanctus:</strong></span> <span class='ocrx_word' id='word_1_653' title='bbox 3255 3779 3591 3837; x_wconf 84' lang='lat' dir='ltr'><strong>IIomousion</strong></span> 
     </span>
    </p>
   </div>
   <div class='ocr_carea' id='block_1_84' title="bbox 1997 3876 3586 3954">
    <p class='ocr_par' dir='ltr' id='par_1_84' title="bbox 1997 3876 3586 3954">
     <span class='ocr_line' id='line_1_84' title="bbox 1997 3876 3586 3954; baseline -0.006 -11"><span class='ocrx_word' id='word_1_654' title='bbox 1997 3889 2113 3943; x_wconf 92' lang='lat' dir='ltr'><strong>Deo</strong></span> <span class='ocrx_word' id='word_1_655' title='bbox 2142 3894 2194 3942; x_wconf 88' lang='lat' dir='ltr'><strong>et</strong></span> <span class='ocrx_word' id='word_1_656' title='bbox 2222 3884 2448 3954; x_wconf 91' lang='lat' dir='ltr'><strong>homini,</strong></span> <span class='ocrx_word' id='word_1_657' title='bbox 2491 3899 2629 3938; x_wconf 92' lang='lat' dir='ltr'><strong>unus</strong></span> <span class='ocrx_word' id='word_1_658' title='bbox 2654 3882 2820 3937; x_wconf 77' lang='lat' dir='ltr'><strong>Filius</strong></span> <span class='ocrx_word' id='word_1_659' title='bbox 2847 3895 3071 3934; x_wconf 87' lang='lat' dir='ltr'><strong>manens</strong></span> <span class='ocrx_word' id='word_1_660' title='bbox 3103 3879 3247 3933; x_wconf 89' lang='lat' dir='ltr'><strong>Deus</strong></span> <span class='ocrx_word' id='word_1_661' title='bbox 3279 3877 3331 3931; x_wconf 92' lang='lat' dir='ltr'><strong>in</strong></span> <span class='ocrx_word' id='word_1_662' title='bbox 3361 3876 3586 3933; x_wconf 87' lang='lat' dir='ltr'><strong>homine</strong></span> 
     </span>
    </p>
   </div>
   <div class='ocr_carea' id='block_1_85' title="bbox 1999 3975 3590 4054">
    <p class='ocr_par' dir='ltr' id='par_1_85' title="bbox 1999 3975 3590 4054">
     <span class='ocr_line' id='line_1_85' title="bbox 1999 3975 3590 4054; baseline -0.006 -15"><span class='ocrx_word' id='word_1_663' title='bbox 1999 4000 2124 4040; x_wconf 88' lang='lat' dir='ltr'><strong>suo.</strong></span> <span class='ocrx_word' id='word_1_664' title='bbox 2155 3985 2213 4038; x_wconf 90' lang='lat' dir='ltr'><strong>In</strong></span> <span class='ocrx_word' id='word_1_665' title='bbox 2243 3982 2420 4054; x_wconf 81' lang='lat' dir='ltr'><strong>gloria</strong></span> <span class='ocrx_word' id='word_1_666' title='bbox 2461 3981 2632 4036; x_wconf 88' lang='lat' dir='ltr'><strong>Patris</strong></span> <span class='ocrx_word' id='word_1_667' title='bbox 2659 3977 3036 4034; x_wconf 87' lang='lat' dir='ltr'><strong>desiderabilis</strong></span> <span class='ocrx_word' id='word_1_668' title='bbox 3084 3975 3256 4031; x_wconf 79' lang='lat' dir='ltr'><strong>videri</strong></span> <span class='ocrx_word' id='word_1_669' title='bbox 3313 3975 3382 4029; x_wconf 89' lang='lat' dir='ltr'><strong>ab</strong></span> <span class='ocrx_word' id='word_1_670' title='bbox 3413 3991 3590 4046; x_wconf 76' lang='lat' dir='ltr'><strong>ange-</strong></span> 
     </span>
    </p>
   </div>
   <div class='ocr_carea' id='block_1_86' title="bbox 1999 4069 3591 4143">
    <p class='ocr_par' dir='ltr' id='par_1_86' title="bbox 1999 4069 3591 4143">
     <span class='ocr_line' id='line_1_86' title="bbox 1999 4069 3591 4143; baseline -0.006 -7"><span class='ocrx_word' id='word_1_671' title='bbox 1999 4080 2067 4136; x_wconf 90' lang='lat' dir='ltr'><strong>lis</strong></span> <span class='ocrx_word' id='word_1_672' title='bbox 2099 4100 2110 4136; x_wconf 90' lang='lat'><strong>:</strong></span> <span class='ocrx_word' id='word_1_673' title='bbox 2145 4081 2225 4137; x_wconf 88' lang='lat' dir='ltr'><strong>sic</strong></span> <span class='ocrx_word' id='word_1_674' title='bbox 2257 4081 2417 4135; x_wconf 89' lang='lat' dir='ltr'><strong>Pater</strong></span> <span class='ocrx_word' id='word_1_675' title='bbox 2447 4085 2500 4134; x_wconf 90' lang='lat' dir='ltr'><strong>et</strong></span> <span class='ocrx_word' id='word_1_676' title='bbox 2530 4077 2715 4143; x_wconf 84' lang='lat' dir='ltr'><strong>Filius,</strong></span> <span class='ocrx_word' id='word_1_677' title='bbox 2750 4083 2802 4131; x_wconf 91' lang='lat' dir='ltr'><strong>et</strong></span> <span class='ocrx_word' id='word_1_678' title='bbox 2830 4073 3064 4143; x_wconf 90' lang='lat' dir='ltr'><strong>Spiritus</strong></span> <span class='ocrx_word' id='word_1_679' title='bbox 3095 4080 3313 4142; x_wconf 83' lang='lat' dir='ltr'><strong>sanctus</strong></span> <span class='ocrx_word' id='word_1_680' title='bbox 3333 4069 3591 4126; x_wconf 89' lang='lat' dir='ltr'><strong>adoratur</strong></span> 
     </span>
    </p>
   </div>
   <div class='ocr_carea' id='block_1_87' title="bbox 2001 4170 3592 4249">
    <p class='ocr_par' dir='ltr' id='par_1_87' title="bbox 2001 4170 3592 4249">
     <span class='ocr_line' id='line_1_87' title="bbox 2001 4170 3592 4249; baseline -0.006 -15"><span class='ocrx_word' id='word_1_681' title='bbox 2001 4179 2069 4234; x_wconf 89' lang='lat' dir='ltr'><strong>ab</strong></span> <span class='ocrx_word' id='word_1_682' title='bbox 2125 4177 2333 4249; x_wconf 79' lang='lat' dir='ltr'><strong>angelis</strong></span> <span class='ocrx_word' id='word_1_683' title='bbox 2389 4184 2444 4232; x_wconf 92' lang='lat' dir='ltr'><strong>et</strong></span> <span class='ocrx_word' id='word_1_684' title='bbox 2490 4175 2638 4231; x_wconf 90' lang='lat' dir='ltr'><strong>omni</strong></span> <span class='ocrx_word' id='word_1_685' title='bbox 2699 4181 2964 4236; x_wconf 88' lang='lat' dir='ltr'><strong>creatura,</strong></span> <span class='ocrx_word' id='word_1_686' title='bbox 2993 4185 3102 4224; x_wconf 89' lang='lat' dir='ltr'><strong>non</strong></span> <span class='ocrx_word' id='word_1_687' title='bbox 3158 4170 3320 4224; x_wconf 91' lang='lat' dir='ltr'><strong>homo</strong></span> <span class='ocrx_word' id='word_1_688' title='bbox 3372 4177 3592 4240; x_wconf 87' lang='lat' dir='ltr'><strong>propter</strong></span> 
     </span>
    </p>
   </div>
   <div class='ocr_carea' id='block_1_88' title="bbox 2002 4265 3591 4340">
    <p class='ocr_par' dir='ltr' id='par_1_88' title="bbox 2002 4265 3591 4340">
     <span class='ocr_line' id='line_1_88' title="bbox 2002 4265 3591 4340; baseline -0.004 -11"><span class='ocrx_word' id='word_1_689' title='bbox 2002 4275 2198 4340; x_wconf 90' lang='lat' dir='ltr'><strong>Deum,</strong></span> <span class='ocrx_word' id='word_1_690' title='bbox 2233 4274 2316 4329; x_wconf 90' lang='lat' dir='ltr'><strong>vel</strong></span> <span class='ocrx_word' id='word_1_691' title='bbox 2346 4273 2590 4327; x_wconf 86' lang='lat' dir='ltr'><strong>Christus</strong></span> <span class='ocrx_word' id='word_1_692' title='bbox 2638 4286 2760 4326; x_wconf 87' lang='lat' dir='ltr'><strong>cum</strong></span> <span class='ocrx_word' id='word_1_693' title='bbox 2802 4269 2936 4333; x_wconf 79' lang='lat' dir='ltr'><strong>Deo,</strong></span> <span class='ocrx_word' id='word_1_694' title='bbox 2971 4267 3067 4322; x_wconf 90' lang='lat' dir='ltr'><strong>sed</strong></span> <span class='ocrx_word' id='word_1_695' title='bbox 3089 4267 3251 4321; x_wconf 91' lang='lat' dir='ltr'><strong>homo</strong></span> <span class='ocrx_word' id='word_1_696' title='bbox 3281 4265 3334 4320; x_wconf 91' lang='lat' dir='ltr'><strong>in</strong></span> <span class='ocrx_word' id='word_1_697' title='bbox 3368 4267 3502 4332; x_wconf 88' lang='lat' dir='ltr'><strong>Deo,</strong></span> <span class='ocrx_word' id='word_1_698' title='bbox 3537 4275 3591 4322; x_wconf 91' lang='lat' dir='ltr'><strong>et</strong></span> 
     </span>
    </p>
   </div>
   <div class='ocr_carea' id='block_1_89' title="bbox 2004 4371 2503 4428">
    <p class='ocr_par' dir='ltr' id='par_1_89' title="bbox 2004 4371 2503 4428">
     <span class='ocr_line' id='line_1_89' title="bbox 2004 4371 2503 4428; baseline -0.006 -1"><span class='ocrx_word' id='word_1_699' title='bbox 2004 4372 2059 4428; x_wconf 92' lang='lat' dir='ltr'><strong>in</strong></span> <span class='ocrx_word' id='word_1_700' title='bbox 2091 4371 2309 4427; x_wconf 91' lang='lat' dir='ltr'><strong>homine</strong></span> <span class='ocrx_word' id='word_1_701' title='bbox 2339 4371 2503 4425; x_wconf 92' lang='lat' dir='ltr'><strong>Deus.</strong></span> 
     </span>
    </p>
   </div>
   <div class='ocr_carea' id='block_1_90' title="bbox 261 4573 3585 4599">
    <p class='ocr_par' dir='ltr' id='par_1_90' title="bbox 261 4573 3585 4599">
     <span class='ocr_line' id='line_1_90' title="bbox 261 4573 3585 4599; baseline -0.002 -3"><span class='ocrx_word' id='word_1_702' title='bbox 261 4573 3585 4599; x_wconf 58' lang='lat' dir='ltr'><strong>Wm—</strong></span> 
     </span>
    </p>
   </div>
   <div class='ocr_carea' id='block_1_91' title="bbox 1729 4751 2151 4844">
    <p class='ocr_par' dir='ltr' id='par_1_91' title="bbox 1729 4751 2151 4844">
     <span class='ocr_line' id='line_1_91' title="bbox 1729 4751 2151 4844; baseline -0.002 0"><span class='ocrx_word' id='word_1_703' title='bbox 1729 4751 2151 4844; x_wconf 86' lang='lat' dir='ltr'><strong>INCIPIT</strong></span> 
     </span>
    </p>
   </div>
   <div class='ocr_carea' id='block_1_92' title="bbox 828 5008 2950 5114">
    <p class='ocr_par' dir='ltr' id='par_1_92' title="bbox 828 5008 2950 5114">
     <span class='ocr_line' id='line_1_92' title="bbox 828 5008 2950 5114; baseline -0.002 -2"><span class='ocrx_word' id='word_1_704' title='bbox 828 5009 1196 5112; x_wconf 82' lang='lat' dir='ltr'><strong>LIBER</strong></span> <span class='ocrx_word' id='word_1_705' title='bbox 1272 5009 1730 5114; x_wconf 82' lang='lat' dir='ltr'><strong>PRIMUS</strong></span> <span class='ocrx_word' id='word_1_706' title='bbox 1828 5008 2950 5111; x_wconf 84' lang='lat' dir='ltr'><strong>DEFLORATIONUM.</strong></span> 
     </span>
    </p>
   </div>
   <div class='ocr_carea' id='block_1_93' title="bbox 1176 5349 1977 5447">
    <p class='ocr_par' dir='ltr' id='par_1_93' title="bbox 1176 5349 1977 5447">
     <span class='ocr_line' id='line_1_93' title="bbox 1176 5349 1977 5447; baseline -0.005 -2"><span class='ocrx_word' id='word_1_707' title='bbox 1176 5349 1977 5447; x_wconf 80' lang='lat' dir='ltr'><strong>DOMINICA</strong></span> 
     </span>
    </p>
   </div>
   <div class='ocr_carea' id='block_1_94' title="bbox 2097 5345 2708 5464">
    <p class='ocr_par' dir='ltr' id='par_1_94' title="bbox 2097 5345 2708 5464">
     <span class='ocr_line' id='line_1_94' title="bbox 2097 5345 2708 5464; baseline -0.002 -30"><span class='ocrx_word' id='word_1_708' title='bbox 2097 5345 2708 5464; x_wconf 77' lang='lat' dir='ltr'><strong>QUARTA</strong></span> 
     </span>
    </p>
   </div>
   <div class='ocr_carea' id='block_1_95' title="bbox 1424 5571 2462 5631">
    <p class='ocr_par' dir='ltr' id='par_1_95' title="bbox 1424 5571 2462 5631">
     <span class='ocr_line' id='line_1_95' title="bbox 1424 5571 2462 5631; baseline -0.004 -2"><span class='ocrx_word' id='word_1_709' title='bbox 1424 5573 1612 5631; x_wconf 83' lang='lat' dir='ltr'><strong>ANTE</strong></span> <span class='ocrx_word' id='word_1_710' title='bbox 1667 5573 2134 5629; x_wconf 73' lang='lat' dir='ltr'><strong>NATIVITATEM</strong></span> <span class='ocrx_word' id='word_1_711' title='bbox 2185 5571 2462 5628; x_wconf 79' lang='lat' dir='ltr'><strong>DOMINI.</strong></span> 
     </span>
    </p>
   </div>
   <div class='ocr_carea' id='block_1_96' title="bbox 328 5773 3591 5852">
    <p class='ocr_par' dir='ltr' id='par_1_96' title="bbox 328 5773 3591 5852">
     <span class='ocr_line' id='line_1_96' title="bbox 328 5773 3591 5852; baseline -0.002 -16"><span class='ocrx_word' id='word_1_712' title='bbox 328 5814 349 5836; x_wconf 76' lang='grc' dir='ltr'><strong><em>α</em></strong></span> <span class='ocrx_word' id='word_1_713' title='bbox 386 5783 632 5841; x_wconf 84' lang='lat' dir='ltr'><strong>Initium</strong></span> <span class='ocrx_word' id='word_1_714' title='bbox 657 5777 959 5852; x_wconf 76' lang='lat' dir='ltr'><strong>Evangelii</strong></span> <span class='ocrx_word' id='word_1_715' title='bbox 988 5780 1116 5835; x_wconf 83' lang='lat' dir='ltr'><strong>Jesu</strong></span> <span class='ocrx_word' id='word_1_716' title='bbox 1147 5779 1367 5847; x_wconf 90' lang='lat' dir='ltr'><strong>Christi,</strong></span> <span class='ocrx_word' id='word_1_717' title='bbox 1387 5779 1483 5834; x_wconf 84' lang='lat' dir='ltr'><strong>ﬁlii</strong></span> <span class='ocrx_word' id='word_1_718' title='bbox 1525 5779 1719 5836; x_wconf 88' lang='lat' dir='ltr'><strong>David.</strong></span> <span class='ocrx_word' id='word_1_719' title='bbox 1741 5779 1889 5836; x_wconf 86' lang='lat' dir='ltr'><strong>Sicut</strong></span> <span class='ocrx_word' id='word_1_720' title='bbox 1920 5778 1976 5842; x_wconf 89' lang='lat' dir='ltr'><strong>D</strong></span> <span class='ocrx_word' id='word_1_721' title='bbox 2002 5794 2181 5834; x_wconf 89' lang='lat' dir='ltr'><strong>meum</strong></span> <span class='ocrx_word' id='word_1_722' title='bbox 2211 5785 2333 5833; x_wconf 87' lang='lat' dir='ltr'><strong>ante</strong></span> <span class='ocrx_word' id='word_1_723' title='bbox 2365 5775 2555 5833; x_wconf 86' lang='lat' dir='ltr'><strong>faciem</strong></span> <span class='ocrx_word' id='word_1_724' title='bbox 2587 5782 2753 5840; x_wconf 90' lang='lat' dir='ltr'><strong>tuam,</strong></span> <span class='ocrx_word' id='word_1_725' title='bbox 2787 5774 2877 5846; x_wconf 90' lang='lat' dir='ltr'><strong>qui</strong></span> <span class='ocrx_word' id='word_1_726' title='bbox 2916 5773 3246 5845; x_wconf 68' lang='lat' dir='ltr'><strong>praeparabit</strong></span> <span class='ocrx_word' id='word_1_727' title='bbox 3277 5775 3414 5830; x_wconf 79' lang='lat' dir='ltr'><strong>viam</strong></span> <span class='ocrx_word' id='word_1_728' title='bbox 3447 5782 3591 5830; x_wconf 89' lang='lat' dir='ltr'><strong>tuam</strong></span> 
     </span>
    </p>
   </div>
   <div class='ocr_carea' id='block_1_97' title="bbox 231 5866 1892 5950">
    <p class='ocr_par' dir='ltr' id='par_1_97' title="bbox 231 5866 1892 5950">
     <span class='ocr_line' id='line_1_97' title="bbox 231 5866 1892 5950; baseline -0.007 -17"><span class='ocrx_word' id='word_1_729' title='bbox 231 5879 537 5950; x_wconf 77' lang='lat' dir='ltr'><strong>.seriptum</strong></span> <span class='ocrx_word' id='word_1_730' title='bbox 569 5875 670 5925; x_wconf 80' lang='lat' dir='ltr'><strong>est</strong></span> <span class='ocrx_word' id='word_1_731' title='bbox 697 5868 755 5923; x_wconf 90' lang='lat' dir='ltr'><strong>in</strong></span> <span class='ocrx_word' id='word_1_732' title='bbox 787 5869 929 5925; x_wconf 86' lang='lat' dir='ltr'><strong>Isaia</strong></span> <span class='ocrx_word' id='word_1_733' title='bbox 957 5869 1264 5942; x_wconf 88' lang='lat' dir='ltr'><strong>propheta:</strong></span> <span class='ocrx_word' id='word_1_734' title='bbox 1290 5867 1435 5926; x_wconf 85' lang='lat' dir='ltr'><strong>Ecce</strong></span> <span class='ocrx_word' id='word_1_735' title='bbox 1464 5869 1616 5926; x_wconf 91' lang='lat' dir='ltr'><strong>mitto</strong></span> <span class='ocrx_word' id='word_1_736' title='bbox 1636 5866 1892 5940; x_wconf 77' lang='lat' dir='ltr'><strong>angelum</strong></span> 
     </span>
    </p>
   </div>
   <div class='ocr_carea' id='block_1_98' title="bbox 2001 5863 3593 5936">
    <p class='ocr_par' dir='ltr' id='par_1_98' title="bbox 2001 5863 3593 5936">
     <span class='ocr_line' id='line_1_98' title="bbox 2001 5863 3593 5936; baseline -0.003 -13"><span class='ocrx_word' id='word_1_737' title='bbox 2001 5879 2129 5926; x_wconf 87' lang='lat' dir='ltr'><strong>ante</strong></span> <span class='ocrx_word' id='word_1_738' title='bbox 2161 5876 2230 5936; x_wconf 87' lang='lat' dir='ltr'><strong>te,</strong></span> <span class='ocrx_word' id='word_1_739' title='bbox 2262 5876 2364 5922; x_wconf 90' lang='lat' dir='ltr'><strong>etc.</strong></span> <span class='ocrx_word' id='word_1_740' title='bbox 2414 5867 2610 5936; x_wconf 77' lang='lat' dir='ltr'><strong>(Marc.</strong></span> <span class='ocrx_word' id='word_1_741' title='bbox 2651 5867 2689 5933; x_wconf 79' lang='grc' dir='ltr'><strong>ι)</strong></span> <span class='ocrx_word' id='word_1_742' title='bbox 2739 5889 2759 5912; x_wconf 80' lang='grc' dir='ltr'><strong><em>υ</em></strong></span> <span class='ocrx_word' id='word_1_743' title='bbox 2805 5863 3166 5935; x_wconf 78' lang='lat' dir='ltr'><strong>Evangelium</strong></span> <span class='ocrx_word' id='word_1_744' title='bbox 3217 5865 3430 5929; x_wconf 75' lang='lat' dir='ltr'><strong>Graece,</strong></span> <span class='ocrx_word' id='word_1_745' title='bbox 3493 5864 3593 5919; x_wconf 85' lang='lat' dir='ltr'><strong>La-</strong></span> 
     </span>
    </p>
   </div>
  </div>
