3966 6394
443 644 615 709 gnum
653 633 754 691 Dei
788 641 842 691 et
871 632 938 689 ad
971 630 1352 687 remissionem
1404 624 1755 700 peccatorum
1783 624 2034 695 pertinet.

435 704 567 775 inde
595 719 831 775 dicitur:
869 743 890 767 ι
925 714 1267 773 Poenitemini
1297 716 1350 768 et
1402 708 1606 768 credite
1654 704 1958 779 Evangelia
1986 709 2042 759 et

438 802 899 881 apprOpinquabit
934 805 1090 861 vobis
1118 815 1351 875 regnum
1388 800 1655 857 coriorum
1686 796 1878 868 (Marc.
1912 790 1977 881 1.)
2012 816 2034 841 ιι

434 875 554 947 -ί-λι
580 875 707 954 Jesu
733 875 745 880 ’
765 896 963 953 Christi
997 916 1021 946 ι
1054 894 1113 949 id
1168 899 1251 949 est
1281 887 1584 947 Salvatoris
1630 885 1799 943 uncti.
1833 881 1893 937 In
1923 875 2038 936 He-

438 990 587 1045 braeo
641 986 818 1052 Jesus,
875 984 931 1040 in
988 982 1185 1040 Graeco
1241 978 1437 1038 Sother
1467 968 1710 1053 [σωτήρ],
1741 974 1797 1030 in
1852 971 2043 1028 Latino

439 1076 722 1144 Salvator;
754 1073 1003 1131 Christus
1058 1080 1276 1136 unctus,
1313 1070 1368 1127 id
1416 1077 1501 1125 est
1530 1085 1624 1124 rex
1677 1073 1733 1122 et
1775 1060 2043 1120 sacerdos

435 1166 653 1232 dicitur,
692 1165 821 1221 dum
851 1161 922 1219 de
953 1177 1158 1235 genere
1187 1156 1357 1216 David
1385 1157 1535 1232 regis
1564 1154 1826 1220 nascitur,
1863 1158 1919 1208 et
1948 1158 2045 1235 vo-

438 1253 594 1314 cibus
642 1230 828 1312 vatum
880 1230 1102 1326 generis
1154 1245 1380 1307 Levitici
1433 1230 1806 1322 prophetatur.
1839 1230 2041 1313 Sequi-

444 1350 531 1402 tur
562 1365 574 1400 :

520 1498 542 1524 ι
577 1475 724 1532 Ecce
752 1472 912 1529 mitto
967 1471 1222 1545 angelum
1250 1486 1429 1527 meum
1484 1473 1612 1524 ante
1642 1465 1841 1523 faciem
1895 1470 2041 1519 tuam

443 1564 538 1637 qui
586 1563 920 1636 praeparabit
974 1562 1119 1618 viam
1172 1570 1318 1617 tuam
1347 1568 1473 1615 ante
1532 1565 1602 1614 te.
1632 1578 1653 1604 ιι
1689 1549 2045 1627 (ῐιεηισιυε.)

447 1653 654 1726 Utique
705 1652 997 1725 plusquam
1042 1651 1317 1724 propheta
1381 1650 1641 1714 Joannes,
1695 1643 1841 1726 quia,
1895 1640 2043 1713 quod

446 1722 679 1815 angelus
707 1722 936 1808 dicitur,
967 1722 1073 1796 hoc
1110 1722 1220 1794 non
1277 1746 1491 1802 natura,
1521 1734 1623 1790 sed
1676 1722 1838 1788 otilcii
1866 1727 2044 1800 digni-

448 1834 560 1887 tate
613 1829 834 1888 dicitur.
864 1828 947 1885 De
974 1844 1083 1901 quo
1138 1829 1298 1883 Pater
1324 1825 1397 1881 ad
1451 1822 1665 1891 Filium,
1696 1821 1836 1878 sicut
1888 1819 1961 1874 ait
1986 1818 2083 1901 in

2146 640 2219 655 —
2236 634 2258 659 ι
2287 610 2358 664 Ει
2386 582 2691 680 praedicans
2720 582 3051 674 baptismum
3097 589 3433 667 poenitentiae
3468 587 3523 642 in
3550 582 3751 642 remis-

2148 709 2359 765 sionem
2383 711 2751 779 peccatorum.
2785 724 2808 749 »
2841 695 3001 768 Quod
3026 690 3434 779 conanmmatur
3458 697 3558 758 per
3572 680 3750 779 Spcn.

2148 812 2271 854 sum
2300 770 2648 853 annuntiatur
2674 806 2773 866 per
2826 778 3277 862 paranympbum.
3306 774 3466 835 Unde
3494 770 3752 831 catechu-

2148 896 2316 964 meui,
2349 894 2454 950 hoc
2508 900 2592 950 est
2621 887 2880 945 instructi
2935 879 3201 955 incipiunt
3228 892 3327 951 per
3383 869 3748 964 sacerdotem,

2150 994 2205 1043 et
2231 956 2596 1042 chrismantur
2624 994 2721 1052 per
2740 974 3083 1050 episcopum.
3108 967 3272 1025 Nunc
3292 968 3474 1052 autem
3492 974 3593 1032 per
3606 956 3750 1013 ami-

2149 1091 2271 1133 cum
2303 1071 2502 1146 Sponsi
2537 1046 2819 1126 inducitur
2863 1066 3099 1138 Sponsa,
3112 1074 3177 1116 ac
3204 1071 3306 1146 per
3337 1046 3495 1109 Isaac
3518 1059 3752 1124 puerum

2150 1144 2400 1226 Rebecca
2425 1157 2591 1238 pallio
2647 1156 2823 1217 velata
2851 1152 2978 1213 albo
3001 1144 3341 1209 conducitur.

2225 1305 2247 1329 υ
2285 1277 2357 1335 Et
2382 1273 2802 1352 egrediebantur
2828 1269 2901 1331 ad
2958 1267 3112 1327 illum
3141 1252 3750 1352 omnisJudsza-regio,

2149 1379 2208 1428 et
2232 1344 2676 1439 Hierosolymam
2722 1360 2983 1425 universi,
3015 1365 3072 1414 et
3110 1350 3523 1427 baptizabantur
3551 1347 3607 1402 in
3633 1344 3755 1401 Jor-

2148 1461 2292 1517 dane
2344 1457 2566 1513 ﬂumine
2619 1454 2691 1511 ab
2733 1452 2857 1518 illo,
2895 1445 3221 1507 conﬁtentes
3270 1446 3500 1514 peccata
3549 1451 3671 1491 sua.
3722 1452 3747 1482 ι

2152 1556 2463 1631 Baptimbat
2512 1546 2774 1617 Joannes,
2804 1560 2918 1604 non
2960 1553 3019 1602 ut
3065 1558 3257 1631 suum
3286 1537 3614 1631 baptismum
3670 1546 3755 1587 re-

2147 1623 2469 1703 missionem
2526 1648 2878 1715 peccatorum
2930 1635 3107 1699 daret,
3162 1629 3265 1686 sed
3313 1635 3374 1683 ut
3423 1623 3752 1715 baptismum

2151 1733 2351 1793 Christi
2380 1710 2739 1789 remissurum
2768 1731 2994 1800 peccata
3034 1724 3411 1794 procurreret.
3451 1715 3599 1769 inter
3626 1710 3755 1780 bap—

2150 1833 2320 1889 tisma
2373 1823 2597 1887 Joannis
2628 1831 2681 1882 et
2708 1822 3039 1896 baptisinum
3086 1814 3291 1874 Christi
3333 1813 3451 1868 ima

447 1918 750 1977 Malachia:
781 1941 805 1967 ι
839 1895 1008 1979 Δωθ-
1032 1916 1227 1975 faciem
1283 1925 1433 1970 tuam
1471 1938 1494 1962 ο»
1529 1913 1584 1967 id
1614 1920 1699 1969 est
1730 1906 2050 1966 manifesta.
2077 1897 2131 1959 B
2157 1930 2262 1990 an,
2319 1920 2468 1993 quod
2520 1916 2579 1973 5h
2638 1895 2911 1986 “pung
2962 1903 3191 1965 Joannis
3242 1917 3344 1976 per
3378 1895 3750 1955 intinctione!!!

446 2008 654 2065 tionem
708 2017 852 2067 tuam
889 2030 910 2056 «ι
943 2005 1278 2079 praeparabit
1331 2004 1494 2069 viam,
1534 2026 1554 2050 ο
1589 2003 1695 2058 hoc
1736 2007 1822 2056 est
1849 1996 2051 2071 przevia

448 2097 647 2154 reddet
700 2096 798 2152 tibi
855 2096 1026 2153 corda
1077 2095 1406 2163 auditorum,
1450 2090 1817 2164 paenitentiam
1849 2080 2050 2159 pracdi-

453 2186 633 2244 cando
663 2195 717 2242 et
747 2185 1098 2258 baptizando.
1139 2183 1347 2240 Omnes
1392 2177 1556 2238 etiam
1605 2174 1701 2252 qui
1752 2174 2053 2234 sacerdotii

452 2276 675 2332 nomine
717 2282 1027 2341 censentur,
1084 2271 1269 2344 angeli
1325 2278 1610 2339 vocantur,
1652 2265 1924 2340 prapheta
1975 2273 2055 2319 at-

452 2373 703 2432 testante,
745 2364 834 2438 qui
906 2364 980 2419 ait
1029 2380 1042 2417 :
1090 2387 1111 2411 υ
1163 2361 1329 2418 Labia
1379 2358 1686 2417 sacerdotis
1741 2354 2055 2414 custodiunt

461 2449 772 2519 scientiam,
813 2461 868 2510 et
903 2451 1081 2525 legem
1123 2450 1406 2523 requirunt
1468 2466 1536 2505 ex
1573 2464 1671 2505 ore
1746 2446 1885 2516 ejus,
1927 2443 2056 2516 quia

453 2540 687 2613 angelus
718 2542 932 2597 Domini
962 2541 1302 2597 exercituum
1332 2547 1411 2595 est
1443 2537 1706 2612 (Malach.
1738 2540 1814 2604 ιι).
1867 2553 1881 2590 :
1938 2534 2057 2589 Nec

455 2646 567 2686 non
625 2631 999 2702 unusquisque
1052 2628 1229 2685 fidelis
1258 2627 1305 2683 si
1357 2643 1389 2682 a
1420 2626 1688 2699 pravitate
1742 2622 2057 2696 proximum

454 2726 684 2775 revocat
712 2726 770 2775 et
797 2719 869 2775 ad
898 2718 1101 2775 bonum
1129 2718 1471 2783 exhortatur,
1494 2716 1540 2771 si
1568 2714 1762 2771 aeterni
1800 2729 2055 2785 regnum,

456 2806 548 2864 vel
574 2807 901 2880 supplicium
929 2808 1133 2863 erranti
1164 2807 1468 2874 denuntiat,
1516 2802 1759 2877 profecto
1805 2800 2053 2876 angelus,

459 2904 517 2960 id
569 2895 658 2961 dest
710 2904 929 2961 nuntius
985 2904 1207 2961 Domini
1269 2903 1475 2970 existit,
1541 2916 1668 2959 cum
1723 2901 1843 2957 haec
1893 2898 2046 2956 facit.

464 2992 675 3051 Deinde
704 2995 954 3067 sequitur
988 3011 1002 3050 :

537 3133 561 3167 α
594 3114 697 3174 Hic
724 3124 809 3173 est
835 3116 983 3173 enim
1013 3116 1105 3190 qui
1133 3116 1311 3179 dictus
1341 3121 1424 3179 est
1452 3131 1553 3197 per
1582 3113 1780 3180 lsaiam
1811 3120 2054 3195 prophe-

463 3221 569 3270 tam
601 3214 1059 3275 dicentem:vox
1115 3212 1400 3278 clamantis
1446 3223 1501 3278 in
1556 3222 1809 3278 deserto:
1866 3218 2060 3276 Parata

467 3303 609 3359 viam
642 3303 886 3378 Domini,
943 3318 1121 3365 rectas
1148 3310 1309 3367 facite
1366 3312 1589 3368 semitas
1617 3312 1755 3382 ejus.
1812 3334 1833 3357 »
1869 3310 2066 3377 (BanA,

460 3408 634 3468 super
662 3391 963 3470 Mannum.)
997 3401 1089 3456 Sic
1141 3400 1391 3456 nimirum
1418 3402 1658 3457 Joannes
1686 3388 2022 3473 praedicabat
2053 3414 2068 3454 :

472 3505 493 3532 ια
532 3486 630 3542 Hic
652 3495 734 3542 est
764 3486 1167 3555 enim,diccnte
1210 3489 1353 3546 Isaia
1390 3492 1655 3562 propheta
1678 3501 1691 3544 :
1711 3506 1813 3545 vox
1836 3488 2072 3545 claman-

468 3574 556 3638 tis,
578 3598 600 3625 ιι
625 3584 729 3632 etc.
763 3576 921 3633 Sicut
948 3578 1100 3650 prius
1123 3587 1283 3637 sonat
1305 3596 1433 3647 vox,
1456 3586 1509 3635 et
1539 3586 1727 3652 postea
1765 3576 2071 3634 intellectus

468 3674 801 3746 concipitur,
816 3675 904 3733 sic
927 3676 1154 3734 Joannis
1168 3678 1486 3750 praedicatio
1504 3676 1759 3746 anteibat,
1775 3676 2069 3733 adventum

468 3771 667 3827 Christi
724 3774 1054 3832 nuntiando.
1107 3777 1348 3849 Ideoque
1384 3773 1629 3833 Joannes
1675 3785 1905 3833 vocatur
1963 3792 2067 3833 vox

466 3861 691 3941 Christi,
726 3856 781 3918 id
810 3873 903 3920 est
934 3886 956 3911 «τ
985 3862 1152 3921 Verbi
1188 3866 1333 3938 quod
1383 3875 1495 3923 erat
1526 3866 1580 3922 in
1626 3867 1900 3939 principio
1928 3867 2071 3938 apud

466 3942 647 4007 Deum
678 3950 866 4021 (loan.
898 3957 959 4024 ι),
991 3978 1012 4002 ιι
1049 3956 1197 4027 quod
1225 3957 1277 4010 in
1308 3957 1518 4012 Joanne
1547 3955 1737 4012 clamat
1761 3957 1831 4011 ad
1856 3957 2076 4012 ,ιυάθξοδ

466 4046 689 4115 studes,
749 4067 853 4122 per
923 4062 1146 4123 peccata
1204 4053 1371 4128 longe
1418 4054 1647 4126 positos,
1680 4051 2076 4127 indignationis

466 4133 711 4195 clamore
740 4140 965 4212 dignos.
1005 4142 1085 4197 Ad
1141 4142 1360 4200 Judaeos
1414 4143 1750 4201 obdurantes
1796 4160 1960 4200 aures
2016 4144 2075 4201 iit

469 4230 575 4283 vox
635 4235 689 4284 ct
736 4226 947 4286 clamor
1001 4230 1057 4287 in
1125 4230 1348 4288 deserto
1406 4231 1535 4306 quia
1574 4234 1691 4289 sine
1732 4234 1937 4306 Spiritu
1974 4234 2079 4313 Dei

472 4330 618 4388 sunt,
653 4323 771 4379 sine
798 4327 1092 4397 propheta,
1127 4328 1246 4385 sine
1298 4344 1428 4400 rege
1459 4336 1512 4385 et
1564 4326 1872 4387 sacerdote.
1934 4331 2077 4400 Quid

471 4421 673 4476 clamat
704 4422 952 4478 Christus
991 4441 1092 4496 per
1120 4426 1384 4483 Joannem
1423 4427 1453 4483 7
1491 4451 1513 4476 οι
1550 4426 1753 4484 Parate
1781 4428 1925 4483 viam
1955 4418 2075 4483 Do-

471 4509 631 4564 mini.
676 4534 698 4558 »
737 4511 835 4566 Via
866 4513 1085 4569 Domini
1116 4531 1217 4586 per
1246 4530 1409 4588 quam
1441 4518 1588 4572 Deus
1617 4519 1686 4572 ad
1716 4533 1817 4572 nos
1837 4517 2076 4572 descen—

2158 2028 2318 2095 aquae
2343 1992 2533 2074 solum
2591 2016 3002 2071 sacramentum
3058 2004 3308 2095 dabatur.
3340 2000 3401 2054 In
3427 1992 3753 2089 Baptismate

2160 2078 2295 2167 vero
2316 2105 2523 2165 Christi
2553 2102 2675 2161 cuni
2706 2102 3050 2158 sacramento
3079 2102 3167 2152 res
3222 2084 3387 2149 etiam
3431 2078 3755 2142 sacramenti

2160 2197 2463 2275 percipitur
2493 2213 2507 2250 :
2539 2195 2777 2250 Joannes
2824 2194 3007 2275 autem
3062 2186 3385 2258 peccatorés
3410 2188 3553 2275 aqua
3579 2168 3755 2275 tinxit,

2161 2256 2213 2344 et
2237 2256 2456 2358 peccata
2485 2274 2868 2341 confitentibus
2896 2256 3270 2350 ptenitentiam
3314 2265 3567 2358 injuuxit.
3597 2256 3759 2358 Chria

2162 2353 2279 2432 stus
2308 2372 2634 2447 baptizabat,
2667 2376 2721 2426 et
2776 2372 3003 2441 peccata
3030 2358 3273 2420 dimittit.
3321 2359 3418 2415 Ille
3473 2353 3758 2427 baptizans

2160 2480 2470 2540 venturum,
2493 2478 2545 2528 et
2566 2466 2966 2540 baptizatumm
2988 2474 3047 2521 se
3077 2462 3281 2535 Spiritu
3301 2448 3646 2532 pradicavit;
3670 2448 3760 2505 hic

2162 2570 2443 2645 batipzans
2486 2566 2555 2625 ad
2595 2565 2980 2623 remissionem
3026 2565 3373 2635 peccatorum
3400 2550 3654 2627 Spiritum
3684 2548 3762 2603 in-

2165 2670 2363 2727 fundit.
2403 2667 2520 2725 Illic
2564 2660 2820 2722 homines
2866 2658 3281 2734 baptizabantur
3306 2654 3362 2710 in
3390 2646 3608 2708 nomine
3634 2660 3763 2704 ven-

2164 2756 2305 2829 turi;
2331 2758 2419 2815 hic
2445 2752 2695 2813 homines
2720 2748 3132 2826 baptizabantur
3162 2744 3219 2806 ni
3246 2743 3464 2801 nomine
3481 2738 3674 2805 Patris,
3702 2741 3760 2792 et

2166 2858 2290 2917 Filii
2316 2867 2369 2916 et
2409 2856 2639 2930 Spiritus
2695 2851 2898 2911 sancti.
2932 2850 3338 2909 Sacramentum
3385 2857 3521 2916 ergo
3548 2832 3764 2897 utrobi-

2164 2974 2297 3041 que,
2343 2963 2601 3036 quantum
2656 2952 2726 3017 ad
2776 2949 3046 3024 etinctum,
3107 2947 3253 3011 idem
3305 2959 3415 3009 non
3470 2940 3588 3017 fuit,
3636 2936 3762 3017 quia

2162 3061 2275 3124 illic
2313 3067 2713 3124 sacramentum
2740 3053 2917 3119 solum
2950 3052 3067 3127 fuit,
3096 3048 3195 3114 sed
3222 3044 3474 3111 remissio
3502 3042 3758 3121 peccato-

2165 3181 2290 3222 rum
2322 3170 2433 3222 noh
2451 3163 2580 3228 fuit;
2602 3161 2692 3218 hic
2718 3167 2899 3217 autem
2943 3166 2998 3215 et
3024 3151 3352 3213 sacramenti
3405 3148 3581 3205 forma
3607 3159 3759 3216 prae-

2095 3268 2146 3333 C.
2171 3263 2412 3337 ponitur,
2440 3270 2494 3318 et
2509 3260 2682 3317 virtus
2700 3250 3050 3313 sacramenti.
3077 3251 3281 3308 Pariter
3300 3248 3355 3304 in
3383 3242 3765 3303 remissionem

2177 3366 2532 3434 peccatorum
2584 3353 2948 3413 concinnatur.
2999 3346 3419 3420 Baptisabantur
3444 3340 3691 3399 homines
3733 3355 3769 3395 a

2176 3431 2385 3515 Joanne
2411 3456 2469 3513 in
2525 3448 2781 3522 Jordane,
2817 3448 2910 3523 qui
2955 3438 3240 3504 descensio
3271 3437 3667 3513 interpretatur,
3699 3431 3768 3492 de

2178 3554 2442 3630 superbia
2462 3552 2670 3611 veteris
2692 3540 2935 3606 hominis
2948 3547 3015 3603 ad
3034 3542 3390 3627 humilitatem
3411 3534 3768 3596 confessionis

2177 3664 2229 3713 et
2260 3650 2658 3712 emendationis
2688 3626 3125 3704 descendentes.

2254 3797 2276 3822 α
2312 3772 2379 3830 Ει
2408 3772 2524 3830 erat.
2575 3769 2814 3830 Joannes
2842 3762 3069 3825 vestitus
3107 3759 3235 3839 pilis
3263 3754 3477 3830 cameli,
3528 3762 3581 3813 et
3637 3765 3769 3813 zona

2178 3872 2409 3948 pellicea
2437 3872 2581 3930 circa
2611 3871 2833 3927 lumbos
2857 3868 2997 3941 ejus.
3020 3862 3161 3925 Esca
3191 3871 3373 3923 autem
3394 3857 3514 3934 ejus
3541 3866 3657 3918 erat
3685 3850 3769 3915 lo-

2181 3982 2347 4030 custae
2378 3980 2433 4028 et
2450 3970 2555 4027 mel
2580 3968 2851 4026 silvestre.
2876 3964 3108 4023 nJoanni
3137 3962 3382 4020 solitudo
3414 3959 3569 4015 locus
3596 3964 3679 4013 est
3717 3960 3773 4011 et

2183 4068 2435 4126 meditari
2462 4066 2730 4140 operatio.
2750 4064 3125 4122 Pcenitentiam
3138 4058 3449 4135 pronuntiat
3478 4071 3577 4128 per
3607 4066 3772 4126 quam

2183 4168 2387 4225 reditus
2435 4174 2489 4223 et
2518 4166 2588 4223 ab
2618 4180 2827 4232 errore,
2859 4174 3115 4221 recursus
3144 4177 3178 4216 a
3204 4152 3521 4221 crimine,et
3546 4158 3665 4226 post
3694 4149 3771 4208 vis

2183 4265 2379 4321 tiorum
2410 4264 2678 4335 pudorem
2706 4260 2979 4334 professio
3000 4256 3323 4315 desinendi:
3350 4253 3615 4316 Pilis,uon
3648 4248 3775 4305 lana

2184 4362 2305 4411 erat
2333 4354 2584 4419 vestitus,
2618 4351 2766 4424 quod
2785 4356 2870 4407 est
2900 4349 3272 4406 indumentum
3298 4342 3640 4401 austeritatis
3666 4353 3777 4395 non

2183 4452 2439 4508 luxuriae.
2473 4453 2621 4506 Zona
2649 4458 2828 4505 autem
2858 4448 3247 4520 pellicea,sunt
3272 4457 3541 4516 pauperes
3571 4437 3774 4495 mundo

2185 4541 2528 4612 naortui.qua
2555 4539 2715 4596 etiam
2745 4539 3023 4595 accinctus
3052 4536 3152 4591 fuit
3180 4535 3352 4590 Elias.
3375 4529 3665 4604 Cingulum
3691 4536 3778 4583 est

466 4598 595 4700 ᾶιιη
616 4607 670 4655 et
717 4616 817 4700 nos
845 4602 912 4702 ad
943 4603 1096 4659 illum
1127 4604 1490 4706 ascendimus
1522 4615 1608 4707 est
1639 4602 1776 4662 fides
1804 4602 1856 4662 in
1889 4605 2073 4678 poeni-
2101 4639 2155 4699 D
2182 4631 2251 4687 de
2280 4598 2516 4702 ρθιιηςηε
2535 4628 2697 4685 Siccis
2728 4626 3070 4683 animalium.
3114 4623 3271 4682 Unde
3298 4598 3539 4678 ιοδηηξε
3586 4617 3775 4688 cinge-

469 4697 652 4740 tentia.
702 4689 941 4740 diiecilo.
1004 4693 1238 4740 Semltm,
1277 4695 1328 4740 Id
1386 4704 1468 4740 nat
1525 4696 1873 4740 mtentinnne
1908 4701 2073 4740 rectm
2173 4720 2333 4740 L_._-_
2395 4718 2527 4740 _:-_-
2585 4716 2802 4740 ι--...ι.--
2873 4716 2940 4740 -.ι
3002 4712 3272 4740 I.-......:.....
3321 4706 3750 4740 ...η-ηςιξηοηιιεωι

490 4689 652 4756 entia,
702 4689 941 4747 dilectio.
1004 4693 1242 4760 Semita,
1276 4694 1331 4749 id
1386 4704 1469 4750 est
1525 4695 1875 4763 intentiones,
1908 4689 2334 4775 rectm-'batér
2389 4718 2535 4775 circa
2584 4716 2805 4772 lumbos
2871 4716 2944 4771 ad
3000 4712 3275 4769 luxuriam
3321 4706 3771 4766 mortificandam.

468 4786 612 4833 sunt.
644 4778 688 4832 si
733 4795 866 4849 pure
924 4780 1209 4837 elevantur
1255 4783 1328 4838 ad
1388 4782 1581 4840 Deum.
1612 4785 1921 4841 Curvantur
1969 4794 2074 4839 au-

464 4876 595 4930 tem,
628 4867 671 4921 si
702 4885 802 4939 pro
836 4871 1062 4926 terrenis
1092 4872 1318 4927 facimus
1347 4889 1467 4944 quae
1526 4883 1750 4944 pr0pter
1780 4876 1951 4932 Deum
1984 4878 2068 4933 fa-

461 4956 657 5014 cienda
687 4968 831 5013 sunt.
892 4959 1081 5030 Phyris
1127 4960 1339 5027 Graece,
1375 4962 1566 5018 Latine
1619 4963 1716 5017 Dei
1750 4963 1906 5020 visio.
1941 4967 2070 5021 Inde

468 5046 570 5101 Dei
621 5048 906 5119 propheta,
938 5048 993 5104 id
1042 5057 1124 5105 est
1169 5048 1362 5122 procul
1415 5049 1628 5109 videns.
1668 5051 1881 5109 Deinde
1934 5053 2069 5111 sub-

460 5138 645 5211 jungit
675 5153 690 5193 :

542 5270 563 5294 «ι
590 5245 710 5302 Fuit
729 5246 971 5303 Joannes
1000 5245 1055 5301 in
1077 5246 1296 5304 deserto
1335 5246 1639 5319 baptizans,
1685 5257 1738 5305 et
1760 5250 2068 5320 praedicans

463 5340 791 5414 baptismum
815 5344 1147 5415 pmnitentize
1176 5344 1230 5399 in
1262 5346 1640 5403 remissionem
1663 5357 2061 5419 peccatorum.»

469 5470 535 5481 ~—
558 5466 579 5487 α
630 5442 745 5497 Fuit
782 5444 1020 5498 Joannes
1058 5442 1112 5497 in
1138 5442 1376 5511 deserti},
1418 5468 1439 5492 υ
1472 5452 1526 5501 et
1573 5440 1801 5516 reliqua.
1832 5446 2067 5501 Joannes

467 5541 652 5608 gratia
685 5541 783 5595 Dei
814 5532 1226 5611 interpretatur.
1264 5545 1305 5596 A
1364 5542 1537 5613 gratia
1566 5543 1811 5599 narratio
1842 5542 2057 5615 incipit.

469 5634 624 5692 Unde
655 5638 897 5709 sequitur
929 5657 943 5694 :
974 5664 995 5687 «
1030 5639 1338 5710 Baptizans.
1376 5660 1398 5690 ι
1436 5642 1542 5695 Per
1563 5640 1884 5711 baptismum
1916 5642 2066 5698 enim

467 5734 648 5801 gratia
674 5734 838 5790 datur
866 5752 975 5807 qua
1030 5745 1252 5807 peccata
1281 5737 1454 5810 gratis
1504 5738 1871 5794 dimittuntur.
1911 5741 2066 5798 Unde

467 5824 670 5886 dicitur
720 5847 823 5902 per
871 5829 1189 5901 Apostolum
1234 5848 1247 5887 :
1294 5830 1486 5889 Gratia
1539 5834 1729 5891 salvati
1784 5836 1914 5891 estis
1970 5854 2069 5909 per

469 5916 630 5980 fidem
661 5944 674 5990 ;
712 5935 763 5981 et
795 5924 899 5982 hoc
928 5932 1037 5981 non
1068 5932 1138 5982 ex
1162 5927 1318 5982 vobis
1343 5944 1360 5997 ε
1386 5929 1486 5984 Dci
1506 5930 1649 5985 enim
1699 5928 1904 5986 donum
1933 5936 2017 5988 est
2048 5950 2062 5986 :

2167 4808 2431 4864 Locustas
2461 4816 2514 4861 et
2572 4805 2681 4862 mel
2724 4805 2972 4861 silvestre
3030 4803 3247 4864 edebat.
3279 4800 3409 4873 quia
3463 4795 3775 4853 solitudinis

2169 4896 2539 4953 habitatorem
2570 4910 2869 4967 congruum
2899 4902 2983 4949 est
3023 4907 3131 4948 non
3162 4890 3319 4963 sequi
3377 4886 3619 4950 divitias,
3671 4884 3774 4937 sed

2172 4984 2582 5042 necessitatem.
2615 4984 2783 5041 Aiunt
2833 4981 3201 5055 Peripapetici
3252 4977 3422 5035 nostri
3453 4975 3600 5048 quod
3649 4973 3775 5027 her-

2168 5074 2263 5140 ba,
2303 5073 2524 5131 nomine
2591 5072 2699 5129 mel
2766 5073 3044 5138 silvestre,
3095 5062 3245 5127 circa
3309 5082 3457 5124 oram
3520 5059 3775 5120 Jordanis

2168 5164 2440 5231 abundat,
2494 5163 2648 5232 cujus
2698 5179 2886 5220 cannte
2946 5161 3297 5217 decorticatm
3348 5155 3528 5212 mellis
3571 5165 3781 5225 sapore

2166 5252 2435 5308 medullas
2465 5252 2617 5309 dant.
2651 5253 2882 5308 Locusta
2907 5260 3095 5307 autem
3124 5257 3208 5306 est
3238 5247 3407 5304 herba
3444 5241 3635 5317 procul
3665 5242 3774 5296 du-

2176 5351 2291 5418 bio,-
2331 5358 2386 5405 et
2432 5350 2550 5422 ipsa
2580 5348 2761 5406 eximii
2811 5348 3047 5420 saporis.
3080 5348 3248 5416 Cujus
3268 5353 3458 5402 natura
3483 5350 3564 5400 est
3593 5358 3624 5396 a
3653 5341 3775 5396 loco

2165 5442 2222 5502 i‘n’
2274 5442 2454 5503 locum
2498 5442 2717 5503 nemine
2788 5438 2998 5503 ferente
3042 5444 3359 5502 annotinum
3417 5452 3777 5514 transponere

2167 5544 2434 5602 fructum.
2465 5545 2623 5602 Unde
2639 5554 2691 5600 et
2708 5561 2741 5600 a
2762 5545 2965 5600 Latinis
2984 5545 3038 5600 id
3061 5560 3258 5600 nomen
3279 5539 3507 5613 accepit,
3524 5554 3644 5596 cum
3664 5541 3777 5609 qni-

2166 5641 2298 5700 dem
2329 5638 2495 5700 ambo
2527 5659 2731 5700 nomen
2749 5643 2936 5700 herbae
2958 5644 3193 5699 habeant
3213 5642 3459 5711 ejusdem
3485 5634 3775 5696 notaminis

2166 5742 2261 5827 vel
2291 5738 2713 5814 signiﬁcationis
2746 5741 2891 5813 quod
2922 5749 3005 5796 est
3050 5740 3277 5797 locusta.
3311 5739 3484 5809 Hujus
3541 5719 3776 5795 nominis

2164 5822 2429 5927 Joannem
2481 5836 2647 5892 edere
2684 5834 2870 5893 dicunt
2922 5822 3197 5903 animalia,
3259 5834 3481 5908 quidam
3538 5818 3765 5891 herbas.

2165 5922 2375 5989 Iudaeis
2405 5930 2588 5990 autem
2618 5922 2842 5991 locustae
2872 5928 3130 5991 animalia
3166 5927 3292 5989 sunt
3322 5932 3484 5990 licita:
3509 5928 3565 5989 in
3594 5949 3771 5990 esum.
