3966 6404
194 401 314 455 733

1154 402 1734 460 DEFLORATIONES
1775 404 1879 457 SS.
1929 402 2229 459 PATRUM.
2278 433 2348 441 -——
2380 402 2509 456 LIB.
2557 403 2605 455 I.

3414 400 3515 455 73L

219 524 326 577 Mel
357 532 545 577 autem
579 525 837 580 sih’estre
887 524 1108 581 herbam
1155 537 1357 581 constat
1416 546 1551 591 esse,
1606 527 1737 581 sicut
1791 537 1841 581 et
1874 529 1921 587 Α
1958 527 2103 598 prius
2134 526 2282 595 quasi
2314 526 2631 596 quibusdam
2654 541 2939 597 corporum
2970 527 3192 597 saltibus
3235 524 3535 580 effereban-

229 614 488 679 lottustas,
521 622 577 667 et
611 615 904 669 amborum
935 616 1089 686 copia
1120 616 1174 669 in
1222 632 1402 671 eremo
1455 624 1551 670 est.
1604 617 1731 669 ηυδε
1776 617 1841 668 de

245 712 454 766 locusta
482 719 539 765 et
567 712 736 765 melle
784 712 1040 767 silvestri.
1111 713 1237 766 Vilis
1292 721 1343 766 ct
1398 729 1587 784 aspera
1636 729 1848 782 quoque

248 800 414 855 vestis
441 798 509 853 de
539 799 670 869 pilis
701 798 1057 873 camelorum,
1082 801 1165 853 vel
1186 800 1251 853 de
1283 796 1608 871 quibuslibet
1645 802 1850 855 exuviis

245 897 589 961 animalium,
623 912 719 950 cor
748 897 1030 950 contritum
1062 906 1115 952 et
1158 898 1495 953 humiliatum
1546 898 1850 969 pmnitentis

243 987 516 1057 designat.
549 984 713 1039 Zonm
743 992 919 1039 autem
953 985 1258 1055 praecinctio
1288 994 1488 1051 monet,
1516 995 1571 1040 ut
1599 985 1665 1040 ad
1688 1003 1847 1041 omne

244 1073 610 1128 ministerium
668 1072 960 1127 voluntatis
1006 1073 1197 1129 Christi
1244 1073 1411 1128 simus
1448 1074 1688 1129 accincti.
1740 1074 1847 1129 Lo-

244 1180 417 1226 custa?
466 1172 708 1242 fugaces,
749 1171 801 1223 in
860 1187 1007 1225 esum
1066 1172 1268 1240 electa},
1327 1170 1557 1243 ﬁgurant
1614 1189 1710 1227 n0s
1757 1174 1846 1244 qui

1956 634 2054 689 tur,
2094 624 2364 679 voluntate
2396 624 2541 693 vagi,
2591 623 2847 693 operibus
2895 624 3125 687 inutiles,
3180 622 3356 677 verbis
3403 638 3537 690 que-

1955 714 2077 778 ruli,
2109 712 2233 765 sede
2266 712 2563 782 peregrini.
2600 712 2754 765 Nunc
2782 720 2960 767 autem
3008 729 3192 765 sumus
3237 718 3540 765 sanctorum

1956 800 2210 855 alimonia
2249 807 2300 854 ct
2325 801 2538 854 satietas
2565 801 2969 869 prOphetarum,
3017 799 3170 856 electi
3217 798 3375 854 simul
3420 813 3542 852 cum

1956 899 2115 952 melle
2145 897 2547 966 silvestri,quia
2604 895 2970 951 dulcissimum
3027 896 3208 950 cibum
3268 893 3540 967 praebituri

1954 1001 2157 1053 sumus,
2192 1002 2297 1040 non
2329 1002 2395 1039 ex
2425 984 2673 1039 alveariis
2699 984 2854 1057 legis,
2888 985 2981 1038 sed
3041 1001 3106 1040 ex
3166 984 3324 1038 nobis
3378 983 3543 1039 veluti

1955 1098 2021 1137 ex
2055 1083 2251 1137 truncis
2279 1082 2599 1137 silvestrium
2631 1082 2882 1138 arborum
2915 1082 3245 1155 gentilitatis.

834 1624 1293 1740 SERMO
1399 1631 1577 1739 DE
1674 1632 2324 1747 ADVENTU
2411 1634 2976 1748 DOMINI.

324 1944 350 1967 ε
390 1923 535 1977 Beati
565 1930 685 1975 sunt
714 1922 852 1977 servi
885 1922 959 1976 illi
984 1938 1120 1991 quos
1157 1940 1277 1976 cum
1310 1925 1531 1987 venerit,
1586 1925 1846 1979 Dominus
1874 1928 1925 1987 B
1957 1928 2180 1999 singulis
2209 1929 2407 1999 vigiliis
2435 1940 2771 1997 annotantur,
2833 1933 2958 2002 quia
3016 1942 3117 1987 tres
3172 1950 3385 1989 menses
3440 1934 3549 1989 uni-

249 2011 1020 2082 inveneritvigilantes(Luc.
1062 2018 1185 2081 xu).
1222 2036 1243 2057 υ
1307 2013 1362 2065 Si
1420 2014 1538 2081 quis
1593 2022 1848 2077 vestrum,

239 2099 572 2161 cliarissimi,
607 2098 885 2153 dominum
925 2116 1077 2152 suum
1126 2101 1191 2154 ad
1244 2118 1302 2153 se
1356 2110 1515 2153 noctu
1570 2112 1850 2156 venturum

239 2203 514 2265 speraret,
551 2202 656 2249 tota
687 2196 966 2265 vigilantia
1012 2197 1301 2250 adventum
1342 2197 1459 2265 ejus
1497 2207 1847 2268 exspectaret,

239 2284 670 2352 venientemque
719 2300 1061 2353 summopere
1105 2285 1353 2353 excipere
1403 2287 1693 2352 festinaret,
1744 2305 1851 2357 quo

237 2390 301 2425 se
339 2372 554 2442 magnis
600 2372 790 2443 gratiae
835 2371 999 2440 ipsius
1046 2373 1466 2428 commendaret.
1513 2375 1651 2430 Ecce
1694 2394 1851 2431 verus

238 2468 519 2522 Dominus
550 2477 730 2522 noster
766 2468 833 2522 ad
884 2486 980 2524 nos
1027 2469 1277 2541 indignos
1324 2472 1565 2525 servulos
1616 2489 1739 2526 suos
1794 2493 1849 2528 se

238 2562 512 2609 venturos
566 2554 889 2624 denuntiat;
959 2574 1112 2612 suum
1189 2558 1476 2613 adventum
1562 2562 1851 2630 pervigiles

235 2644 628 2714 przestolantes
675 2645 777 2697 sibi
828 2645 1063 2700 venienti
1102 2656 1443 2701 occursantes
1486 2648 1671 2703 beatos
1716 2668 1849 2721 pro-

238 2742 482 2795 nuntiat.
518 2741 724 2795 Idcirco
755 2758 874 2795 cum
908 2743 1209 2797 nesciamus
1251 2744 1393 2799 diem
1442 2762 1614 2816 neque
1662 2750 1847 2802 horam

242 2830 474 2897 quando
532 2829 732 2897 veniat,
794 2839 1003 2901 oportet
1058 2847 1113 2885 ut
1173 2834 1536 2904 unusquisque
1611 2845 1847 2890 nostrum

239 2918 301 2970 in
338 2916 482 2971 bona
512 2919 721 2972 actione
764 2919 991 2989 vigilare
1035 2920 1262 2988 sunleat,
1316 2938 1383 2976 ne
1431 2940 1551 2977 sero
1594 2925 1678 2978 vel
1728 2942 1847 2979 me-

236 3014 339 3067 dia
369 3024 542 3079 nocte,
603 3025 695 3069 aut
757 3017 889 3087 galli
946 3026 1105 3071 cantu
1171 3036 1264 3072 seu
1330 3036 1487 3074 mane
1554 3023 1848 3077 adveniens

236 3103 442 3161 (Marc.
478 3104 595 3173 xm)
627 3122 725 3158 nos
756 3105 1046 3176 imparatos
1087 3107 1345 3162 inveniat.
1405 3110 1537 3163 Sero
1588 3110 1849 3165 Dominus

240 3192 415 3257 venit,
448 3208 569 3244 cum
601 3191 835 3261 aliquem
875 3194 928 3246 in
957 3202 1229 3249 senectute
1258 3194 1323 3248 de
1381 3197 1483 3250 hac
1538 3197 1644 3252 vita
1700 3200 1846 3253 exire

242 3288 516 3358 przecipit.
548 3289 725 3342 Media
752 3297 930 3342 autem
954 3299 1107 3346 nocte
1152 3291 1387 3357 advenit,
1444 3311 1565 3348 cum
1616 3297 1847 3365 aliquem

241 3378 303 3430 in
329 3375 612 3443 juventute
643 3376 916 3447 inOpinata
952 3387 1122 3432 morte
1162 3382 1451 3435 YOI'th'l‘ll.
1507 3383 1646 3437 Galli
1690 3394 1849 3440 cantu

242 3463 529 3532 adventat,
562 3482 684 3519 cum
719 3465 1010 3535 quemlibet
1042 3468 1094 3520 in
1128 3468 1487 3524 adolescentia
1535 3472 1690 3527 abire
1738 3473 1848 3527 im-

242 3568 424 3630 perat.
462 3562 619 3615 Mane
651 3563 980 3631 supervenit,
1014 3580 1135 3616 cum
1167 3567 1476 3635 quempiam
1520 3568 1575 3620 in
1621 3570 1848 3636 pueritia

242 3649 600 3703 subtraxerit.
641 3650 784 3704 Beati
819 3666 949 3721 ergo
979 3661 1101 3706 sunt
1131 3669 1263 3722 quos
1295 3654 1347 3707 in
1399 3653 1501 3707 title
1549 3665 1602 3710 et
1648 3674 1845 3729 cpera-

248 3736 392 3792 tione
423 3737 687 3793 invenerit
737 3738 1043 3809 vigilantes,
1104 3742 1231 3810 quia
1290 3752 1445 3797 erunt
1497 3761 1617 3799 cum
1673 3763 1736 3801 eo
1792 3747 1846 3801 in

251 3832 449 3881 artemo
482 3826 737 3881 convivio
786 3828 1084 3897 epulantes.
1134 3830 1371 3884 Nimium
1429 3849 1556 3887 vero
1606 3835 1847 3889 infelices

246 3922 366 3971 sunt
394 3931 529 3985 quos
577 3931 774 3969 somno
806 3915 1027 3971 desidia)
1048 3917 1256 3972 deditos
1286 3920 1540 3974 inveniet.
1590 3922 1728 3991 Quia
1776 3924 1844 3978 ab

243 4004 421 4059 electis
451 4004 564 4057 suis
595 4003 772 4057 editos
820 4003 1041 4073 dividet,
1101 4014 1151 4058 et
1206 4016 1413 4077 partem
1462 4009 1676 4065 illorum
1721 4028 1841 4065 cum

239 4088 548 4164 hypocritis,
584 4090 640 4146 id
670 4096 751 4145 est
779 4108 899 4146 cum
930 4091 1267 4149 dmmonibus
1297 4105 1476 4166 ponet.
1532 4099 1599 4153 Et
1646 4106 1843 4154 notan-

232 4178 355 4237 dum
388 4180 539 4253 quod
568 4180 839 4236 Dominus
861 4188 965 4235 non
1009 4183 1060 4235 in
1094 4182 1200 4251 die,
1246 4184 1338 4238 sed
1366 4185 1417 4238 in
1460 4195 1613 4241 nocte
1647 4197 1843 4242 ventu-

225 4287 313 4328 rus
350 4273 555 4327 dicitur
586 4269 816 4339 (Matth.
877 4274 1063 4341 xxxv),
1124 4273 1249 4341 quia
1306 4275 1520 4342 quando
1578 4277 1759 4331 veniat
1814 4295 1846 4331 a

222 4364 366 4418 nullo
428 4358 745 4433 prmscitur.
808 4358 863 4412 Si
917 4360 1059 4413 enim
1120 4360 1505 4431 paterfamilias
1578 4366 1847 4436 prmsciret

217 4468 318 4524 qua
351 4454 491 4507 hora
526 4447 624 4502 fur
652 4444 954 4513 adveniret,
990 4448 1173 4517 utique
1203 4449 1470 4519 vigilaret,
1523 4460 1575 4506 et
1622 4453 1842 4507 domum

211 4560 360 4599 suam
396 4536 651 4613 perfodi,
688 4550 754 4589 ac
783 4550 868 4588 res
896 4552 1019 4589 suas
1049 4537 1161 4591 tolli
1207 4540 1428 4592 minime
1477 4541 1690 4596 sineret.
1738 4542 1847 4597 Do-

209 4648 326 4688 mus
357 4639 441 4686 est
473 4632 739 4683 nostrum
789 4636 1000 4694 corpus,
1054 4626 1439 4695 paterfamilias
1494 4637 1572 4683 est
1609 4630 1839 4699 animus,
1870 4614 1923 4674 D

210 4723 291 4777 fur
320 4728 406 4775 est
434 4730 626 4771 mors.
669 4712 803 4765 Ηωο
848 4711 900 4765 in
935 4722 1094 4767 nocte
1152 4715 1317 4778 venit,
1382 4715 1506 4770 dum
1563 4720 1840 4775 hominem

211 4826 496 4896 inopinate
519 4814 753 4888 premit,
779 4813 1055 4870 dominum
1080 4817 1283 4871 invenit
1300 4819 1677 4885 dormientem,
1715 4820 1842 4875 dum

213 4913 458 4969 animum
493 4904 718 4973 reperit
748 4903 805 4955 in
835 4901 992 4957 bonis
1022 4913 1342 4975 torpentem.
1376 4908 1608 4961 Domum
1652 4909 1843 4977 perfo-

217 5005 305 5067 dit,
342 5000 479 5069 quia
516 5008 661 5049 mox
713 5006 910 5060 corpus
965 4994 1187 5047 occidit.
1252 4994 1444 5051 Occiso
1502 5005 1679 5051 autem
1739 4998 1844 5051 do-

217 5093 358 5147 mino
390 5088 550 5141 bona
586 5081 715 5149 ejus
746 5079 898 5145 tollit,
932 5082 1059 5151 quia
1088 5083 1338 5138 miseram
1369 5085 1604 5139 animam
1659 5102 1691 5141 a
1738 5087 1843 5141 bo-

218 5183 290 5235 nis
320 5187 556 5232 adorna:
599 5170 731 5224 vitae
764 5169 945 5224 evellit
970 5180 1023 5224 et
1061 5171 1131 5225 ad
1172 5180 1368 5227 tartara
1396 5175 1685 5229 crucianda
1715 5190 1844 5245 per-

220 5269 388 5325 trahit.
444 5262 585 5318 Nox
638 5255 931 5311 duodecim
990 5261 1167 5325 horas,
1228 5262 1424 5315 habere
1482 5264 1840 5333 cognoscitur,

219 5374 327 5427 quae
358 5356 417 5408 in
449 5354 705 5421 quatuor
734 5344 949 5415 vigilias
994 5348 1250 5403 dividitur
1290 5357 1343 5403 et
1386 5364 1723 5421 unaquarqtie
1768 5353 1848 5409 vid-

220 5461 341 5532 gilia
370 5455 554 5511 tribus
612 5447 769 5502 horis
821 5449 1123 5504 ascribitur.
1181 5452 1426 5507 Humana
1480 5455 1679 5525 quippe
1736 5456 1843 5509 vim

223 5547 353 5604 nocti
384 5544 781 5611 comparatur,
815 5537 941 5607 quia
984 5536 1220 5594 tenebris
1276 5540 1597 5612 ignorantia
1651 5544 1845 5598 observ

224 5646 374 5694 ratur.
410 5632 558 5687 Ηωο
589 5626 651 5679 in
707 5622 993 5681 duodecim
1047 5628 1205 5683 horas
1251 5630 1665 5699 dimensuratur,
1719 5632 1844 5702 quia

229 5738 459 5797 praesens
492 5718 616 5772 vita
659 5712 947 5770 duodecim
990 5718 1267 5772 mensibus
1306 5719 1731 5776 circumrotatur.
1781 5723 1842 5774 In

228 5823 447 5887 quatuor
467 5802 703 5876 vigilias
736 5804 959 5872 partitur
973 5805 1100 5875 quia
1119 5821 1289 5861 annus
1327 5816 1563 5876 quatuor
1590 5808 1843 5878 tempori-

230 5906 335 5968 bus,
359 5912 516 5964 vere,
538 5895 757 5957 testate,
773 5901 1047 5961 autumno,
1073 5894 1249 5950 hieme
1269 5896 1503 5952 metitur.
1545 5898 1676 5951 Tres
1696 5899 1842 5953 hora

1959 2018 2152 2085 cuique
2183 2018 2410 2087 tempori
2442 2021 2803 2090 assignantur.
2863 2020 3105 2089 Quatuor
3141 2022 3300 2076 etiam
3348 2022 3551 2094 vigilia:

1961 2114 2187 2174 quatuor
2214 2113 2397 2158 retatcs
2434 2106 2821 2177 intelliguntur,
2872 2108 2925 2162 in
2973 2109 3169 2177 quibus
3216 2110 3353 2165 bene
3403 2111 3549 2181 vigi-

1960 2194 2150 2258 lantes,
2183 2194 2384 2248 cmlesti
2414 2196 2636 2263 prasinio
2667 2197 3168 2254 remunerabuntur.

2034 2290 2116 2343 De
2149 2290 2230 2343 his
2258 2290 2457 2360 vigiliis
2486 2290 2613 2345 dicit
2642 2292 2902 2347 Dominus
2936 2310 2946 2345 :
2980 2318 3000 2341 α
3036 2294 3091 2348 Si
3123 2295 3177 2348 in
3207 2296 3441 2350 secunda
3463 2295 3551 2349 vi-

1959 2379 2111 2451 gilia,
2144 2388 2197 2432 et
2225 2379 2267 2431 si
2300 2379 2353 2431 in
2386 2378 2535 2433 tertia
2566 2380 2751 2450 vigilia
2779 2382 3001 2447 venerit,
3048 2382 3191 2439 beati
3244 2392 3365 2437 sunt
3419 2399 3553 2454 quos

1962 2468 2246 2537 vigilantes
2275 2467 2554 2520 invenerit.
2594 2492 2614 2515 υ
2650 2469 2827 2523 Prima
2855 2470 3043 2542 vigilia
3071 2479 3149 2525 est
3194 2472 3440 2542 pueritia.
3492 2473 3553 2526 In

1960 2556 2059 2609 hac
2090 2554 2228 2609 bene
2257 2555 2481 2626 vigilant
2531 2557 2619 2627 qui
2677 2557 3035 2612 innocentiam
3091 2567 3428 2613 conservant.
3485 2559 3551 2613 Hi

1963 2658 2195 2713 Domino
2230 2660 2460 2729 pulsanti
2489 2660 2772 2717 confestim
2825 2659 3089 2729 aperiunt,
3138 2660 3265 2715 dum
3323 2670 3550 2716 mortem

1964 2745 2133 2798 securi
2164 2745 2478 2814 suscipiunt,
2511 2746 2634 2816 quia
2665 2762 2789 2801 mox
2821 2764 2876 2798 se
2924 2762 3046 2799 eum
3095 2745 3303 2800 Christo
3351 2761 3552 2816 regna-

1965 2840 2110 2887 turos
2141 2834 2331 2887 sciunt.
2379 2833 2627 2890 Secunda
2682 2834 2869 2905 vigilia
2923 2843 3001 2887 est
3056 2833 3434 2889 adolescentia.
3493 2835 3553 2888 In

1960 2931 2061 2983 hac
2090 2931 2378 3002 pervigiles
2406 2932 2670 2985 excubant
2702 2931 2790 3000 qui
2822 2950 2876 2983 se
2916 2932 3091 2985 carnis
3136 2931 3401 2986 illecebris
3446 2948 3555 2986 non

1957 3019 2322 3087 coinquinant.
2355 3018 2427 3073 Hi
2457 3036 2667 3090 quoque
2699 3019 2930 3074 Domino
2954 3020 3187 3074 venienti
3220 3020 3324 3074 laeti
3357 3020 3552 3076 ostium

1956 3115 2213 3173 reserant,
2248 3108 2373 3177 quia
2404 3125 2499 3178 per
2554 3117 2780 3163 mortem
2836 3124 2891 3161 se
2946 3109 3144 3180 gaudia
3206 3118 3550 3180 percepturos

1957 3204 2191 3265 sperant.
2225 3197 2400 3251 Tertia
2428 3196 2614 3268 vigilia
2644 3206 2723 3251 est
2763 3195 3036 3265 juventus.
3096 3199 3153 3251 In
3215 3200 3313 3253 hac
3367 3197 3552 3267 pervi-

1878 3258 1928 3321 Ο
1959 3285 2095 3356 giles
2124 3283 2415 3339 Dominum
2456 3286 2850 3354 praestolamur,
2904 3283 2995 3353 qui
3043 3285 3228 3340 mundi
3276 3284 3556 3341 desideriis

1960 3390 2068 3427 non
2098 3381 2435 3444 superantur,
2494 3374 2697 3428 scilicet
2751 3373 2946 3427 divinis
2998 3373 3283 3444 praeceptis
3339 3373 3547 3428 exerci-

1961 3462 2152 3517 tantur.
2186 3461 2251 3515 Hi
2301 3462 2458 3516 etiam
2518 3461 2721 3516 alacres
2776 3461 3008 3516 Domino
3065 3470 3366 3529 occurrunt,
3426 3461 3553 3531 quia

1958 3577 2083 3613 mox
2118 3560 2168 3613 in
2218 3559 2416 3630 gaudio
2471 3566 2676 3613 metunt
2732 3575 2852 3627 qum
2900 3557 2949 3611 in
3010 3558 3257 3628 lacrvmis
3310 3558 3549 3612 semina-

1955 3657 2165 3705 verunt.
2198 3647 2397 3717 Quarta
2428 3644 2609 3719 vigilia
2639 3656 2718 3701 est
2744 3654 3005 3701 senectus.
3040 3644 3099 3701 In
3148 3648 3247 3701 hac
3270 3640 3542 3718 vigilando

1956 3737 2249 3793 Dominum
2280 3746 2589 3806 exspectant
2622 3737 2709 3807 qui
2740 3737 2795 3790 in
2826 3736 2967 3790 bona
3016 3734 3225 3791 actione
3278 3751 3445 3806 usque
3496 3735 3550 3789 in

1957 3825 2117 3881 tinem
2172 3835 2533 3896 perseverant.
2592 3822 2658 3879 lli
2714 3825 2805 3878 diu
2854 3821 3211 3879 desideratum
3259 3818 3551 3878 Dominum

1955 3922 2180 3968 ovantes
2211 3914 2522 3985 suscipiunt,
2558 3914 2682 3983 quia
2710 3913 2888 3967 statim
2921 3913 2988 3966 ab
3020 3929 3083 3967 eo
3106 3910 3382 3965 denarium
3424 3911 3549 3966 vita:

1953 4016 2052 4072 pro
2085 4002 2267 4056 labore
2298 4002 2614 4073 percipiunt.
2648 4002 2735 4056 Sic
2776 4002 2918 4055 enim
2967 3999 3285 4055 celebraturi
3341 4015 3542 4053 sumus.

1955 4089 2197 4144 Caelestis
2229 4107 2322 4143 rex
2353 4089 2498 4145 venit
2529 4092 2580 4143 in
2630 4090 2787 4159 hujus
2833 4089 3018 4143 mundi
3066 4088 3414 4159 Babyloniam
3463 4102 3549 4143 ac-

1953 4188 2132 4255 cipere
2162 4186 2262 4241 sibi
2292 4186 2581 4257 conjugem
2636 4182 2951 4251 Ecclesium,
3012 4203 3171 4255 quam
3228 4185 3396 4239 servis
3447 4200 3550 4239 cu-

1953 4272 2292 4330 stodiendam
2354 4276 2609 4329 tradidit:
2672 4274 2785 4345 ipse
2842 4275 3152 4329 convivium
3204 4274 3550 4327 instructurus

1954 4366 2008 4419 in
2038 4366 2239 4419 certum
2270 4364 2419 4418 abiit.
2453 4363 2633 4418 Servis
2654 4364 2927 4433 praecepit.
2957 4364 3223 4435 Vigilitate
3245 4372 3295 4417 et
3316 4379 3550 4432 quacun-

1954 4471 2055 4524 que
2120 4454 2252 4509 hora
2316 4451 2610 4515 advenerit,
2679 4451 2853 4522 parati
2920 4451 3026 4505 sint
3093 4468 3212 4505 cum
3282 4450 3547 4519 lampadi-

1955 4541 2054 4597 bus
2084 4542 2301 4597 obviare
2334 4539 2552 4609 (Matth.
2604 4542 2755 4607 xxv).
2811 4539 3058 4594 Promisit
3102 4549 3277 4593 autem
3320 4556 3375 4591 se
3426 4554 3548 4593 cum

1955 4649 2154 4702 magno
2184 4637 2443 4701 apparatu
2475 4629 2848 4693 adventuram,
2897 4637 2946 4681 et
2990 4645 3241 4698 sponsam
3293 4643 3447 4681 suam
3496 4628 3555 4682 in

1954 4729 2308 4792 praeparatam
2339 4719 2609 4772 civitatem
2641 4716 2998 4770 inducturum.
3033 4716 3078 4769 Ο
3111 4715 3337 4768 nimium
3383 4714 3554 4783 beati,

1954 4810 2044 4879 qui
2075 4809 2121 4864 ei
2155 4822 2430 4863 occurrere
2463 4813 2583 4859 tunc
2607 4811 2728 4857 sunt
2756 4804 2947 4873 parati.
2980 4803 3118 4856 Nam
3185 4802 3239 4854 in
3285 4799 3553 4871 gaudium

1953 4896 2168 4951 Domini
2192 4896 2270 4949 sui
2301 4908 2421 4949 cum
2453 4908 2516 4947 eo
2561 4891 2629 4946 ad
2677 4891 2890 4960 nuptias
2941 4889 3232 4949 intrabunt.
3285 4888 3342 4941 et
3388 4900 3556 4956 super

1953 4984 2135 5040 omnia
2165 4985 2310 5040 bona
2367 4982 2533 5053 ipsius
2587 4978 2876 5045 constituti,
2935 4978 2990 5031 in
3044 4984 3303 5032 a-ternum
3362 4976 3555 5029 exSul-

1952 5082 2160 5136 tabunt.
2193 5081 2309 5135 Heu
2336 5081 2346 5133 l
2382 5095 2543 5148 quam
2576 5076 2799 5131 nimium
2833 5075 3032 5141 miseri,
3066 5073 3152 5143 qui
3186 5080 3310 5127 tunc
3332 5073 3387 5126 in
3416 5086 3553 5140 pec-

1954 5170 2086 5225 catis
2112 5169 2269 5240 sopiti
2303 5169 2662 5232 inveniuntur,
2696 5166 2822 5235 quia
2850 5161 3031 5219 clausa
3080 5163 3194 5231 jam
3248 5160 3423 5228 janna
3481 5161 3556 5216 ab

1951 5258 2167 5314 aeternis
2232 5258 2406 5327 epulis
2496 5255 2870 5310 excluduntur.
2938 5253 3139 5321 Igitur,
3206 5248 3510 5304 charissimi
3541 5294 3553 5318 ,

1952 5364 2072 5403 cum
2105 5349 2293 5401 horam
2325 5344 2517 5401 Christi
2575 5344 2861 5407 adventus,
2914 5342 3115 5396 scilicet
3163 5340 3306 5393 diem
3361 5341 3552 5394 mortis

1950 5444 2147 5492 nostra:
2177 5436 2505 5506 ignoremus,
2538 5448 2743 5495 omnes,
2776 5431 2935 5485 simul
2959 5432 3185 5500 juvenes
3215 5437 3265 5481 et
3287 5428 3546 5499 virgines,

1951 5542 2109 5580 senes
2140 5540 2261 5580 cum
2288 5520 2616 5591 junioribUs,
2666 5519 2719 5572 in
2762 5518 2920 5574 bouis
2967 5517 3219 5588 operibus
3259 5517 3549 5587 vigilemus

1954 5628 2146 5683 faciem
2175 5624 2392 5680 Domini
2441 5622 2494 5676 in
2522 5620 2859 5676 confessione
2908 5619 3319 5691 praeveniamus,
3380 5624 3436 5672 ut
3490 5621 3545 5674 in

1948 5715 2238 5773 Nativitate
2296 5712 2413 5781 eius
2457 5715 2850 5765 sacramentum
2906 5709 3147 5778 corporis
3200 5707 3317 5776 ejus
3381 5708 3550 5780 digne

1953 5805 2334 5877 percipiamus,
2367 5802 2647 5870 quaternas,
2693 5812 2815 5854 cum
2866 5796 3100 5852 secundo
3147 5792 3369 5862 venerit,
3420 5806 3543 5851 cum

1950 5897 2069 5965 ipso
2099 5894 2151 5947 in
2181 5892 2354 5965 gloria
2383 5888 2763 5960 appareamus.
