3924 6406
439 396 544 461 733

1579 400 1916 464 WERNERI
1955 405 2238 465 ADBATIS
2279 407 2334 466 S.
2378 396 2595 464 BLASH

3644 401 3750 460 736

521 529 650 615 Hic
679 529 799 598 flat
827 530 1077 598 divisio
1107 531 1474 610 sermonis,
1507 531 1568 596 si
1598 531 1959 615 placuerit,
1991 536 2060 600 et
2089 533 2224 600 hoc
2251 533 2436 600 idem
2469 533 2790 598 servetur
2821 529 2893 594 in
2921 527 3080 596 aliis
3110 525 3230 592 ubi
3261 523 3516 592 divisio
3567 523 3748 591 facta

450 609 680 676 fuerit.

516 745 711 800 Totum
746 753 954 818 tempus
1007 746 1167 816 hujus
1219 746 1401 802 saeculi
1449 746 1590 802 nocti
1644 756 2032 818 comparatur:
2066 749 2120 810 Α
2147 747 2419 806 constituit
2446 747 2731 804 luminaria
2759 748 2816 804 in
2836 741 2992 815 ccelo,
3028 739 3082 802 id
3115 747 3192 802 est
3238 737 3412 802 David
3459 741 3514 798 in
3569 740 3748 814 Splen-

455 848 539 904 cui
569 863 789 903 serenus
817 849 933 905 dies
989 849 1196 904 venturi
1252 850 1434 906 saeculi
1480 851 1882 921 superveniens,
1938 853 2052 925 sole

443 937 666 1008 justitiae
695 937 1011 994 illustratur.
1051 939 1202 994 Sicut
1225 938 1426 994 etenim
1475 945 1686 1012 tempus
1731 941 1900 995 noctis
1943 941 2050 996 luci

447 1034 551 1088 diei
607 1034 882 1104 collatum,
950 1043 1086 1090 tetra
1143 1035 1378 1108 caligine
1443 1035 1734 1092 oﬂ‘uscatur
1800 1037 1876 1092 ita
1959 1039 2050 1094 lux

445 1122 686 1178 omnium
718 1123 928 1179 dierum
957 1125 1118 1194 hujus
1143 1125 1327 1181 saeculi
1357 1125 1462 1181 luci
1492 1127 1702 1183 venturi
1740 1126 1854 1181 diei
1888 1142 2048 1184 com-

451 1219 658 1284 parata,
718 1229 939 1284 prorsus
994 1215 1164 1270 densa
1231 1214 1532 1270 obscuritas
1601 1223 1896 1286 reputatur.
1971 1216 2054 1271 De

451 1307 693 1372 tempore
730 1310 910 1357 autem
940 1303 1024 1358 vel
1053 1303 1142 1358 die
1174 1303 1335 1374 hujus
1363 1303 1544 1360 seaculi
1571 1303 1768 1359 dicitur
1815 1303 1959 1374 quod
1997 1305 2050 1360 in

449 1401 716 1474 principio
746 1403 914 1474 ipsius
942 1404 1088 1459 Deus
1131 1405 1336 1463 creavit
1361 1421 1480 1460 χχιι
1517 1421 1701 1477 opera.
1733 1405 1911 1460 Primo
1955 1405 2053 1464 ita-

445 1506 548 1560 que
578 1489 666 1545 die
700 1490 827 1548 fecit
875 1501 1083 1562 septem
1133 1509 1301 1564 opera
1348 1495 1517 1562 (Gen.
1557 1498 1620 1563 ι),
1671 1493 1726 1548 id
1773 1502 1852 1548 est
1886 1501 2052 1549 mute.

445 1579 579 1634 riam
609 1578 926 1648 informem,
979 1583 1224 1654 angelos,
1279 1583 1474 1652 lucem,
1511 1583 1681 1639 caelos
1725 1583 2048 1655 superiores.

450 1681 669 1744 terram,
701 1693 899 1746 aquam
951 1685 1111 1749 atque
1161 1694 1392 1752 aerem;
1451 1681 1690 1736 secundo
1745 1681 1832 1736 die
1877 1680 2057 1738 ﬁrma-

447 1772 691 1820 mentum
740 1766 965 1836 solum;
1020 1769 1175 1824 tertio
1225 1769 1314 1824 die
1359 1776 1608 1838 quatuor,
1658 1770 1696 1824 il
1737 1777 1816 1825 est
1859 1770 2050 1837 maria,

443 1853 675 1924 semina,
710 1855 958 1911 sationes
987 1864 1146 1927 atque
1177 1857 1442 1930 plantaria
1472 1873 1486 1926 ;
1543 1865 1732 1928 quarto
1787 1858 1874 1913 die
1930 1859 2049 1930 tria,

442 1949 498 2004 id
541 1958 622 2006 est
647 1951 819 2007 solem
849 1960 900 2008 et
930 1953 1114 2010 lunam
1145 1962 1199 2009 et
1219 1953 1436 2024 stellas;
1487 1955 1674 2026 quinto
1717 1955 1805 2010 die
1852 1956 1952 2012 tria
1998 1956 2050 2010 id

444 2047 525 2094 est
552 2039 748 2110 pisces,
780 2041 995 2112 reptilia
1041 2055 1302 2114 aquarum
1351 2051 1403 2098 et
1443 2044 1730 2113 volatilia;
1763 2053 1915 2100 sexto
1960 2044 2048 2100 die

2156 846 2288 902 dore
2316 847 2472 918 regni
2500 855 2753 917 tanquam
2785 847 2912 902 solis
2958 838 3349 916 excellentiam,
3398 849 3450 897 et
3495 836 3549 895 in
3593 855 3750 911 spem

2159 937 2299 992 lunae
2327 935 2740 990 obumbrante-n1
2773 943 3026 1006 tanquam
3057 935 3424 1009 Bynagogam,
3473 934 3525 990 et
3568 927 3757 990 stellas

2159 1025 2428 1096 principes
2455 1024 2591 1095 ejus.
2623 1025 2796 1095 Hujus
2833 1024 3006 1080 aetatis
3053 1024 3153 1079 fuit
3206 1039 3431 1097 vespera
3486 1031 3694 1093 tempus
3731 1036 3748 1076 :

2159 1121 2374 1192 quando
2403 1122 2634 1194 populus
2662 1121 2759 1176 Dei
2807 1121 2864 1176 in
2917 1121 3245 1194 Babylonem
3299 1121 3486 1178 ductus
3529 1129 3607 1176 est
3659 1135 3756 1176 ca-

2158 1211 2356 1282 ptivus.
2388 1210 2588 1280 Quinto
2616 1209 2832 1280 saeculo,
2866 1210 2920 1265 id
2947 1219 3029 1265 est
3055 1210 3110 1265 in
3133 1211 3594 1283 transmigratioue
3639 1211 3752 1266 Ba-

2159 1299 2390 1370 bylonis,
2423 1300 2562 1354 facta
2589 1307 2712 1354 sunt
2739 1298 2890 1370 quasi
2919 1299 3174 1354 animalia
3203 1299 3256 1354 in
3310 1299 3463 1370 aquis
3501 1307 3556 1354 et
3594 1299 3756 1354 vola-

2160 1396 2275 1452 tilia
2303 1398 2445 1465 creti,
2483 1397 2610 1468 quia
2659 1405 2780 1452 tunc
2836 1397 2938 1452 iter
2973 1405 3163 1469 gentes
3222 1405 3474 1468 tanquam
3515 1397 3570 1452 in
3611 1395 3754 1452 mari

2157 1485 2330 1541 Judaei
2354 1486 2538 1541 vivere
2565 1492 2860 1558 cmpcrunt,
2879 1502 2978 1540 nec
2998 1485 3269 1542 habebant
3299 1486 3543 1542 stabilem
3571 1486 3752 1542 locum

2162 1582 2416 1644 tanquam
2445 1574 2688 1632 volantes
2716 1591 2868 1631 aves.
2933 1575 3105 1645 Hujus
3159 1574 3265 1630 diei
3321 1574 3470 1646 quasi
3525 1589 3752 1644 vespera

2160 1681 2240 1728 est
2277 1671 2656 1744 multiplicatio
2687 1681 3026 1744 peccatorum
3085 1673 3142 1727 in
3186 1673 3387 1745 populo
3441 1673 3750 1729 Judreorum

2160 1762 2376 1832 quando
2413 1762 2491 1817 sic
2519 1761 2772 1818 excaecati
2801 1769 2942 1831 sunt,
2976 1769 3034 1817 ut
3059 1762 3221 1818 etiam
3251 1761 3540 1818 Dominum
3568 1763 3751 1818 Iesum

2159 1867 2269 1906 non
2298 1859 2514 1922 possent
2543 1867 2858 1924 agnoscere.
2904 1853 3021 1906 Jam
3075 1859 3286 1908 sextum
3341 1851 3592 1908 saeculum
3651 1851 3753 1906 fuit

2161 1951 2215 2006 in
2233 1951 2464 2007 adventu
2510 1951 2728 2006 Domini
2760 1950 2925 2006 nostri
2977 1951 3101 2007 Iesu
3155 1951 3370 2008 Christi.
3431 1953 3569 2008 Nam
3613 1951 3752 2008 sicut

2162 2038 2218 2094 in
2249 2039 2341 2096 illa
2367 2046 2519 2096 sexta
2547 2039 2636 2096 die
2663 2040 2870 2110 primus
2884 2040 3056 2096 Adam
3085 2039 3153 2095 de
3181 2039 3311 2096 limo
3339 2047 3492 2096 terrea
3521 2039 3588 2095 ad
3604 2041 3750 2096 ima-

443 2106 692 2199 quatuor,
725 2106 778 2183 id
811 2106 893 2188 est
920 2106 1142 2200 bestias,
1176 2131 1412 2204 pecudes
1439 2140 1494 2188 et
1519 2106 1734 2204 reptilia
1775 2141 1950 2202 terrae,
1997 2106 2133 2191 etB
2161 2128 2346 2200 ginem
2378 2129 2473 2183 Dei
2505 2106 2682 2184 factus
2705 2137 2802 2197 est,
2835 2130 2912 2184 sic
2967 2129 3020 2184 in
3068 2129 3168 2185 ista
3223 2136 3373 2184 sexta
3432 2129 3538 2186 diei
3592 2137 3751 2186 aelate

443 2221 746 2292 hominem,
770 2235 822 2282 et
854 2227 994 2282 facta
1022 2235 1146 2284 sunt
1167 2228 1352 2284 omnia
1381 2241 1496 2284 XXII
1527 2229 1582 2284 in
1623 2229 1814 2285 diebus
1858 2247 1933 2286 vi.
1982 2231 2052 2286 Et

445 2328 563 2368 xxn
591 2315 972 2386 generationes
999 2324 1122 2372 sunt
1151 2321 1220 2372 ab
1248 2317 1420 2372 Adam
1452 2335 1618 2388 usque
1649 2317 1717 2374 ad
1743 2319 1932 2386 Jacob,
1981 2336 2051 2374 ex

443 2401 599 2471 cujus
627 2404 837 2459 semine
867 2405 1106 2461 nascitur
1131 2422 1269 2478 gens
1307 2407 1492 2462 Israel.
1526 2407 1590 2462 Et
1619 2423 1738 2462 xxu
1784 2406 1908 2462 libri
1949 2408 2050 2463 Ve-

442 2498 572 2554 teris
597 2500 927 2556 Testamenti
949 2518 1119 2572 usque
1151 2502 1220 2557 ad
1269 2503 1480 2572 Esther,
1516 2511 1570 2558 et
1605 2519 1723 2560 xxu
1753 2504 2046 2560 litterarum

443 2596 568 2642 sunt
613 2588 898 2659 elementa,
948 2591 1145 2661 quibus
1207 2599 1420 2648 constat
1477 2592 1678 2649 divinas
1740 2593 1878 2666 legis
1941 2593 2046 2649 do-

445 2683 638 2739 ctrina.
664 2685 834 2758 Igitur
858 2688 1244 2744 consummatis
1289 2705 1407 2744 xxn
1455 2691 1709 2760 operibus
1753 2707 1810 2746 vr
1857 2691 2046 2747 diebus

447 2773 714 2842 requievit
739 2773 812 2829 ab
841 2775 919 2830 eis
954 2777 1185 2846 septimo
1214 2778 1360 2833 Deus
1405 2777 1570 2850 (Gen.
1621 2785 1684 2842 ιι)
1718 2799 1730 2834 :
1777 2781 1904 2850 quia
1949 2798 2044 2836 sex

444 2861 692 2918 aetatibus
719 2865 1182 2922 consummabitur
1209 2866 1306 2922 iste
1337 2867 1590 2926 mundus.
1617 2867 1857 2938 Quarum
1905 2878 2043 2926 aeta-

442 2965 553 3013 tum
585 2959 758 3030 prima
787 2970 865 3016 est
895 2963 964 3017 ab
993 2963 1166 3018 Adam
1195 2981 1362 3034 usque
1404 2963 1472 3020 ad
1523 2967 1658 3036 Noe,
1717 2966 1860 3038 quod
1911 2967 2044 3024 ﬁunt

439 3048 735 3102 secundum
809 3050 1076 3108 lsidorum
1162 3053 1289 3108 anni
1357 3069 1414 3125 ιι,
1478 3070 1696 3123 ηοσιιι;
1783 3057 2038 3128 secunda,

439 3151 471 3191 a
499 3135 703 3192 diluvio
732 3155 901 3210 usque
920 3139 988 3195 ad
1039 3141 1336 3212 Abraham,
1394 3143 1540 3214 quod
1595 3143 1728 3200 ﬁunt
1773 3145 1901 3200 anni
1957 3161 2038 3216 tu,

437 3248 762 3290 uccxxxvn.
795 3237 992 3303 Tertia,
1024 3237 1096 3294 ab
1143 3237 1419 3296 Abraham
1469 3257 1636 3312 usque
1693 3241 1762 3298 ad
1816 3242 1988 3299 David
2025 3262 2038 3298 ε

439 3323 582 3392 quod
613 3321 746 3379 ﬁunt
785 3327 911 3380 anni
938 3343 1014 3395 IV,
1065 3344 1351 3399 ucxxxrv;
1402 3339 1611 3400 quarta,
1656 3347 1689 3386 a
1724 3332 1898 3388 David
1945 3349 2038 3386 us-

2159 2225 2427 2280 secundus
2448 2227 2642 2295 Adam,
2675 2224 2729 2280 id
2758 2235 2834 2282 est
2872 2227 3130 2296 Christus,
3178 2228 3234 2282 in
3287 2243 3444 2283 carne
3499 2228 3566 2283 de
3624 2229 3749 2282 Vir-

2156 2315 2284 2387 gine
2316 2315 2483 2372 Maria
2511 2324 2668 2371 natus
2695 2324 2776 2370 est
2806 2335 2818 2372 :
2855 2317 2944 2371 illc
2977 2316 3032 2370 in
3053 2317 3236 2372 anima
3279 2317 3512 2385 vivente,
3561 2317 3648 2372 hic
3691 2317 3749 2371 in

2155 2403 2345 2474 spiritu
2375 2403 2699 2461 viviﬁcante.
2733 2406 2800 2460 Et
2825 2405 2963 2461 sicut
2989 2405 3044 2459 in
3075 2405 3166 2461 illa
3211 2405 3299 2462 die
3345 2405 3405 2461 ﬁt
3448 2405 3627 2462 anima
3669 2405 3752 2462 vi-

2155 2518 2243 2568 va,
2274 2501 2352 2557 sic
2379 2501 2433 2556 in
2461 2501 2560 2557 isto
2609 2501 2806 2557 smculo
2847 2501 3213 2559 desiderantes
3250 2503 3418 2559 vitam
3464 2511 3744 2560 aeternam.

2156 2591 2223 2644 Et
2249 2590 2386 2646 sicut
2411 2590 2468 2644 in
2497 2589 2590 2646 illa
2615 2589 2704 2645 die
2734 2598 2886 2646 sexta
2919 2591 3250 2663 serpentium
3279 2599 3334 2647 et
3368 2593 3602 2648 ferarum
3651 2608 3748 2664 ge-

2151 2695 2283 2735 nera
2310 2679 2560 2749 producit
2587 2687 2744 2748 terra,
2776 2679 2851 2735 ita
2879 2689 2932 2736 et
2977 2681 3034 2735 in
3090 2683 3191 2737 hac
3243 2689 3398 2736 sexta
3441 2689 3596 2738 etate
3634 2697 3745 2737 sae-

2153 2776 2257 2831 culi
2309 2785 2498 2848 gentes
2551 2777 2718 2832 vitam
2777 2786 3090 2850 appetentes
3143 2785 3399 2835 aeternam
3451 2778 3745 2834 Ecclesium

2151 2866 2448 2938 generavit.
2511 2866 2578 2921 Et
2620 2867 3078 2936 quemadmodum
3133 2868 3188 2922 in
3242 2867 3334 2923 illa
3388 2866 3478 2924 die
3537 2875 3748 2924 creatur

2151 2955 2421 3010 masculus
2448 2963 2501 3010 et
2531 2955 2752 3024 femina,
2785 2956 2863 3011 sic
2909 2956 2966 3011 in
3013 2957 3114 3012 ista
3153 2956 3335 3013 saeculi
3371 2965 3527 3012 aetate
3573 2957 3747 3012 mani-

2150 3051 2375 3108 festatur
2401 3053 2642 3109 Christus
2672 3061 2726 3108 et
2768 3053 3025 3110 Ecclesia.
3081 3055 3150 3109 Et
3198 3053 3334 3110 sicut
3386 3056 3549 3110 homo
3596 3070 3744 3125 prae-

2149 3141 2368 3212 ponitur
2397 3143 2452 3198 in
2479 3142 2567 3198 die
2616 3143 2708 3198 illa
2764 3143 3068 3214 pecoribus,
3131 3142 3488 3215 serpentibus,
3545 3143 3747 3200 volati-

2147 3226 2247 3281 bus
2266 3228 2409 3293 coeli,
2441 3228 2515 3284 ita
2543 3227 2781 3285 Christus
2809 3229 2865 3283 in
2902 3230 3005 3284 hac
3049 3237 3204 3286 aetate
3249 3228 3520 3301 gentibus,
3561 3245 3746 3302 p0pu-

2145 3324 2210 3378 lis
2239 3333 2291 3379 ot
2321 3325 2646 3394 nationibus,
2679 3335 2736 3382 ut
2765 3327 2834 3382 ab
2864 3342 2928 3382 eo
2955 3335 3214 3400 regantur
3242 3327 3328 3382 vel
3357 3327 3557 3383 carnali
3601 3344 3740 3383 con-

437 3427 540 3482 que
597 3413 665 3468 ad
721 3415 1249 3488 lmnsmigrationem
1309 3419 1614 3491 Babylonis,
1684 3421 1830 3490 quod
1903 3417 2038 3476 ﬁunt
2067 3459 2118 3524 α
2146 3413 2477 3485 cupiscentia
2504 3415 2671 3471 dediti
2699 3415 2853 3472 sicuti
2883 3431 3098 3488 pecora,
3167 3416 3254 3472 vel
3295 3424 3508 3472 terrena
3551 3416 3745 3472 obscu-

437 3508 562 3562 anni
593 3524 649 3578 v,
681 3526 852 3566 IDCIX
887 3527 901 3582 ;
953 3514 1156 3584 quinta,
1189 3530 1222 3570 a
1278 3515 1746 3588 transmigratione
1800 3515 2037 3588 Babylo-

439 3595 522 3650 nis
550 3613 718 3668 usque
749 3599 817 3654 ad
850 3601 1142 3669 Christum,
1175 3603 1320 3673 quod
1365 3602 1501 3658 ﬁunt
1555 3605 1682 3660 anni
1735 3622 1789 3676 v,
1848 3621 2033 3661 ucuv.

435 3687 482 3739 Α
512 3687 788 3743 nativitate
817 3697 996 3745 autem
1027 3691 1219 3746 Christi
1252 3709 1420 3762 usque
1435 3693 1504 3748 ad
1550 3692 1604 3746 id
1649 3709 1755 3764 quo
1803 3695 2039 3750 Isidorus

437 3774 550 3830 haec
577 3775 810 3848 scripsit,
841 3786 1017 3834 certus
1045 3797 1300 3835 numerus
1341 3797 1447 3836 non
1507 3781 1735 3837 habetur
1789 3783 1889 3838 nisi
1944 3781 2038 3839 ﬁat

437 3869 648 3927 illorum
673 3889 938 3931 annorum
961 3877 1296 3949 computatio
1317 3895 1439 3950 quae
1463 3877 1678 3934 fuerunt
1695 3879 1764 3935 ad
1793 3888 2038 3950 tempora

435 3959 666 4018 Heraclii
682 3963 922 4036 religiosi
946 3965 1222 4038 principis.
1245 3967 1418 4036 Hujus
1437 3975 1626 4038 quarto
1645 3976 1700 4023 et
1734 3969 1920 4039 quinto
1953 3971 2038 4027 Si-

432 4049 591 4121 sipoti
612 4051 872 4124 principis
887 4055 1238 4120 annoJudaai
1266 4055 1319 4110 in
1361 4056 1566 4126 Spauia
1600 4056 2031 4129 baptizabantur,

435 4145 489 4192 et
507 4147 634 4195 tunc
657 4140 870 4197 fuerunt
890 4143 1016 4197 anni
1029 4160 1060 4198 a
1072 4144 1346 4199 nativitate
1368 4145 1585 4199 Domini
1608 4163 1660 4212 v,
1683 4161 2034 4203 unoccxxxw

439 4239 562 4277 cum
618 4225 987 4296 superioribus
1056 4228 1210 4283 annis
1273 4235 1491 4284 aetatum
1565 4233 1907 4302 computatis.
1969 4234 2036 4289 Et

437 4321 552 4377 haec
581 4329 662 4376 est
688 4331 842 4378 sexta
870 4332 1001 4380 aetas
1029 4343 1150 4395 qua:
1180 4343 1321 4382 nunc
1349 4326 1528 4399 agitur
1563 4345 1732 4398 usque
1771 4330 1840 4384 ad
1887 4329 2031 4386 diem

429 4405 641 4477 judicii.
676 4407 918 4480 Septima
958 4425 1088 4466 vero
1135 4419 1440 4468 sanctorum
1480 4411 1582 4467 erit
1619 4414 1852 4485 requies,
1911 4432 2032 4486 qua:

435 4509 543 4551 non
593 4495 754 4552 habet
801 4513 1102 4570 vesperam,
1169 4501 1297 4571 quia
1360 4519 1481 4558 eam
1544 4502 1720 4559 nullus
1776 4505 2032 4560 terminus

432 4583 652 4640 claudit.

505 4707 694 4766 Primo
723 4710 866 4768 enim
897 4713 1096 4769 saeculo
1125 4713 1298 4770 factus
1327 4723 1408 4770 est
1442 4717 1604 4772 homo
1663 4716 1716 4771 in
1776 4718 2028 4790 paradiso

2145 3502 2245 3557 rati
2312 3503 2616 3560 curiositate
2682 3505 2833 3575 quasi
2917 3511 3192 3575 serpentes
3223 3545 3237 3573 ,
3324 3503 3409 3559 vel
3491 3507 3746 3578 superbia

2145 3599 2295 3670 quasi
2317 3617 2465 3656 aves.
2499 3603 2566 3657 Et
2591 3602 2729 3658 sicut
2756 3603 2811 3657 in
2837 3603 2928 3658 illo
2985 3602 3073 3657 die
3129 3609 3419 3674 pascuntur
3468 3605 3634 3659 homo
3689 3612 3744 3658 et

2145 3689 2421 3760 animalia,
2453 3707 2574 3762 quae
2620 3708 2742 3747 cum
2790 3691 2908 3763 ipso
2963 3700 3102 3756 sunt,
3159 3691 3342 3748 herbis
3393 3692 3744 3748 seminalibus

2145 3777 2307 3850 lignis
2335 3778 2625 3836 tructifcris
2653 3789 2707 3836 et
2735 3781 2916 3836 herbis
2971 3779 3252 3851 viridibus,
3309 3779 3386 3837 sic
3429 3782 3530 3836 ista
3583 3788 3740 3838 elate

2142 3874 2259 3946 ipse
2288 3877 2520 3949 pupulas
2564 3878 2914 3948 spiritualiter
2967 3879 3200 3951 pascitur
3243 3887 3543 3935 sanctarum
3588 3879 3740 3935 Scri-

2142 3972 2420 4036 pturarum
2451 3968 2744 4034 alimentis,
2769 3975 2824 4023 et
2869 3969 2992 4041 lege
3031 3968 3218 4024 divina
3255 3969 3324 4024 ad
3365 3968 3737 4039 accipiendam

2141 4053 2525 4110 fecunditatem
2580 4057 2851 4112 rationum
2909 4065 3069 4128 atque
3123 4073 3434 4114 sermonum
3483 4064 3738 4128 tanquam

2141 4143 2322 4198 herbis
2370 4145 2721 4200 seminalibus
2784 4146 2978 4216 partim
3047 4145 3117 4201 ad
3180 4146 3460 4202 utilitatem
3525 4163 3736 4202 morum

2140 4240 2560 4296 conversationis
2589 4244 2858 4308 humanas,
2907 4242 3102 4314 partim
3159 4243 3228 4298 ad
3287 4243 3532 4315 vigorem
3587 4242 3734 4310 ﬁdei,

2139 4329 2302 4398 spei,
2358 4337 2412 4384 et
2475 4331 2748 4386 charitatis
2813 4331 2868 4386 iu
2935 4331 3097 4386 vitam
3160 4321 3415 4388 aeternam
3482 4341 3735 4402 tanquam

2140 4417 2322 4472 herbis
2381 4418 2668 4486 viridibus,
2725 4436 2846 4490 qua:
2918 4421 3065 4476 nullo
3138 4429 3270 4476 aestu
3336 4421 3733 4476 tribulationum

2139 4523 2404 4571 arescunt.
2438 4517 2680 4573 Carnalis
2719 4526 2920 4586 autem,
2970 4519 3026 4572 id
3069 4526 3148 4574 est
3197 4519 3451 4590 parvulus
3487 4518 3541 4573 in
3587 4519 3740 4574 Chri-

2137 4611 2220 4659 sto
2249 4613 2504 4676 tanquam
2528 4623 2694 4676 pecus
2722 4608 2839 4676 Dei,
2901 4614 2959 4662 ut
3004 4607 3059 4662 in
3111 4607 3261 4663 illum
3317 4607 3518 4675 credat,
3575 4624 3734 4678 quem

2137 4691 2440 4766 intelligere
2469 4695 2708 4750 nondum
2739 4703 2917 4768 potest
2971 4704 3022 4752 ct
3081 4704 3257 4752 tamen
3313 4697 3530 4753 eosdem
3585 4697 3737 4752 cibos

433 4799 586 4868 quasi
622 4799 716 4855 lux
771 4800 938 4871 (Gen.
1005 4806 1041 4868 1)
1101 4803 1509 4873 [Ancusrrnus,
1571 4807 1773 4863 Genesi
1825 4811 2028 4866 contra
2054 4823 2109 4884 ι)
2139 4806 2329 4846 omnes
2357 4791 2576 4847 habem-

433 4888 788 4960 Mam’chwos]
813 4905 826 4956 ;
859 4891 916 4946 in
945 4907 1052 4961 qua
1079 4899 1234 4948 relate
1261 4891 1404 4949 ﬁlios
1429 4893 1484 4948 in
1528 4892 1664 4949 lucis
1689 4896 1911 4953 nomine
1937 4897 2027 4952 di-

431 4990 558 5046 visit
585 4991 730 5048 Deus
760 5009 792 5048 a
821 4991 945 5048 ﬁliis
975 4991 1278 5061 hominum,
1328 4995 1480 5066 quasi
1537 5013 1570 5050 a
1625 4997 1878 5064 tenebris,
1934 4998 2024 5054 ﬁt-

433 5095 535 5150 que
566 5081 726 5153 hujus
753 5081 862 5138 diei
903 5098 1130 5155 vespera
1186 5083 1470 5139 diluvium.
1529 5084 1778 5143 Secundo
1829 5089 2028 5144 saeculo

431 5167 631 5225 factum
693 5178 778 5226 est
837 5170 990 5242 quasi
1053 5169 1452 5228 ﬁrmamentum
1518 5174 1656 5231 inter
1717 5191 1914 5246 aquam
1975 5185 2030 5234 et

433 5273 652 5328 aquam,
684 5275 810 5315 arca
839 5260 1024 5330 utique
1055 5259 1148 5316 illa
1177 5277 1298 5332 qua:
1344 5262 1567 5330 natavit,
1625 5263 1766 5319 inter
1819 5265 2030 5337 pluvias

433 5363 486 5408 et
515 5357 685 5412 maria
713 5365 844 5413 erat.
877 5357 994 5414 Hac
1022 5375 1251 5430 vespera
1292 5358 1350 5414 ﬁt
1395 5361 1642 5418 confusio
1696 5363 2025 5436 linguarum.

433 5437 612 5496 Tertio
639 5443 838 5498 smculo
869 5443 1070 5498 fac-tum
1111 5452 1191 5498 est
1244 5444 1391 5514 quod
1442 5447 1715 5516 separavit
1764 5450 2027 5520 populum

435 5540 590 5582 suum
619 5545 651 5586 a
678 5529 934 5601 gentibus
961 5547 1061 5604 per
1087 5531 1361 5590 Abraham
1389 5535 1700 5590 discernens
1717 5552 1842 5592 eum
1876 5540 2026 5608 quasi

435 5616 640 5672 aridam
673 5618 742 5673 ab
772 5618 927 5688 aquis
955 5628 1012 5674 ut
1028 5622 1297 5689 proferret
1337 5640 1565 5694 germen
1613 5624 1899 5681 herbarum
1939 5636 2026 5684 at-

437 5715 540 5770 que
561 5703 854 5775 lignorum,
880 5706 933 5760 id
980 5717 1062 5764 est
1106 5719 1321 5767 sanctos
1373 5720 1430 5766 et
1467 5712 1696 5768 fructum
1738 5715 2028 5786 Scriptura:

435 5799 656 5846 sancta.
707 5793 821 5848 Hac
857 5811 1084 5867 vespera
1148 5797 1248 5852 fuit
1311 5807 1590 5870 peccatum
1655 5803 1800 5874 regis
1861 5803 2018 5862 Sani.

439 5882 698 5953 Quartum
746 5891 1003 5946 amulum
1058 5894 1224 5962 coepit
1275 5910 1307 5951 a
1361 5897 1558 5968 David,
1615 5900 1832 5969 quando
1886 5902 2028 5959 Deus

2208 4906 2332 4962 Post
2353 4907 2507 4963 istam
2540 4924 2821 4980 vesperam
2852 4909 2942 4966 ﬁet
2967 4925 3144 4976 mane,
3175 4926 3296 4966 cum
3331 4909 3444 4982 ipse
3473 4909 3734 4966 Dominus

2135 4993 2190 5048 in
2246 4995 2486 5050 claritate
2541 5005 2794 5053 venturus
2849 5007 2948 5053 est.
3009 4999 3160 5054 Tunc
3221 4999 3556 5069 requiescent
3607 5015 3730 5054 cum

2137 5079 2344 5134 Christo
2373 5079 2442 5135 ab
2471 5081 2724 5138 omnibus
2753 5083 3008 5154 operibus
3036 5083 3164 5138 suis.
3223 5084 3353 5139 Post
3406 5083 3532 5138 talia
3584 5084 3728 5139 enim

2136 5191 2303 5248 opera
2327 5178 2596 5248 speranda
2623 5188 2703 5235 est
2728 5181 2940 5251 requies
2991 5180 3046 5235 in
3093 5181 3183 5237 die
3226 5181 3458 5253 septimo
3501 5181 3594 5252 qui
3641 5197 3731 5238 ve-

2135 5280 2351 5335 speram
2381 5281 2488 5322 non
2519 5267 2698 5322 habet.
2729 5269 2776 5323 0
2807 5269 2981 5339 qualis
3005 5269 3181 5343 gloria
3211 5269 3502 5325 lucisillius
3519 5269 3730 5341 septimi

2135 5352 2264 5421 diei,
2285 5353 2340 5408 in
2365 5369 2473 5424 qua
2519 5356 2756 5412 Christus
2782 5357 2838 5412 iu
2865 5373 2977 5414 suae
3003 5359 3242 5413 claritate
3261 5357 3594 5430 praedicatur,
3613 5374 3731 5428 quae

2136 5449 2206 5504 ab
2233 5449 2352 5520 ipso
2381 5450 2494 5506 sole
2524 5453 2842 5523 angelorum
2865 5454 3221 5520 illuminatur,
3245 5453 3400 5522 cujus
3435 5453 3731 5525 pulchritu—

2135 5537 2316 5593 dinem
2348 5539 2436 5595 hic
2460 5541 2542 5596 sol
2560 5549 2614 5596 et
2633 5542 2760 5598 luna
2789 5543 3051 5598 mirantur
3081 5543 3094 5596 l
3129 5542 3176 5600 Ο
3204 5542 3378 5613 qualis
3402 5543 3576 5616 gratia
3595 5542 3734 5598 illius

2136 5627 2243 5683 diei
2272 5645 2434 5698 quam
2463 5645 2654 5686 omnes
2681 5632 2864 5704 angeli
2892 5647 3188 5702 omnesque
3235 5631 3404 5688 sancti
3457 5632 3732 5687 illumina-

2135 5725 2272 5782 bunt
2304 5741 2316 5778 :
2351 5727 2442 5795 qui
2471 5727 2671 5800 singuli
2702 5731 3010 5802 septuplum
3069 5731 3190 5802 plus
3245 5731 3346 5785 hoc
3397 5731 3512 5786 sole
3558 5730 3732 5786 radia-

2133 5813 2293 5869 bunt.
2335 5813 2400 5867 Et
2455 5814 2498 5867 si
2547 5816 2635 5871 hic
2691 5819 2924 5874 mundus
2977 5828 3087 5874 tam
3143 5833 3391 5874 amamus
3438 5818 3728 5888 judicatur,

2137 5903 2229 5972 qui
2275 5917 2383 5957 uno
2405 5903 2523 5960 sole
2567 5913 2748 5962 tamen
2804 5907 3112 5978 illustratur,
3170 5905 3300 5980 quid
3352 5908 3728 5964 aestimandum
