  <div class='ocr_page' id='page_1' title='image "/cluster/home/n/w/nwhite01/storage/ocr_20150623/156-157/uc1.31175010662024/101.png"; bbox 0 0 3956 6426; ppageno 0'>
   <div class='ocr_carea' id='block_1_1' title="bbox 351 427 444 479">
    <p class='ocr_par' dir='ltr' id='par_1_1' title="bbox 351 427 444 479">
     <span class='ocr_line' id='line_1_1' title="bbox 351 427 444 479; baseline -0.032 0"><span class='ocrx_word' id='word_1_1' title='bbox 351 427 444 479; x_wconf 77' lang='grc'><strong>187</strong></span> 
     </span>
    </p>
   </div>
   <div class='ocr_carea' id='block_1_2' title="bbox 1195 391 3006 474">
    <p class='ocr_par' dir='ltr' id='par_1_2' title="bbox 1195 391 3006 474">
     <span class='ocr_line' id='line_1_2' title="bbox 1195 391 3006 474; baseline -0.007 0"><span class='ocrx_word' id='word_1_2' title='bbox 1195 419 1257 474; x_wconf 85' lang='grc' dir='ltr'><strong>ν.</strong></span> <span class='ocrx_word' id='word_1_3' title='bbox 1305 391 1635 472; x_wconf 63' lang='lat' dir='ltr'><strong>CUIBERTI</strong></span> <span class='ocrx_word' id='word_1_4' title='bbox 1695 412 1987 468; x_wconf 74' lang='lat' dir='ltr'><strong>ABBATIS</strong></span> <span class='ocrx_word' id='word_1_5' title='bbox 2044 412 2101 465; x_wconf 94' lang='grc'>8.</span> <span class='ocrx_word' id='word_1_6' title='bbox 2167 408 2414 464; x_wconf 68' lang='lat' dir='ltr'><strong>MARIIE</strong></span> <span class='ocrx_word' id='word_1_7' title='bbox 2474 409 2563 464; x_wconf 84' lang='lat' dir='ltr'><strong>DE</strong></span> <span class='ocrx_word' id='word_1_8' title='bbox 2614 407 3006 464; x_wconf 81' lang='lat' dir='ltr'><strong>NOVIGENTO</strong></span> 
     </span>
    </p>
   </div>
   <div class='ocr_carea' id='block_1_3' title="bbox 3763 408 3860 457">
    <p class='ocr_par' dir='ltr' id='par_1_3' title="bbox 3763 408 3860 457">
     <span class='ocr_line' id='line_1_3' title="bbox 3763 408 3860 457; baseline 0 0"><span class='ocrx_word' id='word_1_9' title='bbox 3763 408 3860 457; x_wconf 77' lang='grc'>188</span> 
     </span>
    </p>
   </div>
   <div class='ocr_carea' id='block_1_4' title="bbox 346 541 3864 624">
    <p class='ocr_par' dir='ltr' id='par_1_4' title="bbox 346 541 3864 624">
     <span class='ocr_line' id='line_1_4' title="bbox 346 541 3864 624; baseline -0.005 -10"><span class='ocrx_word' id='word_1_10' title='bbox 346 575 427 624; x_wconf 86' lang='grc' dir='ltr'><strong>ιιι,</strong></span> <span class='ocrx_word' id='word_1_11' title='bbox 479 559 583 624; x_wconf 89' lang='lat' dir='ltr'><strong>l8),</strong></span> <span class='ocrx_word' id='word_1_12' title='bbox 625 557 682 612; x_wconf 89' lang='lat' dir='ltr'><strong>id</strong></span> <span class='ocrx_word' id='word_1_13' title='bbox 728 563 812 613; x_wconf 89' lang='lat' dir='ltr'><strong>est</strong></span> <span class='ocrx_word' id='word_1_14' title='bbox 842 563 996 612; x_wconf 87' lang='lat' dir='ltr'><strong>certa</strong></span> <span class='ocrx_word' id='word_1_15' title='bbox 1053 560 1240 610; x_wconf 89' lang='lat' dir='ltr'><strong>status</strong></span> <span class='ocrx_word' id='word_1_16' title='bbox 1305 551 1483 608; x_wconf 83' lang='lat' dir='ltr'><strong>nostri</strong></span> <span class='ocrx_word' id='word_1_17' title='bbox 1541 547 2024 606; x_wconf 89' lang='lat' dir='ltr'><strong>immutabilitate.</strong></span> <span class='ocrx_word' id='word_1_18' title='bbox 2067 545 2115 598; x_wconf 77' lang='grc' dir='ltr'><strong>Α</strong></span> <span class='ocrx_word' id='word_1_19' title='bbox 2146 551 2278 611; x_wconf 91' lang='lat' dir='ltr'><strong>tem,</strong></span> <span class='ocrx_word' id='word_1_20' title='bbox 2333 545 2403 600; x_wconf 92' lang='lat' dir='ltr'><strong>ob</strong></span> <span class='ocrx_word' id='word_1_21' title='bbox 2456 544 2771 600; x_wconf 88' lang='lat' dir='ltr'><strong>humilium</strong></span> <span class='ocrx_word' id='word_1_22' title='bbox 2824 543 3108 598; x_wconf 90' lang='lat' dir='ltr'><strong>virtutum</strong></span> <span class='ocrx_word' id='word_1_23' title='bbox 3161 541 3571 608; x_wconf 76' lang='lat' dir='ltr'><strong>defensionem,</strong></span> <span class='ocrx_word' id='word_1_24' title='bbox 3647 547 3864 596; x_wconf 88' lang='lat' dir='ltr'><strong>contra</strong></span> 
     </span>
    </p>
   </div>
   <div class='ocr_carea' id='block_1_5' title="bbox 345 641 1625 715">
    <p class='ocr_par' dir='ltr' id='par_1_5' title="bbox 345 641 1625 715">
     <span class='ocr_line' id='line_1_5' title="bbox 345 641 1625 715; baseline -0.01 -12"><span class='ocrx_word' id='word_1_25' title='bbox 345 647 510 715; x_wconf 85' lang='lat' dir='ltr'><strong>Quod</strong></span> <span class='ocrx_word' id='word_1_26' title='bbox 535 647 686 702; x_wconf 89' lang='lat' dir='ltr'><strong>enim</strong></span> <span class='ocrx_word' id='word_1_27' title='bbox 720 652 999 711; x_wconf 90' lang='lat' dir='ltr'><strong>mutatur,</strong></span> <span class='ocrx_word' id='word_1_28' title='bbox 1031 658 1145 698; x_wconf 93' lang='lat' dir='ltr'><strong>non</strong></span> <span class='ocrx_word' id='word_1_29' title='bbox 1169 650 1253 698; x_wconf 92' lang='lat' dir='ltr'><strong>est</strong></span> <span class='ocrx_word' id='word_1_30' title='bbox 1281 642 1339 698; x_wconf 92' lang='lat' dir='ltr'><strong>in</strong></span> <span class='ocrx_word' id='word_1_31' title='bbox 1369 641 1625 696; x_wconf 81' lang='lat' dir='ltr'><strong>veritate.</strong></span> 
     </span>
    </p>
   </div>
   <div class='ocr_carea' id='block_1_6' title="bbox 426 768 2040 844">
    <p class='ocr_par' dir='ltr' id='par_1_6' title="bbox 426 768 2040 844">
     <span class='ocr_line' id='line_1_6' title="bbox 426 768 2040 844; baseline -0.009 -10"><span class='ocrx_word' id='word_1_32' title='bbox 426 780 592 834; x_wconf 73' lang='lat' dir='ltr'><strong>Vnus.</strong></span> <span class='ocrx_word' id='word_1_33' title='bbox 649 781 738 844; x_wconf 89' lang='grc'><strong>26,</strong></span> <span class='ocrx_word' id='word_1_34' title='bbox 788 781 885 832; x_wconf 86' lang='grc'><strong>27.</strong></span> <span class='ocrx_word' id='word_1_35' title='bbox 941 805 1008 816; x_wconf 90' lang='lat'><strong>——</strong></span> <span class='ocrx_word' id='word_1_36' title='bbox 1070 776 1363 831; x_wconf 84' lang='lat' dir='ltr'><strong>Inclinavit</strong></span> <span class='ocrx_word' id='word_1_37' title='bbox 1394 789 1448 826; x_wconf 89' lang='lat' dir='ltr'><strong>se</strong></span> <span class='ocrx_word' id='word_1_38' title='bbox 1494 772 1667 837; x_wconf 83' lang='lat' dir='ltr'><strong>homo,</strong></span> <span class='ocrx_word' id='word_1_39' title='bbox 1699 774 1750 823; x_wconf 90' lang='lat' dir='ltr'><strong>et</strong></span> <span class='ocrx_word' id='word_1_40' title='bbox 1785 768 2040 822; x_wconf 75' lang='lat' dir='ltr'><strong>adoravit</strong></span> 
     </span>
    </p>
   </div>
   <div class='ocr_carea' id='block_1_7' title="bbox 351 859 2042 934">
    <p class='ocr_par' dir='ltr' id='par_1_7' title="bbox 351 859 2042 934">
     <span class='ocr_line' id='line_1_7' title="bbox 351 859 2042 934; baseline -0.008 -11"><span class='ocrx_word' id='word_1_41' title='bbox 351 873 538 934; x_wconf 87' lang='lat' dir='ltr'><strong>Deum,</strong></span> <span class='ocrx_word' id='word_1_42' title='bbox 578 867 757 920; x_wconf 87' lang='lat' dir='ltr'><strong>dicens</strong></span> <span class='ocrx_word' id='word_1_43' title='bbox 791 883 804 920; x_wconf 90' lang='lat'>:</span> <span class='ocrx_word' id='word_1_44' title='bbox 838 865 1155 921; x_wconf 79' lang='lat' dir='ltr'><strong>Benedictus</strong></span> <span class='ocrx_word' id='word_1_45' title='bbox 1213 865 1467 918; x_wconf 85' lang='lat' dir='ltr'><strong>Dominus</strong></span> <span class='ocrx_word' id='word_1_46' title='bbox 1517 863 1651 914; x_wconf 84' lang='lat' dir='ltr'><strong>Deus</strong></span> <span class='ocrx_word' id='word_1_47' title='bbox 1701 859 1910 912; x_wconf 81' lang='lat' dir='ltr'><strong>domini</strong></span> <span class='ocrx_word' id='word_1_48' title='bbox 1938 859 2042 910; x_wconf 87' lang='lat' dir='ltr'><strong>mei</strong></span> 
     </span>
    </p>
   </div>
   <div class='ocr_carea' id='block_1_8' title="bbox 349 947 2039 1022">
    <p class='ocr_par' dir='ltr' id='par_1_8' title="bbox 349 947 2039 1022">
     <span class='ocr_line' id='line_1_8' title="bbox 349 947 2039 1022; baseline -0.009 -11"><span class='ocrx_word' id='word_1_49' title='bbox 349 957 654 1020; x_wconf 80' lang='lat' dir='ltr'><strong><em>Abraham,</em></strong></span> <span class='ocrx_word' id='word_1_50' title='bbox 705 957 801 1022; x_wconf 89' lang='lat' dir='ltr'><strong>qui</strong></span> <span class='ocrx_word' id='word_1_51' title='bbox 843 970 949 1006; x_wconf 90' lang='lat' dir='ltr'><strong>non</strong></span> <span class='ocrx_word' id='word_1_52' title='bbox 999 953 1224 1006; x_wconf 79' lang='lat' dir='ltr'><strong>abstulit</strong></span> <span class='ocrx_word' id='word_1_53' title='bbox 1265 949 1695 1004; x_wconf 71' lang='lat' dir='ltr'><strong>misrricordiam</strong></span> <span class='ocrx_word' id='word_1_54' title='bbox 1738 952 1788 1000; x_wconf 88' lang='lat' dir='ltr'><strong>et</strong></span> <span class='ocrx_word' id='word_1_55' title='bbox 1837 947 2039 999; x_wconf 81' lang='lat' dir='ltr'><strong>verita-</strong></span> 
     </span>
    </p>
   </div>
   <div class='ocr_carea' id='block_1_9' title="bbox 349 1035 2040 1106">
    <p class='ocr_par' dir='ltr' id='par_1_9' title="bbox 349 1035 2040 1106">
     <span class='ocr_line' id='line_1_9' title="bbox 349 1035 2040 1106; baseline -0.008 -7"><span class='ocrx_word' id='word_1_56' title='bbox 349 1051 453 1100; x_wconf 87' lang='lat' dir='ltr'><strong>tem</strong></span> <span class='ocrx_word' id='word_1_57' title='bbox 481 1060 636 1098; x_wconf 89' lang='lat' dir='ltr'><strong>suam</strong></span> <span class='ocrx_word' id='word_1_58' title='bbox 669 1060 703 1096; x_wconf 94' lang='lat' dir='ltr'><strong>a</strong></span> <span class='ocrx_word' id='word_1_59' title='bbox 732 1043 946 1096; x_wconf 84' lang='lat' dir='ltr'><strong>domino</strong></span> <span class='ocrx_word' id='word_1_60' title='bbox 975 1058 1107 1106; x_wconf 90' lang='lat' dir='ltr'><strong>meo,</strong></span> <span class='ocrx_word' id='word_1_61' title='bbox 1161 1046 1212 1094; x_wconf 88' lang='lat' dir='ltr'><strong>et</strong></span> <span class='ocrx_word' id='word_1_62' title='bbox 1248 1046 1390 1093; x_wconf 88' lang='lat' dir='ltr'><strong>recto</strong></span> <span class='ocrx_word' id='word_1_63' title='bbox 1430 1041 1622 1091; x_wconf 80' lang='lat' dir='ltr'><strong>itinere</strong></span> <span class='ocrx_word' id='word_1_64' title='bbox 1663 1052 1745 1090; x_wconf 91' lang='lat' dir='ltr'><strong>me</strong></span> <span class='ocrx_word' id='word_1_65' title='bbox 1773 1035 2040 1104; x_wconf 64' lang='lat' dir='ltr'><strong>perduxit</strong></span> 
     </span>
    </p>
   </div>
   <div class='ocr_carea' id='block_1_10' title="bbox 348 1123 2043 1197">
    <p class='ocr_par' dir='ltr' id='par_1_10' title="bbox 348 1123 2043 1197">
     <span class='ocr_line' id='line_1_10' title="bbox 348 1123 2043 1197; baseline -0.007 -10"><span class='ocrx_word' id='word_1_66' title='bbox 348 1136 409 1187; x_wconf 91' lang='lat' dir='ltr'><strong>in</strong></span> <span class='ocrx_word' id='word_1_67' title='bbox 436 1133 652 1186; x_wconf 85' lang='lat' dir='ltr'><strong>domum</strong></span> <span class='ocrx_word' id='word_1_68' title='bbox 681 1135 880 1197; x_wconf 82' lang='lat' dir='ltr'><strong>fratris</strong></span> <span class='ocrx_word' id='word_1_69' title='bbox 920 1130 1126 1183; x_wconf 76' lang='grc' dir='ltr'><strong>ἀρηιιίιί</strong></span> <span class='ocrx_word' id='word_1_70' title='bbox 1154 1130 1276 1181; x_wconf 87' lang='lat' dir='ltr'><strong>mei.</strong></span> <span class='ocrx_word' id='word_1_71' title='bbox 1309 1127 1538 1193; x_wconf 83' lang='lat' dir='ltr'><strong>Quoties</strong></span> <span class='ocrx_word' id='word_1_72' title='bbox 1587 1123 1816 1180; x_wconf 82' lang='lat' dir='ltr'><strong>affectui</strong></span> <span class='ocrx_word' id='word_1_73' title='bbox 1850 1132 2043 1178; x_wconf 86' lang='lat' dir='ltr'><strong>nostro</strong></span> 
     </span>
    </p>
   </div>
   <div class='ocr_carea' id='block_1_11' title="bbox 349 1212 2044 1287">
    <p class='ocr_par' dir='ltr' id='par_1_11' title="bbox 349 1212 2044 1287">
     <span class='ocr_line' id='line_1_11' title="bbox 349 1212 2044 1287; baseline -0.005 -11"><span class='ocrx_word' id='word_1_74' title='bbox 349 1220 625 1276; x_wconf 84' lang='lat' dir='ltr'><strong>sentimus</strong></span> <span class='ocrx_word' id='word_1_75' title='bbox 651 1219 791 1273; x_wconf 88' lang='lat' dir='ltr'><strong>bene</strong></span> <span class='ocrx_word' id='word_1_76' title='bbox 838 1217 1044 1287; x_wconf 81' lang='lat' dir='ltr'><strong>agendi</strong></span> <span class='ocrx_word' id='word_1_77' title='bbox 1101 1217 1173 1271; x_wconf 89' lang='lat' dir='ltr'><strong>ad</strong></span> <span class='ocrx_word' id='word_1_78' title='bbox 1205 1224 1402 1270; x_wconf 86' lang='lat' dir='ltr'><strong>votum</strong></span> <span class='ocrx_word' id='word_1_79' title='bbox 1449 1213 1791 1282; x_wconf 84' lang='lat' dir='ltr'><strong>respondere</strong></span> <span class='ocrx_word' id='word_1_80' title='bbox 1831 1212 2044 1267; x_wconf 89' lang='lat' dir='ltr'><strong>volun—</strong></span> 
     </span>
    </p>
   </div>
   <div class='ocr_carea' id='block_1_12' title="bbox 349 1299 2045 1373">
    <p class='ocr_par' dir='ltr' id='par_1_12' title="bbox 349 1299 2045 1373">
     <span class='ocr_line' id='line_1_12' title="bbox 349 1299 2045 1373; baseline -0.006 -10"><span class='ocrx_word' id='word_1_81' title='bbox 349 1315 543 1373; x_wconf 86' lang='lat' dir='ltr'><strong>tatem,</strong></span> <span class='ocrx_word' id='word_1_82' title='bbox 578 1304 882 1361; x_wconf 92' lang='lat' dir='ltr'><strong>humiliare</strong></span> <span class='ocrx_word' id='word_1_83' title='bbox 922 1304 1195 1358; x_wconf 82' lang='lat' dir='ltr'><strong>debemus</strong></span> <span class='ocrx_word' id='word_1_84' title='bbox 1224 1303 1295 1356; x_wconf 89' lang='lat' dir='ltr'><strong>ad</strong></span> <span class='ocrx_word' id='word_1_85' title='bbox 1330 1304 1504 1357; x_wconf 88' lang='lat' dir='ltr'><strong>Deum</strong></span> <span class='ocrx_word' id='word_1_86' title='bbox 1538 1309 1744 1355; x_wconf 70' lang='lat' dir='ltr'><strong>nostra:</strong></span> <span class='ocrx_word' id='word_1_87' title='bbox 1767 1299 2045 1354; x_wconf 89' lang='lat' dir='ltr'><strong>humani-</strong></span> 
     </span>
    </p>
   </div>
   <div class='ocr_carea' id='block_1_13' title="bbox 351 1388 2048 1464">
    <p class='ocr_par' dir='ltr' id='par_1_13' title="bbox 351 1388 2048 1464">
     <span class='ocr_line' id='line_1_13' title="bbox 351 1388 2048 1464; baseline -0.006 -13"><span class='ocrx_word' id='word_1_88' title='bbox 351 1395 480 1451; x_wconf 82' lang='lat' dir='ltr'><strong>tatis</strong></span> <span class='ocrx_word' id='word_1_89' title='bbox 537 1395 803 1464; x_wconf 88' lang='lat' dir='ltr'><strong>rigorem.</strong></span> <span class='ocrx_word' id='word_1_90' title='bbox 835 1406 1088 1461; x_wconf 90' lang='lat' dir='ltr'><strong>eumque</strong></span> <span class='ocrx_word' id='word_1_91' title='bbox 1129 1391 1483 1455; x_wconf 82' lang='lat' dir='ltr'><strong>benedicere,</strong></span> <span class='ocrx_word' id='word_1_92' title='bbox 1535 1388 2048 1444; x_wconf 89' lang='lat' dir='ltr'><strong>intellectualitatis</strong></span> 
     </span>
    </p>
   </div>
   <div class='ocr_carea' id='block_1_14' title="bbox 348 1477 2043 1550">
    <p class='ocr_par' dir='ltr' id='par_1_14' title="bbox 348 1477 2043 1550">
     <span class='ocr_line' id='line_1_14' title="bbox 348 1477 2043 1550; baseline -0.005 -13"><span class='ocrx_word' id='word_1_93' title='bbox 348 1490 554 1537; x_wconf 61' lang='lat' dir='ltr'><strong>nostra;</strong></span> <span class='ocrx_word' id='word_1_94' title='bbox 607 1481 929 1550; x_wconf 65' lang='lat' dir='ltr'><strong>praesidem,</strong></span> <span class='ocrx_word' id='word_1_95' title='bbox 1002 1479 1105 1550; x_wconf 87' lang='lat' dir='ltr'><strong>qui</strong></span> <span class='ocrx_word' id='word_1_96' title='bbox 1158 1477 1602 1534; x_wconf 84' lang='lat' dir='ltr'><strong>misericorditer</strong></span> <span class='ocrx_word' id='word_1_97' title='bbox 1669 1490 1835 1530; x_wconf 89' lang='lat' dir='ltr'><strong>suam</strong></span> <span class='ocrx_word' id='word_1_98' title='bbox 1911 1491 2043 1530; x_wconf 92' lang='lat' dir='ltr'><strong>cum</strong></span> 
     </span>
    </p>
   </div>
   <div class='ocr_carea' id='block_1_15' title="bbox 345 1565 2044 1640">
    <p class='ocr_par' dir='ltr' id='par_1_15' title="bbox 345 1565 2044 1640">
     <span class='ocr_line' id='line_1_15' title="bbox 345 1565 2044 1640; baseline -0.006 -13"><span class='ocrx_word' id='word_1_99' title='bbox 345 1570 616 1640; x_wconf 85' lang='lat' dir='ltr'><strong>operibus</strong></span> <span class='ocrx_word' id='word_1_100' title='bbox 667 1569 927 1624; x_wconf 85' lang='lat' dir='ltr'><strong>attribuit</strong></span> <span class='ocrx_word' id='word_1_101' title='bbox 994 1566 1159 1622; x_wconf 88' lang='lat' dir='ltr'><strong>nobis</strong></span> <span class='ocrx_word' id='word_1_102' title='bbox 1206 1567 1396 1632; x_wconf 86' lang='lat' dir='ltr'><strong>tidem,</strong></span> <span class='ocrx_word' id='word_1_103' title='bbox 1467 1572 1521 1620; x_wconf 90' lang='lat' dir='ltr'><strong>et</strong></span> <span class='ocrx_word' id='word_1_104' title='bbox 1565 1565 1844 1634; x_wconf 86' lang='lat' dir='ltr'><strong>promissa</strong></span> <span class='ocrx_word' id='word_1_105' title='bbox 1882 1579 2044 1619; x_wconf 91' lang='lat' dir='ltr'><strong>com-</strong></span> 
     </span>
    </p>
   </div>
   <div class='ocr_carea' id='block_1_16' title="bbox 348 1652 2042 1728">
    <p class='ocr_par' dir='ltr' id='par_1_16' title="bbox 348 1652 2042 1728">
     <span class='ocr_line' id='line_1_16' title="bbox 348 1652 2042 1728; baseline -0.003 -16"><span class='ocrx_word' id='word_1_106' title='bbox 348 1659 553 1728; x_wconf 92' lang='lat' dir='ltr'><strong>plendo</strong></span> <span class='ocrx_word' id='word_1_107' title='bbox 582 1657 887 1727; x_wconf 91' lang='lat' dir='ltr'><strong>largitione</strong></span> <span class='ocrx_word' id='word_1_108' title='bbox 911 1655 1127 1726; x_wconf 64' lang='lat' dir='ltr'><strong>prtemii</strong></span> <span class='ocrx_word' id='word_1_109' title='bbox 1150 1654 1208 1710; x_wconf 92' lang='lat' dir='ltr'><strong>in</strong></span> <span class='ocrx_word' id='word_1_110' title='bbox 1244 1655 1355 1709; x_wconf 87' lang='lat' dir='ltr'><strong>line</strong></span> <span class='ocrx_word' id='word_1_111' title='bbox 1395 1652 1688 1707; x_wconf 77' lang='lat' dir='ltr'><strong>exhibebit</strong></span> <span class='ocrx_word' id='word_1_112' title='bbox 1720 1653 2042 1719; x_wconf 81' lang='lat' dir='ltr'><strong>veritatem,</strong></span> 
     </span>
    </p>
   </div>
   <div class='ocr_carea' id='block_1_17' title="bbox 346 1740 2046 1811">
    <p class='ocr_par' dir='ltr' id='par_1_17' title="bbox 346 1740 2046 1811">
     <span class='ocr_line' id='line_1_17' title="bbox 346 1740 2046 1811; baseline -0.003 -10"><span class='ocrx_word' id='word_1_113' title='bbox 346 1747 889 1802; x_wconf 89' lang='lat' dir='ltr'><strong>etdocumentorum</strong></span> <span class='ocrx_word' id='word_1_114' title='bbox 921 1757 1161 1799; x_wconf 90' lang='lat' dir='ltr'><strong>suorum</strong></span> <span class='ocrx_word' id='word_1_115' title='bbox 1195 1743 1420 1798; x_wconf 86' lang='lat' dir='ltr'><strong>tramite</strong></span> <span class='ocrx_word' id='word_1_116' title='bbox 1452 1741 1726 1811; x_wconf 89' lang='lat' dir='ltr'><strong>perducet</strong></span> <span class='ocrx_word' id='word_1_117' title='bbox 1761 1740 1817 1794; x_wconf 94' lang='lat' dir='ltr'><strong>in</strong></span> <span class='ocrx_word' id='word_1_118' title='bbox 1845 1754 2046 1809; x_wconf 88' lang='lat' dir='ltr'><strong>super-</strong></span> 
     </span>
    </p>
   </div>
   <div class='ocr_carea' id='block_1_18' title="bbox 351 1828 2126 1899">
    <p class='ocr_par' dir='ltr' id='par_1_18' title="bbox 351 1828 2126 1899">
     <span class='ocr_line' id='line_1_18' title="bbox 351 1828 2126 1899; baseline -0.004 -11"><span class='ocrx_word' id='word_1_119' title='bbox 351 1833 634 1888; x_wconf 67' lang='lat' dir='ltr'><strong>caalestem</strong></span> <span class='ocrx_word' id='word_1_120' title='bbox 689 1832 924 1887; x_wconf 92' lang='lat' dir='ltr'><strong>domum</strong></span> <span class='ocrx_word' id='word_1_121' title='bbox 975 1830 1186 1888; x_wconf 81' lang='lat' dir='ltr'><strong>Christi</strong></span> <span class='ocrx_word' id='word_1_122' title='bbox 1235 1830 1392 1897; x_wconf 87' lang='lat' dir='ltr'><strong>Jesu,</strong></span> <span class='ocrx_word' id='word_1_123' title='bbox 1446 1828 1550 1899; x_wconf 91' lang='lat' dir='ltr'><strong>qui</strong></span> <span class='ocrx_word' id='word_1_124' title='bbox 1600 1828 1781 1884; x_wconf 81' lang='lat' dir='ltr'><strong>frater</strong></span> <span class='ocrx_word' id='word_1_125' title='bbox 1803 1836 1887 1883; x_wconf 88' lang='lat' dir='ltr'><strong>est</strong></span> <span class='ocrx_word' id='word_1_126' title='bbox 1915 1842 2043 1883; x_wconf 93' lang='lat' dir='ltr'><strong>om-</strong></span> <span class='ocrx_word' id='word_1_127' title='bbox 2083 1839 2126 1895; x_wconf 78' lang='grc' dir='ltr'><strong>Β</strong></span> 
     </span>
    </p>
   </div>
   <div class='ocr_carea' id='block_1_19' title="bbox 347 1916 2044 1986">
    <p class='ocr_par' dir='ltr' id='par_1_19' title="bbox 347 1916 2044 1986">
     <span class='ocr_line' id='line_1_19' title="bbox 347 1916 2044 1986; baseline -0.003 -11"><span class='ocrx_word' id='word_1_128' title='bbox 347 1920 535 1986; x_wconf 88' lang='lat' dir='ltr'><strong>nium,</strong></span> <span class='ocrx_word' id='word_1_129' title='bbox 606 1919 1027 1975; x_wconf 84' lang='lat' dir='ltr'><strong>rationabiliter</strong></span> <span class='ocrx_word' id='word_1_130' title='bbox 1097 1925 1152 1974; x_wconf 93' lang='lat' dir='ltr'><strong>et</strong></span> <span class='ocrx_word' id='word_1_131' title='bbox 1212 1917 1533 1973; x_wconf 90' lang='lat' dir='ltr'><strong>secundum</strong></span> <span class='ocrx_word' id='word_1_132' title='bbox 1604 1932 1792 1972; x_wconf 87' lang='lat' dir='ltr'><strong>mores</strong></span> <span class='ocrx_word' id='word_1_133' title='bbox 1856 1916 2044 1972; x_wconf 83' lang='lat' dir='ltr'><strong>ﬁdelis</strong></span> 
     </span>
    </p>
   </div>
   <div class='ocr_carea' id='block_1_20' title="bbox 349 2005 2044 2075">
    <p class='ocr_par' dir='ltr' id='par_1_20' title="bbox 349 2005 2044 2075">
     <span class='ocr_line' id='line_1_20' title="bbox 349 2005 2044 2075; baseline -0.002 -12"><span class='ocrx_word' id='word_1_134' title='bbox 349 2008 596 2064; x_wconf 67' lang='lat' dir='ltr'><strong>Abrahae</strong></span> <span class='ocrx_word' id='word_1_135' title='bbox 645 2007 986 2063; x_wconf 87' lang='lat' dir='ltr'><strong>viventium.</strong></span> <span class='ocrx_word' id='word_1_136' title='bbox 1047 2007 1326 2062; x_wconf 86' lang='lat' dir='ltr'><strong>Dominus</strong></span> <span class='ocrx_word' id='word_1_137' title='bbox 1369 2014 1563 2062; x_wconf 88' lang='lat' dir='ltr'><strong>autem</strong></span> <span class='ocrx_word' id='word_1_138' title='bbox 1612 2006 1844 2073; x_wconf 90' lang='lat' dir='ltr'><strong>dicitur,</strong></span> <span class='ocrx_word' id='word_1_139' title='bbox 1904 2005 2044 2075; x_wconf 90' lang='lat' dir='ltr'><strong>quia</strong></span> 
     </span>
    </p>
   </div>
   <div class='ocr_carea' id='block_1_21' title="bbox 347 2091 2044 2164">
    <p class='ocr_par' dir='ltr' id='par_1_21' title="bbox 347 2091 2044 2164">
     <span class='ocr_line' id='line_1_21' title="bbox 347 2091 2044 2164; baseline -0.003 -14"><span class='ocrx_word' id='word_1_140' title='bbox 347 2095 771 2164; x_wconf 69' lang='lat' dir='ltr'><strong>allectuifratio</strong></span> <span class='ocrx_word' id='word_1_141' title='bbox 829 2095 1179 2161; x_wconf 81' lang='lat' dir='ltr'><strong>dominatur,</strong></span> <span class='ocrx_word' id='word_1_142' title='bbox 1231 2101 1287 2149; x_wconf 93' lang='lat' dir='ltr'><strong>et</strong></span> <span class='ocrx_word' id='word_1_143' title='bbox 1332 2093 1595 2149; x_wconf 84' lang='lat' dir='ltr'><strong>Christus</strong></span> <span class='ocrx_word' id='word_1_144' title='bbox 1646 2093 1824 2148; x_wconf 91' lang='lat' dir='ltr'><strong>frater</strong></span> <span class='ocrx_word' id='word_1_145' title='bbox 1866 2091 2044 2161; x_wconf 91' lang='lat' dir='ltr'><strong>hujus</strong></span> 
     </span>
    </p>
   </div>
   <div class='ocr_carea' id='block_1_22' title="bbox 345 2181 2043 2254">
    <p class='ocr_par' dir='ltr' id='par_1_22' title="bbox 345 2181 2043 2254">
     <span class='ocr_line' id='line_1_22' title="bbox 345 2181 2043 2254; baseline -0.003 -16"><span class='ocrx_word' id='word_1_146' title='bbox 345 2183 562 2240; x_wconf 90' lang='lat' dir='ltr'><strong>domini</strong></span> <span class='ocrx_word' id='word_1_147' title='bbox 597 2191 856 2250; x_wconf 87' lang='lat' dir='ltr'><strong>vocatur,</strong></span> <span class='ocrx_word' id='word_1_148' title='bbox 888 2184 1030 2254; x_wconf 86' lang='lat' dir='ltr'><strong>quia</strong></span> <span class='ocrx_word' id='word_1_149' title='bbox 1059 2183 1149 2238; x_wconf 89' lang='lat' dir='ltr'><strong>his</strong></span> <span class='ocrx_word' id='word_1_150' title='bbox 1189 2182 1572 2252; x_wconf 90' lang='lat' dir='ltr'><strong>potissimum,</strong></span> <span class='ocrx_word' id='word_1_151' title='bbox 1622 2181 1723 2252; x_wconf 89' lang='lat' dir='ltr'><strong>qui</strong></span> <span class='ocrx_word' id='word_1_152' title='bbox 1755 2182 1874 2236; x_wconf 90' lang='lat' dir='ltr'><strong>suis</strong></span> <span class='ocrx_word' id='word_1_153' title='bbox 1905 2193 2043 2250; x_wconf 91' lang='lat' dir='ltr'><strong>pra-</strong></span> 
     </span>
    </p>
   </div>
   <div class='ocr_carea' id='block_1_23' title="bbox 347 2269 1968 2342">
    <p class='ocr_par' dir='ltr' id='par_1_23' title="bbox 347 2269 1968 2342">
     <span class='ocr_line' id='line_1_23' title="bbox 347 2269 1968 2342; baseline -0.003 -14"><span class='ocrx_word' id='word_1_154' title='bbox 347 2271 435 2328; x_wconf 86' lang='lat' dir='ltr'><strong>vis</strong></span> <span class='ocrx_word' id='word_1_155' title='bbox 455 2271 708 2327; x_wconf 91' lang='lat' dir='ltr'><strong>motibus</strong></span> <span class='ocrx_word' id='word_1_156' title='bbox 735 2279 994 2342; x_wconf 70' lang='lat' dir='ltr'><strong>priesunt</strong></span> <span class='ocrx_word' id='word_1_157' title='bbox 1018 2278 1134 2326; x_wconf 89' lang='lat' dir='ltr'><strong>tota</strong></span> <span class='ocrx_word' id='word_1_158' title='bbox 1168 2270 1547 2340; x_wconf 87' lang='lat' dir='ltr'><strong>germanitate</strong></span> <span class='ocrx_word' id='word_1_159' title='bbox 1591 2269 1968 2325; x_wconf 89' lang='lat' dir='ltr'><strong>connectitur.</strong></span> 
     </span>
    </p>
   </div>
   <div class='ocr_carea' id='block_1_24' title="bbox 417 2401 2042 2470">
    <p class='ocr_par' dir='ltr' id='par_1_24' title="bbox 417 2401 2042 2470">
     <span class='ocr_line' id='line_1_24' title="bbox 417 2401 2042 2470; baseline -0.002 -12"><span class='ocrx_word' id='word_1_160' title='bbox 417 2403 590 2459; x_wconf 79' lang='lat' dir='ltr'><strong>VERS.</strong></span> <span class='ocrx_word' id='word_1_161' title='bbox 639 2406 729 2468; x_wconf 90' lang='grc'>28,</span> <span class='ocrx_word' id='word_1_162' title='bbox 781 2405 871 2467; x_wconf 89' lang='grc'><strong>29,</strong></span> <span class='ocrx_word' id='word_1_163' title='bbox 917 2403 1004 2456; x_wconf 87' lang='grc'><strong>30.</strong></span> <span class='ocrx_word' id='word_1_164' title='bbox 1074 2431 1139 2440; x_wconf 90' lang='lat'><strong><em>—</em></strong></span> <span class='ocrx_word' id='word_1_165' title='bbox 1207 2402 1459 2456; x_wconf 84' lang='lat' dir='ltr'><strong>Cucurrit</strong></span> <span class='ocrx_word' id='word_1_166' title='bbox 1502 2403 1687 2470; x_wconf 83' lang='lat' dir='ltr'><strong>itaque</strong></span> <span class='ocrx_word' id='word_1_167' title='bbox 1737 2401 1941 2470; x_wconf 88' lang='lat' dir='ltr'><strong>puella,</strong></span> <span class='ocrx_word' id='word_1_168' title='bbox 1991 2405 2042 2454; x_wconf 92' lang='lat' dir='ltr'><strong>et</strong></span> 
     </span>
    </p>
   </div>
   <div class='ocr_carea' id='block_1_25' title="bbox 346 2489 2040 2558">
    <p class='ocr_par' dir='ltr' id='par_1_25' title="bbox 346 2489 2040 2558">
     <span class='ocr_line' id='line_1_25' title="bbox 346 2489 2040 2558; baseline -0.002 -13"><span class='ocrx_word' id='word_1_169' title='bbox 346 2493 626 2545; x_wconf 82' lang='lat' dir='ltr'><strong>nuntiauit</strong></span> <span class='ocrx_word' id='word_1_170' title='bbox 670 2494 728 2544; x_wconf 80' lang='lat' dir='ltr'><strong>in</strong></span> <span class='ocrx_word' id='word_1_171' title='bbox 771 2490 988 2544; x_wconf 87' lang='lat' dir='ltr'><strong>domum</strong></span> <span class='ocrx_word' id='word_1_172' title='bbox 1033 2491 1354 2542; x_wconf 74' lang='lat' dir='ltr'><strong>matrissuae</strong></span> <span class='ocrx_word' id='word_1_173' title='bbox 1394 2492 1577 2542; x_wconf 86' lang='lat' dir='ltr'><strong>omnia</strong></span> <span class='ocrx_word' id='word_1_174' title='bbox 1606 2505 1724 2558; x_wconf 70' lang='lat' dir='ltr'><strong>quae</strong></span> <span class='ocrx_word' id='word_1_175' title='bbox 1767 2489 2040 2542; x_wconf 86' lang='lat' dir='ltr'><strong>audierat.</strong></span> 
     </span>
    </p>
   </div>
   <div class='ocr_carea' id='block_1_26' title="bbox 345 2577 2044 2646">
    <p class='ocr_par' dir='ltr' id='par_1_26' title="bbox 345 2577 2044 2646">
     <span class='ocr_line' id='line_1_26' title="bbox 345 2577 2044 2646; baseline -0.002 -12"><span class='ocrx_word' id='word_1_176' title='bbox 345 2581 594 2636; x_wconf 84' lang='lat' dir='ltr'><strong>Habebat</strong></span> <span class='ocrx_word' id='word_1_177' title='bbox 641 2584 820 2632; x_wconf 88' lang='lat' dir='ltr'><strong>autem</strong></span> <span class='ocrx_word' id='word_1_178' title='bbox 864 2577 1101 2631; x_wconf 85' lang='lat' dir='ltr'><strong>Rebecca</strong></span> <span class='ocrx_word' id='word_1_179' title='bbox 1135 2579 1387 2644; x_wconf 81' lang='lat' dir='ltr'><strong>fratrem,</strong></span> <span class='ocrx_word' id='word_1_180' title='bbox 1436 2579 1649 2630; x_wconf 84' lang='lat' dir='ltr'><strong>nomine</strong></span> <span class='ocrx_word' id='word_1_181' title='bbox 1691 2578 1899 2644; x_wconf 89' lang='lat' dir='ltr'><strong>Laban,</strong></span> <span class='ocrx_word' id='word_1_182' title='bbox 1947 2581 2044 2646; x_wconf 87' lang='lat' dir='ltr'><strong>qui</strong></span> 
     </span>
    </p>
   </div>
   <div class='ocr_carea' id='block_1_27' title="bbox 345 2666 2043 2735">
    <p class='ocr_par' dir='ltr' id='par_1_27' title="bbox 345 2666 2043 2735">
     <span class='ocr_line' id='line_1_27' title="bbox 345 2666 2043 2735; baseline -0.001 -13"><span class='ocrx_word' id='word_1_183' title='bbox 345 2668 584 2734; x_wconf 80' lang='lat' dir='ltr'><strong>festinus</strong></span> <span class='ocrx_word' id='word_1_184' title='bbox 614 2682 856 2735; x_wconf 86' lang='lat' dir='ltr'><strong>egressus</strong></span> <span class='ocrx_word' id='word_1_185' title='bbox 885 2673 962 2721; x_wconf 85' lang='lat' dir='ltr'><strong>est</strong></span> <span class='ocrx_word' id='word_1_186' title='bbox 996 2667 1070 2719; x_wconf 90' lang='lat' dir='ltr'><strong>ad</strong></span> <span class='ocrx_word' id='word_1_187' title='bbox 1106 2666 1392 2733; x_wconf 79' lang='lat' dir='ltr'><strong>hominem,</strong></span> <span class='ocrx_word' id='word_1_188' title='bbox 1429 2667 1524 2720; x_wconf 90' lang='lat' dir='ltr'><strong>ubi</strong></span> <span class='ocrx_word' id='word_1_189' title='bbox 1563 2672 1681 2720; x_wconf 88' lang='lat' dir='ltr'><strong>erat</strong></span> <span class='ocrx_word' id='word_1_190' title='bbox 1710 2669 1855 2732; x_wconf 84' lang='lat' dir='ltr'><strong>fons.</strong></span> <span class='ocrx_word' id='word_1_191' title='bbox 1890 2669 2043 2723; x_wconf 88' lang='lat' dir='ltr'><strong>Cam-</strong></span> 
     </span>
    </p>
   </div>
   <div class='ocr_carea' id='block_1_28' title="bbox 348 2755 2044 2827">
    <p class='ocr_par' dir='ltr' id='par_1_28' title="bbox 348 2755 2044 2827">
     <span class='ocr_line' id='line_1_28' title="bbox 348 2755 2044 2827; baseline -0.001 -17"><span class='ocrx_word' id='word_1_192' title='bbox 348 2773 450 2827; x_wconf 85' lang='lat' dir='ltr'><strong>que</strong></span> <span class='ocrx_word' id='word_1_193' title='bbox 479 2756 706 2810; x_wconf 78' lang='lat' dir='ltr'><strong>vidisset</strong></span> <span class='ocrx_word' id='word_1_194' title='bbox 743 2758 963 2809; x_wconf 87' lang='lat' dir='ltr'><strong>inaures</strong></span> <span class='ocrx_word' id='word_1_195' title='bbox 994 2759 1044 2809; x_wconf 92' lang='lat' dir='ltr'><strong>et</strong></span> <span class='ocrx_word' id='word_1_196' title='bbox 1073 2755 1319 2808; x_wconf 86' lang='lat' dir='ltr'><strong>armillas</strong></span> <span class='ocrx_word' id='word_1_197' title='bbox 1345 2757 1402 2808; x_wconf 91' lang='lat' dir='ltr'><strong>in</strong></span> <span class='ocrx_word' id='word_1_198' title='bbox 1432 2755 1682 2808; x_wconf 87' lang='lat' dir='ltr'><strong>manibus</strong></span> <span class='ocrx_word' id='word_1_199' title='bbox 1705 2757 1904 2808; x_wconf 82' lang='lat' dir='ltr'><strong>sororis</strong></span> <span class='ocrx_word' id='word_1_200' title='bbox 1934 2771 2044 2809; x_wconf 64' lang='lat' dir='ltr'><strong>sua</strong></span> 
     </span>
    </p>
   </div>
   <div class='ocr_carea' id='block_1_29' title="bbox 347 2845 2044 2910">
    <p class='ocr_par' dir='ltr' id='par_1_29' title="bbox 347 2845 2044 2910">
     <span class='ocr_line' id='line_1_29' title="bbox 347 2845 2044 2910; baseline 0 -11"><span class='ocrx_word' id='word_1_201' title='bbox 347 2851 398 2899; x_wconf 91' lang='lat' dir='ltr'><strong>et</strong></span> <span class='ocrx_word' id='word_1_202' title='bbox 443 2845 684 2899; x_wconf 69' lang='lat' dir='ltr'><strong>audisset</strong></span> <span class='ocrx_word' id='word_1_203' title='bbox 733 2850 924 2898; x_wconf 90' lang='lat' dir='ltr'><strong>cuncta</strong></span> <span class='ocrx_word' id='word_1_204' title='bbox 971 2845 1134 2898; x_wconf 85' lang='lat' dir='ltr'><strong>verba</strong></span> <span class='ocrx_word' id='word_1_205' title='bbox 1184 2846 1518 2910; x_wconf 80' lang='lat' dir='ltr'><strong>referentis:</strong></span> <span class='ocrx_word' id='word_1_206' title='bbox 1567 2846 1687 2898; x_wconf 57' lang='lat' dir='ltr'><strong>Hec</strong></span> <span class='ocrx_word' id='word_1_207' title='bbox 1726 2845 1936 2898; x_wconf 89' lang='lat' dir='ltr'><strong>locutus</strong></span> <span class='ocrx_word' id='word_1_208' title='bbox 1965 2850 2044 2899; x_wconf 87' lang='lat' dir='ltr'><strong>est</strong></span> 
     </span>
    </p>
   </div>
   <div class='ocr_carea' id='block_1_30' title="bbox 346 2933 2041 3000">
    <p class='ocr_par' dir='ltr' id='par_1_30' title="bbox 346 2933 2041 3000">
     <span class='ocr_line' id='line_1_30' title="bbox 346 2933 2041 3000; baseline 0 -13"><span class='ocrx_word' id='word_1_209' title='bbox 346 2935 487 2988; x_wconf 82' lang='lat' dir='ltr'><strong>mihi</strong></span> <span class='ocrx_word' id='word_1_210' title='bbox 515 2935 688 2998; x_wconf 86' lang='lat' dir='ltr'><strong>homo,</strong></span> <span class='ocrx_word' id='word_1_211' title='bbox 728 2935 873 2986; x_wconf 83' lang='lat' dir='ltr'><strong>venit</strong></span> <span class='ocrx_word' id='word_1_212' title='bbox 904 2933 979 2986; x_wconf 86' lang='lat' dir='ltr'><strong>ad</strong></span> <span class='ocrx_word' id='word_1_213' title='bbox 1007 2935 1206 2999; x_wconf 72' lang='lat' dir='ltr'><strong>virum,</strong></span> <span class='ocrx_word' id='word_1_214' title='bbox 1243 2935 1340 3000; x_wconf 85' lang='lat' dir='ltr'><strong>qui</strong></span> <span class='ocrx_word' id='word_1_215' title='bbox 1371 2933 1554 2985; x_wconf 85' lang='lat' dir='ltr'><strong>stabat</strong></span> <span class='ocrx_word' id='word_1_216' title='bbox 1585 2933 1756 3000; x_wconf 69' lang='lat' dir='ltr'><strong>juxta</strong></span> <span class='ocrx_word' id='word_1_217' title='bbox 1795 2935 2041 2998; x_wconf 85' lang='lat' dir='ltr'><strong>camelos,</strong></span> 
     </span>
    </p>
   </div>
   <div class='ocr_carea' id='block_1_31' title="bbox 347 3021 2044 3090">
    <p class='ocr_par' dir='ltr' id='par_1_31' title="bbox 347 3021 2044 3090">
     <span class='ocr_line' id='line_1_31' title="bbox 347 3021 2044 3090; baseline 0.001 -14"><span class='ocrx_word' id='word_1_218' title='bbox 347 3027 398 3076; x_wconf 90' lang='lat' dir='ltr'><strong>et</strong></span> <span class='ocrx_word' id='word_1_219' title='bbox 425 3037 595 3090; x_wconf 83' lang='lat' dir='ltr'><strong>prope</strong></span> <span class='ocrx_word' id='word_1_220' title='bbox 659 3025 862 3088; x_wconf 86' lang='lat' dir='ltr'><strong>fontem</strong></span> <span class='ocrx_word' id='word_1_221' title='bbox 908 3037 1082 3090; x_wconf 74' lang='lat' dir='ltr'><strong>aquae.</strong></span> <span class='ocrx_word' id='word_1_222' title='bbox 1147 3021 1344 3076; x_wconf 84' lang='lat' dir='ltr'><strong>Matris</strong></span> <span class='ocrx_word' id='word_1_223' title='bbox 1387 3021 1595 3075; x_wconf 89' lang='lat' dir='ltr'><strong>domus</strong></span> <span class='ocrx_word' id='word_1_224' title='bbox 1638 3021 1760 3090; x_wconf 91' lang='lat' dir='ltr'><strong>ipsa</strong></span> <span class='ocrx_word' id='word_1_225' title='bbox 1807 3021 2044 3077; x_wconf 87' lang='lat' dir='ltr'><strong>rationis</strong></span> 
     </span>
    </p>
   </div>
   <div class='ocr_carea' id='block_1_32' title="bbox 2146 630 3866 700">
    <p class='ocr_par' dir='ltr' id='par_1_32' title="bbox 2146 630 3866 700">
     <span class='ocr_line' id='line_1_32' title="bbox 2146 630 3866 700; baseline -0.002 -12"><span class='ocrx_word' id='word_1_226' title='bbox 2146 634 2348 688; x_wconf 90' lang='lat' dir='ltr'><strong>mundi</strong></span> <span class='ocrx_word' id='word_1_227' title='bbox 2381 633 2630 698; x_wconf 81' lang='lat' dir='ltr'><strong>fluxum,</strong></span> <span class='ocrx_word' id='word_1_228' title='bbox 2664 632 2716 686; x_wconf 90' lang='lat' dir='ltr'><strong>id</strong></span> <span class='ocrx_word' id='word_1_229' title='bbox 2757 639 2842 687; x_wconf 91' lang='lat' dir='ltr'><strong>est</strong></span> <span class='ocrx_word' id='word_1_230' title='bbox 2883 637 3145 700; x_wconf 87' lang='lat' dir='ltr'><strong>puteum,</strong></span> <span class='ocrx_word' id='word_1_231' title='bbox 3177 630 3593 686; x_wconf 89' lang='lat' dir='ltr'><strong>imminentem.</strong></span> <span class='ocrx_word' id='word_1_232' title='bbox 3631 631 3866 698; x_wconf 79' lang='lat' dir='ltr'><strong>Repre-</strong></span> 
     </span>
    </p>
   </div>
   <div class='ocr_carea' id='block_1_33' title="bbox 2149 717 3865 790">
    <p class='ocr_par' dir='ltr' id='par_1_33' title="bbox 2149 717 3865 790">
     <span class='ocr_line' id='line_1_33' title="bbox 2149 717 3865 790; baseline -0.002 -14"><span class='ocrx_word' id='word_1_233' title='bbox 2149 721 2343 776; x_wconf 91' lang='lat' dir='ltr'><strong>hendit</strong></span> <span class='ocrx_word' id='word_1_234' title='bbox 2402 735 2489 776; x_wconf 90' lang='lat' dir='ltr'><strong>me</strong></span> <span class='ocrx_word' id='word_1_235' title='bbox 2554 721 2794 790; x_wconf 89' lang='lat' dir='ltr'><strong>quidam</strong></span> <span class='ocrx_word' id='word_1_236' title='bbox 2846 719 3060 774; x_wconf 89' lang='lat' dir='ltr'><strong>fontem</strong></span> <span class='ocrx_word' id='word_1_237' title='bbox 3113 719 3170 773; x_wconf 90' lang='lat' dir='ltr'><strong>in</strong></span> <span class='ocrx_word' id='word_1_238' title='bbox 3219 719 3371 773; x_wconf 89' lang='lat' dir='ltr'><strong>mala</strong></span> <span class='ocrx_word' id='word_1_239' title='bbox 3425 717 3865 789; x_wconf 88' lang='lat' dir='ltr'><strong>significatione</strong></span> 
     </span>
    </p>
   </div>
   <div class='ocr_carea' id='block_1_34' title="bbox 2150 807 3866 878">
    <p class='ocr_par' dir='ltr' id='par_1_34' title="bbox 2150 807 3866 878">
     <span class='ocr_line' id='line_1_34' title="bbox 2150 807 3866 878; baseline -0.002 -14"><span class='ocrx_word' id='word_1_240' title='bbox 2150 809 2451 878; x_wconf 87' lang='lat' dir='ltr'><strong>accepisse,</strong></span> <span class='ocrx_word' id='word_1_241' title='bbox 2485 809 2578 863; x_wconf 91' lang='lat' dir='ltr'><strong>sed</strong></span> <span class='ocrx_word' id='word_1_242' title='bbox 2619 808 2943 864; x_wconf 81' lang='lat' dir='ltr'><strong>meminerit</strong></span> <span class='ocrx_word' id='word_1_243' title='bbox 2992 808 3204 863; x_wconf 89' lang='lat' dir='ltr'><strong>fontem</strong></span> <span class='ocrx_word' id='word_1_244' title='bbox 3239 807 3294 862; x_wconf 93' lang='lat' dir='ltr'><strong>in</strong></span> <span class='ocrx_word' id='word_1_245' title='bbox 3330 807 3482 862; x_wconf 91' lang='lat' dir='ltr'><strong>malo</strong></span> <span class='ocrx_word' id='word_1_246' title='bbox 3512 807 3704 876; x_wconf 85' lang='lat' dir='ltr'><strong>accipi</strong></span> <span class='ocrx_word' id='word_1_247' title='bbox 3761 808 3866 862; x_wconf 91' lang='lat' dir='ltr'><strong>ubi</strong></span> 
     </span>
    </p>
   </div>
   <div class='ocr_carea' id='block_1_35' title="bbox 2150 895 3870 966">
    <p class='ocr_par' dir='ltr' id='par_1_35' title="bbox 2150 895 3870 966">
     <span class='ocr_line' id='line_1_35' title="bbox 2150 895 3870 966; baseline -0.002 -13"><span class='ocrx_word' id='word_1_248' title='bbox 2150 897 2379 953; x_wconf 91' lang='lat' dir='ltr'><strong>etunde</strong></span> <span class='ocrx_word' id='word_1_249' title='bbox 2412 897 2672 966; x_wconf 90' lang='lat' dir='ltr'><strong>loquitur</strong></span> <span class='ocrx_word' id='word_1_250' title='bbox 2704 896 2981 951; x_wconf 88' lang='lat' dir='ltr'><strong>Dominus</strong></span> <span class='ocrx_word' id='word_1_251' title='bbox 3029 896 3422 951; x_wconf 52' lang='lat' dir='ltr'><strong>Samaritanae.</strong></span> <span class='ocrx_word' id='word_1_252' title='bbox 3458 895 3666 951; x_wconf 89' lang='lat' dir='ltr'><strong>Cameli</strong></span> <span class='ocrx_word' id='word_1_253' title='bbox 3704 908 3870 966; x_wconf 88' lang='lat' dir='ltr'><strong>qua-</strong></span> 
     </span>
    </p>
   </div>
   <div class='ocr_carea' id='block_1_36' title="bbox 2152 984 3454 1057">
    <p class='ocr_par' dir='ltr' id='par_1_36' title="bbox 2152 984 3454 1057">
     <span class='ocr_line' id='line_1_36' title="bbox 2152 984 3454 1057; baseline -0.002 -16"><span class='ocrx_word' id='word_1_254' title='bbox 2152 986 2283 1042; x_wconf 89' lang='lat' dir='ltr'><strong>liter</strong></span> <span class='ocrx_word' id='word_1_255' title='bbox 2314 986 2664 1057; x_wconf 89' lang='lat' dir='ltr'><strong>intelligendi</strong></span> <span class='ocrx_word' id='word_1_256' title='bbox 2692 993 2849 1052; x_wconf 90' lang='lat' dir='ltr'><strong>sunt,</strong></span> <span class='ocrx_word' id='word_1_257' title='bbox 2882 985 3151 1053; x_wconf 89' lang='lat' dir='ltr'><strong>superius</strong></span> <span class='ocrx_word' id='word_1_258' title='bbox 3179 984 3454 1039; x_wconf 69' lang='lat' dir='ltr'><strong>diximus.</strong></span> 
     </span>
    </p>
   </div>
   <div class='ocr_carea' id='block_1_37' title="bbox 2223 1073 3868 1140">
    <p class='ocr_par' dir='ltr' id='par_1_37' title="bbox 2223 1073 3868 1140">
     <span class='ocr_line' id='line_1_37' title="bbox 2223 1073 3868 1140; baseline -0.005 -10"><span class='ocrx_word' id='word_1_259' title='bbox 2223 1075 2393 1130; x_wconf 71' lang='lat' dir='ltr'><strong>Vens.</strong></span> <span class='ocrx_word' id='word_1_260' title='bbox 2431 1077 2518 1140; x_wconf 85' lang='lat' dir='ltr'><strong>3t,</strong></span> <span class='ocrx_word' id='word_1_261' title='bbox 2563 1078 2649 1138; x_wconf 87' lang='grc'><strong>32,</strong></span> <span class='ocrx_word' id='word_1_262' title='bbox 2693 1077 2781 1127; x_wconf 88' lang='lat'><strong>33.</strong></span> <span class='ocrx_word' id='word_1_263' title='bbox 2829 1103 2896 1115; x_wconf 96' lang='lat'><strong>—</strong></span> <span class='ocrx_word' id='word_1_264' title='bbox 2939 1074 3242 1140; x_wconf 79' lang='lat' dir='ltr'><strong>Ingredere,</strong></span> <span class='ocrx_word' id='word_1_265' title='bbox 3286 1073 3556 1126; x_wconf 83' lang='lat' dir='ltr'><strong>benedicte</strong></span> <span class='ocrx_word' id='word_1_266' title='bbox 3611 1074 3868 1135; x_wconf 83' lang='lat' dir='ltr'><strong>Domini,</strong></span> 
     </span>
    </p>
   </div>
   <div class='ocr_carea' id='block_1_38' title="bbox 2151 1163 3866 1232">
    <p class='ocr_par' dir='ltr' id='par_1_38' title="bbox 2151 1163 3866 1232">
     <span class='ocr_line' id='line_1_38' title="bbox 2151 1163 3866 1232; baseline -0.002 -15"><span class='ocrx_word' id='word_1_267' title='bbox 2151 1180 2247 1218; x_wconf 87' lang='lat' dir='ltr'><strong>cur</strong></span> <span class='ocrx_word' id='word_1_268' title='bbox 2286 1167 2426 1230; x_wconf 82' lang='lat' dir='ltr'><strong>[oris</strong></span> <span class='ocrx_word' id='word_1_269' title='bbox 2474 1167 2632 1217; x_wconf 86' lang='lat' dir='ltr'><strong>stas?</strong></span> <span class='ocrx_word' id='word_1_270' title='bbox 2679 1165 2997 1232; x_wconf 74' lang='lat' dir='ltr'><strong>Przeparavi</strong></span> <span class='ocrx_word' id='word_1_271' title='bbox 3041 1163 3256 1215; x_wconf 87' lang='lat' dir='ltr'><strong>domum</strong></span> <span class='ocrx_word' id='word_1_272' title='bbox 3297 1168 3348 1215; x_wconf 90' lang='lat' dir='ltr'><strong>et</strong></span> <span class='ocrx_word' id='word_1_273' title='bbox 3396 1163 3567 1215; x_wconf 69' lang='lat' dir='ltr'><strong>locum</strong></span> <span class='ocrx_word' id='word_1_274' title='bbox 3609 1163 3866 1215; x_wconf 85' lang='lat' dir='ltr'><strong>camelis.</strong></span> 
     </span>
    </p>
   </div>
   <div class='ocr_carea' id='block_1_39' title="bbox 2152 1251 3866 1318">
    <p class='ocr_par' dir='ltr' id='par_1_39' title="bbox 2152 1251 3866 1318">
     <span class='ocr_line' id='line_1_39' title="bbox 2152 1251 3866 1318; baseline -0.002 -11"><span class='ocrx_word' id='word_1_275' title='bbox 2152 1256 2222 1307; x_wconf 84' lang='lat' dir='ltr'><strong>Et</strong></span> <span class='ocrx_word' id='word_1_276' title='bbox 2261 1253 2572 1306; x_wconf 72' lang='lat' dir='ltr'><strong>introduxit</strong></span> <span class='ocrx_word' id='word_1_277' title='bbox 2602 1268 2720 1305; x_wconf 76' lang='lat' dir='ltr'><strong>eum</strong></span> <span class='ocrx_word' id='word_1_278' title='bbox 2751 1255 2810 1304; x_wconf 88' lang='lat' dir='ltr'><strong>in</strong></span> <span class='ocrx_word' id='word_1_279' title='bbox 2860 1252 3176 1318; x_wconf 81' lang='lat' dir='ltr'><strong>hospitium,</strong></span> <span class='ocrx_word' id='word_1_280' title='bbox 3206 1266 3269 1303; x_wconf 94' lang='lat' dir='ltr'><strong>ac</strong></span> <span class='ocrx_word' id='word_1_281' title='bbox 3304 1251 3572 1304; x_wconf 86' lang='lat' dir='ltr'><strong>destravit</strong></span> <span class='ocrx_word' id='word_1_282' title='bbox 3600 1251 3866 1317; x_wconf 85' lang='lat' dir='ltr'><strong>camelos,</strong></span> 
     </span>
    </p>
   </div>
   <div class='ocr_carea' id='block_1_40' title="bbox 2152 1339 3867 1410">
    <p class='ocr_par' dir='ltr' id='par_1_40' title="bbox 2152 1339 3867 1410">
     <span class='ocr_line' id='line_1_40' title="bbox 2152 1339 3867 1410; baseline -0.001 -17"><span class='ocrx_word' id='word_1_283' title='bbox 2152 1341 2410 1410; x_wconf 80' lang='lat' dir='ltr'><strong>deditque</strong></span> <span class='ocrx_word' id='word_1_284' title='bbox 2463 1342 2671 1409; x_wconf 88' lang='lat' dir='ltr'><strong>paleas,</strong></span> <span class='ocrx_word' id='word_1_285' title='bbox 2724 1356 2787 1392; x_wconf 90' lang='lat' dir='ltr'><strong>ac</strong></span> <span class='ocrx_word' id='word_1_286' title='bbox 2839 1343 3044 1406; x_wconf 79' lang='lat' dir='ltr'><strong>fenum,</strong></span> <span class='ocrx_word' id='word_1_287' title='bbox 3091 1344 3141 1392; x_wconf 87' lang='lat' dir='ltr'><strong>et</strong></span> <span class='ocrx_word' id='word_1_288' title='bbox 3194 1354 3398 1408; x_wconf 88' lang='lat' dir='ltr'><strong>aquam</strong></span> <span class='ocrx_word' id='word_1_289' title='bbox 3451 1339 3526 1392; x_wconf 84' lang='lat' dir='ltr'><strong>ad</strong></span> <span class='ocrx_word' id='word_1_290' title='bbox 3583 1339 3867 1393; x_wconf 82' lang='lat' dir='ltr'><strong>lavandos</strong></span> 
     </span>
    </p>
   </div>
   <div class='ocr_carea' id='block_1_41' title="bbox 2149 1429 3868 1500">
    <p class='ocr_par' dir='ltr' id='par_1_41' title="bbox 2149 1429 3868 1500">
     <span class='ocr_line' id='line_1_41' title="bbox 2149 1429 3868 1500; baseline -0.001 -18"><span class='ocrx_word' id='word_1_291' title='bbox 2149 1431 2311 1500; x_wconf 83' lang='lat' dir='ltr'><strong>pedes</strong></span> <span class='ocrx_word' id='word_1_292' title='bbox 2347 1431 2668 1484; x_wconf 88' lang='lat' dir='ltr'><strong>camelorum</strong></span> <span class='ocrx_word' id='word_1_293' title='bbox 2713 1434 2762 1482; x_wconf 80' lang='lat' dir='ltr'><strong>et</strong></span> <span class='ocrx_word' id='word_1_294' title='bbox 2809 1431 3052 1482; x_wconf 82' lang='lat' dir='ltr'><strong>virorum</strong></span> <span class='ocrx_word' id='word_1_295' title='bbox 3106 1429 3203 1496; x_wconf 86' lang='lat' dir='ltr'><strong>qui</strong></span> <span class='ocrx_word' id='word_1_296' title='bbox 3228 1432 3487 1481; x_wconf 76' lang='lat' dir='ltr'><strong>venerant</strong></span> <span class='ocrx_word' id='word_1_297' title='bbox 3522 1443 3644 1481; x_wconf 88' lang='lat' dir='ltr'><strong>cum</strong></span> <span class='ocrx_word' id='word_1_298' title='bbox 3670 1443 3758 1480; x_wconf 88' lang='lat' dir='ltr'><strong>eo.</strong></span> <span class='ocrx_word' id='word_1_299' title='bbox 3799 1429 3868 1481; x_wconf 83' lang='lat' dir='ltr'><strong>Et</strong></span> 
     </span>
    </p>
   </div>
   <div class='ocr_carea' id='block_1_42' title="bbox 2153 1515 3868 1588">
    <p class='ocr_par' dir='ltr' id='par_1_42' title="bbox 2153 1515 3868 1588">
     <span class='ocr_line' id='line_1_42' title="bbox 2153 1515 3868 1588; baseline 0 -16"><span class='ocrx_word' id='word_1_300' title='bbox 2153 1522 2433 1588; x_wconf 73' lang='lat' dir='ltr'><strong>appositus</strong></span> <span class='ocrx_word' id='word_1_301' title='bbox 2465 1525 2538 1570; x_wconf 75' lang='lat' dir='ltr'><strong>est</strong></span> <span class='ocrx_word' id='word_1_302' title='bbox 2577 1522 2632 1570; x_wconf 89' lang='lat' dir='ltr'><strong>in</strong></span> <span class='ocrx_word' id='word_1_303' title='bbox 2670 1524 2948 1586; x_wconf 82' lang='lat' dir='ltr'><strong>conspectu</strong></span> <span class='ocrx_word' id='word_1_304' title='bbox 2995 1518 3111 1583; x_wconf 88' lang='lat' dir='ltr'><strong>ejus</strong></span> <span class='ocrx_word' id='word_1_305' title='bbox 3158 1519 3339 1584; x_wconf 86' lang='lat' dir='ltr'><strong>panis.</strong></span> <span class='ocrx_word' id='word_1_306' title='bbox 3366 1515 3619 1571; x_wconf 74' lang='lat' dir='ltr'><strong>Allectus</strong></span> <span class='ocrx_word' id='word_1_307' title='bbox 3658 1524 3868 1572; x_wconf 86' lang='lat' dir='ltr'><strong>noster</strong></span> 
     </span>
    </p>
   </div>
   <div class='ocr_carea' id='block_1_43' title="bbox 2153 1603 3866 1673">
    <p class='ocr_par' dir='ltr' id='par_1_43' title="bbox 2153 1603 3866 1673">
     <span class='ocr_line' id='line_1_43' title="bbox 2153 1603 3866 1673; baseline -0.003 -11"><span class='ocrx_word' id='word_1_308' title='bbox 2153 1621 2187 1662; x_wconf 89' lang='lat' dir='ltr'><strong>a</strong></span> <span class='ocrx_word' id='word_1_309' title='bbox 2218 1609 2456 1662; x_wconf 89' lang='lat' dir='ltr'><strong>Domino</strong></span> <span class='ocrx_word' id='word_1_310' title='bbox 2488 1607 2863 1666; x_wconf 84' lang='lat' dir='ltr'><strong>benedicitur.</strong></span> <span class='ocrx_word' id='word_1_311' title='bbox 2887 1620 3015 1658; x_wconf 88' lang='lat' dir='ltr'><strong>cum</strong></span> <span class='ocrx_word' id='word_1_312' title='bbox 3041 1605 3109 1658; x_wconf 89' lang='lat' dir='ltr'><strong>ad</strong></span> <span class='ocrx_word' id='word_1_313' title='bbox 3131 1603 3419 1673; x_wconf 85' lang='lat' dir='ltr'><strong>religionis</strong></span> <span class='ocrx_word' id='word_1_314' title='bbox 3467 1611 3866 1672; x_wconf 87' lang='lat' dir='ltr'><strong>augmentum</strong></span> 
     </span>
    </p>
   </div>
   <div class='ocr_carea' id='block_1_44' title="bbox 2153 1693 3866 1770">
    <p class='ocr_par' dir='ltr' id='par_1_44' title="bbox 2153 1693 3866 1770">
     <span class='ocr_line' id='line_1_44' title="bbox 2153 1693 3866 1770; baseline -0.002 -20"><span class='ocrx_word' id='word_1_315' title='bbox 2153 1695 2488 1759; x_wconf 85' lang='lat' dir='ltr'><strong>intenditur.</strong></span> <span class='ocrx_word' id='word_1_316' title='bbox 2553 1695 2606 1748; x_wconf 88' lang='lat' dir='ltr'><strong>Is</strong></span> <span class='ocrx_word' id='word_1_317' title='bbox 2662 1694 2880 1763; x_wconf 85' lang='lat' dir='ltr'><strong>ingredi</strong></span> <span class='ocrx_word' id='word_1_318' title='bbox 2941 1702 3225 1760; x_wconf 89' lang='lat' dir='ltr'><strong>monetur,</strong></span> <span class='ocrx_word' id='word_1_319' title='bbox 3288 1709 3420 1748; x_wconf 91' lang='lat' dir='ltr'><strong>cum</strong></span> <span class='ocrx_word' id='word_1_320' title='bbox 3477 1708 3522 1770; x_wconf 46' lang='lat' dir='ltr'><strong>a.</strong></span> <span class='ocrx_word' id='word_1_321' title='bbox 3581 1693 3866 1748; x_wconf 86' lang='lat' dir='ltr'><strong>forastico</strong></span> 
     </span>
    </p>
   </div>
   <div class='ocr_carea' id='block_1_45' title="bbox 2155 1779 3865 1852">
    <p class='ocr_par' dir='ltr' id='par_1_45' title="bbox 2155 1779 3865 1852">
     <span class='ocr_line' id='line_1_45' title="bbox 2155 1779 3865 1852; baseline -0.002 -14"><span class='ocrx_word' id='word_1_322' title='bbox 2155 1784 2397 1852; x_wconf 91' lang='lat' dir='ltr'><strong>strepitu</strong></span> <span class='ocrx_word' id='word_1_323' title='bbox 2451 1783 2522 1838; x_wconf 87' lang='lat' dir='ltr'><strong>ad</strong></span> <span class='ocrx_word' id='word_1_324' title='bbox 2584 1783 2785 1837; x_wconf 89' lang='lat' dir='ltr'><strong>mentis</strong></span> <span class='ocrx_word' id='word_1_325' title='bbox 2839 1782 3088 1852; x_wconf 87' lang='lat' dir='ltr'><strong>quietem</strong></span> <span class='ocrx_word' id='word_1_326' title='bbox 3155 1783 3413 1836; x_wconf 84' lang='lat' dir='ltr'><strong>secedere</strong></span> <span class='ocrx_word' id='word_1_327' title='bbox 3479 1795 3581 1851; x_wconf 91' lang='lat' dir='ltr'><strong>per</strong></span> <span class='ocrx_word' id='word_1_328' title='bbox 3640 1779 3865 1835; x_wconf 88' lang='lat' dir='ltr'><strong>interni</strong></span> 
     </span>
    </p>
   </div>
   <div class='ocr_carea' id='block_1_46' title="bbox 2157 1869 3867 1944">
    <p class='ocr_par' dir='ltr' id='par_1_46' title="bbox 2157 1869 3867 1944">
     <span class='ocr_line' id='line_1_46' title="bbox 2157 1869 3867 1944; baseline -0.003 -17"><span class='ocrx_word' id='word_1_329' title='bbox 2157 1872 2351 1944; x_wconf 87' lang='lat' dir='ltr'><strong>gaudii</strong></span> <span class='ocrx_word' id='word_1_330' title='bbox 2391 1872 2698 1926; x_wconf 85' lang='lat' dir='ltr'><strong>candorem</strong></span> <span class='ocrx_word' id='word_1_331' title='bbox 2742 1871 3012 1926; x_wconf 91' lang='lat' dir='ltr'><strong>trahitur.</strong></span> <span class='ocrx_word' id='word_1_332' title='bbox 3076 1871 3479 1925; x_wconf 88' lang='lat' dir='ltr'><strong>lntellectualis</strong></span> <span class='ocrx_word' id='word_1_333' title='bbox 3526 1871 3681 1924; x_wconf 89' lang='lat' dir='ltr'><strong>enim</strong></span> <span class='ocrx_word' id='word_1_334' title='bbox 3758 1869 3867 1923; x_wconf 89' lang='lat' dir='ltr'><strong>iste</strong></span> 
     </span>
    </p>
   </div>
   <div class='ocr_carea' id='block_1_47' title="bbox 2153 1959 3868 2029">
    <p class='ocr_par' dir='ltr' id='par_1_47' title="bbox 2153 1959 3868 2029">
     <span class='ocr_line' id='line_1_47' title="bbox 2153 1959 3868 2029; baseline -0.003 -14"><span class='ocrx_word' id='word_1_335' title='bbox 2153 1960 2345 2015; x_wconf 86' lang='lat' dir='ltr'><strong>Laban</strong></span> <span class='ocrx_word' id='word_1_336' title='bbox 2373 1959 2607 2025; x_wconf 83' lang='lat' dir='ltr'><strong>domum,</strong></span> <span class='ocrx_word' id='word_1_337' title='bbox 2652 1974 2717 2014; x_wconf 89' lang='lat' dir='ltr'><strong>ae.</strong></span> <span class='ocrx_word' id='word_1_338' title='bbox 2761 1961 2931 2012; x_wconf 86' lang='lat' dir='ltr'><strong>locum</strong></span> <span class='ocrx_word' id='word_1_339' title='bbox 2974 1961 3192 2012; x_wconf 84' lang='lat' dir='ltr'><strong>camelis</strong></span> <span class='ocrx_word' id='word_1_340' title='bbox 3226 1967 3530 2029; x_wconf 76' lang='lat' dir='ltr'><strong>przeparat,</strong></span> <span class='ocrx_word' id='word_1_341' title='bbox 3559 1973 3693 2014; x_wconf 91' lang='lat' dir='ltr'><strong>cum</strong></span> <span class='ocrx_word' id='word_1_342' title='bbox 3731 1965 3793 2012; x_wconf 90' lang='lat' dir='ltr'><strong>et</strong></span> <span class='ocrx_word' id='word_1_343' title='bbox 3833 1970 3868 2010; x_wconf 89' lang='lat' dir='ltr'><strong>a</strong></span> 
     </span>
    </p>
   </div>
   <div class='ocr_carea' id='block_1_48' title="bbox 2150 2046 3867 2117">
    <p class='ocr_par' dir='ltr' id='par_1_48' title="bbox 2150 2046 3867 2117">
     <span class='ocr_line' id='line_1_48' title="bbox 2150 2046 3867 2117; baseline -0.003 -14"><span class='ocrx_word' id='word_1_344' title='bbox 2150 2049 2511 2103; x_wconf 75' lang='lat' dir='ltr'><strong>conscientize</strong></span> <span class='ocrx_word' id='word_1_345' title='bbox 2558 2048 2725 2102; x_wconf 86' lang='lat' dir='ltr'><strong>domo</strong></span> <span class='ocrx_word' id='word_1_346' title='bbox 2759 2052 2855 2101; x_wconf 73' lang='grc'><strong>9⁸1</strong></span> <span class='ocrx_word' id='word_1_347' title='bbox 2904 2056 3198 2117; x_wconf 88' lang='lat' dir='ltr'><strong>peccatum</strong></span> <span class='ocrx_word' id='word_1_348' title='bbox 3247 2048 3525 2114; x_wconf 85' lang='lat' dir='ltr'><strong>eliminat,</strong></span> <span class='ocrx_word' id='word_1_349' title='bbox 3579 2054 3636 2102; x_wconf 88' lang='lat' dir='ltr'><strong>et</strong></span> <span class='ocrx_word' id='word_1_350' title='bbox 3678 2046 3867 2101; x_wconf 88' lang='lat' dir='ltr'><strong>totius</strong></span> 
     </span>
    </p>
   </div>
   <div class='ocr_carea' id='block_1_49' title="bbox 2149 2134 3861 2201">
    <p class='ocr_par' dir='ltr' id='par_1_49' title="bbox 2149 2134 3861 2201">
     <span class='ocr_line' id='line_1_49' title="bbox 2149 2134 3861 2201; baseline -0.003 -9"><span class='ocrx_word' id='word_1_351' title='bbox 2149 2137 2382 2192; x_wconf 91' lang='lat' dir='ltr'><strong>virtutis</strong></span> <span class='ocrx_word' id='word_1_352' title='bbox 2407 2137 2833 2201; x_wconf 88' lang='lat' dir='ltr'><strong>consistorium,</strong></span> <span class='ocrx_word' id='word_1_353' title='bbox 2874 2137 3082 2190; x_wconf 90' lang='lat' dir='ltr'><strong>bonam</strong></span> <span class='ocrx_word' id='word_1_354' title='bbox 3135 2137 3348 2191; x_wconf 80' lang='lat' dir='ltr'><strong>scilicet</strong></span> <span class='ocrx_word' id='word_1_355' title='bbox 3387 2137 3753 2191; x_wconf 85' lang='lat' dir='ltr'><strong>voluntatem</strong></span> <span class='ocrx_word' id='word_1_356' title='bbox 3805 2134 3861 2188; x_wconf 93' lang='lat' dir='ltr'><strong>in</strong></span> 
     </span>
    </p>
   </div>
   <div class='ocr_carea' id='block_1_50' title="bbox 2148 2223 3862 2294">
    <p class='ocr_par' dir='ltr' id='par_1_50' title="bbox 2148 2223 3862 2294">
     <span class='ocr_line' id='line_1_50' title="bbox 2148 2223 3862 2294; baseline -0.003 -13"><span class='ocrx_word' id='word_1_357' title='bbox 2148 2227 2342 2282; x_wconf 91' lang='lat' dir='ltr'><strong>eadem</strong></span> <span class='ocrx_word' id='word_1_358' title='bbox 2375 2227 2544 2280; x_wconf 90' lang='lat' dir='ltr'><strong>domo</strong></span> <span class='ocrx_word' id='word_1_359' title='bbox 2575 2225 2747 2292; x_wconf 90' lang='lat' dir='ltr'><strong>locat;</strong></span> <span class='ocrx_word' id='word_1_360' title='bbox 2784 2225 3002 2280; x_wconf 90' lang='lat' dir='ltr'><strong>inducit</strong></span> <span class='ocrx_word' id='word_1_361' title='bbox 3048 2228 3103 2278; x_wconf 85' lang='lat' dir='ltr'><strong>in</strong></span> <span class='ocrx_word' id='word_1_362' title='bbox 3142 2226 3452 2294; x_wconf 77' lang='lat' dir='ltr'><strong>hospitium,</strong></span> <span class='ocrx_word' id='word_1_363' title='bbox 3487 2239 3618 2280; x_wconf 90' lang='lat' dir='ltr'><strong>cum</strong></span> <span class='ocrx_word' id='word_1_364' title='bbox 3672 2223 3862 2292; x_wconf 86' lang='lat' dir='ltr'><strong>hujus</strong></span> 
     </span>
    </p>
   </div>
   <div class='ocr_carea' id='block_1_51' title="bbox 2147 2311 3851 2385">
    <p class='ocr_par' dir='ltr' id='par_1_51' title="bbox 2147 2311 3851 2385">
     <span class='ocr_line' id='line_1_51' title="bbox 2147 2311 3851 2385; baseline -0.004 -16"><span class='ocrx_word' id='word_1_365' title='bbox 2147 2314 2622 2385; x_wconf 84' lang='lat' dir='ltr'><strong>peregrinationis</strong></span> <span class='ocrx_word' id='word_1_366' title='bbox 2673 2321 2919 2382; x_wconf 87' lang='lat' dir='ltr'><strong>tempore</strong></span> <span class='ocrx_word' id='word_1_367' title='bbox 2964 2314 3188 2383; x_wconf 87' lang='lat' dir='ltr'><strong>pietatis</strong></span> <span class='ocrx_word' id='word_1_368' title='bbox 3237 2327 3412 2383; x_wconf 88' lang='lat' dir='ltr'><strong>opera</strong></span> <span class='ocrx_word' id='word_1_369' title='bbox 3459 2327 3573 2368; x_wconf 90' lang='lat' dir='ltr'><strong>non</strong></span> <span class='ocrx_word' id='word_1_370' title='bbox 3633 2311 3851 2367; x_wconf 89' lang='lat' dir='ltr'><strong>desinit</strong></span> 
     </span>
    </p>
   </div>
   <div class='ocr_carea' id='block_1_52' title="bbox 2151 2399 3858 2471">
    <p class='ocr_par' dir='ltr' id='par_1_52' title="bbox 2151 2399 3858 2471">
     <span class='ocr_line' id='line_1_52' title="bbox 2151 2399 3858 2471; baseline -0.002 -15"><span class='ocrx_word' id='word_1_371' title='bbox 2151 2405 2300 2458; x_wconf 90' lang='lat' dir='ltr'><strong>intra</strong></span> <span class='ocrx_word' id='word_1_372' title='bbox 2345 2403 2548 2456; x_wconf 87' lang='lat' dir='ltr'><strong>mentis</strong></span> <span class='ocrx_word' id='word_1_373' title='bbox 2596 2402 2781 2457; x_wconf 90' lang='lat' dir='ltr'><strong>celare</strong></span> <span class='ocrx_word' id='word_1_374' title='bbox 2836 2410 3138 2468; x_wconf 84' lang='lat' dir='ltr'><strong>secretum,</strong></span> <span class='ocrx_word' id='word_1_375' title='bbox 3185 2409 3415 2471; x_wconf 89' lang='lat' dir='ltr'><strong>propter</strong></span> <span class='ocrx_word' id='word_1_376' title='bbox 3477 2399 3858 2466; x_wconf 71' lang='lat' dir='ltr'><strong>transituritze</strong></span> 
     </span>
    </p>
   </div>
   <div class='ocr_carea' id='block_1_53' title="bbox 2147 2488 3859 2566">
    <p class='ocr_par' dir='ltr' id='par_1_53' title="bbox 2147 2488 3859 2566">
     <span class='ocr_line' id='line_1_53' title="bbox 2147 2488 3859 2566; baseline -0.004 -18"><span class='ocrx_word' id='word_1_377' title='bbox 2147 2491 2337 2548; x_wconf 86' lang='lat' dir='ltr'><strong>laudis</strong></span> <span class='ocrx_word' id='word_1_378' title='bbox 2369 2491 2684 2545; x_wconf 90' lang='lat' dir='ltr'><strong>incursum.</strong></span> <span class='ocrx_word' id='word_1_379' title='bbox 2738 2490 2950 2546; x_wconf 89' lang='lat' dir='ltr'><strong>Cameli</strong></span> <span class='ocrx_word' id='word_1_380' title='bbox 2997 2491 3346 2566; x_wconf 75' lang='lat' dir='ltr'><strong>destrantgr,</strong></span> <span class='ocrx_word' id='word_1_381' title='bbox 3393 2504 3528 2546; x_wconf 89' lang='lat' dir='ltr'><strong>cum</strong></span> <span class='ocrx_word' id='word_1_382' title='bbox 3575 2488 3859 2559; x_wconf 66' lang='lat' dir='ltr'><strong>quadibet</strong></span> 
     </span>
    </p>
   </div>
   <div class='ocr_carea' id='block_1_54' title="bbox 2149 2577 3858 2649">
    <p class='ocr_par' dir='ltr' id='par_1_54' title="bbox 2149 2577 3858 2649">
     <span class='ocr_line' id='line_1_54' title="bbox 2149 2577 3858 2649; baseline -0.003 -15"><span class='ocrx_word' id='word_1_383' title='bbox 2149 2579 2465 2634; x_wconf 88' lang='lat' dir='ltr'><strong>sanctitatis</strong></span> <span class='ocrx_word' id='word_1_384' title='bbox 2495 2580 2907 2648; x_wconf 88' lang='lat' dir='ltr'><strong>integumenta,</strong></span> <span class='ocrx_word' id='word_1_385' title='bbox 2940 2580 3156 2649; x_wconf 90' lang='lat' dir='ltr'><strong>quibus</strong></span> <span class='ocrx_word' id='word_1_386' title='bbox 3181 2593 3409 2634; x_wconf 90' lang='lat' dir='ltr'><strong>sessuro</strong></span> <span class='ocrx_word' id='word_1_387' title='bbox 3441 2579 3498 2633; x_wconf 92' lang='lat' dir='ltr'><strong>in</strong></span> <span class='ocrx_word' id='word_1_388' title='bbox 3531 2578 3698 2632; x_wconf 89' lang='lat' dir='ltr'><strong>nobis</strong></span> <span class='ocrx_word' id='word_1_389' title='bbox 3743 2577 3858 2630; x_wconf 89' lang='lat' dir='ltr'><strong>Deo</strong></span> 
     </span>
    </p>
   </div>
   <div class='ocr_carea' id='block_1_55' title="bbox 2150 2667 3859 2737">
    <p class='ocr_par' dir='ltr' id='par_1_55' title="bbox 2150 2667 3859 2737">
     <span class='ocr_line' id='line_1_55' title="bbox 2150 2667 3859 2737; baseline -0.003 -14"><span class='ocrx_word' id='word_1_390' title='bbox 2150 2669 2388 2723; x_wconf 84' lang='lat' dir='ltr'><strong>fideliter</strong></span> <span class='ocrx_word' id='word_1_391' title='bbox 2453 2668 2835 2737; x_wconf 88' lang='lat' dir='ltr'><strong>cingebamur</strong></span> <span class='ocrx_word' id='word_1_392' title='bbox 2882 2668 3088 2723; x_wconf 90' lang='lat' dir='ltr'><strong>humili</strong></span> <span class='ocrx_word' id='word_1_393' title='bbox 3141 2681 3176 2722; x_wconf 91' lang='lat' dir='ltr'><strong>a</strong></span> <span class='ocrx_word' id='word_1_394' title='bbox 3238 2668 3400 2723; x_wconf 91' lang='lat' dir='ltr'><strong>nobis</strong></span> <span class='ocrx_word' id='word_1_395' title='bbox 3471 2667 3859 2722; x_wconf 57' lang='lat' dir='ltr'><strong>aestimatione</strong></span> 
     </span>
    </p>
   </div>
   <div class='ocr_carea' id='block_1_56' title="bbox 2147 2753 3856 2820">
    <p class='ocr_par' dir='ltr' id='par_1_56' title="bbox 2147 2753 3856 2820">
     <span class='ocr_line' id='line_1_56' title="bbox 2147 2753 3856 2820; baseline -0.002 -10"><span class='ocrx_word' id='word_1_396' title='bbox 2147 2757 2476 2820; x_wconf 88' lang='lat' dir='ltr'><strong>solvuntur,</strong></span> <span class='ocrx_word' id='word_1_397' title='bbox 2523 2763 2577 2809; x_wconf 93' lang='lat' dir='ltr'><strong>et</strong></span> <span class='ocrx_word' id='word_1_398' title='bbox 2634 2756 2704 2809; x_wconf 88' lang='lat' dir='ltr'><strong>ad</strong></span> <span class='ocrx_word' id='word_1_399' title='bbox 2767 2755 2977 2809; x_wconf 70' lang='lat' dir='ltr'><strong>futurze</strong></span> <span class='ocrx_word' id='word_1_400' title='bbox 3037 2755 3406 2810; x_wconf 88' lang='lat' dir='ltr'><strong>beatitudinis</strong></span> <span class='ocrx_word' id='word_1_401' title='bbox 3469 2753 3856 2811; x_wconf 89' lang='lat' dir='ltr'><strong>emerendum</strong></span> 
     </span>
    </p>
   </div>
   <div class='ocr_carea' id='block_1_57' title="bbox 2147 2843 3853 2913">
    <p class='ocr_par' dir='ltr' id='par_1_57' title="bbox 2147 2843 3853 2913">
     <span class='ocr_line' id='line_1_57' title="bbox 2147 2843 3853 2913; baseline -0.004 -14"><span class='ocrx_word' id='word_1_402' title='bbox 2147 2845 2452 2900; x_wconf 87' lang='lat' dir='ltr'><strong>candorem</strong></span> <span class='ocrx_word' id='word_1_403' title='bbox 2509 2843 2671 2898; x_wconf 88' lang='lat' dir='ltr'><strong>nulla</strong></span> <span class='ocrx_word' id='word_1_404' title='bbox 2728 2851 3032 2913; x_wconf 90' lang='lat' dir='ltr'><strong>putantur.</strong></span> <span class='ocrx_word' id='word_1_405' title='bbox 3096 2845 3196 2900; x_wconf 85' lang='lat' dir='ltr'><strong>Vel</strong></span> <span class='ocrx_word' id='word_1_406' title='bbox 3253 2844 3425 2900; x_wconf 90' lang='lat' dir='ltr'><strong>etiam</strong></span> <span class='ocrx_word' id='word_1_407' title='bbox 3496 2858 3593 2900; x_wconf 91' lang='lat' dir='ltr'><strong>eos</strong></span> <span class='ocrx_word' id='word_1_408' title='bbox 3653 2843 3853 2898; x_wconf 88' lang='lat' dir='ltr'><strong>Laban</strong></span> 
     </span>
    </p>
   </div>
   <div class='ocr_carea' id='block_1_58' title="bbox 2149 2931 3854 3001">
    <p class='ocr_par' dir='ltr' id='par_1_58' title="bbox 2149 2931 3854 3001">
     <span class='ocr_line' id='line_1_58' title="bbox 2149 2931 3854 3001; baseline -0.002 -14"><span class='ocrx_word' id='word_1_409' title='bbox 2149 2934 2434 2999; x_wconf 82' lang='lat' dir='ltr'><strong>destravit,</strong></span> <span class='ocrx_word' id='word_1_410' title='bbox 2493 2947 2625 2986; x_wconf 92' lang='lat' dir='ltr'><strong>cum</strong></span> <span class='ocrx_word' id='word_1_411' title='bbox 2674 2932 2916 2988; x_wconf 79' lang='lat' dir='ltr'><strong>emlestis</strong></span> <span class='ocrx_word' id='word_1_412' title='bbox 2972 2947 3135 2988; x_wconf 91' lang='lat' dir='ltr'><strong>amor</strong></span> <span class='ocrx_word' id='word_1_413' title='bbox 3196 2932 3269 2987; x_wconf 91' lang='lat' dir='ltr'><strong>ab</strong></span> <span class='ocrx_word' id='word_1_414' title='bbox 3316 2931 3472 2987; x_wconf 89' lang='lat' dir='ltr'><strong>omni</strong></span> <span class='ocrx_word' id='word_1_415' title='bbox 3522 2931 3743 3001; x_wconf 89' lang='lat' dir='ltr'><strong>peccati</strong></span> <span class='ocrx_word' id='word_1_416' title='bbox 3801 2936 3854 2984; x_wconf 89' lang='lat' dir='ltr'><strong>et</strong></span> 
     </span>
    </p>
   </div>
   <div class='ocr_carea' id='block_1_59' title="bbox 2151 3018 3855 3090">
    <p class='ocr_par' dir='ltr' id='par_1_59' title="bbox 2151 3018 3855 3090">
     <span class='ocr_line' id='line_1_59' title="bbox 2151 3018 3855 3090; baseline -0.004 -14"><span class='ocrx_word' id='word_1_417' title='bbox 2151 3022 2411 3076; x_wconf 90' lang='lat' dir='ltr'><strong>inanium</strong></span> <span class='ocrx_word' id='word_1_418' title='bbox 2446 3021 2803 3090; x_wconf 87' lang='lat' dir='ltr'><strong>cogitatuutu</strong></span> <span class='ocrx_word' id='word_1_419' title='bbox 2839 3020 3084 3088; x_wconf 88' lang='lat' dir='ltr'><strong>pondere</strong></span> <span class='ocrx_word' id='word_1_420' title='bbox 3113 3021 3398 3075; x_wconf 90' lang='lat' dir='ltr'><strong>virtutum</strong></span> <span class='ocrx_word' id='word_1_421' title='bbox 3433 3019 3620 3075; x_wconf 89' lang='lat' dir='ltr'><strong>studia</strong></span> <span class='ocrx_word' id='word_1_422' title='bbox 3652 3018 3855 3074; x_wconf 83' lang='lat' dir='ltr'><strong>suble-</strong></span> 
     </span>
    </p>
   </div>
   <div class='ocr_carea' id='block_1_60' title="bbox 345 3106 3856 3195">
    <p class='ocr_par' dir='ltr' id='par_1_60' title="bbox 345 3106 3856 3195">
     <span class='ocr_line' id='line_1_60' title="bbox 345 3106 3856 3195; baseline -0.003 -27"><span class='ocrx_word' id='word_1_423' title='bbox 345 3119 582 3180; x_wconf 72' lang='lat' dir='ltr'><strong>estquae</strong></span> <span class='ocrx_word' id='word_1_424' title='bbox 607 3125 708 3164; x_wconf 91' lang='lat' dir='ltr'><strong>nos</strong></span> <span class='ocrx_word' id='word_1_425' title='bbox 734 3111 978 3180; x_wconf 90' lang='lat' dir='ltr'><strong>protegit</strong></span> <span class='ocrx_word' id='word_1_426' title='bbox 1007 3110 1212 3164; x_wconf 91' lang='lat' dir='ltr'><strong>virtus.</strong></span> <span class='ocrx_word' id='word_1_427' title='bbox 1250 3109 1334 3164; x_wconf 77' lang='lat' dir='ltr'><strong>Ad</strong></span> <span class='ocrx_word' id='word_1_428' title='bbox 1370 3109 1517 3164; x_wconf 89' lang='lat' dir='ltr'><strong>hanc</strong></span> <span class='ocrx_word' id='word_1_429' title='bbox 1570 3124 1812 3165; x_wconf 88' lang='lat' dir='ltr'><strong>currens</strong></span> <span class='ocrx_word' id='word_1_430' title='bbox 1837 3111 2040 3179; x_wconf 80' lang='lat' dir='ltr'><strong>;puella</strong></span> <span class='ocrx_word' id='word_1_431' title='bbox 2080 3140 2121 3195; x_wconf 66' lang='grc' dir='ltr'>ο</span> <span class='ocrx_word' id='word_1_432' title='bbox 2150 3110 2324 3166; x_wconf 90' lang='lat' dir='ltr'><strong>vavit.</strong></span> <span class='ocrx_word' id='word_1_433' title='bbox 2354 3111 2457 3163; x_wconf 90' lang='lat' dir='ltr'><strong>Dat</strong></span> <span class='ocrx_word' id='word_1_434' title='bbox 2485 3110 2697 3177; x_wconf 88' lang='lat' dir='ltr'><strong>paleas,</strong></span> <span class='ocrx_word' id='word_1_435' title='bbox 2721 3116 2776 3162; x_wconf 92' lang='lat' dir='ltr'><strong>et</strong></span> <span class='ocrx_word' id='word_1_436' title='bbox 2818 3108 2999 3172; x_wconf 75' lang='lat' dir='ltr'><strong>fenum</strong></span> <span class='ocrx_word' id='word_1_437' title='bbox 3029 3110 3129 3175; x_wconf 87' lang='lat' dir='ltr'><strong>eis,</strong></span> <span class='ocrx_word' id='word_1_438' title='bbox 3166 3123 3296 3163; x_wconf 90' lang='lat' dir='ltr'><strong>cum</strong></span> <span class='ocrx_word' id='word_1_439' title='bbox 3329 3116 3384 3163; x_wconf 92' lang='lat' dir='ltr'><strong>et</strong></span> <span class='ocrx_word' id='word_1_440' title='bbox 3431 3106 3856 3178; x_wconf 84' lang='lat' dir='ltr'><strong>reprobationis</strong></span> 
     </span>
    </p>
   </div>
   <div class='ocr_carea' id='block_1_61' title="bbox 346 3197 2042 3269">
    <p class='ocr_par' dir='ltr' id='par_1_61' title="bbox 346 3197 2042 3269">
     <span class='ocr_line' id='line_1_61' title="bbox 346 3197 2042 3269; baseline 0.001 -15"><span class='ocrx_word' id='word_1_441' title='bbox 346 3199 576 3254; x_wconf 90' lang='lat' dir='ltr'><strong>nuntiat</strong></span> <span class='ocrx_word' id='word_1_442' title='bbox 611 3213 742 3269; x_wconf 63' lang='lat' dir='ltr'><strong>quae</strong></span> <span class='ocrx_word' id='word_1_443' title='bbox 777 3198 979 3266; x_wconf 92' lang='lat' dir='ltr'><strong>audiit,</strong></span> <span class='ocrx_word' id='word_1_444' title='bbox 1000 3199 1139 3253; x_wconf 90' lang='lat' dir='ltr'><strong>dum</strong></span> <span class='ocrx_word' id='word_1_445' title='bbox 1160 3197 1520 3254; x_wconf 73' lang='lat' dir='ltr'><strong>conscientize</strong></span> <span class='ocrx_word' id='word_1_446' title='bbox 1554 3198 1775 3268; x_wconf 90' lang='lat' dir='ltr'><strong>puritas</strong></span> <span class='ocrx_word' id='word_1_447' title='bbox 1804 3198 1860 3254; x_wconf 93' lang='lat' dir='ltr'><strong>in</strong></span> <span class='ocrx_word' id='word_1_448' title='bbox 1892 3215 2042 3255; x_wconf 92' lang='lat' dir='ltr'><strong>cun-</strong></span> 
     </span>
    </p>
   </div>
   <div class='ocr_carea' id='block_1_62' title="bbox 345 3286 2042 3344">
    <p class='ocr_par' dir='ltr' id='par_1_62' title="bbox 345 3286 2042 3344">
     <span class='ocr_line' id='line_1_62' title="bbox 345 3286 2042 3344; baseline -0.001 0"><span class='ocrx_word' id='word_1_449' title='bbox 345 3288 449 3344; x_wconf 89' lang='lat' dir='ltr'><strong>ctis</strong></span> <span class='ocrx_word' id='word_1_450' title='bbox 477 3289 598 3342; x_wconf 92' lang='lat' dir='ltr'><strong>suis</strong></span> <span class='ocrx_word' id='word_1_451' title='bbox 626 3286 928 3342; x_wconf 75' lang='lat' dir='ltr'><strong>affectibus</strong></span> <span class='ocrx_word' id='word_1_452' title='bbox 957 3287 1032 3342; x_wconf 88' lang='lat' dir='ltr'><strong>ad</strong></span> <span class='ocrx_word' id='word_1_453' title='bbox 1080 3287 1318 3342; x_wconf 88' lang='lat' dir='ltr'><strong>rationis</strong></span> <span class='ocrx_word' id='word_1_454' title='bbox 1366 3300 1612 3342; x_wconf 89' lang='lat' dir='ltr'><strong>examen</strong></span> <span class='ocrx_word' id='word_1_455' title='bbox 1667 3295 1782 3341; x_wconf 92' lang='lat' dir='ltr'><strong>tota</strong></span> <span class='ocrx_word' id='word_1_456' title='bbox 1821 3289 2042 3342; x_wconf 88' lang='lat' dir='ltr'><strong>seduli-</strong></span> 
     </span>
    </p>
   </div>
   <div class='ocr_carea' id='block_1_63' title="bbox 345 3373 2040 3444">
    <p class='ocr_par' dir='ltr' id='par_1_63' title="bbox 345 3373 2040 3444">
     <span class='ocr_line' id='line_1_63' title="bbox 345 3373 2040 3444; baseline -0.001 -13"><span class='ocrx_word' id='word_1_457' title='bbox 345 3383 460 3431; x_wconf 90' lang='lat' dir='ltr'><strong>tate</strong></span> <span class='ocrx_word' id='word_1_458' title='bbox 491 3375 756 3442; x_wconf 89' lang='lat' dir='ltr'><strong>recurrit,</strong></span> <span class='ocrx_word' id='word_1_459' title='bbox 812 3389 1052 3444; x_wconf 88' lang='lat' dir='ltr'><strong>seseque</strong></span> <span class='ocrx_word' id='word_1_460' title='bbox 1101 3375 1199 3428; x_wconf 91' lang='lat' dir='ltr'><strong>illa</strong></span> <span class='ocrx_word' id='word_1_461' title='bbox 1247 3373 1545 3443; x_wconf 86' lang='lat' dir='ltr'><strong>judicante</strong></span> <span class='ocrx_word' id='word_1_462' title='bbox 1599 3373 1869 3442; x_wconf 82' lang='lat' dir='ltr'><strong>disponit.</strong></span> <span class='ocrx_word' id='word_1_463' title='bbox 1934 3376 2040 3430; x_wconf 82' lang='lat' dir='ltr'><strong>Re-</strong></span> 
     </span>
    </p>
   </div>
   <div class='ocr_carea' id='block_1_64' title="bbox 347 3461 2043 3531">
    <p class='ocr_par' dir='ltr' id='par_1_64' title="bbox 347 3461 2043 3531">
     <span class='ocr_line' id='line_1_64' title="bbox 347 3461 2043 3531; baseline 0 -13"><span class='ocrx_word' id='word_1_464' title='bbox 347 3463 519 3518; x_wconf 88' lang='lat' dir='ltr'><strong>becca</strong></span> <span class='ocrx_word' id='word_1_465' title='bbox 538 3462 750 3518; x_wconf 88' lang='lat' dir='ltr'><strong>dicitur</strong></span> <span class='ocrx_word' id='word_1_466' title='bbox 773 3464 1062 3531; x_wconf 82' lang='lat' dir='ltr'><strong>patientia,</strong></span> <span class='ocrx_word' id='word_1_467' title='bbox 1111 3461 1306 3516; x_wconf 88' lang='lat' dir='ltr'><strong>Laban</strong></span> <span class='ocrx_word' id='word_1_468' title='bbox 1339 3475 1470 3514; x_wconf 82' lang='lat' dir='ltr'><strong>vero</strong></span> <span class='ocrx_word' id='word_1_469' title='bbox 1501 3461 1704 3514; x_wconf 86' lang='lat' dir='ltr'><strong>candor</strong></span> <span class='ocrx_word' id='word_1_470' title='bbox 1761 3462 2043 3531; x_wconf 90' lang='lat' dir='ltr'><strong>interpre-</strong></span> 
     </span>
    </p>
   </div>
   <div class='ocr_carea' id='block_1_65' title="bbox 346 3548 2043 3620">
    <p class='ocr_par' dir='ltr' id='par_1_65' title="bbox 346 3548 2043 3620">
     <span class='ocr_line' id='line_1_65' title="bbox 346 3548 2043 3620; baseline 0 -14"><span class='ocrx_word' id='word_1_471' title='bbox 346 3557 524 3606; x_wconf 89' lang='lat' dir='ltr'><strong>tatur.</strong></span> <span class='ocrx_word' id='word_1_472' title='bbox 593 3549 822 3606; x_wconf 88' lang='lat' dir='ltr'><strong>Patiens</strong></span> <span class='ocrx_word' id='word_1_473' title='bbox 893 3563 1032 3620; x_wconf 84' lang='lat' dir='ltr'><strong>ergo</strong></span> <span class='ocrx_word' id='word_1_474' title='bbox 1115 3548 1460 3604; x_wconf 82' lang='lat' dir='ltr'><strong>conscientia</strong></span> <span class='ocrx_word' id='word_1_475' title='bbox 1530 3549 1764 3604; x_wconf 76' lang='lat' dir='ltr'><strong>candori</strong></span> <span class='ocrx_word' id='word_1_476' title='bbox 1829 3560 2043 3606; x_wconf 70' lang='lat' dir='ltr'><strong>mterno</strong></span> 
     </span>
    </p>
   </div>
   <div class='ocr_carea' id='block_1_66' title="bbox 349 3636 2042 3707">
    <p class='ocr_par' dir='ltr' id='par_1_66' title="bbox 349 3636 2042 3707">
     <span class='ocr_line' id='line_1_66' title="bbox 349 3636 2042 3707; baseline 0.001 -15"><span class='ocrx_word' id='word_1_477' title='bbox 349 3651 621 3707; x_wconf 82' lang='lat' dir='ltr'><strong>germane</strong></span> <span class='ocrx_word' id='word_1_478' title='bbox 659 3637 1063 3707; x_wconf 82' lang='lat' dir='ltr'><strong>eonjungitur;</strong></span> <span class='ocrx_word' id='word_1_479' title='bbox 1105 3637 1214 3691; x_wconf 85' lang='lat' dir='ltr'><strong>nisi</strong></span> <span class='ocrx_word' id='word_1_480' title='bbox 1261 3636 1412 3691; x_wconf 91' lang='lat' dir='ltr'><strong>enim</strong></span> <span class='ocrx_word' id='word_1_481' title='bbox 1461 3651 1590 3706; x_wconf 89' lang='lat' dir='ltr'><strong>spes</strong></span> <span class='ocrx_word' id='word_1_482' title='bbox 1617 3651 1743 3692; x_wconf 90' lang='lat' dir='ltr'><strong>eam</strong></span> <span class='ocrx_word' id='word_1_483' title='bbox 1780 3653 2042 3705; x_wconf 65' lang='lat' dir='ltr'><strong>supernae</strong></span> 
     </span>
    </p>
   </div>
   <div class='ocr_carea' id='block_1_67' title="bbox 348 3725 2043 3794">
    <p class='ocr_par' dir='ltr' id='par_1_67' title="bbox 348 3725 2043 3794">
     <span class='ocr_line' id='line_1_67' title="bbox 348 3725 2043 3794; baseline 0.001 -13"><span class='ocrx_word' id='word_1_484' title='bbox 348 3726 628 3781; x_wconf 88' lang='lat' dir='ltr'><strong>claritatis</strong></span> <span class='ocrx_word' id='word_1_485' title='bbox 667 3725 970 3791; x_wconf 89' lang='lat' dir='ltr'><strong>attolleret,</strong></span> <span class='ocrx_word' id='word_1_486' title='bbox 1021 3725 1169 3780; x_wconf 91' lang='lat' dir='ltr'><strong>inter</strong></span> <span class='ocrx_word' id='word_1_487' title='bbox 1202 3739 1498 3794; x_wconf 89' lang='lat' dir='ltr'><strong>pressuras</strong></span> <span class='ocrx_word' id='word_1_488' title='bbox 1542 3725 1687 3780; x_wconf 93' lang='lat' dir='ltr'><strong>illico</strong></span> <span class='ocrx_word' id='word_1_489' title='bbox 1743 3727 2043 3782; x_wconf 90' lang='lat' dir='ltr'><strong>tolerantia</strong></span> 
     </span>
    </p>
   </div>
   <div class='ocr_carea' id='block_1_68' title="bbox 350 3812 2038 3883">
    <p class='ocr_par' dir='ltr' id='par_1_68' title="bbox 350 3812 2038 3883">
     <span class='ocr_line' id='line_1_68' title="bbox 350 3812 2038 3883; baseline 0 -14"><span class='ocrx_word' id='word_1_490' title='bbox 350 3813 593 3870; x_wconf 85' lang='lat' dir='ltr'><strong>feminee</strong></span> <span class='ocrx_word' id='word_1_491' title='bbox 623 3813 952 3870; x_wconf 88' lang='lat' dir='ltr'><strong>lassaretur.</strong></span> <span class='ocrx_word' id='word_1_492' title='bbox 979 3812 1033 3868; x_wconf 91' lang='lat' dir='ltr'><strong>ls</strong></span> <span class='ocrx_word' id='word_1_493' title='bbox 1064 3813 1261 3869; x_wconf 87' lang='lat' dir='ltr'><strong>festiue</strong></span> <span class='ocrx_word' id='word_1_494' title='bbox 1290 3813 1585 3883; x_wconf 90' lang='lat' dir='ltr'><strong>egreditur</strong></span> <span class='ocrx_word' id='word_1_495' title='bbox 1639 3813 1714 3867; x_wconf 76' lang='lat' dir='ltr'><strong>ad</strong></span> <span class='ocrx_word' id='word_1_496' title='bbox 1758 3815 2038 3883; x_wconf 81' lang='lat' dir='ltr'><strong>hominem,</strong></span> 
     </span>
    </p>
   </div>
   <div class='ocr_carea' id='block_1_69' title="bbox 349 3901 2042 3973">
    <p class='ocr_par' dir='ltr' id='par_1_69' title="bbox 349 3901 2042 3973">
     <span class='ocr_line' id='line_1_69' title="bbox 349 3901 2042 3973; baseline 0.002 -17"><span class='ocrx_word' id='word_1_497' title='bbox 349 3902 598 3956; x_wconf 86' lang='lat' dir='ltr'><strong>abierat</strong></span> <span class='ocrx_word' id='word_1_498' title='bbox 649 3904 794 3969; x_wconf 81' lang='lat' dir='ltr'><strong>fons,</strong></span> <span class='ocrx_word' id='word_1_499' title='bbox 852 3902 991 3972; x_wconf 90' lang='lat' dir='ltr'><strong>quia</strong></span> <span class='ocrx_word' id='word_1_500' title='bbox 1031 3901 1326 3957; x_wconf 87' lang='lat' dir='ltr'><strong>contuitus</strong></span> <span class='ocrx_word' id='word_1_501' title='bbox 1373 3901 1625 3956; x_wconf 77' lang='lat' dir='ltr'><strong>sollicitae</strong></span> <span class='ocrx_word' id='word_1_502' title='bbox 1681 3903 2042 3973; x_wconf 87' lang='lat' dir='ltr'><strong>cogitationis</strong></span> 
     </span>
    </p>
   </div>
   <div class='ocr_carea' id='block_1_70' title="bbox 347 3990 2041 4060">
    <p class='ocr_par' dir='ltr' id='par_1_70' title="bbox 347 3990 2041 4060">
     <span class='ocr_line' id='line_1_70' title="bbox 347 3990 2041 4060; baseline -0.001 -13"><span class='ocrx_word' id='word_1_503' title='bbox 347 3990 640 4060; x_wconf 86' lang='lat' dir='ltr'><strong>exprimit,</strong></span> <span class='ocrx_word' id='word_1_504' title='bbox 703 3991 1162 4048; x_wconf 89' lang='lat' dir='ltr'><strong>intellectualiter</strong></span> <span class='ocrx_word' id='word_1_505' title='bbox 1233 4004 1424 4045; x_wconf 84' lang='lat' dir='ltr'><strong>coram</strong></span> <span class='ocrx_word' id='word_1_506' title='bbox 1509 3992 1718 4045; x_wconf 90' lang='lat' dir='ltr'><strong>nostris</strong></span> <span class='ocrx_word' id='word_1_507' title='bbox 1771 3992 2041 4047; x_wconf 88' lang='lat' dir='ltr'><strong>humanis</strong></span> 
     </span>
    </p>
   </div>
   <div class='ocr_carea' id='block_1_71' title="bbox 349 4077 2040 4150">
    <p class='ocr_par' dir='ltr' id='par_1_71' title="bbox 349 4077 2040 4150">
     <span class='ocr_line' id='line_1_71' title="bbox 349 4077 2040 4150; baseline 0 -15"><span class='ocrx_word' id='word_1_508' title='bbox 349 4080 668 4148; x_wconf 79' lang='lat' dir='ltr'><strong>allectibus,</strong></span> <span class='ocrx_word' id='word_1_509' title='bbox 702 4079 803 4150; x_wconf 90' lang='lat' dir='ltr'><strong>qui</strong></span> <span class='ocrx_word' id='word_1_510' title='bbox 841 4079 1040 4135; x_wconf 59' lang='lat' dir='ltr'><strong>saeculi</strong></span> <span class='ocrx_word' id='word_1_511' title='bbox 1071 4077 1370 4134; x_wconf 91' lang='lat' dir='ltr'><strong>imminent</strong></span> <span class='ocrx_word' id='word_1_512' title='bbox 1417 4078 1846 4147; x_wconf 88' lang='lat' dir='ltr'><strong>cupiditatibus,</strong></span> <span class='ocrx_word' id='word_1_513' title='bbox 1906 4095 2040 4150; x_wconf 68' lang='lat' dir='ltr'><strong>quas</strong></span> 
     </span>
    </p>
   </div>
   <div class='ocr_carea' id='block_1_72' title="bbox 349 4165 2043 4239">
    <p class='ocr_par' dir='ltr' id='par_1_72' title="bbox 349 4165 2043 4239">
     <span class='ocr_line' id='line_1_72' title="bbox 349 4165 2043 4239; baseline -0.001 -14"><span class='ocrx_word' id='word_1_514' title='bbox 349 4170 422 4225; x_wconf 89' lang='lat' dir='ltr'><strong>sit</strong></span> <span class='ocrx_word' id='word_1_515' title='bbox 453 4167 636 4239; x_wconf 86' lang='lat' dir='ltr'><strong>gloria</strong></span> <span class='ocrx_word' id='word_1_516' title='bbox 671 4167 817 4224; x_wconf 90' lang='lat' dir='ltr'><strong>lucis</strong></span> <span class='ocrx_word' id='word_1_517' title='bbox 861 4167 1038 4235; x_wconf 90' lang='lat' dir='ltr'><strong>illius,</strong></span> <span class='ocrx_word' id='word_1_518' title='bbox 1071 4167 1164 4222; x_wconf 91' lang='lat' dir='ltr'><strong>cui</strong></span> <span class='ocrx_word' id='word_1_519' title='bbox 1210 4165 1408 4221; x_wconf 87' lang='lat' dir='ltr'><strong>nullus</strong></span> <span class='ocrx_word' id='word_1_520' title='bbox 1447 4167 1597 4221; x_wconf 88' lang='lat' dir='ltr'><strong>valet</strong></span> <span class='ocrx_word' id='word_1_521' title='bbox 1647 4167 1841 4222; x_wconf 87' lang='lat' dir='ltr'><strong>obesse</strong></span> <span class='ocrx_word' id='word_1_522' title='bbox 1898 4168 2043 4224; x_wconf 89' lang='lat' dir='ltr'><strong>defe-</strong></span> 
     </span>
    </p>
   </div>
   <div class='ocr_carea' id='block_1_73' title="bbox 349 4253 2039 4326">
    <p class='ocr_par' dir='ltr' id='par_1_73' title="bbox 349 4253 2039 4326">
     <span class='ocr_line' id='line_1_73' title="bbox 349 4253 2039 4326; baseline -0.001 -14"><span class='ocrx_word' id='word_1_523' title='bbox 349 4265 497 4312; x_wconf 87' lang='lat' dir='ltr'><strong>ctus.</strong></span> <span class='ocrx_word' id='word_1_524' title='bbox 524 4256 720 4311; x_wconf 89' lang='lat' dir='ltr'><strong>Laban</strong></span> <span class='ocrx_word' id='word_1_525' title='bbox 750 4269 1001 4324; x_wconf 91' lang='lat' dir='ltr'><strong>namque</strong></span> <span class='ocrx_word' id='word_1_526' title='bbox 1030 4256 1100 4310; x_wconf 92' lang='lat' dir='ltr'><strong>ad</strong></span> <span class='ocrx_word' id='word_1_527' title='bbox 1131 4253 1414 4309; x_wconf 89' lang='lat' dir='ltr'><strong>hominem</strong></span> <span class='ocrx_word' id='word_1_528' title='bbox 1442 4256 1708 4326; x_wconf 89' lang='lat' dir='ltr'><strong>egressio,</strong></span> <span class='ocrx_word' id='word_1_529' title='bbox 1752 4257 1831 4310; x_wconf 90' lang='lat' dir='ltr'><strong>nil</strong></span> <span class='ocrx_word' id='word_1_530' title='bbox 1880 4255 2039 4312; x_wconf 93' lang='lat' dir='ltr'><strong>aliud</strong></span> 
     </span>
    </p>
   </div>
   <div class='ocr_carea' id='block_1_74' title="bbox 350 4343 2040 4414">
    <p class='ocr_par' dir='ltr' id='par_1_74' title="bbox 350 4343 2040 4414">
     <span class='ocr_line' id='line_1_74' title="bbox 350 4343 2040 4414; baseline -0.001 -12"><span class='ocrx_word' id='word_1_531' title='bbox 350 4354 434 4402; x_wconf 90' lang='lat' dir='ltr'><strong>est</strong></span> <span class='ocrx_word' id='word_1_532' title='bbox 458 4358 635 4414; x_wconf 90' lang='lat' dir='ltr'><strong>quam</strong></span> <span class='ocrx_word' id='word_1_533' title='bbox 675 4344 953 4398; x_wconf 89' lang='lat' dir='ltr'><strong>adversus</strong></span> <span class='ocrx_word' id='word_1_534' title='bbox 979 4343 1356 4398; x_wconf 88' lang='lat' dir='ltr'><strong>humanitatis</strong></span> <span class='ocrx_word' id='word_1_535' title='bbox 1395 4351 1613 4399; x_wconf 91' lang='lat' dir='ltr'><strong>motum</strong></span> <span class='ocrx_word' id='word_1_536' title='bbox 1645 4343 2040 4401; x_wconf 84' lang='lat' dir='ltr'><strong>ratiocinantis</strong></span> 
     </span>
    </p>
   </div>
   <div class='ocr_carea' id='block_1_75' title="bbox 351 4430 2035 4502">
    <p class='ocr_par' dir='ltr' id='par_1_75' title="bbox 351 4430 2035 4502">
     <span class='ocr_line' id='line_1_75' title="bbox 351 4430 2035 4502; baseline -0.002 -12"><span class='ocrx_word' id='word_1_537' title='bbox 351 4433 592 4502; x_wconf 84' lang='lat' dir='ltr'><strong>spiritus</strong></span> <span class='ocrx_word' id='word_1_538' title='bbox 633 4432 702 4487; x_wconf 91' lang='lat' dir='ltr'><strong>de</strong></span> <span class='ocrx_word' id='word_1_539' title='bbox 758 4430 1040 4487; x_wconf 88' lang='lat' dir='ltr'><strong>sententia</strong></span> <span class='ocrx_word' id='word_1_540' title='bbox 1101 4444 1366 4500; x_wconf 64' lang='lat' dir='ltr'><strong>supernas</strong></span> <span class='ocrx_word' id='word_1_541' title='bbox 1403 4431 1679 4486; x_wconf 89' lang='lat' dir='ltr'><strong>claritatis</strong></span> <span class='ocrx_word' id='word_1_542' title='bbox 1725 4433 2035 4501; x_wconf 82' lang='lat' dir='ltr'><strong>expressio.</strong></span> 
     </span>
    </p>
   </div>
   <div class='ocr_carea' id='block_1_76' title="bbox 353 4521 2040 4588">
    <p class='ocr_par' dir='ltr' id='par_1_76' title="bbox 353 4521 2040 4588">
     <span class='ocr_line' id='line_1_76' title="bbox 353 4521 2040 4588; baseline -0.003 -8"><span class='ocrx_word' id='word_1_543' title='bbox 353 4521 520 4580; x_wconf 84' lang='lat' dir='ltr'><strong>Videt</strong></span> <span class='ocrx_word' id='word_1_544' title='bbox 574 4523 794 4576; x_wconf 87' lang='lat' dir='ltr'><strong>inaures</strong></span> <span class='ocrx_word' id='word_1_545' title='bbox 845 4527 896 4574; x_wconf 89' lang='lat' dir='ltr'><strong>et</strong></span> <span class='ocrx_word' id='word_1_546' title='bbox 945 4521 1194 4574; x_wconf 87' lang='lat' dir='ltr'><strong>armillas</strong></span> <span class='ocrx_word' id='word_1_547' title='bbox 1247 4523 1305 4573; x_wconf 91' lang='lat' dir='ltr'><strong>in</strong></span> <span class='ocrx_word' id='word_1_548' title='bbox 1365 4521 1617 4574; x_wconf 81' lang='lat' dir='ltr'><strong>manibus</strong></span> <span class='ocrx_word' id='word_1_549' title='bbox 1666 4523 1864 4575; x_wconf 80' lang='lat' dir='ltr'><strong>sororis</strong></span> <span class='ocrx_word' id='word_1_550' title='bbox 1911 4535 2040 4588; x_wconf 67' lang='lat' dir='ltr'><strong>suae,</strong></span> 
     </span>
    </p>
   </div>
   <div class='ocr_carea' id='block_1_77' title="bbox 351 4607 2044 4678">
    <p class='ocr_par' dir='ltr' id='par_1_77' title="bbox 351 4607 2044 4678">
     <span class='ocr_line' id='line_1_77' title="bbox 351 4607 2044 4678; baseline 0 -14"><span class='ocrx_word' id='word_1_551' title='bbox 351 4623 485 4664; x_wconf 91' lang='lat' dir='ltr'><strong>cum</strong></span> <span class='ocrx_word' id='word_1_552' title='bbox 519 4608 829 4665; x_wconf 87' lang='lat' dir='ltr'><strong>videndum</strong></span> <span class='ocrx_word' id='word_1_553' title='bbox 882 4609 1140 4678; x_wconf 85' lang='lat' dir='ltr'><strong>proponit</strong></span> <span class='ocrx_word' id='word_1_554' title='bbox 1188 4607 1396 4662; x_wconf 57' lang='lat' dir='ltr'><strong>animae</strong></span> <span class='ocrx_word' id='word_1_555' title='bbox 1427 4607 1660 4678; x_wconf 89' lang='lat' dir='ltr'><strong>patienti</strong></span> <span class='ocrx_word' id='word_1_556' title='bbox 1690 4615 1746 4663; x_wconf 93' lang='lat' dir='ltr'><strong>et</strong></span> <span class='ocrx_word' id='word_1_557' title='bbox 1803 4608 2044 4678; x_wconf 68' lang='lat' dir='ltr'><strong>geminae</strong></span> 
     </span>
    </p>
   </div>
   <div class='ocr_carea' id='block_1_78' title="bbox 353 4696 2044 4765">
    <p class='ocr_par' dir='ltr' id='par_1_78' title="bbox 353 4696 2044 4765">
     <span class='ocr_line' id='line_1_78' title="bbox 353 4696 2044 4765; baseline -0.001 -11"><span class='ocrx_word' id='word_1_558' title='bbox 353 4697 712 4765; x_wconf 88' lang='lat' dir='ltr'><strong>obeditionis,</strong></span> <span class='ocrx_word' id='word_1_559' title='bbox 768 4698 882 4753; x_wconf 90' lang='lat' dir='ltr'><strong>Deo</strong></span> <span class='ocrx_word' id='word_1_560' title='bbox 919 4697 1131 4753; x_wconf 89' lang='lat' dir='ltr'><strong>scilicet</strong></span> <span class='ocrx_word' id='word_1_561' title='bbox 1175 4704 1228 4752; x_wconf 91' lang='lat' dir='ltr'><strong>et</strong></span> <span class='ocrx_word' id='word_1_562' title='bbox 1265 4696 1505 4761; x_wconf 90' lang='lat' dir='ltr'><strong>homini,</strong></span> <span class='ocrx_word' id='word_1_563' title='bbox 1562 4696 1766 4752; x_wconf 76' lang='lat' dir='ltr'><strong>debitae</strong></span> <span class='ocrx_word' id='word_1_564' title='bbox 1823 4697 2044 4752; x_wconf 85' lang='lat' dir='ltr'><strong>exerci-</strong></span> 
     </span>
    </p>
   </div>
   <div class='ocr_carea' id='block_1_79' title="bbox 352 4785 2045 4859">
    <p class='ocr_par' dir='ltr' id='par_1_79' title="bbox 352 4785 2045 4859">
     <span class='ocr_line' id='line_1_79' title="bbox 352 4785 2045 4859; baseline -0.002 -16"><span class='ocrx_word' id='word_1_565' title='bbox 352 4787 520 4854; x_wconf 90' lang='lat' dir='ltr'><strong>tium,</strong></span> <span class='ocrx_word' id='word_1_566' title='bbox 552 4796 606 4844; x_wconf 94' lang='lat' dir='ltr'><strong>et</strong></span> <span class='ocrx_word' id='word_1_567' title='bbox 655 4787 898 4859; x_wconf 61' lang='lat' dir='ltr'><strong>geminas</strong></span> <span class='ocrx_word' id='word_1_568' title='bbox 953 4785 1302 4856; x_wconf 87' lang='lat' dir='ltr'><strong>operationis</strong></span> <span class='ocrx_word' id='word_1_569' title='bbox 1350 4785 1624 4852; x_wconf 90' lang='lat' dir='ltr'><strong>fructum,</strong></span> <span class='ocrx_word' id='word_1_570' title='bbox 1661 4800 1792 4855; x_wconf 75' lang='lat' dir='ltr'><strong>quae</strong></span> <span class='ocrx_word' id='word_1_571' title='bbox 1847 4786 2045 4841; x_wconf 91' lang='lat' dir='ltr'><strong>divino</strong></span> 
     </span>
    </p>
   </div>
   <div class='ocr_carea' id='block_1_80' title="bbox 353 4873 2046 4944">
    <p class='ocr_par' dir='ltr' id='par_1_80' title="bbox 353 4873 2046 4944">
     <span class='ocr_line' id='line_1_80' title="bbox 353 4873 2046 4944; baseline -0.002 -14"><span class='ocrx_word' id='word_1_572' title='bbox 353 4876 548 4931; x_wconf 90' lang='lat' dir='ltr'><strong>itidem</strong></span> <span class='ocrx_word' id='word_1_573' title='bbox 599 4876 821 4944; x_wconf 92' lang='lat' dir='ltr'><strong>honori,</strong></span> <span class='ocrx_word' id='word_1_574' title='bbox 845 4884 900 4932; x_wconf 90' lang='lat' dir='ltr'><strong>et</strong></span> <span class='ocrx_word' id='word_1_575' title='bbox 947 4875 1214 4931; x_wconf 65' lang='lat' dir='ltr'><strong>fraterna:</strong></span> <span class='ocrx_word' id='word_1_576' title='bbox 1265 4874 1524 4930; x_wconf 83' lang='lat' dir='ltr'><strong>exhiberi</strong></span> <span class='ocrx_word' id='word_1_577' title='bbox 1573 4874 1739 4930; x_wconf 89' lang='lat' dir='ltr'><strong>debet</strong></span> <span class='ocrx_word' id='word_1_578' title='bbox 1792 4873 2046 4930; x_wconf 62' lang='lat' dir='ltr'><strong>aediﬁca-</strong></span> 
     </span>
    </p>
   </div>
   <div class='ocr_carea' id='block_1_81' title="bbox 353 4963 2047 5034">
    <p class='ocr_par' dir='ltr' id='par_1_81' title="bbox 353 4963 2047 5034">
     <span class='ocr_line' id='line_1_81' title="bbox 353 4963 2047 5034; baseline 0 -16"><span class='ocrx_word' id='word_1_579' title='bbox 353 4963 516 5030; x_wconf 91' lang='lat' dir='ltr'><strong>tioni,</strong></span> <span class='ocrx_word' id='word_1_580' title='bbox 560 4971 614 5019; x_wconf 90' lang='lat' dir='ltr'><strong>et</strong></span> <span class='ocrx_word' id='word_1_581' title='bbox 668 4979 740 5019; x_wconf 90' lang='lat' dir='ltr'><strong>ex</strong></span> <span class='ocrx_word' id='word_1_582' title='bbox 788 4965 897 5020; x_wconf 88' lang='lat' dir='ltr'><strong>hoc</strong></span> <span class='ocrx_word' id='word_1_583' title='bbox 927 4963 1278 5034; x_wconf 90' lang='lat' dir='ltr'><strong>perpendere</strong></span> <span class='ocrx_word' id='word_1_584' title='bbox 1310 4971 1496 5018; x_wconf 90' lang='lat' dir='ltr'><strong>monet</strong></span> <span class='ocrx_word' id='word_1_585' title='bbox 1525 4978 1656 5032; x_wconf 75' lang='lat' dir='ltr'><strong>quae</strong></span> <span class='ocrx_word' id='word_1_586' title='bbox 1689 4977 1900 5018; x_wconf 90' lang='lat' dir='ltr'><strong>corona</strong></span> <span class='ocrx_word' id='word_1_587' title='bbox 1942 4963 2047 5018; x_wconf 88' lang='lat' dir='ltr'><strong>de-</strong></span> 
     </span>
    </p>
   </div>
   <div class='ocr_carea' id='block_1_82' title="bbox 358 5051 2045 5121">
    <p class='ocr_par' dir='ltr' id='par_1_82' title="bbox 358 5051 2045 5121">
     <span class='ocr_line' id='line_1_82' title="bbox 358 5051 2045 5121; baseline 0.001 -15"><span class='ocrx_word' id='word_1_588' title='bbox 358 5052 563 5107; x_wconf 90' lang='lat' dir='ltr'><strong>beatur</strong></span> <span class='ocrx_word' id='word_1_589' title='bbox 601 5059 681 5107; x_wconf 91' lang='lat' dir='ltr'><strong>tot</strong></span> <span class='ocrx_word' id='word_1_590' title='bbox 730 5052 992 5108; x_wconf 90' lang='lat' dir='ltr'><strong>laborum</strong></span> <span class='ocrx_word' id='word_1_591' title='bbox 1053 5051 1354 5121; x_wconf 89' lang='lat' dir='ltr'><strong>dispendia</strong></span> <span class='ocrx_word' id='word_1_592' title='bbox 1403 5053 1731 5108; x_wconf 88' lang='lat' dir='ltr'><strong>sustinenti.</strong></span> <span class='ocrx_word' id='word_1_593' title='bbox 1802 5052 2045 5107; x_wconf 88' lang='lat' dir='ltr'><strong>lnaures</strong></span> 
     </span>
    </p>
   </div>
   <div class='ocr_carea' id='block_1_83' title="bbox 355 5139 2048 5210">
    <p class='ocr_par' dir='ltr' id='par_1_83' title="bbox 355 5139 2048 5210">
     <span class='ocr_line' id='line_1_83' title="bbox 355 5139 2048 5210; baseline 0 -14"><span class='ocrx_word' id='word_1_594' title='bbox 355 5139 736 5196; x_wconf 88' lang='lat' dir='ltr'><strong>obedientiam</strong></span> <span class='ocrx_word' id='word_1_595' title='bbox 795 5139 1120 5210; x_wconf 84' lang='lat' dir='ltr'><strong>significare</strong></span> <span class='ocrx_word' id='word_1_596' title='bbox 1179 5139 1332 5195; x_wconf 90' lang='lat' dir='ltr'><strong>testis</strong></span> <span class='ocrx_word' id='word_1_597' title='bbox 1377 5148 1462 5196; x_wconf 90' lang='lat' dir='ltr'><strong>est</strong></span> <span class='ocrx_word' id='word_1_598' title='bbox 1520 5141 1625 5196; x_wconf 87' lang='lat' dir='ltr'><strong>Job</strong></span> <span class='ocrx_word' id='word_1_599' title='bbox 1675 5140 2048 5196; x_wconf 87' lang='lat' dir='ltr'><strong>revalescenti</strong></span> 
     </span>
    </p>
   </div>
   <div class='ocr_carea' id='block_1_84' title="bbox 358 5227 2049 5299">
    <p class='ocr_par' dir='ltr' id='par_1_84' title="bbox 358 5227 2049 5299">
     <span class='ocr_line' id='line_1_84' title="bbox 358 5227 2049 5299; baseline -0.002 -15"><span class='ocrx_word' id='word_1_600' title='bbox 358 5228 581 5284; x_wconf 91' lang='lat' dir='ltr'><strong>inauris</strong></span> <span class='ocrx_word' id='word_1_601' title='bbox 611 5227 744 5282; x_wconf 90' lang='lat' dir='ltr'><strong>data</strong></span> <span class='ocrx_word' id='word_1_602' title='bbox 785 5227 899 5285; x_wconf 84' lang='lat' dir='ltr'><strong>(Job</strong></span> <span class='ocrx_word' id='word_1_603' title='bbox 945 5241 1078 5294; x_wconf 81' lang='lat' dir='ltr'><strong>xui,</strong></span> <span class='ocrx_word' id='word_1_604' title='bbox 1115 5229 1219 5298; x_wconf 84' lang='grc'><strong>11).</strong></span> <span class='ocrx_word' id='word_1_605' title='bbox 1254 5228 1429 5284; x_wconf 83' lang='lat' dir='ltr'><strong>Audit</strong></span> <span class='ocrx_word' id='word_1_606' title='bbox 1457 5231 1621 5283; x_wconf 85' lang='lat' dir='ltr'><strong>verba</strong></span> <span class='ocrx_word' id='word_1_607' title='bbox 1664 5230 1867 5299; x_wconf 66' lang='lat' dir='ltr'><strong>puellae</strong></span> <span class='ocrx_word' id='word_1_608' title='bbox 1902 5231 2049 5295; x_wconf 84' lang='lat' dir='ltr'><strong>refe—</strong></span> 
     </span>
    </p>
   </div>
   <div class='ocr_carea' id='block_1_85' title="bbox 355 5315 2051 5385">
    <p class='ocr_par' dir='ltr' id='par_1_85' title="bbox 355 5315 2051 5385">
     <span class='ocr_line' id='line_1_85' title="bbox 355 5315 2051 5385; baseline -0.001 -13"><span class='ocrx_word' id='word_1_609' title='bbox 355 5320 543 5383; x_wconf 84' lang='lat' dir='ltr'><strong>rentis,</strong></span> <span class='ocrx_word' id='word_1_610' title='bbox 575 5331 708 5372; x_wconf 90' lang='lat' dir='ltr'><strong>cum</strong></span> <span class='ocrx_word' id='word_1_611' title='bbox 747 5315 1129 5385; x_wconf 84' lang='lat' dir='ltr'><strong>intelligenter</strong></span> <span class='ocrx_word' id='word_1_612' title='bbox 1173 5317 1450 5372; x_wconf 91' lang='lat' dir='ltr'><strong>obaudire</strong></span> <span class='ocrx_word' id='word_1_613' title='bbox 1499 5317 1630 5373; x_wconf 91' lang='lat' dir='ltr'><strong>facit</strong></span> <span class='ocrx_word' id='word_1_614' title='bbox 1660 5319 1854 5374; x_wconf 91' lang='lat' dir='ltr'><strong>anima</strong></span> <span class='ocrx_word' id='word_1_615' title='bbox 1915 5317 2051 5374; x_wconf 89' lang='lat' dir='ltr'><strong>boni</strong></span> 
     </span>
    </p>
   </div>
   <div class='ocr_carea' id='block_1_86' title="bbox 356 5404 2050 5474">
    <p class='ocr_par' dir='ltr' id='par_1_86' title="bbox 356 5404 2050 5474">
     <span class='ocr_line' id='line_1_86' title="bbox 356 5404 2050 5474; baseline -0.002 -12"><span class='ocrx_word' id='word_1_616' title='bbox 356 5404 446 5462; x_wconf 90' lang='lat' dir='ltr'><strong>sui</strong></span> <span class='ocrx_word' id='word_1_617' title='bbox 473 5412 820 5474; x_wconf 89' lang='lat' dir='ltr'><strong>apparatum</strong></span> <span class='ocrx_word' id='word_1_618' title='bbox 860 5405 1144 5473; x_wconf 86' lang='lat' dir='ltr'><strong>appetitus</strong></span> <span class='ocrx_word' id='word_1_619' title='bbox 1189 5404 1516 5462; x_wconf 85' lang='lat' dir='ltr'><strong>afferentem</strong></span> <span class='ocrx_word' id='word_1_620' title='bbox 1557 5407 1629 5462; x_wconf 90' lang='lat' dir='ltr'><strong>ad</strong></span> <span class='ocrx_word' id='word_1_621' title='bbox 1685 5407 2050 5462; x_wconf 88' lang='lat' dir='ltr'><strong>emerendam</strong></span> 
     </span>
    </p>
   </div>
   <div class='ocr_carea' id='block_1_87' title="bbox 357 5494 2055 5566">
    <p class='ocr_par' dir='ltr' id='par_1_87' title="bbox 357 5494 2055 5566">
     <span class='ocr_line' id='line_1_87' title="bbox 357 5494 2055 5566; baseline -0.002 -15"><span class='ocrx_word' id='word_1_622' title='bbox 357 5495 598 5552; x_wconf 73' lang='lat' dir='ltr'><strong>cmlestis</strong></span> <span class='ocrx_word' id='word_1_623' title='bbox 636 5494 829 5566; x_wconf 78' lang='lat' dir='ltr'><strong>gloriae</strong></span> <span class='ocrx_word' id='word_1_624' title='bbox 872 5494 1078 5550; x_wconf 90' lang='lat' dir='ltr'><strong>lucem.</strong></span> <span class='ocrx_word' id='word_1_625' title='bbox 1145 5497 1303 5550; x_wconf 85' lang='lat' dir='ltr'><strong>Venit</strong></span> <span class='ocrx_word' id='word_1_626' title='bbox 1337 5496 1525 5551; x_wconf 89' lang='lat' dir='ltr'><strong>Laban</strong></span> <span class='ocrx_word' id='word_1_627' title='bbox 1569 5497 1643 5550; x_wconf 87' lang='lat' dir='ltr'><strong>ad</strong></span> <span class='ocrx_word' id='word_1_628' title='bbox 1701 5499 1898 5562; x_wconf 84' lang='lat' dir='ltr'><strong>virum,</strong></span> <span class='ocrx_word' id='word_1_629' title='bbox 1959 5497 2055 5564; x_wconf 86' lang='lat' dir='ltr'><strong>qui</strong></span> 
     </span>
    </p>
   </div>
   <div class='ocr_carea' id='block_1_88' title="bbox 361 5582 2054 5653">
    <p class='ocr_par' dir='ltr' id='par_1_88' title="bbox 361 5582 2054 5653">
     <span class='ocr_line' id='line_1_88' title="bbox 361 5582 2054 5653; baseline -0.001 -13"><span class='ocrx_word' id='word_1_630' title='bbox 361 5591 472 5640; x_wconf 88' lang='lat' dir='ltr'><strong>stat</strong></span> <span class='ocrx_word' id='word_1_631' title='bbox 501 5584 617 5652; x_wconf 85' lang='lat' dir='ltr'><strong>ejus</strong></span> <span class='ocrx_word' id='word_1_632' title='bbox 631 5582 1038 5652; x_wconf 72' lang='lat' dir='ltr'><strong>jumtacamelos</strong></span> <span class='ocrx_word' id='word_1_633' title='bbox 1067 5599 1234 5653; x_wconf 87' lang='lat' dir='ltr'><strong>prope</strong></span> <span class='ocrx_word' id='word_1_634' title='bbox 1249 5587 1474 5650; x_wconf 75' lang='lat' dir='ltr'><strong>fontem,</strong></span> <span class='ocrx_word' id='word_1_635' title='bbox 1497 5599 1630 5639; x_wconf 89' lang='lat' dir='ltr'><strong>cum</strong></span> <span class='ocrx_word' id='word_1_636' title='bbox 1662 5585 1876 5640; x_wconf 87' lang='lat' dir='ltr'><strong>accedit</strong></span> <span class='ocrx_word' id='word_1_637' title='bbox 1895 5584 2054 5638; x_wconf 70' lang='lat' dir='ltr'><strong>ciple-</strong></span> 
     </span>
    </p>
   </div>
   <div class='ocr_carea' id='block_1_89' title="bbox 361 5670 2055 5741">
    <p class='ocr_par' dir='ltr' id='par_1_89' title="bbox 361 5670 2055 5741">
     <span class='ocr_line' id='line_1_89' title="bbox 361 5670 2055 5741; baseline 0.001 -14"><span class='ocrx_word' id='word_1_638' title='bbox 361 5681 443 5728; x_wconf 87' lang='lat' dir='ltr'><strong>ste</strong></span> <span class='ocrx_word' id='word_1_639' title='bbox 467 5671 813 5728; x_wconf 89' lang='lat' dir='ltr'><strong>desiderium</strong></span> <span class='ocrx_word' id='word_1_640' title='bbox 848 5670 918 5725; x_wconf 88' lang='lat' dir='ltr'><strong>ad</strong></span> <span class='ocrx_word' id='word_1_641' title='bbox 974 5670 1237 5728; x_wconf 86' lang='lat' dir='ltr'><strong>affectum</strong></span> <span class='ocrx_word' id='word_1_642' title='bbox 1281 5672 1403 5741; x_wconf 91' lang='lat' dir='ltr'><strong>jam</strong></span> <span class='ocrx_word' id='word_1_643' title='bbox 1467 5671 1712 5727; x_wconf 89' lang='lat' dir='ltr'><strong>viriliter</strong></span> <span class='ocrx_word' id='word_1_644' title='bbox 1755 5672 2055 5728; x_wconf 89' lang='lat' dir='ltr'><strong>decertan-</strong></span> 
     </span>
    </p>
   </div>
   <div class='ocr_carea' id='block_1_90' title="bbox 2149 3194 3854 3266">
    <p class='ocr_par' dir='ltr' id='par_1_90' title="bbox 2149 3194 3854 3266">
     <span class='ocr_line' id='line_1_90' title="bbox 2149 3194 3854 3266; baseline -0.004 -13"><span class='ocrx_word' id='word_1_645' title='bbox 2149 3197 2458 3258; x_wconf 91' lang='lat' dir='ltr'><strong>miseriam.</strong></span> <span class='ocrx_word' id='word_1_646' title='bbox 2505 3196 2789 3252; x_wconf 69' lang='lat' dir='ltr'><strong>etdiviuae</strong></span> <span class='ocrx_word' id='word_1_647' title='bbox 2819 3196 3114 3252; x_wconf 89' lang='lat' dir='ltr'><strong>electionis</strong></span> <span class='ocrx_word' id='word_1_648' title='bbox 3156 3197 3395 3266; x_wconf 84' lang='lat' dir='ltr'><strong>gloriam</strong></span> <span class='ocrx_word' id='word_1_649' title='bbox 3426 3197 3536 3266; x_wconf 90' lang='lat' dir='ltr'><strong>piis</strong></span> <span class='ocrx_word' id='word_1_650' title='bbox 3581 3194 3854 3266; x_wconf 89' lang='lat' dir='ltr'><strong>proponit</strong></span> 
     </span>
    </p>
   </div>
   <div class='ocr_carea' id='block_1_91' title="bbox 2152 3285 3848 3354">
    <p class='ocr_par' dir='ltr' id='par_1_91' title="bbox 2152 3285 3848 3354">
     <span class='ocr_line' id='line_1_91' title="bbox 2152 3285 3848 3354; baseline -0.001 -13"><span class='ocrx_word' id='word_1_651' title='bbox 2152 3286 2462 3352; x_wconf 87' lang='lat' dir='ltr'><strong>exercitiis,</strong></span> <span class='ocrx_word' id='word_1_652' title='bbox 2493 3292 2556 3340; x_wconf 91' lang='lat' dir='ltr'><strong>ut</strong></span> <span class='ocrx_word' id='word_1_653' title='bbox 2587 3285 2666 3340; x_wconf 89' lang='lat' dir='ltr'><strong>sic</strong></span> <span class='ocrx_word' id='word_1_654' title='bbox 2709 3285 2776 3340; x_wconf 90' lang='lat' dir='ltr'><strong>de</strong></span> <span class='ocrx_word' id='word_1_655' title='bbox 2800 3299 2894 3354; x_wconf 92' lang='lat' dir='ltr'><strong>spe</strong></span> <span class='ocrx_word' id='word_1_656' title='bbox 2925 3285 3215 3341; x_wconf 88' lang='lat' dir='ltr'><strong>electionis</strong></span> <span class='ocrx_word' id='word_1_657' title='bbox 3252 3285 3474 3342; x_wconf 54' lang='lat' dir='ltr'><strong>laetetur</strong></span> <span class='ocrx_word' id='word_1_658' title='bbox 3515 3300 3614 3340; x_wconf 91' lang='lat' dir='ltr'><strong>cor</strong></span> <span class='ocrx_word' id='word_1_659' title='bbox 3653 3298 3848 3347; x_wconf 90' lang='lat' dir='ltr'><strong>suum,</strong></span> 
     </span>
    </p>
   </div>
   <div class='ocr_carea' id='block_1_92' title="bbox 2152 3372 3842 3444">
    <p class='ocr_par' dir='ltr' id='par_1_92' title="bbox 2152 3372 3842 3444">
     <span class='ocr_line' id='line_1_92' title="bbox 2152 3372 3842 3444; baseline -0.002 -15"><span class='ocrx_word' id='word_1_660' title='bbox 2152 3384 2443 3444; x_wconf 88' lang='lat' dir='ltr'><strong>quatenus</strong></span> <span class='ocrx_word' id='word_1_661' title='bbox 2463 3374 2532 3428; x_wconf 91' lang='lat' dir='ltr'><strong>de</strong></span> <span class='ocrx_word' id='word_1_662' title='bbox 2559 3388 2697 3428; x_wconf 88' lang='lat' dir='ltr'><strong>casu</strong></span> <span class='ocrx_word' id='word_1_663' title='bbox 2750 3373 3166 3442; x_wconf 89' lang='lat' dir='ltr'><strong>reprobationis</strong></span> <span class='ocrx_word' id='word_1_664' title='bbox 3193 3373 3466 3428; x_wconf 88' lang='lat' dir='ltr'><strong>extimeat</strong></span> <span class='ocrx_word' id='word_1_665' title='bbox 3505 3387 3716 3428; x_wconf 89' lang='lat' dir='ltr'><strong>nomen</strong></span> <span class='ocrx_word' id='word_1_666' title='bbox 3751 3372 3842 3426; x_wconf 86' lang='lat' dir='ltr'><strong>di-</strong></span> 
     </span>
    </p>
   </div>
   <div class='ocr_carea' id='block_1_93' title="bbox 2151 3460 3846 3530">
    <p class='ocr_par' dir='ltr' id='par_1_93' title="bbox 2151 3460 3846 3530">
     <span class='ocr_line' id='line_1_93' title="bbox 2151 3460 3846 3530; baseline -0.003 -12"><span class='ocrx_word' id='word_1_667' title='bbox 2151 3463 2376 3518; x_wconf 90' lang='lat' dir='ltr'><strong>vinum.</strong></span> <span class='ocrx_word' id='word_1_668' title='bbox 2413 3463 2608 3517; x_wconf 89' lang='lat' dir='ltr'><strong>Paleas</strong></span> <span class='ocrx_word' id='word_1_669' title='bbox 2637 3463 2924 3530; x_wconf 80' lang='lat' dir='ltr'><strong>reprobus,</strong></span> <span class='ocrx_word' id='word_1_670' title='bbox 2959 3462 3152 3516; x_wconf 88' lang='lat' dir='ltr'><strong>fenum</strong></span> <span class='ocrx_word' id='word_1_671' title='bbox 3186 3462 3295 3517; x_wconf 92' lang='lat' dir='ltr'><strong>dici</strong></span> <span class='ocrx_word' id='word_1_672' title='bbox 3325 3462 3549 3526; x_wconf 86' lang='lat' dir='ltr'><strong>electos,</strong></span> <span class='ocrx_word' id='word_1_673' title='bbox 3579 3460 3846 3530; x_wconf 78' lang='lat' dir='ltr'><strong>exempla</strong></span> 
     </span>
    </p>
   </div>
   <div class='ocr_carea' id='block_1_94' title="bbox 2152 3549 3851 3620">
    <p class='ocr_par' dir='ltr' id='par_1_94' title="bbox 2152 3549 3851 3620">
     <span class='ocr_line' id='line_1_94' title="bbox 2152 3549 3851 3620; baseline -0.002 -14"><span class='ocrx_word' id='word_1_674' title='bbox 2152 3552 2438 3606; x_wconf 89' lang='lat' dir='ltr'><strong>dabimus.</strong></span> <span class='ocrx_word' id='word_1_675' title='bbox 2475 3551 2670 3606; x_wconf 87' lang='lat' dir='ltr'><strong>Paleas</strong></span> <span class='ocrx_word' id='word_1_676' title='bbox 2701 3558 2828 3606; x_wconf 90' lang='lat' dir='ltr'><strong>uret</strong></span> <span class='ocrx_word' id='word_1_677' title='bbox 2883 3551 3003 3620; x_wconf 91' lang='lat' dir='ltr'><strong>igni</strong></span> <span class='ocrx_word' id='word_1_678' title='bbox 3035 3550 3513 3620; x_wconf 82' lang='lat' dir='ltr'><strong>inexstinguibili,</strong></span> <span class='ocrx_word' id='word_1_679' title='bbox 3552 3549 3610 3604; x_wconf 92' lang='lat' dir='ltr'><strong>in</strong></span> <span class='ocrx_word' id='word_1_680' title='bbox 3648 3550 3851 3604; x_wconf 88' lang='lat' dir='ltr'><strong>Evan—</strong></span> 
     </span>
    </p>
   </div>
   <div class='ocr_carea' id='block_1_95' title="bbox 2153 3638 3852 3711">
    <p class='ocr_par' dir='ltr' id='par_1_95' title="bbox 2153 3638 3852 3711">
     <span class='ocr_line' id='line_1_95' title="bbox 2153 3638 3852 3711; baseline -0.003 -15"><span class='ocrx_word' id='word_1_681' title='bbox 2153 3641 2296 3711; x_wconf 91' lang='lat' dir='ltr'><strong>gelio</strong></span> <span class='ocrx_word' id='word_1_682' title='bbox 2321 3642 2474 3706; x_wconf 92' lang='lat' dir='ltr'><strong>(Luc.</strong></span> <span class='ocrx_word' id='word_1_683' title='bbox 2527 3655 2603 3704; x_wconf 88' lang='grc' dir='ltr'>ιιι,</span> <span class='ocrx_word' id='word_1_684' title='bbox 2652 3640 2770 3708; x_wconf 84' lang='grc'><strong>17);</strong></span> <span class='ocrx_word' id='word_1_685' title='bbox 2827 3647 2881 3695; x_wconf 92' lang='lat' dir='ltr'><strong>et</strong></span> <span class='ocrx_word' id='word_1_686' title='bbox 2926 3639 3233 3694; x_wconf 87' lang='lat' dir='ltr'><strong>Behemoth</strong></span> <span class='ocrx_word' id='word_1_687' title='bbox 3276 3638 3472 3694; x_wconf 89' lang='lat' dir='ltr'><strong>fenum</strong></span> <span class='ocrx_word' id='word_1_688' title='bbox 3525 3646 3586 3693; x_wconf 93' lang='lat' dir='ltr'><strong>ut</strong></span> <span class='ocrx_word' id='word_1_689' title='bbox 3630 3638 3734 3692; x_wconf 90' lang='lat' dir='ltr'><strong>bos</strong></span> <span class='ocrx_word' id='word_1_690' title='bbox 3762 3651 3852 3692; x_wconf 92' lang='lat' dir='ltr'><strong>co-</strong></span> 
     </span>
    </p>
   </div>
   <div class='ocr_carea' id='block_1_96' title="bbox 2152 3725 3855 3797">
    <p class='ocr_par' dir='ltr' id='par_1_96' title="bbox 2152 3725 3855 3797">
     <span class='ocr_line' id='line_1_96' title="bbox 2152 3725 3855 3797; baseline -0.004 -13"><span class='ocrx_word' id='word_1_691' title='bbox 2152 3730 2345 3795; x_wconf 91' lang='lat' dir='ltr'><strong>medit,</strong></span> <span class='ocrx_word' id='word_1_692' title='bbox 2395 3729 2450 3782; x_wconf 91' lang='lat' dir='ltr'><strong>iu</strong></span> <span class='ocrx_word' id='word_1_693' title='bbox 2481 3729 2586 3782; x_wconf 84' lang='lat' dir='ltr'><strong>Job</strong></span> <span class='ocrx_word' id='word_1_694' title='bbox 2614 3729 2732 3797; x_wconf 88' lang='lat' dir='ltr'><strong>(Job</strong></span> <span class='ocrx_word' id='word_1_695' title='bbox 2765 3742 2854 3794; x_wconf 70' lang='grc' dir='ltr'>χι,</span> <span class='ocrx_word' id='word_1_696' title='bbox 2894 3728 2998 3795; x_wconf 85' lang='lat' dir='ltr'><strong>l0).</strong></span> <span class='ocrx_word' id='word_1_697' title='bbox 3038 3727 3176 3781; x_wconf 91' lang='lat' dir='ltr'><strong>Inde</strong></span> <span class='ocrx_word' id='word_1_698' title='bbox 3204 3741 3340 3796; x_wconf 90' lang='lat' dir='ltr'><strong>ergo</strong></span> <span class='ocrx_word' id='word_1_699' title='bbox 3399 3740 3568 3796; x_wconf 62' lang='lat' dir='ltr'><strong>aqua;</strong></span> <span class='ocrx_word' id='word_1_700' title='bbox 3607 3725 3855 3795; x_wconf 90' lang='lat' dir='ltr'><strong>pedibus</strong></span> 
     </span>
    </p>
   </div>
   <div class='ocr_carea' id='block_1_97' title="bbox 2150 3814 3854 3884">
    <p class='ocr_par' dir='ltr' id='par_1_97' title="bbox 2150 3814 3854 3884">
     <span class='ocr_line' id='line_1_97' title="bbox 2150 3814 3854 3884; baseline -0.005 -10"><span class='ocrx_word' id='word_1_701' title='bbox 2150 3818 2499 3874; x_wconf 89' lang='lat' dir='ltr'><strong>camelorum</strong></span> <span class='ocrx_word' id='word_1_702' title='bbox 2571 3816 2832 3871; x_wconf 89' lang='lat' dir='ltr'><strong>lavandis</strong></span> <span class='ocrx_word' id='word_1_703' title='bbox 2885 3823 3302 3884; x_wconf 88' lang='lat' dir='ltr'><strong>suggeruntur,</strong></span> <span class='ocrx_word' id='word_1_704' title='bbox 3345 3815 3484 3884; x_wconf 89' lang='lat' dir='ltr'><strong>quia</strong></span> <span class='ocrx_word' id='word_1_705' title='bbox 3529 3814 3598 3868; x_wconf 91' lang='lat' dir='ltr'><strong>de</strong></span> <span class='ocrx_word' id='word_1_706' title='bbox 3632 3828 3756 3883; x_wconf 85' lang='lat' dir='ltr'><strong>spe,</strong></span> <span class='ocrx_word' id='word_1_707' title='bbox 3802 3819 3854 3867; x_wconf 91' lang='lat' dir='ltr'><strong>et</strong></span> 
     </span>
    </p>
   </div>
   <div class='ocr_carea' id='block_1_98' title="bbox 2150 3902 3847 3974">
    <p class='ocr_par' dir='ltr' id='par_1_98' title="bbox 2150 3902 3847 3974">
     <span class='ocr_line' id='line_1_98' title="bbox 2150 3902 3847 3974; baseline -0.005 -13"><span class='ocrx_word' id='word_1_708' title='bbox 2150 3907 2352 3962; x_wconf 87' lang='lat' dir='ltr'><strong>timore</strong></span> <span class='ocrx_word' id='word_1_709' title='bbox 2384 3903 2672 3973; x_wconf 85' lang='lat' dir='ltr'><strong>irriguum</strong></span> <span class='ocrx_word' id='word_1_710' title='bbox 2704 3903 2974 3973; x_wconf 90' lang='lat' dir='ltr'><strong>superius</strong></span> <span class='ocrx_word' id='word_1_711' title='bbox 3000 3911 3054 3958; x_wconf 92' lang='lat' dir='ltr'><strong>et</strong></span> <span class='ocrx_word' id='word_1_712' title='bbox 3099 3903 3388 3974; x_wconf 84' lang='lat' dir='ltr'><strong>irriguum</strong></span> <span class='ocrx_word' id='word_1_713' title='bbox 3425 3902 3669 3958; x_wconf 84' lang='lat' dir='ltr'><strong>interius</strong></span> <span class='ocrx_word' id='word_1_714' title='bbox 3715 3903 3847 3970; x_wconf 88' lang='lat' dir='ltr'><strong>(Jos.</strong></span> 
     </span>
    </p>
   </div>
   <div class='ocr_carea' id='block_1_99' title="bbox 2148 3988 3850 4062">
    <p class='ocr_par' dir='ltr' id='par_1_99' title="bbox 2148 3988 3850 4062">
     <span class='ocr_line' id='line_1_99' title="bbox 2148 3988 3850 4062; baseline -0.004 -12"><span class='ocrx_word' id='word_1_715' title='bbox 2148 4009 2206 4056; x_wconf 91' lang='lat' dir='ltr'><strong>v.</strong></span> <span class='ocrx_word' id='word_1_716' title='bbox 2245 3997 2330 4060; x_wconf 80' lang='grc'><strong>19)</strong></span> <span class='ocrx_word' id='word_1_717' title='bbox 2362 3993 2664 4062; x_wconf 87' lang='lat' dir='ltr'><strong>expiandis</strong></span> <span class='ocrx_word' id='word_1_718' title='bbox 2697 3992 2976 4048; x_wconf 90' lang='lat' dir='ltr'><strong>virtutum</strong></span> <span class='ocrx_word' id='word_1_719' title='bbox 3011 3999 3341 4047; x_wconf 89' lang='lat' dir='ltr'><strong>nostrarum</strong></span> <span class='ocrx_word' id='word_1_720' title='bbox 3373 3989 3683 4060; x_wconf 83' lang='lat' dir='ltr'><strong>superﬂuis</strong></span> <span class='ocrx_word' id='word_1_721' title='bbox 3714 3988 3850 4044; x_wconf 87' lang='lat' dir='ltr'><strong>atl‘e-</strong></span> 
     </span>
    </p>
   </div>
   <div class='ocr_carea' id='block_1_100' title="bbox 2148 4075 3848 4151">
    <p class='ocr_par' dir='ltr' id='par_1_100' title="bbox 2148 4075 3848 4151">
     <span class='ocr_line' id='line_1_100' title="bbox 2148 4075 3848 4151; baseline -0.004 -14"><span class='ocrx_word' id='word_1_722' title='bbox 2148 4082 2336 4138; x_wconf 91' lang='lat' dir='ltr'><strong>ctibus</strong></span> <span class='ocrx_word' id='word_1_723' title='bbox 2383 4080 2669 4151; x_wconf 90' lang='lat' dir='ltr'><strong>ingeritur</strong></span> <span class='ocrx_word' id='word_1_724' title='bbox 2718 4080 2960 4135; x_wconf 76' lang='lat' dir='ltr'><strong>cmlitus.</strong></span> <span class='ocrx_word' id='word_1_725' title='bbox 3009 4080 3113 4134; x_wconf 88' lang='lat' dir='ltr'><strong>Sed</strong></span> <span class='ocrx_word' id='word_1_726' title='bbox 3154 4087 3207 4135; x_wconf 92' lang='lat' dir='ltr'><strong>et</strong></span> <span class='ocrx_word' id='word_1_727' title='bbox 3263 4079 3512 4134; x_wconf 91' lang='lat' dir='ltr'><strong>camelos</strong></span> <span class='ocrx_word' id='word_1_728' title='bbox 3561 4078 3696 4133; x_wconf 90' lang='lat' dir='ltr'><strong>istos</strong></span> <span class='ocrx_word' id='word_1_729' title='bbox 3740 4075 3848 4131; x_wconf 90' lang='lat' dir='ltr'><strong>viri</strong></span> 
     </span>
    </p>
   </div>
   <div class='ocr_carea' id='block_1_101' title="bbox 2147 4169 3847 4242">
    <p class='ocr_par' dir='ltr' id='par_1_101' title="bbox 2147 4169 3847 4242">
     <span class='ocr_line' id='line_1_101' title="bbox 2147 4169 3847 4242; baseline -0.005 -15"><span class='ocrx_word' id='word_1_730' title='bbox 2147 4177 2377 4242; x_wconf 89' lang='lat' dir='ltr'><strong>regunt,</strong></span> <span class='ocrx_word' id='word_1_731' title='bbox 2409 4170 2548 4239; x_wconf 89' lang='lat' dir='ltr'><strong>quia</strong></span> <span class='ocrx_word' id='word_1_732' title='bbox 2605 4169 3015 4224; x_wconf 91' lang='lat' dir='ltr'><strong>intellectuales</strong></span> <span class='ocrx_word' id='word_1_733' title='bbox 3077 4169 3254 4224; x_wconf 89' lang='lat' dir='ltr'><strong>nostri</strong></span> <span class='ocrx_word' id='word_1_734' title='bbox 3305 4172 3514 4234; x_wconf 91' lang='lat' dir='ltr'><strong>motus,</strong></span> <span class='ocrx_word' id='word_1_735' title='bbox 3556 4182 3705 4237; x_wconf 90' lang='lat' dir='ltr'><strong>quos</strong></span> <span class='ocrx_word' id='word_1_736' title='bbox 3757 4182 3847 4220; x_wconf 89' lang='lat' dir='ltr'><strong>ro-</strong></span> 
     </span>
    </p>
   </div>
   <div class='ocr_carea' id='block_1_102' title="bbox 2149 4255 3848 4326">
    <p class='ocr_par' dir='ltr' id='par_1_102' title="bbox 2149 4255 3848 4326">
     <span class='ocr_line' id='line_1_102' title="bbox 2149 4255 3848 4326; baseline -0.004 -12"><span class='ocrx_word' id='word_1_737' title='bbox 2149 4261 2329 4314; x_wconf 88' lang='lat' dir='ltr'><strong>bustos</strong></span> <span class='ocrx_word' id='word_1_738' title='bbox 2357 4258 2684 4325; x_wconf 82' lang='lat' dir='ltr'><strong>fortitudine</strong></span> <span class='ocrx_word' id='word_1_739' title='bbox 2729 4258 2833 4312; x_wconf 86' lang='lat' dir='ltr'><strong>Job</strong></span> <span class='ocrx_word' id='word_1_740' title='bbox 2864 4256 3114 4326; x_wconf 89' lang='lat' dir='ltr'><strong>appellat</strong></span> <span class='ocrx_word' id='word_1_741' title='bbox 3164 4256 3281 4325; x_wconf 85' lang='lat' dir='ltr'><strong>(Job</strong></span> <span class='ocrx_word' id='word_1_742' title='bbox 3326 4271 3520 4320; x_wconf 80' lang='lat' dir='ltr'><strong>xxxvi,</strong></span> <span class='ocrx_word' id='word_1_743' title='bbox 3552 4255 3672 4324; x_wconf 85' lang='lat'><strong>19),</strong></span> <span class='ocrx_word' id='word_1_744' title='bbox 3726 4255 3848 4309; x_wconf 92' lang='lat' dir='ltr'><strong>vir-</strong></span> 
     </span>
    </p>
   </div>
   <div class='ocr_carea' id='block_1_103' title="bbox 2149 4342 3846 4415">
    <p class='ocr_par' dir='ltr' id='par_1_103' title="bbox 2149 4342 3846 4415">
     <span class='ocr_line' id='line_1_103' title="bbox 2149 4342 3846 4415; baseline -0.005 -10"><span class='ocrx_word' id='word_1_745' title='bbox 2149 4358 2338 4406; x_wconf 90' lang='lat' dir='ltr'><strong>tutum</strong></span> <span class='ocrx_word' id='word_1_746' title='bbox 2371 4348 2429 4402; x_wconf 91' lang='lat' dir='ltr'><strong>in</strong></span> <span class='ocrx_word' id='word_1_747' title='bbox 2467 4347 2632 4402; x_wconf 90' lang='lat' dir='ltr'><strong>nobis</strong></span> <span class='ocrx_word' id='word_1_748' title='bbox 2669 4354 2794 4402; x_wconf 89' lang='lat' dir='ltr'><strong>acta</strong></span> <span class='ocrx_word' id='word_1_749' title='bbox 2824 4346 3104 4415; x_wconf 85' lang='lat' dir='ltr'><strong>dirigunt.</strong></span> <span class='ocrx_word' id='word_1_750' title='bbox 3165 4345 3335 4400; x_wconf 90' lang='lat' dir='ltr'><strong>Panis</strong></span> <span class='ocrx_word' id='word_1_751' title='bbox 3392 4344 3586 4413; x_wconf 91' lang='lat' dir='ltr'><strong>itaque</strong></span> <span class='ocrx_word' id='word_1_752' title='bbox 3644 4344 3730 4399; x_wconf 91' lang='lat' dir='ltr'><strong>sic</strong></span> <span class='ocrx_word' id='word_1_753' title='bbox 3771 4342 3846 4398; x_wconf 92' lang='lat' dir='ltr'><strong>illi</strong></span> 
     </span>
    </p>
   </div>
   <div class='ocr_carea' id='block_1_104' title="bbox 2084 4416 3846 4507">
    <p class='ocr_par' dir='ltr' id='par_1_104' title="bbox 2084 4416 3846 4507">
     <span class='ocr_line' id='line_1_104' title="bbox 2084 4416 3846 4507; baseline -0.005 -14"><span class='ocrx_word' id='word_1_754' title='bbox 2084 4416 2483 4507; x_wconf 69' lang='lat' dir='ltr'><strong>l)apponitur,</strong></span> <span class='ocrx_word' id='word_1_755' title='bbox 2531 4435 2670 4505; x_wconf 90' lang='lat' dir='ltr'><strong>quia</strong></span> <span class='ocrx_word' id='word_1_756' title='bbox 2717 4434 2928 4489; x_wconf 72' lang='lat' dir='ltr'><strong>divinae</strong></span> <span class='ocrx_word' id='word_1_757' title='bbox 2977 4433 3154 4488; x_wconf 90' lang='lat' dir='ltr'><strong>solius</strong></span> <span class='ocrx_word' id='word_1_758' title='bbox 3199 4431 3674 4502; x_wconf 91' lang='lat' dir='ltr'><strong>contemplations</strong></span> <span class='ocrx_word' id='word_1_759' title='bbox 3708 4430 3846 4488; x_wconf 78' lang='lat' dir='ltr'><strong>alle—</strong></span> 
     </span>
    </p>
   </div>
   <div class='ocr_carea' id='block_1_105' title="bbox 2151 4518 3845 4594">
    <p class='ocr_par' dir='ltr' id='par_1_105' title="bbox 2151 4518 3845 4594">
     <span class='ocr_line' id='line_1_105' title="bbox 2151 4518 3845 4594; baseline -0.006 -12"><span class='ocrx_word' id='word_1_760' title='bbox 2151 4526 2268 4582; x_wconf 90' lang='lat' dir='ltr'><strong>ctui</strong></span> <span class='ocrx_word' id='word_1_761' title='bbox 2300 4533 2511 4590; x_wconf 84' lang='lat' dir='ltr'><strong>nostro,</strong></span> <span class='ocrx_word' id='word_1_762' title='bbox 2539 4525 2658 4594; x_wconf 89' lang='lat' dir='ltr'><strong>jam</strong></span> <span class='ocrx_word' id='word_1_763' title='bbox 2689 4530 2828 4578; x_wconf 91' lang='lat' dir='ltr'><strong>tunc</strong></span> <span class='ocrx_word' id='word_1_764' title='bbox 2860 4536 2893 4577; x_wconf 93' lang='lat' dir='ltr'><strong>a</strong></span> <span class='ocrx_word' id='word_1_765' title='bbox 2921 4521 3165 4590; x_wconf 85' lang='lat' dir='ltr'><strong>negotiis</strong></span> <span class='ocrx_word' id='word_1_766' title='bbox 3202 4520 3512 4590; x_wconf 88' lang='lat' dir='ltr'><strong>consopito,</strong></span> <span class='ocrx_word' id='word_1_767' title='bbox 3545 4518 3845 4576; x_wconf 86' lang='lat' dir='ltr'><strong>delectatio</strong></span> 
     </span>
    </p>
   </div>
   <div class='ocr_carea' id='block_1_106' title="bbox 2154 4609 3847 4683">
    <p class='ocr_par' dir='ltr' id='par_1_106' title="bbox 2154 4609 3847 4683">
     <span class='ocr_line' id='line_1_106' title="bbox 2154 4609 3847 4683; baseline -0.006 -12"><span class='ocrx_word' id='word_1_768' title='bbox 2154 4616 2336 4671; x_wconf 90' lang='lat' dir='ltr'><strong>inesse</strong></span> <span class='ocrx_word' id='word_1_769' title='bbox 2366 4613 2755 4683; x_wconf 86' lang='lat' dir='ltr'><strong>dignoscitur;</strong></span> <span class='ocrx_word' id='word_1_770' title='bbox 2785 4611 2943 4666; x_wconf 88' lang='lat' dir='ltr'><strong>unde</strong></span> <span class='ocrx_word' id='word_1_771' title='bbox 2983 4619 3038 4666; x_wconf 92' lang='lat' dir='ltr'><strong>et</strong></span> <span class='ocrx_word' id='word_1_772' title='bbox 3078 4612 3136 4665; x_wconf 93' lang='lat' dir='ltr'><strong>in</strong></span> <span class='ocrx_word' id='word_1_773' title='bbox 3179 4619 3486 4679; x_wconf 90' lang='lat' dir='ltr'><strong>conspectu</strong></span> <span class='ocrx_word' id='word_1_774' title='bbox 3515 4610 3643 4679; x_wconf 90' lang='lat' dir='ltr'><strong>ejus</strong></span> <span class='ocrx_word' id='word_1_775' title='bbox 3687 4609 3847 4681; x_wconf 90' lang='lat' dir='ltr'><strong>panis</strong></span> 
     </span>
    </p>
   </div>
   <div class='ocr_carea' id='block_1_107' title="bbox 2154 4698 3845 4774">
    <p class='ocr_par' dir='ltr' id='par_1_107' title="bbox 2154 4698 3845 4774">
     <span class='ocr_line' id='line_1_107' title="bbox 2154 4698 3845 4774; baseline -0.005 -14"><span class='ocrx_word' id='word_1_776' title='bbox 2154 4703 2446 4774; x_wconf 87' lang='lat' dir='ltr'><strong>appositus</strong></span> <span class='ocrx_word' id='word_1_777' title='bbox 2474 4701 2704 4756; x_wconf 90' lang='lat' dir='ltr'><strong>dicitur.</strong></span> <span class='ocrx_word' id='word_1_778' title='bbox 2749 4701 2817 4755; x_wconf 88' lang='lat' dir='ltr'><strong>Et</strong></span> <span class='ocrx_word' id='word_1_779' title='bbox 2845 4699 3164 4755; x_wconf 90' lang='lat' dir='ltr'><strong>notandum</strong></span> <span class='ocrx_word' id='word_1_780' title='bbox 3197 4699 3350 4769; x_wconf 91' lang='lat' dir='ltr'><strong>quod</strong></span> <span class='ocrx_word' id='word_1_781' title='bbox 3403 4698 3565 4769; x_wconf 88' lang='lat' dir='ltr'><strong>prius</strong></span> <span class='ocrx_word' id='word_1_782' title='bbox 3593 4699 3845 4754; x_wconf 86' lang='lat' dir='ltr'><strong>camelo—</strong></span> 
     </span>
    </p>
   </div>
   <div class='ocr_carea' id='block_1_108' title="bbox 2153 4785 3839 4858">
    <p class='ocr_par' dir='ltr' id='par_1_108' title="bbox 2153 4785 3839 4858">
     <span class='ocr_line' id='line_1_108' title="bbox 2153 4785 3839 4858; baseline -0.006 -9"><span class='ocrx_word' id='word_1_783' title='bbox 2153 4807 2284 4849; x_wconf 89' lang='lat' dir='ltr'><strong>rum</strong></span> <span class='ocrx_word' id='word_1_784' title='bbox 2321 4805 2387 4846; x_wconf 91' lang='lat' dir='ltr'><strong>ac</strong></span> <span class='ocrx_word' id='word_1_785' title='bbox 2435 4790 2690 4846; x_wconf 91' lang='lat' dir='ltr'><strong>virorum</strong></span> <span class='ocrx_word' id='word_1_786' title='bbox 2747 4789 2915 4858; x_wconf 88' lang='lat' dir='ltr'><strong>pedes</strong></span> <span class='ocrx_word' id='word_1_787' title='bbox 2947 4789 3235 4854; x_wconf 91' lang='lat' dir='ltr'><strong>lavantur,</strong></span> <span class='ocrx_word' id='word_1_788' title='bbox 3279 4788 3643 4858; x_wconf 90' lang='lat' dir='ltr'><strong>postmodum</strong></span> <span class='ocrx_word' id='word_1_789' title='bbox 3678 4785 3839 4858; x_wconf 88' lang='lat' dir='ltr'><strong>panis</strong></span> 
     </span>
    </p>
   </div>
   <div class='ocr_carea' id='block_1_109' title="bbox 2156 4876 3847 4950">
    <p class='ocr_par' dir='ltr' id='par_1_109' title="bbox 2156 4876 3847 4950">
     <span class='ocr_line' id='line_1_109' title="bbox 2156 4876 3847 4950; baseline -0.006 -14"><span class='ocrx_word' id='word_1_790' title='bbox 2156 4879 2486 4950; x_wconf 90' lang='lat' dir='ltr'><strong>apponitur,</strong></span> <span class='ocrx_word' id='word_1_791' title='bbox 2515 4878 2654 4947; x_wconf 92' lang='lat' dir='ltr'><strong>quia</strong></span> <span class='ocrx_word' id='word_1_792' title='bbox 2703 4877 2812 4932; x_wconf 92' lang='lat' dir='ltr'><strong>nisi</strong></span> <span class='ocrx_word' id='word_1_793' title='bbox 2856 4877 3314 4946; x_wconf 91' lang='lat' dir='ltr'><strong>compunctionis</strong></span> <span class='ocrx_word' id='word_1_794' title='bbox 3361 4876 3548 4947; x_wconf 82' lang='lat' dir='ltr'><strong>gratia</strong></span> <span class='ocrx_word' id='word_1_795' title='bbox 3578 4890 3764 4942; x_wconf 91' lang='lat' dir='ltr'><strong>mens,</strong></span> <span class='ocrx_word' id='word_1_796' title='bbox 3798 4879 3847 4928; x_wconf 89' lang='lat' dir='ltr'><strong>et</strong></span> 
     </span>
    </p>
   </div>
   <div class='ocr_carea' id='block_1_110' title="bbox 2153 4963 3848 5036">
    <p class='ocr_par' dir='ltr' id='par_1_110' title="bbox 2153 4963 3848 5036">
     <span class='ocr_line' id='line_1_110' title="bbox 2153 4963 3848 5036; baseline -0.006 -12"><span class='ocrx_word' id='word_1_797' title='bbox 2153 4970 2340 5024; x_wconf 88' lang='lat' dir='ltr'><strong>virtus</strong></span> <span class='ocrx_word' id='word_1_798' title='bbox 2361 4980 2396 5022; x_wconf 91' lang='lat' dir='ltr'><strong>a</strong></span> <span class='ocrx_word' id='word_1_799' title='bbox 2427 4967 2738 5036; x_wconf 87' lang='lat' dir='ltr'><strong>superﬂuis</strong></span> <span class='ocrx_word' id='word_1_800' title='bbox 2763 4966 2885 5021; x_wconf 90' lang='lat' dir='ltr'><strong>suis</strong></span> <span class='ocrx_word' id='word_1_801' title='bbox 2907 4973 3022 5021; x_wconf 92' lang='lat' dir='ltr'><strong>tota</strong></span> <span class='ocrx_word' id='word_1_802' title='bbox 3039 4964 3288 5031; x_wconf 89' lang='lat' dir='ltr'><strong>lavetur,</strong></span> <span class='ocrx_word' id='word_1_803' title='bbox 3317 4978 3622 5035; x_wconf 87' lang='lat' dir='ltr'><strong>nunquam</strong></span> <span class='ocrx_word' id='word_1_804' title='bbox 3657 4963 3848 5020; x_wconf 85' lang='lat' dir='ltr'><strong>divina</strong></span> 
     </span>
    </p>
   </div>
   <div class='ocr_carea' id='block_1_111' title="bbox 2156 5049 3844 5127">
    <p class='ocr_par' dir='ltr' id='par_1_111' title="bbox 2156 5049 3844 5127">
     <span class='ocr_line' id='line_1_111' title="bbox 2156 5049 3844 5127; baseline -0.005 -15"><span class='ocrx_word' id='word_1_805' title='bbox 2156 5056 2545 5127; x_wconf 86' lang='lat' dir='ltr'><strong>speculatione</strong></span> <span class='ocrx_word' id='word_1_806' title='bbox 2589 5054 2864 5122; x_wconf 89' lang='lat' dir='ltr'><strong>reficitur,</strong></span> <span class='ocrx_word' id='word_1_807' title='bbox 2906 5069 3037 5124; x_wconf 61' lang='lat' dir='ltr'><strong>qua</strong></span> <span class='ocrx_word' id='word_1_808' title='bbox 3085 5068 3200 5109; x_wconf 91' lang='lat' dir='ltr'><strong>non</strong></span> <span class='ocrx_word' id='word_1_809' title='bbox 3231 5054 3342 5109; x_wconf 90' lang='lat' dir='ltr'><strong>nisi</strong></span> <span class='ocrx_word' id='word_1_810' title='bbox 3379 5067 3413 5108; x_wconf 90' lang='lat' dir='ltr'><strong>a</strong></span> <span class='ocrx_word' id='word_1_811' title='bbox 3461 5049 3844 5109; x_wconf 83' lang='lat' dir='ltr'><strong>mundicordi-</strong></span> 
     </span>
    </p>
   </div>
   <div class='ocr_carea' id='block_1_112' title="bbox 2158 5137 3850 5214">
    <p class='ocr_par' dir='ltr' id='par_1_112' title="bbox 2158 5137 3850 5214">
     <span class='ocr_line' id='line_1_112' title="bbox 2158 5137 3850 5214; baseline -0.007 -13"><span class='ocrx_word' id='word_1_812' title='bbox 2158 5146 2268 5202; x_wconf 88' lang='lat' dir='ltr'><strong>bus</strong></span> <span class='ocrx_word' id='word_1_813' title='bbox 2325 5151 2734 5214; x_wconf 64' lang='lat' dir='ltr'><strong>praegustatur.</strong></span> <span class='ocrx_word' id='word_1_814' title='bbox 2792 5145 3101 5211; x_wconf 82' lang='lat' dir='ltr'><strong>Antequam</strong></span> <span class='ocrx_word' id='word_1_815' title='bbox 3147 5142 3437 5208; x_wconf 83' lang='lat' dir='ltr'><strong>comedam,</strong></span> <span class='ocrx_word' id='word_1_816' title='bbox 3488 5145 3725 5210; x_wconf 85' lang='lat' dir='ltr'><strong>suspiro,</strong></span> <span class='ocrx_word' id='word_1_817' title='bbox 3779 5137 3850 5194; x_wconf 89' lang='lat' dir='ltr'><strong>ait</strong></span> 
     </span>
    </p>
   </div>
   <div class='ocr_carea' id='block_1_113' title="bbox 2158 5230 3846 5304">
    <p class='ocr_par' dir='ltr' id='par_1_113' title="bbox 2158 5230 3846 5304">
     <span class='ocr_line' id='line_1_113' title="bbox 2158 5230 3846 5304; baseline -0.005 -16"><span class='ocrx_word' id='word_1_818' title='bbox 2158 5233 2395 5304; x_wconf 89' lang='lat' dir='ltr'><strong>quidam</strong></span> <span class='ocrx_word' id='word_1_819' title='bbox 2429 5233 2548 5300; x_wconf 89' lang='lat' dir='ltr'><strong>(Job</strong></span> <span class='ocrx_word' id='word_1_820' title='bbox 2597 5247 2672 5295; x_wconf 86' lang='grc' dir='ltr'>ιιι,</span> <span class='ocrx_word' id='word_1_821' title='bbox 2710 5233 2824 5301; x_wconf 68' lang='grc'><strong>24);</strong></span> <span class='ocrx_word' id='word_1_822' title='bbox 2882 5231 2980 5286; x_wconf 91' lang='lat' dir='ltr'><strong>sed</strong></span> <span class='ocrx_word' id='word_1_823' title='bbox 3017 5244 3161 5300; x_wconf 89' lang='lat' dir='ltr'><strong>pane</strong></span> <span class='ocrx_word' id='word_1_824' title='bbox 3205 5230 3314 5285; x_wconf 90' lang='lat' dir='ltr'><strong>hoc</strong></span> <span class='ocrx_word' id='word_1_825' title='bbox 3359 5230 3469 5286; x_wconf 92' lang='lat' dir='ltr'><strong>sibi</strong></span> <span class='ocrx_word' id='word_1_826' title='bbox 3503 5230 3759 5300; x_wconf 89' lang='lat' dir='ltr'><strong>apposito</strong></span> <span class='ocrx_word' id='word_1_827' title='bbox 3796 5239 3846 5280; x_wconf 90' lang='lat' dir='ltr'><strong>se</strong></span> 
     </span>
    </p>
   </div>
   <div class='ocr_carea' id='block_1_114' title="bbox 2157 5319 3846 5390">
    <p class='ocr_par' dir='ltr' id='par_1_114' title="bbox 2157 5319 3846 5390">
     <span class='ocr_line' id='line_1_114' title="bbox 2157 5319 3846 5390; baseline -0.007 -13"><span class='ocrx_word' id='word_1_828' title='bbox 2157 5335 2522 5377; x_wconf 91' lang='lat' dir='ltr'><strong>comesurum</strong></span> <span class='ocrx_word' id='word_1_829' title='bbox 2579 5335 2784 5376; x_wconf 80' lang='lat' dir='ltr'><strong>SBI&#39;VllS</strong></span> <span class='ocrx_word' id='word_1_830' title='bbox 2857 5327 3049 5390; x_wconf 89' lang='lat' dir='ltr'><strong>negat,</strong></span> <span class='ocrx_word' id='word_1_831' title='bbox 3129 5319 3311 5374; x_wconf 90' lang='lat' dir='ltr'><strong>donec</strong></span> <span class='ocrx_word' id='word_1_832' title='bbox 3375 5333 3510 5374; x_wconf 84' lang='lat' dir='ltr'><strong>SllOS</strong></span> <span class='ocrx_word' id='word_1_833' title='bbox 3565 5325 3846 5374; x_wconf 73' lang='lat' dir='ltr'><strong>sermones</strong></span> 
     </span>
    </p>
   </div>
   <div class='ocr_carea' id='block_1_115' title="bbox 2159 5406 3842 5478">
    <p class='ocr_par' dir='ltr' id='par_1_115' title="bbox 2159 5406 3842 5478">
     <span class='ocr_line' id='line_1_115' title="bbox 2159 5406 3842 5478; baseline -0.005 -13"><span class='ocrx_word' id='word_1_834' title='bbox 2159 5409 2437 5474; x_wconf 86' lang='lat' dir='ltr'><strong>exsolvat,</strong></span> <span class='ocrx_word' id='word_1_835' title='bbox 2471 5408 2610 5478; x_wconf 89' lang='lat' dir='ltr'><strong>quia</strong></span> <span class='ocrx_word' id='word_1_836' title='bbox 2640 5409 2714 5463; x_wconf 88' lang='lat' dir='ltr'><strong>ad</strong></span> <span class='ocrx_word' id='word_1_837' title='bbox 2764 5408 2924 5463; x_wconf 92' lang='lat' dir='ltr'><strong>illum</strong></span> <span class='ocrx_word' id='word_1_838' title='bbox 2960 5408 3063 5478; x_wconf 91' lang='lat' dir='ltr'><strong>qui</strong></span> <span class='ocrx_word' id='word_1_839' title='bbox 3095 5407 3332 5477; x_wconf 89' lang='lat' dir='ltr'><strong>angelos</strong></span> <span class='ocrx_word' id='word_1_840' title='bbox 3359 5406 3540 5477; x_wconf 90' lang='lat' dir='ltr'><strong>pascit</strong></span> <span class='ocrx_word' id='word_1_841' title='bbox 3567 5406 3842 5462; x_wconf 90' lang='lat' dir='ltr'><strong>edendum</strong></span> 
     </span>
    </p>
   </div>
   <div class='ocr_carea' id='block_1_116' title="bbox 2163 5495 3842 5569">
    <p class='ocr_par' dir='ltr' id='par_1_116' title="bbox 2163 5495 3842 5569">
     <span class='ocr_line' id='line_1_116' title="bbox 2163 5495 3842 5569; baseline -0.004 -17"><span class='ocrx_word' id='word_1_842' title='bbox 2163 5511 2368 5569; x_wconf 88' lang='lat' dir='ltr'><strong>panem</strong></span> <span class='ocrx_word' id='word_1_843' title='bbox 2395 5511 2452 5552; x_wconf 89' lang='lat' dir='ltr'><strong>se</strong></span> <span class='ocrx_word' id='word_1_844' title='bbox 2499 5497 2760 5552; x_wconf 82' lang='lat' dir='ltr'><strong>sufficere</strong></span> <span class='ocrx_word' id='word_1_845' title='bbox 2786 5511 2899 5552; x_wconf 92' lang='lat' dir='ltr'><strong>non</strong></span> <span class='ocrx_word' id='word_1_846' title='bbox 2936 5510 3098 5566; x_wconf 90' lang='lat' dir='ltr'><strong>posse</strong></span> <span class='ocrx_word' id='word_1_847' title='bbox 3123 5497 3381 5565; x_wconf 89' lang='lat' dir='ltr'><strong>deputat,</strong></span> <span class='ocrx_word' id='word_1_848' title='bbox 3425 5495 3532 5550; x_wconf 89' lang='lat' dir='ltr'><strong>nisi</strong></span> <span class='ocrx_word' id='word_1_849' title='bbox 3572 5500 3842 5554; x_wconf 69' lang='lat' dir='ltr'><strong>conceptae</strong></span> 
     </span>
    </p>
   </div>
   <div class='ocr_carea' id='block_1_117' title="bbox 2162 5580 3842 5653">
    <p class='ocr_par' dir='ltr' id='par_1_117' title="bbox 2162 5580 3842 5653">
     <span class='ocr_line' id='line_1_117' title="bbox 2162 5580 3842 5653; baseline -0.007 -12"><span class='ocrx_word' id='word_1_850' title='bbox 2162 5584 2480 5641; x_wconf 91' lang='lat' dir='ltr'><strong>devotionis</strong></span> <span class='ocrx_word' id='word_1_851' title='bbox 2550 5583 2819 5638; x_wconf 79' lang='lat' dir='ltr'><strong>affectum</strong></span> <span class='ocrx_word' id='word_1_852' title='bbox 2883 5583 3173 5653; x_wconf 89' lang='lat' dir='ltr'><strong>appetitus</strong></span> <span class='ocrx_word' id='word_1_853' title='bbox 3236 5591 3428 5638; x_wconf 89' lang='lat' dir='ltr'><strong>noster</strong></span> <span class='ocrx_word' id='word_1_854' title='bbox 3478 5581 3687 5639; x_wconf 75' lang='lat' dir='ltr'><strong>effectu</strong></span> <span class='ocrx_word' id='word_1_855' title='bbox 3751 5580 3842 5651; x_wconf 68' lang='lat' dir='ltr'><strong>pia:</strong></span> 
     </span>
    </p>
   </div>
   <div class='ocr_carea' id='block_1_118' title="bbox 2164 5667 3842 5744">
    <p class='ocr_par' dir='ltr' id='par_1_118' title="bbox 2164 5667 3842 5744">
     <span class='ocr_line' id='line_1_118' title="bbox 2164 5667 3842 5744; baseline -0.004 -16"><span class='ocrx_word' id='word_1_856' title='bbox 2164 5673 2510 5744; x_wconf 88' lang='lat' dir='ltr'><strong>operationis</strong></span> <span class='ocrx_word' id='word_1_857' title='bbox 2539 5672 2817 5728; x_wconf 87' lang='lat' dir='ltr'><strong>absolvat.</strong></span> <span class='ocrx_word' id='word_1_858' title='bbox 2881 5672 2994 5727; x_wconf 84' lang='lat' dir='ltr'><strong>Hos</strong></span> <span class='ocrx_word' id='word_1_859' title='bbox 3032 5685 3230 5742; x_wconf 88' lang='lat' dir='ltr'><strong>panes,</strong></span> <span class='ocrx_word' id='word_1_860' title='bbox 3283 5671 3397 5727; x_wconf 92' lang='lat' dir='ltr'><strong>imo</strong></span> <span class='ocrx_word' id='word_1_861' title='bbox 3441 5679 3677 5741; x_wconf 88' lang='lat' dir='ltr'><strong>propter</strong></span> <span class='ocrx_word' id='word_1_862' title='bbox 3721 5667 3842 5724; x_wconf 59' lang='lat' dir='ltr'><strong>uuiv</strong></span> 
     </span>
    </p>
   </div>
  </div>
