3924 6458
226 433 307 498 737

240 576 451 669 ξειίάᾳᾴ
491 583 610 645 illa
677 595 817 652 vita
884 616 1009 669 quae
1058 609 1129 656 tot
1182 603 1383 658 solibus
1424 605 1712 662 illustratur
1741 610 1768 661 9
1798 609 1905 665 Sed

250 652 371 760 {Orto
398 666 641 730 diceret
675 652 918 752 aliquis?

254 746 357 822 δεῖ»
386 759 527 827 (ilia
556 746 810 839 magno
834 787 1065 843 corpore
1094 773 1281 846 fulget,
1314 746 1510 832 anima:
1539 794 1686 847 vero,
1719 797 1906 850 quam-

265 850 345 907 vis
370 860 792 935 serenissima,
824 869 962 938 quid
991 870 1204 924 luminis
1240 874 1481 941 praebere
1511 885 1758 945 poterunt
1785 895 1905 948 qua:

274 946 496 1003 omnino
548 966 758 1020 parvae
819 966 948 1012 sunt
993 959 1021 1011 ?
1051 961 1203 1015 Certe
1250 962 1337 1015 hic
1383 963 1461 1017 sol
1500 965 1669 1019 oculis
1714 966 1906 1022 nostris

285 1033 776 1111 circumscribitur,
838 1045 1024 1101 radius
1080 1048 1196 1118 ejus
1246 1050 1487 1119 quolibet
1536 1068 1760 1125 corpore
1797 1071 1903 1125 op—

288 1134 462 1205 posito
503 1140 789 1207 penetrari
822 1156 934 1196 non
964 1143 1168 1211 sinitur,
1213 1146 1444 1202 nubibus
1472 1146 1764 1219 obtegitur,
1798 1166 1900 1205 no-

290 1224 465 1279 ctibus
520 1243 553 1280 a
610 1227 777 1282 nobis
835 1246 1052 1300 prorsus
1106 1234 1381 1289 occulitur.
1441 1237 1683 1308 Angelici
1722 1247 1898 1294 autem

289 1313 511 1385 spiritus
547 1316 639 1370 vel
679 1317 882 1372 anima:
919 1328 1221 1375 sanctorum
1279 1324 1424 1379 nullo
1478 1326 1744 1394 corporali
1780 1328 1899 1382 loco

281 1403 846 1473 comprehenduntur,
879 1407 977 1462 soli
1023 1409 1137 1465 Deo
1184 1410 1711 1483 iucomprehensibili
1741 1423 1897 1485 atque

280 1490 763 1564 incircumscripto
794 1494 1180 1568 circumscripti
1211 1499 1515 1568 creduntur,
1564 1510 1755 1558 cuncta
1791 1505 1896 1559 ob-

274 1579 493 1634 stantia
546 1579 721 1636 lucem
779 1599 893 1637 sum
944 1585 1197 1640 claritatis
1242 1596 1520 1658 penetrare
1575 1600 1889 1651 noscuntur.

274 1665 356 1719 Hi
421 1667 624 1740 singuli
678 1669 749 1724 ab
805 1678 1009 1726 interno
1066 1674 1179 1729 sole
1233 1674 1511 1742 illustrati,
1571 1678 1894 1736 immensum

270 1754 568 1826 fulgorem
599 1774 756 1811 suum
786 1775 908 1813 cum
963 1760 1053 1815 illa
1098 1762 1185 1815 die
1224 1764 1628 1836 participantur,
1688 1767 1893 1839 ipsique

271 1842 530 1899 invicem
561 1845 815 1901 alterutra
843 1848 1084 1906 claritate
1112 1850 1445 1907 deliciantur.

825 1957 1030 1998 DIVISIO
1068 1960 1372 2001 SERMONIS.

358 2038 448 2094 De
503 2039 665 2109 hujus
716 2039 826 2094 diei
890 2040 1299 2113 incomparabili
1352 2044 1528 2116 gloria
1583 2047 1890 2104 cecinerunt

253 2127 535 2183 omnium
566 2129 952 2199 prophetarum
1001 2131 1292 2200 praeconia,
1337 2133 1462 2202 quia
1491 2135 1605 2189 haec
1632 2136 1746 2190 dies
1776 2154 1886 2192 me-

252 2216 384 2272 lior
416 2224 501 2270 est
527 2216 638 2271 vita
666 2232 830 2287 super
855 2232 1117 2272 annorum
1148 2218 1335 2274 millia.
1370 2221 1492 2276 Nox
1522 2221 1700 2293 itaque
1729 2226 1888 2296 hujus

248 2304 548 2375 temporis
584 2304 734 2373 quasi
783 2304 839 2359 in
886 2313 1114 2375 quatuor
1159 2307 1372 2379 vigilias
1417 2309 1672 2366 dividitur
1711 2314 1876 2382 (Luc.

250 2398 405 2461 xu),
444 2392 570 2461 quia
598 2392 688 2448 hic
718 2394 949 2447 mundus
994 2402 1223 2465 quatuor
1267 2396 1557 2453 interstitiis
1593 2400 1884 2473 distingui-

254 2489 360 2536 tur
396 2501 412 2536 :
452 2481 632 2536 Prima
661 2480 850 2553 vigilia
880 2481 948 2537 ab
1004 2483 1175 2539 Adam
1232 2501 1401 2555 usque
1455 2487 1524 2542 ad
1566 2490 1683 2544 Noe
1714 2490 1886 2547 fuerat

250 2570 324 2623 in
360 2586 479 2639 qua
506 2570 687 2640 pauci,
720 2570 774 2622 in
802 2569 947 2625 bono
992 2572 1302 2645 pervigiles,
1360 2574 1657 2643 periculum
1701 2595 1884 2634 evase-

252 2666 446 2722 rant;
506 2673 700 2713 somno
731 2673 861 2713 vero
909 2659 1126 2714 malitia:
1178 2677 1463 2733 oppressos
1509 2663 1769 2721 diluvium
1792 2668 1881 2722 di-

256 2754 565 2801 merserat.
617 2745 870 2801 Secunda
924 2747 1110 2819 vigilia
1140 2766 1170 2803 a
1200 2750 1315 2804 Noe
1372 2768 1541 2821 usque
1567 2753 1634 2807 ad
1662 2755 1882 2826 Moysen

257 2834 607 2889 exstiterat:
666 2833 723 2888 in
779 2850 886 2905 qua
941 2834 1079 2891 bene
1134 2837 1418 2909 vigilantes
1462 2840 1730 2911 colloquio
1783 2845 1880 2904 Dei

256 2933 383 2987 frui
437 2938 765 2998 meruerant,
816 2946 1011 3002 sopore
1062 2949 1192 2988 vero
1234 2934 1580 3007 negligentiae
1627 2949 1882 3011 gravatos

256 3020 480 3092 partim
507 3017 735 3089 sulphur
768 3027 822 3073 et
867 3020 1009 3091 ignis
1054 3032 1477 3093 consumpserat,
1507 3026 1703 3095 partim
1731 3045 1880 3085 mare

254 3108 523 3163 Rubrum
582 3107 955 3163 absorbuerat.
1003 3109 1180 3165 Tertia
1225 3111 1413 3183 vigilia
1441 3129 1473 3167 a
1501 3114 1681 3185 Moyse
1712 3133 1878 3187 usque

253 3197 337 3253 ad
372 3196 648 3252 Christum
677 3195 849 3250 fuerat
883 3215 894 3250 :
930 3196 983 3250 in
1030 3214 1136 3268 qua
1184 3198 1313 3270 galli
1363 3201 1511 3271 quasi
1570 3203 1748 3259 media
1791 3221 1879 3260 no-

252 3293 353 3340 cte
399 3293 588 3340 cantus
636 3283 905 3349 edebant,
957 3284 1085 3339 dum
1136 3288 1345 3358 Moyses
1390 3289 1549 3361 lege,
1597 3295 1875 3363 prephetaa

253 3383 493 3452 scriptis
519 3382 853 3438 dormientes
882 3381 948 3437 ad
979 3382 1192 3439 laudem
1251 3385 1348 3439 Dei
1405 3387 1736 3444 excitabant.
1776 3391 1872 3445 Vi-

253 3473 512 3544 gilantes
534 3471 590 3525 in
632 3469 917 3542 praeceptis
958 3471 1176 3527 Domini
1226 3480 1417 3527 terram
1468 3474 1604 3531 lacte
1633 3486 1685 3532 et
1713 3478 1872 3535 melle

250 3577 587 3624 manantem
616 3567 922 3639 capiebant,
976 3575 1190 3638 torpore
1232 3569 1453 3626 desidiae
1479 3572 1664 3645 dediti,
1695 3576 1869 3647 capti-

250 3659 440 3714 vitate
480 3666 531 3712 et
555 3656 714 3712 bellis
764 3656 1135 3727 disperierant.
1186 3657 1387 3727 Quarta
1447 3660 1633 3733 vigilia
1670 3664 1739 3719 ab
1768 3665 1869 3719 ad-

250 3755 438 3802 ventu
495 3745 690 3801 Christi
748 3761 916 3816 usque
973 3745 1042 3799 ad
1099 3745 1261 3801 ﬁnem
1327 3749 1511 3803 mundi
1577 3767 1634 3805 se
1693 3760 1869 3807 teten-

252 3844 347 3899 dit
380 3843 477 3898 :in
506 3859 613 3914 qua
666 3858 828 3899 verus
883 3842 1073 3898 lucifer
1135 3844 1373 3899 Christus
1420 3848 1713 3919 apparuit;
1771 3866 1871 3921 per

254 3959 434 4013 quem
467 3949 685 3997 exortus
710 3941 897 3997 aeterni
949 3941 1054 3996 diei
1085 3942 1273 3999 adesse
1316 3947 1503 4015 patuit.
1536 3948 1597 4001 In
1634 3949 1733 4003 hac
1762 3965 1868 4005 no-

251 4031 428 4099 biles,
487 4030 619 4102 galli
677 4029 777 4085 alis
807 4039 859 4085 et
888 4030 1109 4086 vocibus
1162 4047 1351 4087 somno
1406 4033 1636 4102 desides,
1669 4036 1868 4093 excita-

252 4119 420 4187 bant,
479 4119 609 4173 dum
668 4117 895 4189 apostoli
952 4126 1004 4172 et
1051 4134 1235 4174 eorum
1292 4137 1549 4191 sequaces
1606 4123 1758 4179 factis
1814 4135 1868 4181 et

253 4208 425 4263 dictis
454 4223 645 4262 omnes
670 4213 861 4279 gentes
890 4206 958 4261 ad
986 4206 1167 4261 lumen
1199 4208 1309 4263 veri
1353 4210 1450 4263 Dei
1500 4211 1757 4282 evigilare
1789 4214 1865 4269 in-

254 4295 527 4351 citabant.
562 4297 623 4350 In
653 4296 753 4349 hac
800 4294 992 4367 vigiles
1046 4296 1230 4367 sponsi
1287 4297 1694 4355 lictiﬁcabuntur
1725 4316 1739 4369 ;
1772 4319 1862 4357 er-

252 4384 402 4440 roris
432 4400 563 4439 vera
617 4397 811 4438 somno
867 4383 1109 4452 involuti,
1169 4392 1404 4440 torrente
1460 4386 1601 4460 ignis
1628 4388 1861 4445 devora-

254 4481 488 4537 buntur.
542 4480 637 4536 His
692 4487 868 4536 autem
936 4482 1161 4554 singulis
1240 4483 1439 4557 vigiliis
1495 4494 1659 4542 ternae
1717 4489 1862 4545 hora:

263 4571 628 4640 ascribantur,
688 4569 815 4639 quia
870 4569 925 4623 in
981 4570 1061 4624 his
1106 4570 1332 4644 singulis
1380 4574 1709 4645 temporibus
1732 4577 1861 4647 justi

252 4668 421 4724 ﬁdem
480 4674 684 4724 sanctae
755 4666 1027 4722 Trinitatis
1083 4668 1329 4724 habuisse
1398 4679 1704 4727 noscuntur.
1764 4674 1864 4730 Ha.

252 4773 377 4811 rum
416 4757 585 4829 igitur
621 4762 850 4826 quatuor
885 4755 1191 4829 vigiliarum
1246 4758 1493 4815 custodes
1529 4761 1597 4814 ad
1635 4760 1865 4833 vigilan-

254 4854 385 4910 dum
417 4869 520 4910 nos
547 4853 993 4920 informaverunt,
1049 4853 1176 4909 dum
1225 4871 1323 4910 nos
1378 4865 1607 4925 quatuor
1650 4859 1858 4929 princi-

258 4951 409 5020 pales
435 4951 663 5009 virtutes
693 4948 870 5004 verbis
899 4958 952 5005 et
998 4951 1262 5022 exemplis
1316 4950 1630 5008 docuerunt.
1665 4954 1860 5012 Prima

262 5069 492 5123 namque
522 5050 730 5121 vigiliae
776 5049 1148 5106 observatores
1194 5052 1551 5121 prudentiam.
1595 5055 1857 5112 Secunda:

264 5150 619 5215 excubitores,
656 5146 1044 5202 fortitudinem.
1106 5148 1299 5203 Tertia}
1355 5149 1559 5221 vigiliae
1607 5152 1855 5208 custodes

250 5248 527 5319 justitiam.
577 5247 801 5317 Quartae
849 5247 1048 5317 vigilia:
1092 5248 1446 5304 debellatores
1505 5266 1603 5305 nos
1650 5250 1851 5306 instru-

255 5358 436 5405 xerunt
466 5344 910 5416 temperantiam.
972 5345 1035 5400 Et
1083 5346 1206 5415 quia
1264 5347 1315 5399 in
1350 5346 1430 5399 his
1459 5356 1687 5416 quatuor
1716 5349 1852 5420 vigi-

248 5447 324 5502 liis
351 5447 655 5502 adventum
704 5439 898 5494 Christi
942 5442 1401 5512 praestolabantur,
1458 5445 1581 5500 ideo
1623 5453 1853 5515 quatuor

244 5546 538 5605 Dominicaa
560 5541 637 5596 de
667 5538 904 5593 adventu
951 5539 1165 5593 Domini
1222 5538 1595 5597 inoﬂiciantur.
1627 5542 1694 5596 Et
1721 5543 1849 5611 quia

241 5655 457 5720 quatuor
486 5635 693 5697 mundi
747 5633 959 5689 climata
1006 5651 1101 5706 per
1155 5637 1445 5692 secundum
1493 5639 1609 5708 ejus
1645 5638 1845 5693 adven-

232 5759 331 5808 tum
385 5747 548 5801 erant
634 5731 943 5804 purganda,
985 5733 1106 5789 ideo
1161 5734 1543 5806 quadripartita
1601 5734 1842 5791 Ecclesia

1192 444 1197 449 δ
1272 479 1804 540 DEFLORTIONES
1844 488 1942 542 ss.
1986 490 2387 549 P.tTRU1tI.—
2422 495 2549 550 LIB.
2594 499 2634 553 ι.

3493 517 3598 569 738

1933 611 1989 671 Α
2018 614 2304 671 adventum
2338 617 2455 687 ejus
2489 620 2758 677 celebrare
2805 625 2941 681 solet
2969 643 3067 698 per
3106 640 3364 700 quaterna
3405 636 3597 694 oﬂicia.

2014 702 2074 754 In
2106 703 2266 772 hujus
2294 714 2472 761 autem
2503 711 2760 781 temporis
2815 714 3113 786 caliginosa
3144 729 3319 790 nocte,
3352 726 3601 793 quaedam

2012 799 2180 854 stellae
2222 800 2446 857 diversis
2503 807 2834 875 temporibus
2886 827 3007 866 cum
3070 814 3400 884 jacunditate
3454 822 3603 878 luxo-

2012 902 2152 963 runt,
2187 896 2365 951 lumen
2426 916 2585 969 quem
2632 920 2786 958 suum
2844 922 3005 976 super
3059 926 3158 965 nos
3216 912 3484 971 fuderunt.
3532 920 3601 974 Et

2013 986 2261 1053 quamvis
2290 987 2564 1043 horrorem
2608 991 2765 1046 nobis
2816 993 3052 1067 effugere
3082 1013 3189 1054 non
3218 1004 3449 1071 potuerit
3480 1014 3603 1063 tunc

2010 1097 2129 1136 eum
2160 1084 2529 1150 gradientibus
2557 1088 2623 1142 ad
2670 1107 2854 1146 verum
2891 1094 3071 1149 Solem
3106 1099 3590 1170 praesignaverunt.

2010 1172 2069 1222 In
2100 1171 2273 1238 prima
2312 1174 2510 1245 quippe
2566 1177 2750 1248 vigilia
2806 1182 2937 1236 Abel
2993 1184 3137 1239 velut
3182 1188 3334 1242 stella
3360 1189 3595 1248 claruit:

2009 1258 2099 1326 qui
2130 1274 2227 1313 nos
2246 1277 2344 1329 pro
2369 1262 2577 1331 justitia
2598 1267 2733 1320 mori
2764 1268 2963 1337 docuit,
3020 1272 3147 1326 dum
3198 1275 3313 1345 ipse
3338 1276 3597 1336 innocens

2007 1356 2275 1411 occubuit.
2336 1358 2460 1414 Post
2516 1363 2653 1417 hunc
2687 1364 2775 1419 alii
2830 1374 2887 1420 ut
2927 1375 3069 1422 astra
3112 1370 3168 1423 in
3213 1381 3369 1427 nocte
3397 1375 3597 1431 micue-

2004 1451 2145 1509 runt,
2168 1444 2295 1499 dum
2324 1463 2422 1516 per
2438 1448 2690 1517 pietatem
2710 1452 2856 1508 Enos
2884 1454 3058 1510 Deum
3096 1457 3383 1529 invocare;
3410 1463 3593 1522 Enoch

2005 1547 2102 1601 per
2130 1534 2447 1590 munditiam
2486 1553 2607 1592 cum
2660 1540 2771 1596 Deo
2836 1543 3150 1615 ambulare;
3209 1548 3443 1605 Lamech
3498 1570 3596 1623 per

2002 1618 2151 1687 piam
2207 1624 2576 1692 operationem
2636 1627 2867 1684 futuram
2925 1633 3164 1701 requiem
3224 1652 3322 1691 nos
3376 1656 3593 1710 sperare

2001 1714 2312 1772 docuerunt.
2341 1721 2403 1773 In
2430 1722 2665 1777 secunda
2694 1725 2883 1796 vigilia
2927 1728 3018 1783 alii
3048 1737 3106 1784 ut
3138 1730 3317 1788 sidera
3343 1736 3467 1790 coeli
3495 1754 3588 1792 re-

1999 1812 2400 1883 splenduerunt,
2449 1816 2576 1872 dum
2630 1820 2749 1874 Noe
2804 1823 3198 1894 rectitudinem,
3254 1829 3382 1885 Sem
3433 1848 3585 1889 vere-

1999 1899 2272 1969 cundiam,
2330 1904 2509 1960 Heber
2562 1907 2930 1977 stabilitatem,
2990 1914 3383 1973 Melchisedech
3413 1919 3587 1977 devo-

1917 1961 1971 2021 B
2000 1988 2217 2055 tionem,
2243 1961 2513 2048 Abraham
2562 1994 2744 2063 fidem,
2786 1961 2930 2053 Loth,
2964 2002 3398 2073 hospitalitatem,
3438 2010 3589 2066 Isaac

1994 2076 2377 2147 obedientiam,
2428 2082 2596 2138 Jacob
2659 2085 3016 2157 tolerantiam,
3047 2092 3246 2162 Joseph
3289 2097 3586 2154 castitatem

1995 2173 2150 2229 nobis
2176 2186 2745 2243 praemonstraverunt.
2784 2185 2844 2237 In
2877 2186 3028 2241 tertia
3068 2188 3256 2260 vigilia
3299 2193 3432 2249 varii
3461 2197 3585 2251 stel-

1994 2261 2163 2316 larum
2191 2264 2343 2335 globi
2370 2274 2581 2322 noctem
2610 2269 2776 2324 radiis
2802 2271 3178 2345 depinxerunt,
3218 2278 3346 2334 dum
3376 2283 3585 2354 Moyses

1992 2353 2476 2421 mansuetudinem,
2511 2356 2735 2413 Phineas
2786 2361 2981 2429 zelum,
3022 2364 3181 2419 Iosue
3209 2353 3581 2442 constantiam,

1992 2438 2094 2493 Job
2122 2441 2457 2512 patientiam,
2507 2444 2731 2501 Gedeon
2777 2446 3075 2517 ﬁdentiam,
3126 2454 3343 2511 Samuel
3375 2438 3580 2532 tempe;

1992 2529 2243 2598 rantiam,
2272 2531 2449 2586 David
2478 2533 2853 2603 humilitatem,
2905 2537 3163 2597 Salomon
3219 2529 3578 2616 prudentiam,

1993 2624 2247 2681 Ezechias
2272 2626 2689 2698 obsecrationes,
2713 2634 2885 2690 Josias
2902 2637 3210 2709 religiones,
3238 2642 3381 2697 Elius
3418 2646 3581 2701 absti-

1990 2714 2249 2783 nentiam,
2292 2716 2498 2773 Eliseus
2524 2719 3003 2792 honoriﬁcentiam,
3044 2728 3210 2782 Isaias
3244 2732 3578 2790 sanctitatem

1989 2810 2249 2867 Jeremias
2272 2812 2631 2872 sinceritatem
2660 2833 2759 2874 nos
2788 2820 3235 2882 informaverunt.
3278 2829 3576 2889 Duodecim

1990 2914 2203 2969 quoque
2234 2904 2508 2973 prophetae
2565 2914 2622 2960 ut
2684 2907 2923 2977 pleiades
2975 2912 3294 2984 micuerunt,
3323 2917 3453 2974 dum
3482 2936 3580 2977 nos

1990 2995 2331 3052 concordiam
2389 2999 2703 3070 docuerunt,
2760 3012 2813 3059 et
2869 3005 3113 3063 Ezechiel
3166 3011 3577 3089 benignitatem,

1989 3084 2179 3140 Daniel
2207 3083 2538 3155 ﬁdelitatem,
2601 3096 2706 3145 tres
2760 3094 2909 3163 pueri
2966 3083 3347 3170 laudationem,
3378 3083 3578 3161 Tobias

1989 3179 2358 3251 eleemosinas,
2402 3183 2592 3240 Esther
2627 3189 2978 3257 honestatem,
3019 3193 3199 3249 Iudith
3230 3198 3570 3268 modestiam,

1988 3268 2264 3324 Machabei
2318 3269 2678 3331 suﬂ'erentiam
2751 3279 3016 3349 exemplis
3088 3284 3452 3341 ostenderunt.
3510 3291 3570 3345 In

1986 3364 2173 3426 quarta
2202 3358 2406 3430 vigilia,
2430 3360 2588 3416 stella
2615 3364 2799 3431 maris,
2831 3366 2986 3438 virgo
3041 3370 3229 3438 Maria,
3288 3374 3573 3444 splendida

1983 3445 2203 3501 ﬂamma
2230 3448 2486 3518 rutilavit,
2517 3450 2643 3505 dum
2677 3452 2777 3507 iter
2803 3453 2872 3508 ad
2910 3464 3168 3512 aeternum
3199 3460 3367 3517 solem
3398 3464 3571 3520 humi-

1982 3533 2128 3588 litate
2175 3543 2333 3605 atque
2387 3538 2627 3593 castitate
2675 3540 3078 3598 demonstravit.
3110 3547 3170 3600 In
3202 3549 3302 3603 hac
3355 3567 3568 3623 quoque

1979 3629 2214 3686 Joannes
2260 3633 2496 3702 Baptista
2524 3636 2669 3692 velut
2718 3639 3014 3708 planetaria
3041 3642 3194 3698 stella
3239 3647 3569 3717 resplenduit

1981 3720 2070 3788 qui
2127 3730 2411 3789 peccantes
2464 3725 2832 3796 paenitentiam
2890 3729 3096 3800 primus
3130 3731 3337 3790 docuit.
3376 3738 3437 3791 ln
3467 3739 3569 3796 hac

1979 3808 2141 3862 etiam
2170 3825 2327 3865 verus
2352 3810 2544 3867 lucifer
2569 3813 2733 3870 decus
2761 3824 3025 3872 astrorum
3070 3820 3328 3890 Christus,
3359 3824 3451 3881 lux
3478 3843 3568 3882 am

1977 3906 2224 3976 gelorum
2249 3906 2411 3977 fulsit,
2429 3910 2519 3979 qui
2553 3909 2819 3983 fulgorem
2849 3915 3153 3972 acternidiei
3176 3921 3417 3989 astruxit,
3433 3920 3563 3979 dum

1978 4007 2076 4047 nos
2095 3995 2406 4051 charitatem
2463 3998 2728 4054 instruxit.
2787 4002 2850 4055 In
2902 4003 3004 4057 hac
3056 4002 3411 4065 nihilominus
3438 4012 3567 4066 ruti-

1975 4081 2139 4137 lantia
2166 4082 2343 4139 sidera
2369 4084 2797 4144 ﬂammivomum
2820 4088 2986 4158 jubar
3014 4108 3112 4163 per
3139 4093 3326 4151 orbem
3354 4115 3563 4170 sparse-

1974 4187 2112 4248 runt,
2145 4178 2272 4234 dum
2303 4183 2530 4251 apostoli
2584 4184 2947 4255 dilectionem,
3005 4200 3263 4263 martyres
3301 4194 3565 4253 fortitudi-

1902 3304 1953 3369 C

1975 4282 2121 4334 nem,
2148 4269 2485 4327 confessores
2511 4271 2876 4343 sobrietatem,
2926 4278 3163 4334 eremitae
3203 4283 3563 4343 mortiﬁcatio-

1972 4369 2117 4421 nem,
2140 4356 2378 4429 virgines
2403 4358 2739 4431 pudicitiam,
2762 4363 2940 4421 viduae
2959 4368 3343 4426 continentiam
3371 4390 3469 4429 nos
3486 4375 3560 4431 in-

1971 4459 2293 4508 struxerunt.
2326 4455 2393 4509 Hi
2414 4470 2603 4512 omnes
2623 4465 2680 4512 ut
2708 4467 2849 4515 astra
2868 4461 2924 4516 in
2944 4463 3044 4519 hac
3063 4475 3219 4522 nocte
3238 4468 3558 4541 claruerunt,

1971 4548 2026 4595 et
2051 4541 2151 4596 iter
2184 4542 2342 4598 nobis
2368 4543 2435 4598 ad
2465 4552 2725 4601 aeternum
2781 4548 2925 4605 diem
2978 4553 3337 4622 praebuerunt.
3370 4560 3562 4617 Trans-

1890 4661 1944 4720 D
1974 4636 2095 4685 acta
2146 4638 2324 4685 autem
2390 4630 2490 4687 ista
2534 4642 2709 4703 nocte,
2768 4654 2924 4693 verus
2969 4640 3051 4695 sol
3112 4642 3169 4696 in
3222 4646 3420 4701 unitate
3462 4665 3560 4705 sua

1971 4718 2291 4791 splendebit.
2360 4721 2494 4775 Cum
2560 4723 2723 4778 Filius
2777 4725 2895 4793 Dei,
2960 4729 3215 4797 splendor
3269 4734 3455 4803 Patris,
3504 4736 3560 4793 in

1970 4815 2249 4884 majestate
2302 4832 2399 4871 sua
2445 4816 2514 4872 ad
2563 4819 2828 4888 judicium
2876 4822 3124 4895 fulgebit,
3177 4833 3300 4883 tunc
3346 4830 3551 4901 lunam,

1967 4904 2168 4958 scilicet
2197 4904 2511 4974 Ecclesiam,
2568 4907 2635 4962 de
2694 4909 2924 4964 tenebris
2981 4921 3310 4984 exemptam,
3355 4926 3555 4976 aeterna

1965 4992 2204 5046 claritate
2248 4991 2595 5063 illuminahit,
2646 5012 2937 5068 omnesque
2975 5000 3154 5054 stellas
3180 5002 3235 5055 in
3264 5003 3393 5060 solis
3442 5007 3558 5078 glo-

1964 5080 2099 5134 riam
2119 5081 2491 5136 commutabit.
2525 5084 2673 5138 Tunc
2723 5087 2912 5141 harum
2969 5088 3278 5158 vigiliarum
3334 5095 3553 5151 excubi-

1965 5176 2104 5223 tores
2168 5170 2549 5240 remunerahit,
2609 5173 2823 5242 quando
2880 5190 2913 5230 a
2951 5175 3157 5244 judicio
3207 5181 3467 5238 transiens
3494 5184 3550 5240 in

1963 5256 2163 5325 nuptiis
2190 5257 2328 5327 Agni
2359 5258 2437 5311 eis
2464 5267 2666 5315 mtema
2721 5262 3005 5319 dulcedine
3057 5265 3398 5323 ministrabit.
3432 5273 3549 5342 lgi-

1962 5362 2061 5421 tur,
2084 5352 2403 5421 charissimi,
2461 5356 2516 5410 in
2564 5357 2665 5413 hoc
2721 5359 2952 5415 adventu
3003 5362 3220 5416 Domini
3274 5365 3453 5422 sobrie
3495 5377 3550 5424 et

1950 5450 2095 5518 juste
2122 5458 2175 5503 et
2203 5451 2291 5521 pie
2320 5451 2584 5519 vivamus,
2616 5462 2878 5524 quatenus
2924 5456 2981 5510 in
3034 5458 3268 5516 secundo
3313 5462 3549 5523 adventu

1956 5546 2062 5601 lzeti
2090 5561 2211 5600 eum
2241 5547 2509 5616 suscipere
2537 5555 2590 5602 et
2635 5549 2691 5603 in
2736 5558 2995 5606 aeternum
3032 5569 3156 5608 cum
3201 5571 3267 5611 eo
3320 5570 3548 5632 regnare

1952 5643 2247 5710 valeamus,
2278 5643 2368 5701 ubi
2417 5645 2601 5700 oculus
2646 5662 2754 5702 non
2800 5648 2966 5717 videt,
3034 5666 3133 5706 nec
3193 5653 3336 5708 auris
3382 5656 3543 5712 audi-

1950 5741 2046 5797 vit.
