3924 6412
447 424 552 485 739

1598 424 1941 488 'WERNERI
1979 431 2273 492 ABBATIS
2311 434 2370 496 S.
2412 435 2637 495 BLASII

3633 444 3744 503 740

438 657 1121 773 DOMINICA
1183 659 1693 775 TERTIA
1750 660 2107 773 ANTE
2172 662 3116 783 NATIVITATEM
3174 672 3733 785 DOMINI.

510 956 532 977 «
558 928 620 985 Et
641 938 799 986 erunt
817 928 978 1003 signa
995 928 1050 984 in
1068 929 1186 987 sole
1207 939 1259 986 et
1280 929 1411 986 luna
1424 937 1475 986 et
1495 929 1690 997 stellis,
1714 930 1840 986 etin
1864 930 2028 987 terris
2054 931 2112 992 A
2141 931 2307 1006 igitur
2335 944 2503 992 restat
2532 945 2587 992 ut
2617 937 2779 993 simul
2810 910 2910 996 nos
2940 942 3133 997 omnia
3164 939 3378 1009 feriant,
3412 960 3531 1017 quae
3562 944 3727 1001 simul

436 1035 691 1091 pressura
722 1019 966 1091 gentium
998 1034 1113 1089 prae
1137 1018 1458 1076 confusione
1518 1019 1729 1076 sonitus
1784 1020 1951 1076 maris
1976 1027 2032 1075 et

435 1111 715 1164 ﬂuctuum.
739 1108 1134 1163 Arescentibus
1156 1108 1466 1162 hominibus
1488 1124 1601 1179 pra
1621 1108 1829 1163 timore
1854 1115 1909 1162 et
1937 1123 2037 1162 ex-

434 1206 772 1276 spectatione
803 1222 925 1277 qum
955 1206 1345 1277 supervenient
1378 1206 1630 1261 universo
1659 1206 1799 1270 orbi,
1833 1229 1853 1253 η
1909 1213 2023 1261 etc.

435 1298 585 1365 (Luc.
610 1296 770 1363 χχι.)
792 1294 961 1349 Paulo
983 1295 1239 1366 superius
1258 1295 1525 1349 Dominus
1543 1295 1807 1365 praemisit
1821 1294 2030 1350 dicens:

431 1386 711 1456 Exsurget
739 1400 878 1456 gens
909 1391 1100 1439 contra
1143 1394 1387 1457 gentem,
1420 1391 1475 1439 et
1503 1398 1731 1456 regnum
1767 1383 2039 1439 adversus

430 1499 685 1556 regnum,
710 1489 762 1537 et
793 1489 955 1537 erunt
995 1488 1150 1537 terrae
1205 1490 1387 1538 motus
1442 1481 1628 1555 magni
1679 1496 1778 1552 per
1805 1481 1947 1547 loca,
1982 1488 2036 1537 et

429 1571 771 1643 pestilentias,
805 1579 858 1626 et
888 1571 1061 1626 fames
1092 1571 1273 1640 (ibid.)
1302 1589 1317 1625 :
1353 1579 1407 1627 et
1436 1569 1762 1642 quibusdam
1793 1570 2033 1641 interpo-

431 1662 569 1726 sitis,
610 1659 719 1716 hoc
772 1659 1122 1732 evangelium
1152 1660 1435 1729 adjunxit:
1483 1661 1553 1714 Et
1589 1668 1750 1715 emnt
1791 1658 1949 1732 signa
1978 1659 2033 1713 in

429 1748 1051 1816 sole,etluna,etstellis.
1071 1747 1556 1818 (Gnenonws.)Ex
1576 1748 2041 1819 quibnsprot‘ecto

431 1838 706 1904 omnibus,
736 1836 843 1892 alia
853 1837 969 1907 jam
988 1836 1445 1905 factacernimus,
1469 1853 1499 1893 e
1527 1837 1781 1909 proximo
1800 1845 2034 1891 ventura

428 1936 823 1994 formidamus.
859 1936 1002 1990 Nam
1032 1943 1251 2009 gentem
1283 1952 1449 2007 super
1464 1943 1685 2009 gentem
1706 1949 2027 2005 exsurgere,

428 2041 724 2098 earumque
749 2039 1042 2096 pressuras
1062 2025 1231 2080 terris
1252 2024 1528 2089 insistere,
1570 2026 1693 2093 plus
1714 2033 1824 2079 tam
1848 2024 1900 2079 in
1927 2040 2029 2079 no-

427 2115 563 2171 stris
621 2113 1071 2170 tribulationibus
1129 2114 1377 2168 videmus
1426 2130 1589 2186 quam
1645 2114 1699 2167 in
1745 2113 2033 2169 codicibus

425 2202 686 2277 legimus.
729 2201 888 2272 Quod
917 2210 1078 2258 terra;
1121 2211 1301 2258 motus
1349 2203 1512 2257 urbes
1545 2204 1868 2259 innumeras
1896 2201 2031 2257 sub-

2143 1034 2325 1089 omnia
2350 1034 2493 1090 vitiis
2519 1037 2724 1093 nostris
2754 1040 2894 1094 male
2912 1041 3135 1098 subacta
3150 1041 3480 1109 serviebant,
3510 1050 3568 1097 ut
3595 1051 3738 1116 quot

2141 1121 2294 1191 prius
2326 1122 2379 1176 in
2408 1126 2613 1181 mundo
2644 1126 2949 1184 incolumes
2978 1129 3273 1185 habuimus
3302 1132 3519 1204 gaudia,
3552 1137 3631 1187 tot
3661 1132 3734 1188 de

2142 1209 2263 1282 ipso
2295 1215 2637 1278 postmodum
2669 1232 2935 1289 cogamur
2963 1218 3165 1273 sentire
3196 1227 3482 1274 tormenta.

2213 1299 2280 1354 Et
2310 1302 2435 1357 misi
2466 1302 2691 1359 breviati
2713 1305 2942 1362 fuissent
2971 1307 3090 1365 dies
3134 1306 3211 1362 illi
3258 1324 3365 1364 non
3398 1308 3551 1364 fieret
3579 1309 3737 1365 salva

2143 1388 2321 1443 omnis
2349 1406 2474 1448 caro
2504 1394 2601 1449 sed
2651 1402 2880 1466 prOpter
2935 1395 3142 1453 electos
3173 1397 3564 1454 breviabuntur
3611 1400 3738 1455 dies

2143 1475 2242 1533 illi.
2277 1479 2484 1535 Sensus
2505 1485 2608 1536 est‘.
2640 1482 2758 1538 Nisi
2789 1485 2936 1540 Deus
2966 1485 3058 1557 qui
3086 1485 3183 1540 dat
3211 1485 3459 1543 virtutem
3491 1488 3739 1559 patiendi

2142 1566 2502 1638 dispositione
2531 1586 2635 1626 sua
2668 1572 2972 1628 breviasset
3012 1575 3307 1644 potentiam
3349 1576 3739 1648 persequendi,

2141 1666 2300 1711 rarus
2331 1655 2416 1711 vel
2444 1658 2625 1714 nullus
2653 1659 2805 1716 ﬁeret
2828 1661 3035 1717 salvus.
3074 1663 3198 1717 Non
3226 1679 3365 1736 ergo
3390 1664 3493 1720 hoc
3522 1665 3653 1719 dicit
3684 1672 3745 1720 ut

2141 1750 2392 1815 tempora
2409 1754 2691 1803 mutentur
2707 1750 3009 1807 secundum
3025 1750 3374 1807 deliramenta
3384 1754 3744 1823 quorumdam

2141 1848 2252 1887 non
2280 1835 2674 1891 attendentium
2706 1839 2851 1910 quod
2882 1840 3145 1909 scriptum
3177 1849 3259 1896 est
3284 1856 3296 1894 :
3326 1865 3348 1888 α
3385 1840 3743 1897 Ordinatione

2142 1928 2233 1976 tua
2262 1921 2584 1992 perseverat
2612 1925 2732 1982 dies
2762 1926 2948 1995 (Psal.
2982 1945 3043 1982 cx
3058 1928 3195 1999 vm):
3236 1953 3257 1977 υ
3295 1930 3393 1985 sed
3424 1946 3492 1986 ne
3520 1931 3741 1987 malitiae

2141 2033 2290 2072 mora
2308 2017 2445 2075 ﬁdes
2466 2021 2805 2078 credentium
2828 2024 3185 2081 concutiatur.
3209 2024 3424 2094 Quanto
3440 2026 3580 2081 enim
3598 2035 3738 2082 tem-

2140 2121 2275 2176 pore
2304 2107 2585 2165 tribulatio
2615 2111 2932 2167 Antichristi
2958 2114 3182 2185 gravior
3202 2122 3287 2170 est
3308 2115 3485 2170 futura
3497 2116 3730 2182 ueteris,

2138 2203 2285 2251 tanto
2341 2197 2674 2255 moderatior
2730 2208 2813 2256 est
2870 2200 3054 2258 futura
3114 2202 3380 2259 brevitate
3439 2204 3720 2275 temporis.

427 2310 553 2357 mm
575 2318 646 2357 ex
676 2301 796 2357 aliis
856 2300 1057 2355 mundi.
1099 2299 1349 2371 Panibus
1397 2316 1539 2370 pene
1588 2299 1831 2372 quondm
1865 2298 2023 2354 audi-
2053 2289 2105 2348 B
2136 2283 2333 2339 Tribus
2363 2286 2518 2341 annis
2550 2290 2604 2343 et
2649 2287 2878 2346 dimidio
2906 2291 3317 2364 impugnabitur
3356 2292 3599 2349 Ecclesia
3629 2310 3734 2365 per

426 2408 583 2447 mus.
622 2391 793 2462 Signa
852 2406 986 2444 vero
1043 2389 1099 2443 in
1158 2389 1275 2445 sole
1304 2396 1358 2444 et
1387 2388 1516 2443 luna
1537 2397 1590 2445 et
1619 2388 1794 2445 stellis
1848 2389 2029 2445 adhuc

424 2490 614 2553 aperte
641 2480 863 2534 minime
887 2478 1150 2533 vidimus.
1195 2477 1306 2533 Sed
1338 2478 1463 2550 quia
1493 2485 1549 2533 et
1577 2478 1693 2533 haec
1720 2490 1832 2532 non
1862 2477 2029 2547 longe

425 2571 551 2634 sint,
612 2585 679 2625 ex
735 2568 857 2640 ipsa
907 2568 1021 2636 jam
1076 2566 1224 2622 aeris
1260 2566 1641 2622 immutatione
1694 2566 2025 2638 colligimus,

425 2657 674 2732 quamvis
704 2656 855 2729 prius
878 2670 1043 2727 quam
1100 2654 1254 2710 italia
1308 2655 1501 2728 gentili
1547 2654 1736 2727 gladio
1781 2654 2031 2710 ferienda

422 2746 751 2812 traderetur,
783 2745 978 2817 igneas
1007 2744 1065 2799 in
1092 2744 1235 2800 cado
1283 2744 1437 2800 acies
1467 2744 1733 2812 vidimus,
1765 2752 1820 2800 et
1848 2742 2029 2815 ipsum

425 2836 520 2910 qui
547 2842 739 2907 postea
767 2832 994 2891 humani
1022 2832 1247 2905 generis
1278 2832 1434 2893 lusus
1461 2839 1549 2888 est
1578 2832 1906 2906 sanguinem
1937 2847 2030 2888 co-

424 2931 760 2989 nmeantum.
844 2922 1105 2979 Confusis
1162 2930 1347 2979 autem
1420 2921 1587 2981 maris
1656 2930 1709 2976 et
1765 2921 2029 2983 ﬂuctuum

425 3015 660 3075 necdum
692 3026 839 3071 nova
867 3020 1050 3068 exorta
1082 3020 1203 3077 est;
1261 3011 1359 3066 sed
1385 3011 1515 3069 dum
1547 3010 1711 3075 multa
1740 3010 1854 3080 jam
1884 3026 2026 3081 prie-

426 3103 670 3180 nuntiata
710 3099 988 3173 completa
1044 3108 1187 3167 sunt,
1240 3098 1465 3157 dubium
1513 3114 1621 3157 non
1655 3108 1737 3155 est
1768 3099 1903 3172 quin
1929 3116 2024 3157 se-

422 3207 656 3275 quantur
710 3206 766 3256 et
819 3213 996 3269 pauca
1045 3214 1166 3269 qua:
1215 3204 1441 3262 restant,
1492 3197 1621 3269 quia
1676 3196 2023 3269 sequentium

422 3307 606 3351 rerum
664 3287 933 3347 certitudo
985 3294 1068 3342 est
1119 3286 1522 3357 praeteritarum
1552 3285 1838 3345 exhibitis.
1893 3287 2026 3345 Haec

420 3388 624 3445 idoli-co
653 3385 915 3450 diximus,
947 3390 1007 3438 ut
1038 3383 1109 3438 ad
1138 3381 1370 3439 cautelae
1390 3381 1630 3441 studium
1659 3389 1858 3440 vestrae
1874 3398 2026 3439 men-

421 3485 505 3532 tes
532 3475 813 3549 evigilent,
845 3489 915 3529 ne
944 3472 1240 3529 securitate
1271 3479 1547 3544 torpeant,
1587 3487 1659 3527 ne
1715 3470 2029 3545 ignorantia

419 3572 799 3646 languescant,
830 3570 931 3628 sed
956 3584 1176 3640 semper
1197 3584 1291 3625 eas
1319 3567 1555 3625 ettimor
1583 3567 1638 3623 in
1672 3569 1821 3624 hanc
1851 3582 2023 3637 opere

2136 2372 2523 2429 Antichristum
2536 2417 2549 2431 .

2212 2486 2233 2511 «
2271 2462 2461 2517 Statim
2492 2473 2672 2521 autem
2703 2476 2827 2538 post
2856 2467 3243 2526 tribulationes
3276 2470 3482 2527 dierum
3512 2471 3730 2529 illorum

2136 2557 2217 2614 sol
2247 2558 2649 2630 obscurabitur,
2709 2572 2760 2619 et
2809 2563 2933 2619 luna
2991 2582 3097 2621 non
3157 2566 3304 2623 dabit
3335 2567 3519 2623 lumen
3549 2585 3726 2633 suum,

2136 2656 2189 2703 et
2220 2647 2392 2704 stella:
2423 2650 2618 2706 cadent
2648 2652 2717 2708 de
2747 2653 2909 2720 caelo,
2930 2662 2982 2709 et
3004 2654 3229 2710 virtutes
3263 2657 3524 2723 ccelorum
3545 2673 3732 2713 move-

2137 2737 2354 2802 buntur,
2404 2746 2458 2793 et
2505 2746 2629 2796 tunc
2686 2742 2901 2812 parebit
2957 2743 3177 2817 signum
3234 2743 3355 2799 Filii
3407 2745 3644 2801 hominis
3675 2746 3731 2801 in

2134 2827 2292 2881 coelo.
2321 2849 2342 2873 ι»
2361 2826 2590 2900 Signum
2612 2829 2849 2900 intellige
2864 2846 3079 2887 crucem
3096 2832 3455 2889 autvexillum
3470 2834 3726 2891 victoria).

2132 2915 2255 2969 Non
2287 2914 2648 2973 diminutione
2693 2918 2937 2987 luminis,
2998 2921 3095 2976 sed
3152 2922 3555 2992 comparatione
3584 2941 3730 2979 verae

2132 3011 2269 3068 lucis
2300 3013 2481 3070 omnia
2512 3025 2673 3071 erunt
2705 3017 2997 3078 tenebrosa
3044 3018 3100 3073 in
3156 3020 3243 3074 die
3273 3019 3479 3090 iudicii,
3512 3022 3581 3077 de
3615 3039 3728 3095 quo

2131 3111 2478 3182 prophetarit
2508 3112 2680 3169 Isaias
2701 3114 2923 3171 diccens
2950 3136 2961 3171 :
3000 3140 3021 3163 α
3054 3114 3355 3174 Erubescet
3374 3118 3501 3175 luna
3518 3126 3566 3174 et
3588 3134 3727 3177 con-

2132 3197 2389 3255 fundetur
2416 3201 2522 3267 sol,
2554 3217 2682 3259 cum
2713 3205 3029 3275 regnaverit
3077 3206 3343 3262 Dominus
3390 3207 3726 3265 exercituum

2131 3287 2187 3342 in
2215 3298 2397 3349 monte
2455 3288 2591 3346 Sion
2650 3298 2704 3347 et
2758 3292 2811 3347 in
2872 3293 3219 3349 Hierusalem
3250 3303 3305 3350 et
3349 3295 3403 3350 in
3432 3304 3725 3368 conspectu

2131 3401 2323 3441 senum
2374 3401 2596 3443 suorum
2672 3388 2843 3445 fuerit
2889 3390 3229 3463 gloriﬁcatus
3280 3393 3413 3463 (Ira.
3481 3396 3653 3463 χχιιι).
3702 3417 3722 3439 »ι

2132 3474 2419 3541 Caeterum,
2450 3485 2677 3547 peracto
2733 3478 2822 3533 die
2874 3479 3064 3548 judicii
3094 3488 3147 3536 et
3177 3481 3515 3537 clarescente
3553 3482 3730 3555 gloria

2134 3560 2332 3621 futura:
2352 3564 2494 3629 vitae,
2516 3573 2641 3621 tunc
2664 3566 2886 3639 incipiet
2910 3568 3105 3625 coelum
3146 3585 3345 3625 novum
3368 3586 3489 3627 esse
3511 3579 3563 3626 et
3585 3578 3727 3626 terra

420 3644 699 3727 sollicitet,
731 3667 783 3716 et
804 3657 1113 3715 sollicitudo
1147 3657 1465 3714 continuat.
1502 3654 1900 3725 (Bsua.)Quod
1928 3671 2029 3715 att-
2050 3644 2101 3709 C
2133 3665 2313 3719 nova;
2344 3660 2473 3707 tune
2504 3650 2588 3711 fiet
2648 3656 2792 3729 quod
2852 3657 2998 3713 idem
3057 3658 3327 3729 pr0pheta
3380 3659 3510 3717 alibi
3557 3659 3723 3715 dicit:

420 3768 529 3816 tem
558 3772 683 3830 pra:
701 3755 1047 3821 confusione,
1087 3754 1195 3809 hoc
1237 3761 1322 3809 est
1368 3761 1494 3809 ante
1528 3751 1926 3818 confusionem,
1960 3759 2027 3807 ut

419 3854 582 3905 antea
609 3847 773 3919 signa
792 3844 920 3911 sint,
941 3850 996 3900 et
1014 3858 1277 3914 pressura
1296 3838 1561 3913 gentium.
1585 3840 1799 3899 Deinde
1821 3855 2020 3912 sequa-

418 3955 508 4002 tur
534 3942 787 4003 coafusio
817 3941 1031 3999 sonitus
1083 3939 1258 3995 maris
1315 3946 1370 3994 et
1425 3939 1712 3994 ﬂuctuum.
1751 3936 1847 3994 Sol
1875 3952 2015 3993 con-—

418 4050 669 4101 vertetur
698 4043 756 4097 in
788 4040 1064 4108 tenebras,
1099 4039 1177 4094 ait
1228 4038 1344 4095 .loel
1399 4037 1690 4110 propheta,
1722 4043 1774 4091 et
1803 4036 1933 4091 luna
1960 4034 2017 4089 in

422 4134 745 4205 sanguinem
769 4138 1066 4202 antequam
1094 4128 1282 4184 veniet
1309 4126 1429 4182 dies
1457 4125 1679 4182 Domini
1703 4139 1939 4197 mgnus
1963 4133 2025 4180 et

418 4222 753 4278 manifestus
774 4219 937 4289 (lost.
995 4218 1078 4287 ii).
1135 4216 1334 4272 Merito
1386 4215 1743 4271 incumbente
1783 4213 2021 4284 judicio,

417 4310 605 4368 sonitu
633 4306 800 4364 maris
855 4312 913 4362 et
966 4305 1223 4361 ﬂuctuum
1278 4302 1633 4361 contunditur
1657 4302 1807 4363 orbis
1834 4310 2021 4358 ωιτη-ο.

417 4422 562 4473 nam,
620 4403 1007 4477 prementibus
1055 4418 1117 4458 se
1169 4402 1405 4458 invicem
1466 4400 1695 4464 colonis,
1752 4398 2019 4465 inﬁcitur,

418 4496 667 4554 maxime
715 4492 839 4551 creti
892 4491 1189 4551 inueneris
1234 4490 1542 4557 turbantur,
1586 4489 1713 4561 quia
1740 4488 2025 4560 quomodo

412 4585 669 4657 impulsas
692 4583 763 4639 ad
791 4596 976 4638 casum
1005 4582 1236 4636 arbores
1290 4578 1534 4651 fragoris
1577 4586 1869 4650 motusque
1928 4577 2019 4633 sui

412 4673 744 4748 praemittere
770 4669 951 4727 solent
985 4669 1206 4733 indicia,
1253 4666 1585 4724 sictcrmino
1603 4667 1794 4723 mundi
1813 4681 2015 4737 appro-

411 4766 711 4837 pinquante
754 4759 912 4833 quasi
950 4758 1210 4830 parentia
1226 4764 1421 4817 nutant
1442 4756 1731 4815 elementa.
1763 4755 1885 4812 Nec
1910 4754 2012 4811 mi-

409 4878 539 4919 rum
568 4858 822 4916 homines
852 4871 1109 4913 arescere
1141 4870 1256 4927 prie
1297 4854 1511 4920 timere,
1542 4852 1602 4908 in
1649 4853 1845 4925 quibus
1873 4850 2011 4908 illud

410 4949 755 5024 implebitur:
791 4970 814 4995 α
852 4944 1123 5018 Pugnabit
1150 4958 1253 5015 pro
1282 4957 1350 4999 eo
1377 4941 1537 4999 orbis
1557 4950 1837 4998 terrarum
1866 4955 2006 4998 con-

410 5009 505 5097 tra:
528 5040 841 5095 insensatos
870 5009 1022 5107 (sip.
1042 5038 1120 5103 v=).
1151 5009 1591 5103 ;(GBRGOMUS.)
1612 5029 1822 5086 Omnia
1849 5046 2010 5086 nnm-
2038 5009 2095 5069 D

409 5146 519 5203 que
543 5142 667 5201 quin
697 5125 767 5181 ad
796 5139 955 5181 usum
984 5121 1302 5194 accepimus
1320 5119 1462 5188 vita,
1492 5120 1566 5177 ad
1593 5136 1753 5176 usum
1780 5134 2016 5176 conver-

405 5220 566 5276 timus
590 5215 787 5288 culpie.
812 5213 922 5269 Sed
951 5218 1147 5268 cuncta
1189 5226 1312 5283 qua:
1367 5214 1439 5265 ad
1492 5224 1653 5265 usum
1699 5208 2015 5265 inuenimus

404 5314 709 5388 pravitatis,
740 5312 811 5368 ad
840 5326 999 5368 usum
1029 5307 1191 5364 nobis
1220 5313 1511 5363 vertuntur
1555 5305 1800 5363 ultionis.
1834 5307 2017 5361 Tran-.

405 5402 706 5473 militatum
733 5413 970 5469 namque
993 5396 1247 5453 humanm
1266 5393 1427 5465 pacis
1454 5393 1527 5450 ad
1551 5409 1713 5450 usum
1741 5393 2017 5450 vertimus

405 5506 563 5549 vana
590 5485 928 5547 securitatis:
964 5482 1466 5557 peregrinationem
1488 5490 1653 5538 teme
1675 5498 1781 5554 pro
1800 5482 2014 5541 habita-

408 5586 555 5643 tione
574 5584 869 5643 dileximus
888 5582 1099 5654 patriae.
1123 5581 1362 5638 Salutem
1380 5596 1671 5652 corporum
1694 5579 2019 5654 redegimus

405 5672 461 5727 in
481 5688 637 5729 usum
668 5672 942 5727 vitiorum.
966 5671 1243 5727 libertatis
1279 5669 1668 5725 abundantiam
1696 5684 1807 5724 non
1829 5669 1899 5724 ad
1919 5685 2014 5725 ne-

408 5760 721 5816 cessitatem
750 5756 951 5823 carnis,
985 5759 1082 5811 sed
1123 5758 1193 5811 ad
1224 5757 1637 5829 perversitatem
1688 5756 2010 5812 intorsimus

407 5846 718 5917 voluptatis.
744 5846 871 5916 Ipsa
891 5861 1086 5901 serena
1108 5845 1473 5900 blandimenta
1497 5845 1641 5899 aeris
1669 5845 1738 5899 ad
1759 5860 2006 5900 amorem

410 5935 569 5994 nobis
599 5933 808 5991 servire
833 5932 1117 6003 coegimus
1148 5940 1378 5990 terrente
1427 5932 1833 5989 delectationis.
1872 5933 2005 5991 iure

2132 3763 2155 3787 α
2184 3740 2338 3796 Tunc
2368 3742 2472 3795 erit
2499 3741 2586 3797 lux
2611 3743 2754 3801 lunae
2778 3743 2917 3801 sicut
2943 3746 3031 3801 lux
3064 3746 3216 3813 solis,
3249 3755 3305 3803 et
3326 3746 3416 3802 lux
3458 3748 3591 3803 solis
3621 3749 3727 3804 erit

2127 3829 2556 3900 septempliciter
2584 3832 2723 3888 sicut
2754 3833 2844 3888 lux
2875 3843 3084 3905 septem
3114 3834 3327 3891 dierum
3352 3837 3486 3903 (Im.
3520 3838 3671 3909 xxx).
3698 3862 3719 3886 ι»

2127 3918 2518 3989 (ῦιιιεροιιιυε.)
2550 3918 2694 3990 Quid
2726 3922 2995 3979 Dominus
3046 3924 3275 3980 virtutes
3324 3925 3589 3981 cmlorum
3620 3927 3724 3982 nisi

2125 4016 2375 4089 angelos,
2424 4019 2807 4092 archangelos,
2840 4022 3087 4089 thronos,
3115 4022 3535 4089 dominationes,
3568 4025 3720 4095 prin-

2123 4118 2334 4191 cipatus
2364 4128 2415 4176 et
2444 4128 2738 4194 potestates
2798 4123 3038 4196 appellat
3094 4140 3214 4197 qua?
3245 4125 3299 4179 in
3329 4125 3568 4181 adventu
3634 4126 3720 4181 sui

2127 4207 2305 4279 oculis
2337 4209 2539 4265 nostris
2568 4211 2853 4268 visibiliter
2882 4221 3167 4286 apparent,
3191 4222 3249 4268 ut
3270 4213 3519 4272 districte
3540 4221 3667 4271 tunc
3688 4231 3720 4271 a

2124 4305 2285 4360 nobis
2315 4305 2530 4381 erigant
2558 4309 2662 4367 hoc
2690 4310 2833 4383 quod
2868 4326 2970 4368 nos
3001 4311 3162 4367 modo
3202 4310 3493 4367 invisibilis
3526 4312 3723 4369 condi-

2127 4401 2215 4450 tor
2243 4396 2622 4466 mquanimiter
2676 4400 2913 4470 portat?
2969 4398 3217 4471 (BEDA.)
3276 4398 3418 4470 Quid
3463 4400 3720 4456 nimirum

2130 4490 2367 4540 tremere
2396 4485 2647 4542 homines
2677 4502 2799 4545 cum
2828 4497 3053 4560 aspectu
3077 4488 3266 4559 judicii
3296 4497 3531 4545 tremant
3558 4506 3720 4562 ange-

2129 4583 2252 4642 lica:
2272 4594 2588 4657 potestates.
2608 4588 2767 4645 Unde
2785 4589 2920 4646 Job:
2944 4613 2966 4637 ιι
2987 4590 3265 4649 Columnae
3286 4590 3406 4647 coeli
3429 4592 3718 4648 contremi-

2129 4683 2285 4732 scunt
2315 4683 2369 4731 et
2397 4686 2597 4750 pavent
2628 4679 2697 4735 ad
2730 4687 2927 4733 nutum
2970 4681 3086 4751 ejus
3134 4681 3272 4751 (Job.
3315 4682 3485 4751 χχιι-ι).
3525 4705 3545 4727 η
3582 4680 3718 4751 Quid

2125 4788 2262 4844 ergo
2292 4771 2496 4829 faciunt
2526 4773 2725 4830 tabulae
2747 4773 2968 4846 quando
2999 4782 3238 4830 tremunt
3265 4774 3550 4833 columnae.
3577 4775 3717 4845 Quid

2124 4861 2341 4934 virgula
2367 4862 2570 4918 deserti
2601 4861 2801 4934 patitur
2829 4880 2951 4918 cum
2985 4863 3181 4919 cedrus
3210 4864 3447 4934 paradisi
3477 4864 3715 4920 concuti-

2127 4967 2239 5015 tur.
2282 4983 2305 5007 α
2345 4961 2409 5015 Et
2439 4967 2566 5017 tunc
2597 4961 2768 5017 mittet
2797 4962 3026 5036 angelos
3057 4978 3185 5018 suos
3206 4977 3329 5029 cum
3361 4962 3485 5017 tuba
3515 4970 3568 5019 et
3586 4978 3717 5020 voce

2124 5074 2346 5133 magna,
2379 5066 2432 5114 et
2460 5059 2891 5132 congregabunt
2911 5060 3115 5116 electos
3147 5061 3263 5130 ejus
3284 5077 3313 5114 a
3334 5066 3561 5133 quatuor
3587 5078 3715 5117 ven-

2122 5156 2193 5212 tis
2222 5174 2253 5212 a
2281 5156 2509 5212 summis
2537 5157 2806 5215 cmlorum
2842 5175 3014 5230 usque
3044 5159 3112 5213 ad
3146 5157 3411 5214 terminos
3441 5173 3652 5214 eorum.
3686 5178 3707 5210 ι

2122 5256 2279 5311 Tuba
2308 5264 2359 5311 et
2388 5260 2631 5326 potestas
2660 5257 2960 5314 suscitandi
2981 5264 3239 5323 mortuos,
3273 5272 3377 5312 vox
3412 5250 3630 5329 magna,
3661 5263 3731 5310 ut.

2125 5351 2308 5407 nullus
2336 5360 2621 5408 remaneat
2650 5368 2760 5409 non
2792 5353 3103 5421 suscitatus,
3137 5359 3190 5409 et
3219 5360 3274 5407 ut
3305 5366 3501 5407 omnes
3526 5352 3635 5407 sint
3662 5352 3714 5406 in

2118 5450 2356 5522 judicio.
2395 5452 2565 5515 (Bnm
2594 5468 2764 5526 super
2786 5454 3094 5519 Murcum.)
3130 5454 3177 5506 A
3210 5462 3437 5524 quatuor
3466 5448 3715 5513 ventis,id

2126 5557 2209 5603 est
2236 5564 2266 5602 a
2298 5555 2528 5619 quatuor
2556 5548 2868 5604 climatibus
2899 5549 3107 5615 mundi,
3140 5549 3373 5616 oriente,
3419 5547 3712 5625 occidente,

2127 5646 2382 5718 aquilone
2412 5654 2465 5701 et
2486 5654 2693 5702 austro.
2728 5645 2793 5701 Et
2827 5663 2895 5703 ne
2943 5646 3066 5718 quis
3121 5654 3335 5717 putaret
3364 5662 3471 5702 non
3503 5647 3661 5700 etiam
3688 5660 3715 5698 ιι

2126 5743 2533 5798 Mediterraneis
2573 5743 2890 5816 regionibus
2942 5744 3393 5817 congregandos,
3447 5741 3717 5811 subjunxit

2123 5843 2344 5897 Marcus
2375 5859 2388 5895 :
2429 5866 2449 5888 η
2477 5844 2520 5895 Α
2558 5857 2772 5897 summo
2804 5849 2965 5898 terra:
2994 5859 3170 5913 usque
3200 5842 3268 5898 ad
3300 5857 3569 5897 summum
3600 5840 3713 5897 cmli

2121 5936 2313 6001 (Marc.
2350 5941 2484 6009 xm),
2525 5960 2544 5984 υ
2581 5938 2633 5992 id
2668 5945 2745 5992 est
2779 5938 2848 5992 ab
2895 5941 3153 5995 extremis
3198 5947 3366 5996 terra:
3399 5936 3595 5994 ﬁnibus
3624 5953 3715 6012 pcr
