3924 6456
235 423 313 513 τι)
1254 454 1837 515 DEFLORATIONES
1875 452 1973 511 ss.
2018 452 2324 513 annos.
2364 485 2430 497 -
2470 456 2595 517 ua.
2639 460 2680 516 ι.
3508 479 3608 534 τη

245 553 537 671 directum,
565 594 795 667 tu.un
932 584 1154 659 ιριίωοε
1184 581 1597 671 ιεηιιίῃοδρλυε
1623 581 1717 671 ubi
1738 580 1909 671 longe
1938 580 1993 653 Α
2024 596 2185 655 quam
2213 597 2311 655 per
2335 580 2493 638 tidem
2526 584 2821 658 qumsistis.
2876 588 2935 643 In
2966 590 3246 663 Scriptura
3275 609 3431 652 sacra
3462 615 3609 671 saepe

255 664 377 735 ἕλεν
387 664 757 737 ὲῢὶεωὶὶὺύε
774 664 1031 739 circulus
1041 673 1167 731 caeli
1182 683 1235 737 et
1247 669 1627 733 terrmvidetnr
1642 667 1907 727 insidere.

264 743 479 817 Omnes
504 772 661 839 ergo
713 769 1026 829 occurrent
1056 762 1125 825 ad
1144 760 1417 831 judicium
1449 765 1502 817 et
1528 755 1689 815 electi
1736 765 1787 814 et
1817 772 1907 813 ro-

279 840 470 913 υτοδὶ.
508 846 835 925 Iattliseus
867 851 1035 913 dicit:
1070 874 1090 899 ιι
1127 851 1176 906 Α
1207 847 1433 905 summis
1452 846 1714 909 caelorum
1736 860 1912 919 usque

290 930 354 1003 ἢὸ
380 934 662 995 terminos
696 954 900 999 eurum
946 940 1165 1008 (Μαιιιι.
1198 938 1373 1007 xxw),
1409 960 1430 984 ιο
1467 935 1608 1010 quod
1640 933 1911 1009 signiﬁcat

302 1040 494 1087 omnes
523 1025 620 1097 qui
641 1036 779 1089 sunt
808 1027 915 1085 sub
932 1027 1189 1089 curvitate
1206 1023 1331 1085 οωὶί
1350 1024 1508 1099 quasi
1528 1040 1628 1096 per
1656 1021 1911 1079 horizon-

302 1121 434 1175 tem.
469 1114 653 1175 Aliter
688 1132 703 1171 :
740 1115 935 1174 Statim
959 1123 1082 1186 post
1110 1112 1512 1171 tribulationem
1539 1111 1751 1168 dierum
1779 1110 1907 1166 illo-

300 1214 427 1257 rum
442 1197 767 1269 incoeptam,
794 1214 907 1257 non
925 1198 1103 1255 adhuc
1126 1196 1353 1263 ﬁnitam,
1379 1194 1695 1265 soljustitiae
1716 1194 1909 1249 obscu-

298 1284 519 1342 rabitur
547 1286 622 1342 ad
672 1286 862 1365 gelida
893 1286 1080 1344 corda.
1113 1284 1505 1358 (Auanosms.)
1539 1282 1701 1339 Sicut
1730 1283 1780 1338 ei
1810 1298 1909 1353 per

294 1380 536 1446 captum
569 1373 809 1431 videntis
840 1374 1029 1435 radius
1054 1373 1318 1433 mundani
1360 1371 1492 1428 solis
1539 1379 1625 1426 aut
1658 1370 1909 1443 pallidior

290 1463 544 1531 videtur,
576 1471 671 1521 aut
698 1463 921 1531 clarior,
973 1464 1047 1521 ita
1092 1480 1193 1536 per
1233 1461 1579 1521 devotionem
1629 1459 1907 1515 credentis

289 1552 606 1625 unicuique
636 1551 920 1631 spirituale
944 1552 1125 1613 lumen
1156 1550 1478 1609 infunditur.
1521 1551 1667 1605 Luna
1686 1564 1794 1604 non
1813 1548 1907 1603 dat

284 1639 512 1707 lumen,
545 1640 592 1697 si
623 1640 841 1711 objectu
872 1648 1038 1705 terra:
1087 1639 1221 1699 radii
1252 1638 1385 1696 solis
1414 1636 1793 1703 excludantur,
1826 1635 1904 1690 sic

280 1736 351 1781 et.
404 1727 661 1787 Ecclesia
690 1744 799 1783 non
845 1727 1017 1795 dabit,
1066 1744 1189 1785 cum
1235 1725 1365 1785 vitia
1396 1725 1583 1784 carnis
1615 1724 1900 1789 obsistent,

277 1832 366 1872 ne
398 1814 682 1891 fulgorem
711 1815 880 1873 divini
897 1814 1115 1875 luminis
1143 1814 1214 1873 de
1243 1815 1415 1873 radiis
1445 1812 1618 1887 possit
1646 1811 1900 1868 mutuari.

2019 675 2181 743 caput
2208 678 2517 757 premente
2545 671 2919 748 ponitur,quia
2947 677 3105 733 sicuti
3134 681 3308 753 capite
3337 695 3610 757 reguntur

2017 757 2287 823 membra,
2320 756 2392 813 ita
2422 760 2780 832 cogitationes
2797 772 2978 821 mente
3000 765 3385 839 disponuntur.
3412 756 3608 847 Capita

2018 843 2203 916 itaque
2231 844 2414 903 levare
2445 857 2527 903 est
2557 858 2766 905 mentes
2806 861 3020 909 nostras
3076 856 3144 910 ad
3194 859 3390 930 gaudia
3422 843 3608 934 patria:

2018 934 2263 1019 emlestis
2294 936 2532 1010 erigere.
2574 937 2681 1009 Qui
2712 956 2848 1019 ergo
2878 942 3050 998 Deum
3081 944 3389 1017 diliguntex
3423 953 3608 1009 mundi

2018 1018 2125 1077 ﬁne
2152 1023 2392 1095 gaudere
2420 1034 2579 1097 atque
2604 1018 2995 1086 exhilarescere
3010 1033 3287 1101 jubentur,
3330 1038 3454 1110 quia
3483 1057 3605 1096 eum

2018 1126 2179 1181 quem
2220 1120 2404 1166 amant
2453 1128 2576 1168 mox
2631 1114 2932 1181 inveniunt,
2976 1118 3102 1174 dum
3138 1124 3329 1179 transit
3367 1125 3411 1179 is
3443 1145 3605 1201 quem

2017 1214 2126 1252 non
2156 1210 2476 1255 amaverunt
2542 1203 2700 1257 Absit
2729 1205 2870 1260 enim
2921 1215 2979 1260 ut
3029 1207 3203 1265 ﬁdelis
3233 1213 3482 1286 quisque,
3514 1218 3606 1288 qui

2019 1286 2189 1343 Deum
2222 1286 2404 1342 videre
2452 1289 2755 1359 desiderat,
2809 1293 2878 1349 de
2921 1297 3108 1352 mundi
3156 1286 3606 1369 percussionibﬁus

2016 1373 2203 1447 lugeat
2258 1394 2417 1449 quem
2477 1378 2618 1433 ﬁniri
2688 1381 2895 1437 eisdem
2970 1386 3087 1440 suis
3163 1390 3606 1459 percussionibus

2015 1478 2124 1517 non
2163 1463 2400 1536 ignorat.
2437 1467 2702 1538 Scriptum
2734 1487 2967 1542 namque
3012 1482 3094 1529 est
3128 1494 3138 1531 :
3180 1497 3201 1526 ι
3238 1477 3338 1546 Qui
3371 1480 3606 1541 voluerit

2014 1550 2221 1608 amicus
2255 1569 2376 1608 esse
2409 1556 2592 1610 δίρρυΙί
2634 1558 2791 1626 hujus
2823 1559 3079 1617 inimicus
3123 1564 3220 1620 Dei
3266 1571 3607 1627 constituitur

2013 1640 2156 1707 (Jac.
2189 1652 2287 1711 tv).
2321 1665 2341 1685 »
2375 1643 2476 1709 Qui
2509 1661 2642 1714 ergo
2666 1648 3140 1721 apprOpinquante
3163 1655 3345 1709 mundi
3369 1654 3474 1715 ﬁne
3494 1676 3604 1715 non

2012 1726 2234 1800 gaudet,
2270 1730 2501 1785 amicum
2534 1749 2593 1787 se
2638 1732 2780 1788 illius
2834 1752 2959 1791 esse
3008 1746 3253 1807 testatur,
3314 1752 3475 1817 atque
3504 1763 3604 1818 per

2011 1815 2120 1872 hoc
2147 1815 2397 1872 inimicus
2428 1818 2528 1874 Dei
2556 1821 2924 1878 convincitur.
2958 1824 3066 1881 Sed
3100 1830 3240 1885 absit
3269 1830 3372 1888 hoc
3392 1815 3428 1887 ia
3460 1815 3600 1892 fide-

271 1898 553 1978 Namque
583 1903 637 1959 in
668 1904 1149 1977 persecutionibus
1175 1904 1351 1995 lucem
1377 1900 1471 1969 Dei
1492 1902 1643 1957 solus
1668 1906 1902 1995 pterum-
1928 1928 1989 1995 ΒΔ
2014 1902 2462 1995 lium‘cordibusl
2498 1907 2643 1963 absit
2671 1910 2742 1964 ab
2774 1911 2858 1966 his
2889 1913 2981 1985 qui
3010 1922 3065 1969 et
3092 1933 3215 1972 esse
3246 1918 3404 1975 aliam
3435 1923 3601 1981 vitam

274 2008 404 2065 que
435 2007 593 2049 amor
619 1992 742 2051 vita:
763 1992 926 2061 hujus
944 1991 1201 2053 excludit.
1233 1988 1415 2049 Stella:
1436 1990 1634 2048 cadent
1650 1989 1716 2043 de
1735 1989 1895 2063 ccelo,

272 2068 449 2138 idem
501 2081 572 2147 de
627 2079 899 2147 Ecclesia,
951 2081 1208 2153 quoniam
1263 2096 1405 2151 pene
1478 2078 1652 2135 deerit
1709 2094 1900 2133 semen

271 2168 545 2233 Abrahae
574 2167 661 2231 cui
691 2167 1022 2247 assimulata:
1053 2176 1177 2227 sunt
1208 2168 1771 2239 stellte.(Rsmcws.)
1792 2167 1901 2222 \‘ir-

274 2266 447 2317 tutes
459 2256 722 2315 contorum
736 2257 1123 2325 movebuntur,
1138 2257 1265 2331 quia
1279 2257 1505 2331 quidam
1518 2255 1708 2313 ﬁdeles
1719 2255 1901 2311 fortis-

274 2345 427 2409 simi
460 2345 851 2414 turbabuntur,
884 2345 1072 2417 impiis
1103 2346 1242 2405 ultra
1272 2345 1490 2405 modum
1514 2344 1889 2401 saevientibus.

278 2433 397 2490 Vel
431 2432 616 2507 angeli
647 2433 1014 2493 movebuntur
1056 2434 1126 2495 ad
1169 2434 1303 2489 iram
1337 2433 1608 2499 vindictae,
1655 2433 1747 2505 qui
1775 2448 1899 2489 cum

277 2522 428 2576 tuba
457 2522 709 2581 mittendi
746 2530 872 2583 sunt
900 2537 934 2587 a
963 2522 1100 2579 Filio
1149 2522 1410 2585 hominis.
1476 2523 1537 2580 In
1580 2521 1705 2577 tuba
1753 2523 1897 2577 enim

275 2608 566 2669 dicuntur
611 2610 972 2676 descendere.
1015 2611 1121 2673 hoc
1166 2619 1250 2668 est
1292 2610 1510 2671 nomine
1556 2610 1653 2667 Dei
1697 2608 1897 2669 bellum

274 2696 584 2771 ingerere,
606 2699 735 2775 quia
746 2714 845 2781 per
858 2698 1209 2759 novissimam
1225 2700 1409 2763 tubam
1431 2697 1755 2773 intelligitur
1775 2696 1899 2755 ulti.-

276 2803 452 2845 rnum
503 2786 709 2849 bellum
738 2786 1099 2862 malignorum
1152 2788 1443 2860 spirituum
1474 2787 1566 2867 qui
1594 2804 1739 2858 saepe
1769 2784 1899 2844 victi

279 2883 428 2933 sunt
455 2876 530 2931 ab
554 2874 789 2948 angelis,
820 2884 878 2931 ut
905 2876 982 2933 ait
1003 2877 1248 2935 Joannes
1270 2876 1576 2947 apostolus:
1607 2898 1627 2923 αι
1651 2875 1773 2931 Vidi
1789 2876 1894 2931 Mi-

280 2963 458 3021 chael
486 2972 541 3021 et
574 2963 808 3037 angelos
837 2962 890 3023 in
918 2963 1063 3023 coelo
1084 2973 1389 3039 pugnantes
1417 2964 1680 3021 adversus
1696 2963 1895 3025 draco-

279 3068 425 3108 nem
455 3054 645 3126 (Apoc.
679 3051 804 3122 xu).
843 3075 864 3099 ιι
898 3051 1216 3113 Extremum
1236 3052 1439 3111 bellum
1466 3061 1591 3111 tunc
1623 3053 1744 3121 erit,
1770 3052 1894 3125 quia

280 3140 347 3197 in
381 3141 701 3215 gehennam
729 3140 1029 3201 mittentur.
1059 3141 1330 3213 Tempore
1371 3141 1729 3199 tribulationis
1776 3144 1892 3199 An-

282 3224 538 3291 tichristi
579 3222 871 3301 apparebit
924 3224 1141 3301 signum
1191 3224 1308 3283 Filii
1352 3225 1608 3291 hominis,
1652 3225 1705 3282 in
1752 3226 1892 3282 cmlo

277 3313 582 3383 subaudis,
614 3322 667 3371 et
695 3329 806 3379 non
834 3312 888 3369 in
917 3322 1081 3371 terra.
1114 3313 1377 3377 Eﬁicacia
1399 3312 1545 3375 enim
1564 3314 1739 3373 crucis
1768 3322 1896 3371 tunc

278 3396 536 3453 latitabit
563 3397 620 3455 in
651 3398 838 3465 terris,
857 3397 953 3455 sed
984 3398 1037 3453 in
1060 3397 1301 3459 millibus
1322 3412 1631 3455 sanctorum
1654 3398 1894 3455 manife-

281 3485 549 3542 stissima
578 3494 662 3543 est
689 3487 748 3549 in
776 3485 949 3543 caelis.
985 3510 1007 3535 ι
1042 3488 1193 3545 Tunc
1212 3488 1689 3563 plangentomnes
1718 3487 1895 3543 tribus

274 3583 480 3643 terra,
518 3599 541 3623 ιι
576 3573 634 3631 id
663 3582 748 3631 est
767 3575 935 3649 digna
953 3574 1175 3648 planctu
1192 3575 1489 3643 facient,et
1509 3592 1631 3652 qua“:
1643 3575 1893 3649 planctus

271 3663 617 3731 necessario
655 3672 936 3737 sequetur.
987 3663 1208 3723 Nullum
1239 3666 1384 3723 enim
1426 3665 1628 3721 malum
1658 3664 1756 3725 erit
1785 3665 1892 3720 im-

270 3764 562 3837 punitum.
605 3765 675 3822 Et
704 3763 927 3825 tandem
962 3785 984 3815 ι
1017 3764 1277 3827 videbunt
1305 3764 1498 3829 Filium
1527 3763 1764 3829 hominis
1792 3780 1891 3823 ve-

268 3861 535 3927 nientem
580 3860 641 3917 in
683 3860 920 3927 nubibus
949 3862 1095 3928 coeti.
1130 3887 1154 3912 υ
1183 3861 1239 3921 id
1271 3870 1355 3921 est
1401 3862 1458 3923 in
1484 3861 1711 3931 sanctis,
1752 3862 1893 3921 sicut

268 3967 338 4016 et
370 3973 524 4017 nunc
555 3959 747 4017 venire
795 3973 906 4018 non
945 3967 1129 4019 cessat
1166 3959 1471 4021 secundum
1503 3960 1561 4015 id
1590 3959 1741 4033 quod
1764 3959 1840 4019 ait
1872 3976 1887 4015 :

274 4079 302 4102 ο
343 4055 570 4119 Αωοὰο
590 4054 845 4113 videbitis
868 4055 1058 4113 Filium
1074 4055 1312 4121 hominis
1330 4057 1615 4117 sedentem
1634 4073 1663 4111 a
1682 4055 1892 4115 dextris

267 4152 510 4215 virtutis
538 4146 661 4220 Dei,
693 4162 745 4211 et
774 4153 1087 4215 venientem
1124 4154 1180 4213 in
1234 4154 1471 4217 nubibus
1516 4153 1668 4213 coeli.
1722 4177 1743 4201 η
1780 4152 1887 4211 Sed

266 4252 415 4311 ideo
444 4261 583 4311 tunc.
602 4267 725 4313 cum
754 4256 1023 4329 potestate
1050 4267 1254 4328 magna
1273 4259 1327 4308 et
1359 4252 1641 4322 majestate
1676 4250 1885 4318 veniet,

266 4349 419 4421 quia
451 4349 632 4421 major
657 4356 904 4421 potestas
934 4358 987 4411 et
1015 4350 1274 4418 maiestas
1293 4349 1440 4409 illius
1460 4348 1750 4422 apparebit
1764 4363 1886 4403 san-

263 4447 408 4514 etis.
438 4446 637 4520 quibus
652 4463 906 4521 magnam
930 4448 1184 4513 virtutem
1194 4448 1365 4516 dabit,
1380 4463 1449 4505 ne
1467 4453 1612 4505 tanta
1628 4460 1885 4519 persecu-

261 4543 438 4605 tione
449 4543 753 4607 vincantur.
774 4566 796 4598 ι
812 4544 882 4600 Et
894 4544 1068 4603 mittet
1078 4545 1307 4621 angelos
1320 4560 1501 4612 suos,»
1522 4544 1575 4599 id
1593 4550 1675 4601 est
1692 4541 1886 4616 pra-di-

2011 2006 2109 2058 per
2138 1990 2301 2047 ﬁdem
2334 1994 2588 2062 credunt,
2610 2004 2663 2052 et
2681 2014 2799 2053 eam
2820 2016 2920 2071 per
2939 2004 3319 2074 operationem
3346 2008 3602 2084 diligunt.

2008 2079 2086 2134 Ex
2118 2081 2305 2135 mundi
2335 2083 2479 2136 enim
2510 2084 2879 2143 destructione
2908 2089 3101 2160 lugere
3133 2109 3322 2151 eorum
3374 2079 3474 2165 est
3508 2100 3599 2174 qui

2010 2167 2229 2223 radices
2287 2171 2469 2225 cordis
2517 2171 2570 2227 in
2628 2174 2746 2243 ejus
2800 2193 2987 2234 amore
3046 2181 3446 2253 plantaverunt.
3507 2167 3600 2261 qui

2010 2265 2326 2350 sequentem
2368 2259 2533 2315 vitam
2565 2277 2673 2315 non
2706 2274 2974 2337 quaerunt,
3025 2269 3113 2341 qui
3147 2269 3229 2326 vel
3256 2271 3400 2329 illam
3421 2259 3599 2350 neque

2008 2343 2192 2399 alliam
2215 2361 2341 2402 esse
2359 2348 2724 2421 suspicantur.
2745 2353 2857 2408 Nos
2879 2363 3059 2411 autem
3077 2358 3169 2429 qui
3188 2361 3395 2418 cmlesti
3411 2343 3598 2437 patria:

2007 2432 2211 2505 gaudia
2240 2442 2447 2497 aeterna
2477 2441 2858 2510 cognovimus,
2892 2441 3145 2501 festinare
3177 2448 3245 2502 ad
3274 2465 3393 2505 eam
3411 2432 3597 2524 ‘qnan-

2007 2520 2181 2576 tocius
2210 2522 2496 2579 debemus.
2530 2525 2842 2597 Optandum
2874 2532 3031 2586 nabis
3054 2538 3136 2589 est
3166 2536 3322 2593 citius
3340 2520 3593 2613 pergere,

2006 2616 2172 2683 atque
2211 2612 2278 2667 ad
2310 2612 2453 2673 illam
2478 2614 2559 2670 via
2592 2616 2829 2673 breviori
2851 2621 3162 2690 pervenire.

2008 2717 2082 2772 De
2132 2722 2382 2791 tempore
2430 2721 2788 2781 Antichristi
2830 2730 3151 2796 novissimo,
3196 2737 3251 2789 et
3292 2734 3358 2791 de
3388 2738 3597 2795 ultima

2598 2796 2994 2854 tribulatione.

2076 2896 2476 2964 (AUGUSTINUS,
2514 2900 2587 2957 ad
2615 2901 2951 2974 Ilerychium
2987 2906 3050 2962 in
3090 2911 3331 2981 epistola
3379 2915 3453 2971 De
3486 2915 3596 2972 line

2003 2984 2247 3069 swculi.)
2290 2985 2372 3043 De
2420 2986 2721 3045 Salvatoris
2769 2991 3007 3049 adventu
3040 2996 3135 3068 qui
3164 3009 3512 3069 exspectatur
3540 3003 3596 3060 in

2004 3067 2131 3135 ﬁne,
2162 3079 2412 3143 tempora
2438 3074 2786 3134 dinumerare
2809 3095 2918 3137 non
2940 3067 3226 3151 audemus.
3245 3067 3347 3145 nec
3361 3090 3595 3163 aliquem

2000 3159 2325 3230 prophetam
2339 3161 2408 3219 de
2428 3161 2532 3219 hac
2549 3180 2609 3225 re
2627 3181 2915 3227 numerum
2936 3184 3206 3235 annorum
3220 3159 3597 3236 existimamus

1924 3274 1974 3338 Ο
2001 3245 2333 3339 prmﬁnisse,
2391 3250 2488 3307 sed
2547 3251 2678 3309 illud
2710 3255 2893 3326 potius
2938 3260 3251 3332 praevalere,
3302 3266 3446 3337 quod
3476 3268 3594 3339 ipse

2002 3332 2269 3428 Dominus
2283 3338 2359 3428 ait
2380 3355 2394 3392 :
2423 3363 2443 3388 α
2469 3341 2643 3397 Nemo
2662 3351 2841 3415 potest
2860 3360 3195 3418 cognoscere
3210 3332 3453 3423 tempora
3470 3332 3595 3428 quae

2002 3422 2161 3480 Pater
2198 3427 2385 3495 posuit
2427 3428 2485 3487 in
2521 3445 2620 3484 sua
2663 3435 2939 3503 potestate
2965 3434 3131 3505 (Act.
3160 3440 3222 3507 ι).
3256 3459 3278 3491 ι
3322 3422 3594 3515 Tempora

2002 3526 2139 3584 ergo
2167 3523 2488 3586 computare
2532 3516 2643 3575 hoc
2693 3527 2779 3576 ast
2832 3522 3210 3599 chronologis,
3240 3535 3298 3583 ut
3354 3530 3592 3589 sciamus

2000 3600 2219 3670 quando
2248 3602 2316 3658 sit
2344 3602 2467 3660 ﬁnis
2495 3605 2664 3676 hujus
2692 3608 2877 3665 seculi
2917 3611 3003 3667 vel
3040 3614 3308 3673 viventus
3339 3618 3583 3677 Domini.

1998 3689 2147 3783 Nihil
2175 3690 2321 3783 aliud
2355 3692 2488 3749 mihi
2523 3694 2738 3783 videtur
2767 3714 2927 3768 quam
2957 3698 3102 3771 scire
3133 3703 3276 3760 velle
3302 3707 3453 3777 quod
3472 3708 3607 3783 ipsa.

1997 3778 2074 3835 ait
2103 3794 2118 3832 :
2157 3801 2180 3833 ο
2219 3778 2371 3836 Scire
2401 3782 2674 3851 neminem
2694 3787 3105 3857 possepllauh.
3126 3794 3309 3863 XXIV.)
3330 3819 3351 3843 η
3374 3778 3590 3867 Oppor-

1997 3867 2199 3927 tacitas
2229 3884 2361 3925 vero
2392 3868 2538 3926 illius
2568 3873 2828 3944 temporis
2857 3876 3105 3946 profecto
3133 3895 3240 3937 non
3258 3889 3399 3949 erat,
3432 3893 3588 3943 antc-

1994 3972 2162 4028 quam
2190 3958 2515 4028 prmdicetur
2544 3961 2898 4035 Evangelium
2932 3966 3186 4023 universo
3215 3968 3336 4025 orbi
3354 3971 3409 4027 in
3430 3973 3589 4037 testi-

1995 4053 2181 4111 monio
2211 4055 2464 4112 omnibus
2493 4056 2772 4128 gentibus.
2825 4062 3185 4133 Apertissima
3211 4065 3356 4123 enim
3387 4066 3458 4125 de
3488 4070 3588 4129 hac

1995 4165 2061 4207 re
2084 4150 2287 4222 legitur
2310 4154 2577 4209 sententia
2606 4152 2913 4213 Salvatoris
2927 4157 3197 4216 dicentis:
3224 4184 3247 4209 ι-
3282 4163 3351 4218 Et
3376 4165 3589 4236 pradi-

1995 4245 2213 4305 cabitar
2237 4247 2344 4304 lioe
2374 4249 2738 4321 Evangelium
2781 4254 2937 4326 regni
2981 4254 3039 4310 in
3075 4257 3343 4317 universo.
3363 4262 3586 4320 orbein

1992 4343 2569 4405 teatimonioomnibns
2580 4347 2867 4419 gentibus;
2901 4359 3029 4409 tunc
3040 4353 3582 4431 venietﬁnis(ibid.)-

1992 4440 2141 4496 Tunc
2163 4441 2347 4499 veniet
2389 4442 2534 4511 ﬁnis,
2593 4446 2727 4517 quid
2766 4456 2854 4503 est
2897 4450 3003 4505 nisi
3054 4462 3185 4510 ante
3230 4471 3341 4513 non
3370 4459 3577 4517 veniat.

1994 4535 2228 4599 Quando
2257 4554 2397 4608 ergo
2428 4549 2551 4612 post
2597 4543 2797 4612 veniet,
2838 4543 3105 4604 incartnm
3133 4556 3217 4605 est
3244 4552 3427 4618 nobis.
3456 4562 3589 4613 ante

256 4648 539 4708 calores;
563 4663 583 4687 α
604 4639 660 4697 in
677 4639 833 4710 tuba,
852 4663 873 4688 ι
898 4639 1730 4713 idestmanit‘estatione.lnlege
1743 4638 1888 4695 enim
1918 4626 2178 4701 Dm"
2206 4651 2321 4693 non
2349 4653 2475 4693 esse
2510 4647 2801 4696 Venturum
2827 4643 3080 4703 dubitare
3128 4647 3313 4719 utique
3340 4665 3453 4707 non
3478 4651 3584 4708 de-

259 4735 674 4811 praecipiuntur
694 4735 813 4797 ﬁeri
835 4736 979 4797 tuba:
999 4737 1229 4797 ductiles
1251 4753 1318 4795 ex
1338 4752 1474 4797 auro
1505 4744 1559 4795 et
1578 4752 1688 4795 mre
1710 4744 1765 4795 et
1785 4752 1882 4791 ar-

263 4841 473 4909 gento,
497 4841 557 4895 ut
572 4834 825 4897 sublimia
838 4835 1213 4895 doctrinarum
1239 4841 1877 4895 resonentsacramenta.

354 4956 379 4979 α
418 4932 490 4993 Et
518 4934 937 5011 congregahunt
964 4934 1169 4999 electus
1198 4936 1322 5007 eius
1349 4935 1427 4995 de
1450 4952 1503 4992 iv
1534 4933 1722 4995 mundi
1751 4950 1882 5008 par-

275 5030 451 5101 tibus,
487 5050 512 5080 ι
543 5030 603 5091 id
632 5039 715 5093 est
743 5030 812 5093 de
837 5039 949 5091 toto
986 5032 1120 5093 orbe
1176 5041 1465 5095 terrarum.
1527 5034 1687 5095 Haud
1718 5031 1883 5092 dubie

280 5143 492 5203 magna
520 5128 623 5186 erit
633 5136 953 5191 sanctorum
971 5131 1278 5189 constantia
1302 5147 1432 5195 cum
1454 5132 1698 5193 auditum
1722 5131 1885 5190 fuerit

286 5225 437 5298 quod
492 5225 860 5291 Antichristus
902 5227 1095 5301 spiritu
1138 5229 1252 5287 oris
1292 5228 1511 5289 Domini
1556 5229 1887 5295 interfectus

291 5323 378 5391 sit,
410 5329 466 5387 et
494 5322 681 5389 omnis
709 5322 883 5381 Israel
911 5338 1213 5389 conversus
1241 5325 1315 5385 ad
1340 5323 1530 5391 ﬁdem.

362 5443 385 5471 ι
418 5419 519 5485 His
542 5427 723 5483 autem
754 5418 877 5481 fieri
909 5420 1298 5493 incipientibus
1331 5423 1589 5497 respicite
1619 5432 1675 5483 et
1702 5423 1887 5482 levate

296 5516 461 5589 capita
506 5524 692 5575 vestra
721 5518 978 5591 quoniam
1016 5520 1415 5594 appropinquat
1442 5521 1749 5594 redemptio
1778 5538 1879 5580 ve-

299 5620 419 5676 stra.
446 5637 473 5666 ι»
504 5616 911 5688 ((ὶιικαοιιωε.)
930 5617 1071 5675 Cum
1087 5615 1271 5693 plaga:
1284 5618 1472 5679 mundi
1491 5618 1874 5685 crebrescunt.

296 5723 342 5789 et
392 5722 581 5778 terror
621 5710 818 5783 iudicii
863 5712 1155 5777 cometis
1204 5712 1493 5777 virtutibus
1549 5714 1876 5795 ostenditur,

292 5817 465 5881 levate.
479 5809 703 5901 capiti.
726 5807 783 5871 id
810 5811 1213 5879 αδιθιιιϋωια
1239 5814 1434 5885 corda,
1450 5812 1585 5888 quia
1596 5812 1727 5871 dum
1746 5813 1877 5887 ﬁni-

288 5932 360 5989 ωι·
383 5910 642 5979 mundus
670 5905 758 5963 cui
787 5909 943 5971 amici
966 5925 1083 5967 non
1102 5908 1255 5979 estis,
1282 5926 1452 5989 μοι).
1484 5909 1547 5969 fit
1574 5910 1876 5985 redemptio

1989 4731 2204 4791 hamus.
2262 4734 2320 4791 Si
2357 4750 2495 4808 ergo
2537 4736 2671 4793 latet
2695 4739 2921 4810 quando
2944 4741 3193 4799 Ecclesia
3222 4744 3585 4807 fructiﬁcante

1990 4837 2159 4903 atque
2182 4841 2467 4889 crescente
2508 4834 2805 4891 universus
2834 4851 2869 4891 a
2907 4837 3049 4892 mari
3097 4855 3275 4911 usque
3319 4842 3391 4898 ad
3429 4860 3587 4902 mam

1990 4929 2141 4985 orbis
2167 4929 2497 5002 implebitar,
2546 4933 2741 5003 procul
2793 4934 2971 4991 dubio
3011 4935 3143 4993 latet
3194 4940 3423 5011 quando.
3458 4941 3586 5003 ﬁnis

1989 5026 2117 5081 erit.
2152 5027 2299 5087 Ante
2329 5028 2533 5102 quippe
2562 5045 2673 5086 non
2702 5031 2834 5087 erit.
2876 5054 2907 5084 ι
2936 5034 3086 5090 Tunc
3133 5036 3465 5094 revelabitur
3490 5039 3589 5097 ille

1988 5124 2227 5197 iniquus.
2257 5150 2278 5174 ιι
2313 5124 2371 5185 id
2382 5135 2469 5183 est
2487 5129 2875 5199 Antichristus,
2903 5153 2926 5184 ι
2952 5149 3118 5205 quem
3137 5134 3402 5193 Dominus
3419 5140 3583 5195 Jesus

1988 5221 2504 5295 interﬁciet'spiritu
2531 5226 2645 5283 oris
2674 5227 2758 5283 sui
2790 5230 2866 5299 (ιι
2899 5230 3081 5287 Thess.
3102 5230 3185 5303 ll).
3223 5256 3246 5281 ιι
3280 5233 3363 5290 De
3391 5235 3585 5297 ultima

1986 5325 2171 5375 autem
2197 5318 2547 5379 tribulatione
2561 5322 2697 5381 dicit
2714 5324 2861 5383 idem
2880 5326 3228 5398 Augustinus
3247 5327 3309 5384 in
3329 5329 3469 5387 libro
3498 5332 3583 5389 De

1986 5417 2207 5476 civitate
2259 5417 2386 5472 Dei.
2441 5419 2593 5476 Tunc
2645 5422 2889 5479 solvetur
2930 5425 3165 5482 Satanas
3206 5426 3283 5482 de
3331 5429 3581 5487 mdia

1988 5531 2104 5583 sua,
2136 5522 2191 5571 et
2217 5513 2384 5571 exibit
2412 5515 2485 5569 ad
2526 5516 2877 5576 sedueendas
2919 5521 3189 5589 nationes,
3219 5540 3340 5596 qum
3365 5534 3497 5581 sunt
3521 5527 3583 5585 in

1987 5619 2223 5684 quatuor
2249 5608 2466 5681 angulis
2510 5617 2694 5680 term,
2727 5613 2855 5688 ϐας
2876 5618 3163 5690 etMagog.
3207 5619 3412 5693 (Apoc.
3450 5624 3576 5694 xx),

1986 5724 2215 5782 quorum
2248 5706 2754 5779 interpretationem
2794 5713 3077 5770 nominum
3123 5732 3249 5772 esse
3297 5720 3577 5790 compari-

1984 5823 2138 5863 mus:
2174 5806 2299 5878 Gog
2330 5805 2566 5871 tantm,
2587 5806 2788 5879 Magog
2813 5808 2882 5866 de
2905 5814 3074 5878 tecto,
3092 5819 3366 5886 tanquam
3380 5814 3579 5871 domus

1985 5917 2039 5964 et
2067 5907 2187 5981 ipse
2216 5903 2307 5978 qui
2334 5901 2580 5977 procedit
2613 5901 2683 5961 de
2706 5902 2892 5963 domo.
2934 5906 3146 5966 Gentes
3173 5925 3315 5982 ergo
3346 5919 3492 5986 sunt,
3522 5911 3580 5969 in
