3924 6388
157 383 260 437 ’ῖιεί

1135 377 1712 435 DEFLORATIONES
1750 379 1847 436 SS.
1890 379 2187 436 PATRCM.
2215 411 2290 421 —
2324 380 2450 435 LIB.
2491 381 2536 435 ῐ.

3370 384 3478 441 716

155 507 394 576 diabolo,
430 509 690 566 nutrient
751 519 805 566 et
856 511 1123 566 docebunt
1177 511 1230 564 in
1290 509 1437 566 omni
1480 507 1776 580 iniquitate,
1806 494 1864 558 Α
1894 514 1946 560 et
1973 510 2061 578 qui
2104 527 2264 583 supra
2311 518 2528 578 tectum,
2587 527 2694 567 non
2750 510 3037 568 descendet
3065 510 3118 567 in
3148 512 3368 569 domum
3421 521 3480 569 ut

152 593 407 663 falsitate,
441 605 498 651 et
531 599 764 656 nefaria
805 607 935 668 arte,
995 605 1048 654 et
1091 599 1316 671 maligni
1373 598 1588 670 spiritus
1627 602 1780 653 erunt

156 693 318 748 duces
356 694 483 763 ejus
523 705 580 750 et
628 696 793 766 socii,
835 703 886 752 et
919 697 1141 752 comites
1180 695 1412 750 indivisi.
1455 693 1658 750 Deinde
1695 694 1780 748 Je-

159 783 395 836 rusalem
454 783 699 838 veniens
756 801 944 840 omnes
988 783 1335 847 Christianos,
1405 800 1538 852 quos
1592 781 1662 836 ad
1722 797 1780 836 se

155 879 475 926 convertere
533 888 653 926 non
685 873 936 944 potuerit,
985 885 1082 943 per
1126 871 1274 926 varia
1317 878 1579 926 tormenta
1617 870 1779 940 iugu-

156 957 307 1024 labit,
367 967 421 1013 et
481 975 650 1014 suam
700 961 884 1015 sedem
941 960 994 1014 in
1055 959 1253 1032 templo
1307 968 1491 1014 sancto
1547 958 1777 1028 parabit.

156 1047 449 1116 Templum
511 1048 688 1103 etiam
747 1048 1071 1103 destructum
1132 1048 1276 1118 quod
1318 1047 1574 1103 Salomon
1604 1044 1778 1102 aedifi-

160 1135 320 1198 cavit,
355 1135 413 1188 in
470 1143 626 1191 statu
685 1151 784 1190 suo
841 1134 1178 1202 restaurabit,
1236 1143 1289 1190 et
1333 1133 1677 1190 circumcidet
1701 1149 1780 1200 se,

159 1231 211 1277 et
237 1221 411 1278 filium
465 1223 886 1294 Omnipotentis
940 1241 997 1278 se
1053 1222 1358 1279 mentietur.
1391 1224 1582 1278 Totum
1612 1239 1784 1295 genus

159 1311 444 1365 hominum
477 1312 589 1366 sibi
641 1320 872 1382 quatuor
925 1312 1102 1366 modis
1140 1311 1470 1384 subjugabit,
1515 1311 1641 1382 quia
1669 1311 1785 1366 uni-

157 1416 313 1454 verso
347 1399 474 1455 orbi
509 1399 838 1471 imperabit.
875 1401 993 1456 Uno
1025 1399 1187 1456 modo
1219 1399 1432 1455 nobiles
1461 1399 1563 1455 sibi
1585 1399 1785 1453 divitiis

159 1487 394 1556 asciscit,
432 1504 568 1557 quae
599 1488 706 1543 sibi
735 1487 970 1544 maxime
1027 1487 1264 1555 atlluent,
1325 1489 1450 1558 quia
1478 1487 1655 1543 omnis
1680 1487 1782 1542 ab-

160 1576 414 1631 scondita
445 1576 695 1645 pecunia
723 1577 824 1632 erit
879 1576 927 1630 ei
985 1577 1298 1631 manifesta.
1346 1577 1522 1648 Reges
1549 1583 1604 1631 et
1631 1576 1784 1648 prin-

162 1673 314 1742 cipes
371 1674 628 1744 primum
690 1673 758 1728 ad
815 1690 872 1728 se
926 1680 1226 1739 convertet,
1279 1673 1474 1727 deinde
1519 1689 1615 1746 per
1642 1673 1782 1741 illos,

159 1761 317 1817 alios.
383 1761 654 1817 Secundo
712 1761 875 1817 modo
931 1762 1127 1833 vulgus
1178 1761 1282 1816 sibi
1343 1769 1540 1816 terrore
1583 1761 1782 1826 subdit,

161 1858 289 1928 quia
319 1859 580 1914 maxima
634 1859 842 1915 savitia
897 1858 952 1914 in
1007 1859 1106 1914 Dei
1153 1861 1380 1914 cultores
1413 1859 1554 1914 furit.
1605 1845 1863 1915 TertioB

159 1947 328 2002 modo
383 1947 667 2018 sapientia
739 1954 792 2001 et
845 1946 1146 2002 incredibili
1221 1947 1526 2017 eloquentia
1582 1948 1782 2002 clerum

161 2035 458 2102 obtinebit,
524 2035 657 2106 quia
711 2051 898 2089 omnes
953 2044 1093 2090 artes
1147 2043 1200 2089 et
1255 2051 1442 2090 omnes
1489 2035 1788 2105 Scripturas

163 2124 494 2178 memoriter
532 2123 653 2178 scit.
688 2122 890 2192 Quarto
938 2123 1100 2178 modo
1149 2121 1333 2177 mundi
1369 2130 1787 2194 contemptores,

163 2218 223 2264 ut
251 2218 382 2266 sunt
411 2212 697 2278 monachi,
729 2210 898 2282 signis
918 2219 971 2265 et
1015 2209 1279 2282 prodigiis
1309 2211 1460 2266 fallit.
1487 2211 1627 2267 Loca
1657 2225 1784 2267 vero

163 2315 265 2370 per
291 2315 420 2369 qua:
453 2301 705 2354 Christus
735 2299 998 2354 Dominus
1027 2299 1398 2355 deambulavit
1423 2307 1474 2354 et
1505 2299 1786 2354 illustravit

166 2388 436 2443 destruet.
477 2388 696 2443 Deinde
727 2403 823 2459 per
859 2387 1164 2441 universum
1194 2387 1382 2442 orbem
1426 2387 1598 2442 mittet
1641 2405 1783 2442 nuu-

169 2476 272 2531 tios
298 2483 355 2532 et
397 2477 810 2547 praedicatores.
850 2474 1164 2530 Praedicatio
1206 2484 1384 2530 autem
1432 2475 1550 2544 ejus
1594 2483 1647 2530 et
1690 2491 1785 2547 po-

173 2579 334 2625 testas
363 2571 566 2626 amari
596 2585 765 2642 usque
823 2570 891 2624 ad
947 2587 1116 2639 mare,
1174 2571 1243 2627 ab
1287 2571 1490 2626 oriente
1536 2572 1604 2626 ad
1631 2573 1784 2627 occi-

169 2658 419 2726 dentem,
453 2659 528 2714 ab
559 2659 816 2729 aquilone
861 2659 929 2713 ad
978 2661 1396 2730 septentrionem
1446 2661 1570 2716 erit.
1611 2661 1791 2716 Faciet

175 2763 392 2818 quoque
424 2748 591 2819 signa
620 2747 809 2814 multa,
844 2763 1043 2820 magna
1073 2755 1125 2802 et
1154 2748 1422 2803 mirabilia
1450 2757 1504 2804 et
1531 2749 1788 2804 inaudita.

177 2845 363 2900 Faciet
391 2845 556 2918 ignes
582 2846 654 2900 de
692 2846 830 2901 cado
887 2846 1194 2900 terribiliter
1247 2847 1592 2913 descendere,
1625 2849 1790 2904 arbo-

179 2950 264 2988 res
291 2933 478 2989 subito
534 2933 730 2988 ﬂorere
787 2942 840 2988 et
885 2950 1146 3000 arescere,
1201 2951 1350 2990 mare
1381 2935 1578 2990 turbari
1617 2937 1792 2991 subito

182 3036 233 3084 et
259 3029 630 3100 tranquillari.
687 3030 916 3084 Naturas
970 3030 1026 3084 in
1081 3030 1304 3090 diversis
1355 3030 1544 3104 ﬁguris
1574 3032 1790 3098 mutari,

186 3133 454 3187 aquarum
487 3133 675 3173 cursus
735 3125 788 3172 et
843 3118 1087 3173 ordinem
1143 3117 1402 3186 converti,
1435 3119 1627 3192 agitari
1669 3135 1795 3176 aera

187 3217 381 3283 ventis,
445 3223 505 3272 et
557 3213 893 3272 multimodis
961 3215 1440 3286 commotionibus,
1501 3227 1552 3273 et
1605 3227 1798 3275 cuncta

190 3303 621 3360 innumerabilia
675 3312 729 3360 et
781 3305 1063 3376 stupenda,
1118 3315 1357 3362 mortuos
1407 3307 1461 3362 in
1508 3317 1797 3378 conspectu

191 3393 480 3448 hominum
510 3392 776 3459 suscitari,
835 3401 890 3448 ut
920 3393 975 3447 in
1030 3410 1236 3449 errores
1288 3394 1565 3462 ducantur,
1610 3396 1653 3450 si
1683 3396 1797 3450 ﬁeri

191 3489 386 3552 potest,
421 3481 591 3536 etiam
621 3481 803 3537 electi.
842 3481 1021 3538 Faciet
1051 3499 1262 3553 quoque
1291 3491 1346 3538 ut
1376 3483 1518 3556 ignis
1546 3485 1635 3554 qui
1657 3501 1797 3555 qua-

188 3569 231 3622 si
253 3569 414 3638 jussu
468 3584 566 3624 suo
617 3568 685 3623 de
729 3569 866 3624 cmlo
914 3569 1249 3626 descenderit
1294 3571 1628 3628 adversarios
1672 3588 1798 3629 suos

189 3670 373 3712 coram
435 3674 495 3712 se
552 3673 889 3726 consumere,
948 3666 1002 3713 et
1045 3666 1284 3714 mortuos
1339 3659 1428 3730 qui
1474 3661 1799 3716 surrexerint

187 3745 289 3800 sibi
343 3745 719 3802 testimonium
771 3746 918 3802 dare.
983 3746 1274 3802 Suscitabit
1325 3757 1501 3803 autem
1560 3757 1798 3805 mortuos

187 3848 312 3888 vere
332 3834 364 3886 ?
384 3834 746 3902 Nequaquam
771 3848 786 3901 ;
807 3835 900 3888 sed
921 3833 1168 3889 diabolus
1195 3835 1309 3903 ejus
1329 3833 1593 3889 maleﬁcio
1623 3835 1796 3891 alicu-

182 3919 273 3989 jus
307 3921 555 3977 damnati
602 3937 798 3992 corpus
853 3921 1031 3989 intrat,
1089 3931 1144 3978 et
1197 3923 1328 3978 illud
1383 3929 1650 3994 apportet,
1701 3941 1799 3995 per

187 4008 320 4064 illud
348 4010 594 4080 loquitur
620 4010 771 4080 quasi
823 4010 1006 4067 vivum
1062 4009 1324 4068 videatur.
1384 4013 1484 4070 Hic
1511 4013 1792 4088 antiquam

191 4107 494 4162 Jerusalem
525 4105 897 4175 reaediﬁeabit,
954 4110 1010 4164 in
1065 4127 1171 4180 qua
1197 4128 1255 4167 se
1285 4121 1343 4168 ut
1369 4114 1542 4169 Deum
1573 4115 1674 4171 coli
1699 4114 1794 4184 ju-

192 4195 369 4253 bebit.
410 4196 645 4265 Quando
675 4197 802 4253 talia
849 4205 902 4253 et
940 4205 1086 4254 tanta
1129 4201 1287 4272 signa
1314 4202 1500 4259 vident
1526 4203 1688 4260 etiam
1719 4202 1796 4258 illi

195 4293 283 4362 qui
315 4293 548 4365 perfecti
587 4301 642 4348 et
695 4293 851 4348 electi
907 4303 1030 4350 sunt
1085 4296 1204 4364 Dei,
1261 4297 1585 4355 dubitabunt
1620 4309 1797 4358 utrum

191 4378 304 4450 ipse
333 4379 588 4437 Christus
611 4379 684 4434 sit
709 4380 801 4450 qui
849 4381 904 4436 in
959 4380 1066 4438 ﬁne
1120 4384 1307 4438 mundi
1337 4393 1593 4442 venturus
1621 4397 1703 4444 est
1727 4405 1797 4444 an

192 4492 324 4532 non.
373 4478 508 4532 Haec
543 4483 724 4532 autem
779 4479 963 4535 omnia
1023 4481 1302 4549 miracula,
1342 4490 1402 4538 ut
1437 4485 1639 4540 dictum
1687 4494 1782 4553 est,

189 4575 368 4630 modis
389 4573 648 4630 omnibus
675 4574 811 4630 falsa
839 4584 996 4632 erunt
1039 4593 1137 4649 per
1177 4579 1563 4637 incantationes
1589 4582 1786 4640 diabo-

191 4671 337 4742 licas,
368 4671 467 4726 sed
491 4673 868 4741 peccatoribus
895 4681 950 4729 et
977 4675 1266 4732 incredulis
1284 4677 1611 4735 videbuntur
1637 4697 1786 4738 vera.

684 4786 886 4842 Divisio
921 4790 1309 4846 narrationis.

264 4883 539 4940 Excitabit
557 4883 912 4939 Antichristus
946 4887 1346 4954 persecutiones
1364 4889 1464 4945 sub
1485 4891 1631 4946 omni
1653 4893 1790 4949 etnlo

198 4977 251 5032 in
279 4980 615 5036 Christianos
641 4987 697 5034 et
724 4980 780 5034 in
805 4995 994 5035 omnes
1043 4981 1259 5037 electos.
1319 4984 1502 5058 Eriget
1527 5003 1586 5042 se
1613 4989 1790 5058 itaque

199 5077 369 5132 tribus
397 5076 580 5132 modis
602 5084 786 5132 contra
815 5075 1020 5147 ﬁdeles,
1062 5079 1264 5134 scilicet
1302 5087 1521 5150 terrore,
1554 5084 1792 5141 miracu-

197 5173 279 5242 lis,
308 5169 646 5229 muneribus.
679 5174 841 5230 Dabit
867 5175 1012 5230 enim
1042 5177 1098 5230 in
1127 5191 1184 5232 se
1239 5178 1582 5236 credentibus
1609 5183 1790 5238 abun-

199 5273 434 5330 dantiam
493 5274 609 5328 auri
656 5281 709 5328 et
763 5275 990 5347 argenti.
1048 5274 1197 5345 Quos
1255 5291 1384 5334 vero
1431 5296 1536 5337 non
1565 5284 1799 5354 potuerit

201 5371 448 5444 decipere
475 5371 792 5428 muneribus
838 5374 1063 5429 tentabit
1116 5359 1339 5431 terrore.
1371 5375 1519 5446 Quos
1547 5395 1656 5436 non
1687 5389 1797 5437 ter-

199 5483 336 5536 rore,
354 5468 531 5542 signis
549 5476 603 5524 et
622 5469 894 5524 miraculis
917 5470 1159 5527 tentabit.
1183 5470 1332 5542 Quos
1360 5489 1459 5529 nec
1485 5475 1655 5547 signis
1681 5477 1801 5533 illu-

202 5566 324 5622 dcre
364 5566 622 5636 potuerit,
653 5565 707 5618 in
736 5574 1024 5637 conspectu
1062 5567 1305 5622 omnium
1337 5570 1632 5629 miserabili
1663 5591 1799 5632 mor-

205 5672 253 5719 te
279 5665 524 5722 necabit.
570 5686 594 5711 κ
625 5663 777 5719 Tunc
832 5666 934 5720 erit
987 5667 1106 5721 talis
1160 5667 1451 5737 tribulatio,
1493 5671 1666 5740 qualis
1693 5689 1803 5732 non

210 5762 307 5820 fuit
334 5779 404 5820 ex
435 5778 550 5833 quo
575 5767 768 5834 gentes
823 5777 938 5818 esse
994 5773 1273 5835 coeperunt
1326 5783 1495 5836 usque
1550 5767 1619 5822 ad
1674 5771 1806 5828 illud

213 5866 450 5934 tempus.
491 5859 644 5914 Tunc
671 5857 762 5927 qui
788 5857 844 5912 in
871 5875 1003 5932 agro
1049 5868 1172 5917 sunt
1215 5863 1422 5934 fugient
1451 5863 1519 5919 ad
1549 5873 1760 5922 montes
1791 5883 1806 5940 ;

543 5973 808 6038 PATROL.
843 5974 1080 6042 CLVII.

1889 597 2036 653 tollat
2064 600 2264 671 aliquid
2327 600 2393 655 de
2449 615 2513 656 ea
2545 603 2731 666 (Nare.
2786 601 2930 673 xm).
2968 623 2990 649 ιι
3026 601 3176 656 Tunc
3223 601 3400 657 omnis
3423 601 3478 656 ﬁ-

1887 695 2021 750 delis
2046 696 2374 753 Christianus
2420 697 2508 768 qui
2540 698 2785 754 inventus
2831 698 3008 766 fuerit,
3041 707 3132 756 aut
3160 696 3331 754 Deum
3375 715 3476 754 ne-

1887 783 2056 856 gabit,
2086 793 2176 840 aut
2203 802 2303 855 per
2331 787 2552 854 ferrum,
2611 795 2702 842 aut
2745 803 2841 860 per
2867 787 3050 859 ignem
3081 787 3332 857 fornacis,
3365 788 3478 843 sive

1888 895 1985 950 per
2010 889 2302 950 serpentes,
2333 900 2427 936 seu
2453 899 2551 954 per
2587 881 2804 950 bestias,
2861 883 2974 939 sive
3015 895 3112 956 per
3136 881 3282 938 aliud
3311 881 3485 954 quod-

1888 965 2019 1021 libet
2073 985 2244 1040 genus
2299 971 2546 1025 tormenti
2602 971 2858 1040 interibit,
2906 971 2951 1026 si
2983 971 3036 1026 in
3066 969 3173 1028 fide
3218 985 3479 1044 permuni-

1889 1065 2043 1120 serit.
2078 1066 2205 1121 Hac
2235 1075 2412 1122 autem
2467 1069 2720 1124 terribilis
2781 1067 3049 1125 tribulatio
3103 1069 3274 1125 tribus
3325 1069 3482 1126 annis

1891 1163 1947 1209 et
1973 1155 2197 1209 dimidio
2227 1155 2442 1211 durabit
2487 1157 2542 1211 in
2585 1165 2696 1213 toto
2737 1157 2962 1213 mundo.
3013 1181 3035 1207 οι
3085 1157 3234 1214 Ttmc
3260 1157 3480 1215 brevia-'-

1889 1245 2089 1299 buntur
2115 1244 2231 1300 dies
2260 1253 2478 1317 propter
2505 1247 2720 1302 electos.
2749 1246 2864 1302 Nisi
2902 1246 3047 1302 enim
3089 1246 3354 1303 Dominus
3387 1249 3483 1304 ab-

1890 1331 2186 1387 breviasset
2214 1333 2330 1388 dies
2353 1350 2460 1390 non
2491 1335 2676 1390 fuisset
2703 1335 2853 1390 salva
2880 1335 3056 1390 omnis
3084 1351 3211 1392 cam
3239 1335 3417 1407 (ibid).
3451 1359 3476 1386 ι»

1891 1429 2128 1500 Tempus
2180 1428 2443 1501 siquidem
2503 1431 2716 1502 quando
2774 1431 3123 1488 Antichrislus
3167 1433 3366 1502 veniat,
3397 1434 3486 1490 vel

1893 1525 2108 1596 quando
2137 1525 2252 1580 dies
2293 1526 2482 1596 judicii
2527 1542 2787 1599 apparere
2833 1527 3072 1600 incipiat,
3125 1529 3318 1584 Paulus
3344 1541 3484 1600 apo-

1892 1614 2058 1669 stolus
2085 1614 2140 1668 in
2169 1615 2407 1684 Epistola
2451 1615 2520 1670 ad
2569 1616 3072 1672 Thessalonicenses
3107 1615 3236 1672 dicit
3268 1631 3280 1671 :
3329 1639 3352 1666 ιι
3385 1617 3484 1672 Ro-

1893 1727 2086 1783 gamus
2111 1726 2208 1766 vos
2235 1728 2332 1783 per
2359 1711 2650 1766 adventum
2697 1711 2914 1767 Domini
2972 1712 3136 1768 nostri
3183 1713 3306 1768 Jesu
3337 1713 3488 1768 Chri-

1893 1800 1977 1854 sti.
2015 1822 2036 1848 υ
2074 1799 2375 1855 Manifestat
2401 1815 2468 1856 eo
2496 1800 2616 1856 loco
2654 1799 2747 1856 ubi
2787 1799 2956 1856 dicit:
2997 1825 3020 1849 σε
3053 1801 3358 1870 Quoniam;
3385 1799 3485 1858 nisi

1893 1888 2098 1943 venerit
2127 1889 2380 1943 discessio
2437 1889 2690 1960 primum,
2722 1897 2774 1944 et
2801 1890 3068 1945 revelatus
3120 1890 3278 1946 fuerit
3323 1891 3488 1948 homo

1893 1985 2142 2048 peccator
2196 1985 2248 2033 et
2298 1976 2438 2031 ﬁlius
2494 1975 2808 2048 perditionis
2856 1979 2932 2044 (11
2960 1979 3124 2035 Thes:
3174 1981 3262 2048 ιι).
3304 2001 3326 2028 η
3373 1979 3488 2035 Sci-

1893 2092 2012 2130 mus
2040 2073 2184 2130 enim
2223 2075 2478 2145 quoniam
2535 2083 2657 2146 post
2713 2091 2940 2147 regnum
2987 2075 3322 2145 Graecorum,
3371 2076 3486 2133 sive

1893 2173 2055 2228 etiam
2086 2181 2204 2242 post
2234 2189 2462 2242 regnum
2495 2171 2794 2240 Persarum,
2821 2189 2888 2227 ex
2913 2173 3109 2243 quibus
3151 2173 3486 2244 unumquod-

1896 2278 1998 2331 que
2027 2276 2126 2316 suo
2156 2270 2398 2331 tempore
2413 2275 2611 2333 magna
2629 2260 2806 2332 gloria
2823 2260 3014 2334 viguit,
3045 2268 3098 2316 et
3123 2259 3362 2317 maxima
3390 2278 3489 2335 po-

1898 2357 2060 2413 tentia
2089 2357 2285 2425 tloruit,
2317 2357 2386 2413 ad
2415 2358 2661 2414 ultimum
2713 2374 2925 2429 quoque
2981 2365 3100 2432 post
3147 2367 3342 2416 caetera
3370 2377 3488 2433 reg-

1895 2463 1986 2516 na,
2013 2462 2242 2518 regnum
2297 2446 2661 2502 Romanorum
2715 2447 2923 2517 capit:
2965 2447 3109 2517 quod
3141 2445 3488 2504 fortissimum

1897 2533 2138 2589 omnium
2164 2534 2500 2603 superiorum
2527 2549 2819 2606 regnorum
2841 2533 2960 2602 fuit,
3009 2541 3064 2590 et
3090 2534 3272 2590 omnia
3319 2552 3490 2610 regna

1898 2631 2056 2685 traxit
2072 2647 2137 2684 ac
2154 2630 2254 2686 sub
2273 2629 2640 2686 dominatione
2658 2646 2756 2685 sua
2776 2617 2982 2700 habuit,
3013 2647 3308 2702 omnesque
3325 2633 3493 2690 natio-

1898 2735 1993 2774 nes
2019 2718 2278 2773 Romanis
2302 2719 2597 2776 servierunt
2625 2719 2725 2774 sub
2776 2719 2992 2774 tributo.
3047 2720 3177 2774 Inde
3203 2737 3335 2792 ergo
3364 2720 3494 2778 dicit

1897 2807 2171 2877 apostolus
2225 2807 2418 2862 Paulus
2469 2807 2847 2862 Antichristum
2877 2823 2985 2862 non
3014 2807 3070 2862 in
3101 2809 3358 2864 mundum
3388 2827 3491 2864 au-

1899 2901 2005 2950 tem
2036 2911 2152 2949 esse
2177 2902 2477 2960 venturum,
2510 2895 2611 2949 nisi
2638 2895 2844 2950 venerit
2873 2893 3128 2952 discessio
3149 2895 3383 2968 primum
3423 2897 3499 2968 (11

1903 2991 2085 3047 Thess.
2124 2995 2186 3061 ιι)
2217 3009 2232 3057 ;
2264 2993 2366 3047 hoc
2390 2998 2490 3060 est,
2545 2991 2651 3046 nisi
2681 2991 3022 3048 discesserint
3051 2993 3236 3048 omnia
3264 3011 3432 3066 regna
3459 3011 3494 3051 ιι

1899 3079 2142 3136 Romano
2171 3079 2422 3150 imperio,
2467 3095 2574 3148 quo
2603 3079 2754 3150 prius
2779 3079 2993 3136 subdita
3022 3088 3199 3142 erant.
3249 3081 3365 3138 Hoc
3390 3099 3494 3138 au-

1825 3192 1876 3256 c
1903 3185 2011 3233 tem
2066 3183 2278 3245 tempus
2330 3175 2570 3231 nondum
2617 3175 2784 3245 venit,
2840 3176 2986 3246 quia,
3045 3177 3170 3234 licet
3215 3178 3497 3237 videamus

1905 3266 2204 3328 Romanum
2234 3265 2522 3336 imperium
2567 3281 2636 3318 ex
2681 3263 2922 3320 maxima
2951 3273 3101 3336 parte
3142 3265 3492 3336 destructum,

1904 3361 2084 3409 tamen
2140 3369 2298 3426 reges
2349 3353 2676 3408 Francorum
2729 3351 2987 3422 quamdiu
3030 3354 3357 3425 duraverint,
3403 3357 3496 3427 qui

1905 3444 2207 3498 Romanum
2262 3441 2548 3512 imperium
2597 3449 2776 3498 tenere
2823 3439 3039 3510 debent,
3073 3440 3300 3498 Romani
3340 3447 3494 3518 regni

1904 3540 2140 3612 dignitas
2167 3555 2236 3594 ex
2267 3545 2378 3594 toto
2434 3553 2544 3592 non
2589 3537 2804 3610 peribit,
2859 3537 2986 3608 quia
3031 3538 3085 3594 in
3140 3539 3362 3612 regibus
3386 3540 3497 3596 suis

1904 3629 2085 3685 stabit.
2116 3626 2350 3698 Quidam
2405 3643 2534 3682 vero
2588 3627 2836 3683 doctores
2889 3627 3056 3684 nostri
3112 3628 3298 3684 dicunt
3351 3629 3496 3700 quod

1905 3733 2042 3772 unus
2065 3733 2134 3771 ex
2161 3717 2382 3788 regibus
2408 3716 2732 3790 Francon
2763 3715 3066 3772 Romanum
3111 3715 3396 3788 imperium
3427 3735 3496 3773 ex

1903 3806 2114 3878 integro
2143 3805 2362 3870 tenebit,
2391 3804 2482 3875 qui
2512 3804 2568 3859 in
2608 3803 2904 3860 novissimo
2957 3811 3200 3874 tempore
3236 3805 3338 3860 erit
3372 3822 3496 3861 ma-

1905 3895 2080 3948 ximus
2111 3901 2163 3949 et
2189 3893 2408 3948 ultimus
2435 3907 2675 3947 omnium
2705 3879 2918 3964 regum.
2957 3891 3060 3962 Qui
3108 3901 3392 3965 postquam
3421 3909 3496 3950 re-

1902 3999 2073 4055 gnum
2102 3998 2256 4036 suum
2293 3980 2520 4036 feliciter
2567 3980 2968 4053 gubernaverit,
3015 3981 3084 4036 ad
3120 3981 3366 4036 ultimum
3397 3981 3494 4038 Je-

1901 4081 2231 4152 rosolymam
2259 4079 2438 4134 veniet
2461 4086 2514 4135 et
2567 4077 2623 4132 in
2661 4085 2846 4136 monte
2899 4075 3096 4134 Oliveti
3147 4089 3414 4150 sceptrum
3442 4089 3497 4137 et

1901 4184 2156 4224 coronam
2186 4167 2621 4238 suamdeponet.
2661 4165 2756 4221 His
2783 4165 2885 4222 erit
2914 4165 3036 4223 ﬁnis
3061 4175 3116 4223 et
3155 4183 3496 4226 censumma-

1903 4258 1977 4312 tio
2003 4257 2388 4322 Romanorum,
2444 4251 2764 4324 imperiique
2803 4251 3245 4312 Christianorum.
3278 4257 3496 4314 Statim-

1903 4371 2008 4426 que
2032 4353 2324 4409 secundum
2380 4351 2691 4424 praedictam
2738 4353 3056 4408 sententiam
3087 4351 3314 4426 apostoli
3343 4355 3494 4412 Pauli

1900 4441 2277 4499 Antichristum
2333 4439 2516 4494 dicunt
2565 4439 2912 4509 adfuturum,
2965 4449 3018 4496 et
3063 4450 3188 4499 tunc
3232 4443 3496 4501 revelabi-

1813 4543 1868 4604 D
1899 4548 1984 4596 tur
2011 4539 2227 4611 quidam
2257 4529 2422 4593 homo
2449 4537 2526 4608 (Il
2555 4537 2736 4594 Thess.
2794 4541 2878 4607 ιι),
2936 4527 3292 4596 Antichristus
3340 4539 3494 4598 vide-

1898 4630 2041 4698 licet,
2071 4627 2162 4700 qui
2191 4627 2316 4682 licet
2340 4627 2504 4682 homo
2531 4625 2617 4694 sit,
2649 4626 2770 4680 fons
2797 4627 2940 4681 enim
2970 4627 3072 4682 erit
3096 4627 3337 4686 omnium
3366 4645 3494 4704 pec-

1897 4727 2155 4786 catorum,
2188 4715 2328 4771 ﬁlius
2345 4713 2678 4788 perditionis,
2711 4715 2813 4770 hoc
2849 4721 2930 4769 est
2956 4711 3097 4770 ﬁlius
3122 4715 3346 4788 diaboli,
3379 4733 3490 4776 non

1900 4824 1999 4882 per
2025 4814 2288 4872 naturam,
2337 4802 2431 4859 sed
2461 4819 2558 4874 per
2591 4801 2968 4871 imitationem,
3027 4803 3154 4885 quia
3181 4819 3281 4876 per
3305 4808 3492 4864 omnia

1901 4895 2216 4966 adimplebit
2243 4892 2571 4948 voluntatem
2600 4889 2823 4956 diaboli,
2881 4891 3006 4960 quia
3059 4891 3338 4963 plenitudo
3364 4895 3489 4952 dia-

1903 4983 2096 5040 bolica
2149 4981 2424 5054 potestatis
2485 4988 2538 5034 et
2583 4978 2742 5034 totius
2796 4979 2927 5034 mali
2977 4979 3181 5051 ingenii
3225 4990 3489 5054 carpta-

1905 5071 2025 5130 liter
2074 5069 2332 5127 habitabit
2378 5069 2436 5124 in
2487 5065 2602 5136 illo,
2660 5067 2716 5122 in
2771 5081 2878 5139 quo
2934 5076 3092 5124 erunt
3139 5082 3364 5126 omnes
3385 5075 3500 5133 tho-

1905 5169 2046 5226 sauri
2073 5167 2294 5222 malitiae
2305 5173 2362 5221 et
2387 5165 2640 5237 nequitia:
2668 5171 2722 5221 et
2748 5165 3060 5238 iniquitatis.
3111 5184 3116 5192 ’
3195 5179 3201 5221 ,z

1975 5275 2081 5345 Qui
2126 5272 2456 5341 adversatur,
2514 5271 2570 5327 id
2610 5277 2691 5327 est
2742 5272 3039 5328 contran'us
3066 5275 3152 5328 est
3176 5275 3386 5334 Christo
3437 5287 3497 5334 et

1905 5374 2155 5432 omnibus
2201 5368 2460 5426 membris
2511 5369 2650 5440 ejus,
2680 5376 2736 5425 et
2761 5370 3051 5440 extollitur,
3096 5369 3156 5426 id
3208 5381 3292 5430 est
3325 5375 3382 5430 in
3409 5393 3500 5433 su-

1907 5471 2149 5546 perbiam
2177 5467 2400 5539 erigitur
2422 5479 2588 5537 supra
2639 5468 2804 5522 clune
2852 5467 2999 5538 quod
3025 5468 3222 5526 dicitur
3243 5471 3418 5543 “Dens,
3445 5474 3503 5532 id

1909 5577 1990 5624 est
2013 5583 2175 5640 supra
2201 5565 2400 5620 electos
2444 5563 2532 5618 vel
2577 5561 2710 5618 deos
2761 5563 3026 5636 gentium,
3056 5565 3270 5636 Jovem,
3299 5571 3502 5644 Apolli-

1911 5681 2058 5734 nem,
2114 5659 2456 5724 Mercurium,
2531 5659 2668 5728 quos
2721 5659 2921 5730 pagani
2947 5659 3106 5717 .deus
3162 5665 3498 5742 existimat,

1915 5767 2091 5834 Supra
2109 5773 2298 5817 omnes
2316 5757 2447 5810 istos
2461 5753 2738 5810 extollitur
2753 5755 3144 5827 Antichristug;,-
3175 5763 3304 5832 quia

1917 5879 2032 5918 rem
2053 5867 2106 5918 et
2133 5854 2410 5914 fortiorem
2439 5867 2500 5910 se
2528 5851 2690 5909 faciet
2714 5851 2834 5910 .illis
2873 5853 3148 5914 omnibus.
3191 5856 3260 5938 lit
3287 5875 3395 5924 non
3421 5877 3510 5922 so.

3125 5972 3199 6034 2i
