3924 6406
180 412 283 465 753

1156 402 1737 463 DEFLORATIONES
1776 402 1883 459 SS.
1928 402 2231 463 PATRUM.
2258 433 2331 447 -—
2358 404 2487 461 LIB.
2528 405 2575 461 Ι.

3412 418 3518 475 Ἷῦι

182 532 477 589 lectionem
510 534 625 591 Dei
655 544 718 591 et
749 534 1002 609 proximi.
1043 532 1145 604 Qui
1183 532 1349 587 altera
1379 530 1589 586 illarum
1644 534 1809 597 caret,
1832 526 1897 611 ,Α
1925 542 1990 584 eo
2020 527 2168 584 velut
2195 544 2422 601 organo,
2454 544 2789 607 movensque.
2815 530 2935 613 ejus
2960 540 3215 613 naturam.
3248 550 3314 593 eo
3354 539 3521 596 modo

181 631 409 687 claudus
442 641 550 688 est.
588 635 779 691 Adam
828 650 960 706 ergo
1007 631 1364 689 cluudicavit:
1417 629 1543 700 quia
1585 627 1813 682 nimium

182 746 415 785 uxorem
446 731 680 799 dilexit,
717 750 844 788 cum
874 732 943 787 ab
981 747 1163 786 amore
1190 728 1289 784 Dei
1334 743 1394 783 se
1438 727 1605 781 ﬂexit.
1641 724 1814 779 Deum

184 834 291 872 non
321 819 548 886 dilexit,
579 820 756 889 cujus
806 819 1060 876 mandata
1105 816 1365 889 neglexit.
1414 813 1610 872 Uxoris
1654 828 1813 867 amo-

180 931 295 969 rem
328 917 433 970 Dei
466 917 661 972 amori
694 916 947 988 praetulit,
979 915 1107 969 dum
1144 913 1395 967 libentius
1422 910 1605 964 uxoris
1654 924 1814 978 quam

181 1004 281 1059 Dei
313 1004 579 1060 obedivit
627 1005 894 1060 voluntati
932 1005 1364 1072 (AUGl'STlNUS.)
1410 1001 1549 1054 Nam
1597 1006 1816 1068 postea-

184 1113 349 1167 quam
381 1097 453 1152 de
477 1098 647 1171 ligno
660 1098 933 1170 prohibito
944 1098 1160 1151 seducta
1181 1094 1406 1150 muliere
1448 1090 1813 1158 manducavit,

183 1196 342 1266 eique
366 1194 527 1251 dedit
551 1204 619 1251 ut
651 1197 817 1251 simul
853 1194 1092 1263 ederent,
1130 1193 1301 1248 noluit
1337 1207 1458 1247 eam
1495 1188 1814 1256 contristari,

184 1300 349 1354 quam
382 1285 667 1340 credebat
698 1299 855 1357 posse
884 1284 999 1339 sine
1035 1298 1135 1338 suo
1180 1281 1370 1337 solatio
1416 1278 1812 1343 contabescere,

183 1382 225 1435 si
258 1382 331 1436 ab
360 1382 488 1450 ejus
522 1383 865 1437 alienaretur
900 1380 1103 1448 animo,
1152 1386 1205 1434 et
1250 1377 1469 1434 omnino
1524 1374 1616 1430 illa
1672 1373 1814 1429 inte-

183 1470 289 1524 rire
348 1470 667 1540 discordia,
730 1486 841 1527 non
896 1469 1114 1540 quidem
1169 1468 1344 1522 carnis
1389 1465 1559 1520 victus
1611 1479 1815 1519 concu-

185 1567 479 1639 piscentia,
514 1584 649 1638 quae
677 1567 915 1622 nondum
948 1574 1200 1630 senserat,
1235 1564 1324 1615 se-l
1358 1562 1623 1615 nmieahili
1676 1576 1814 1629 qua-

184 1655 313 1710 dam
374 1655 803 1724 bent-scientia,
865 1674 969 1726 qua
1026 1657 1341 1728 plerumque
1396 1652 1458 1707 ﬁt
1512 1660 1569 1707 ut
1637 1648 1814 1705 offen-

184 1751 347 1807 datur
376 1753 558 1822 Deus,
593 1768 666 1807 ne
694 1755 858 1808 homo
887 1768 952 1806 ex
982 1750 1159 1806 amico
1189 1748 1281 1805 ﬁat
1307 1748 1575 1803 inimicus.

260 1840 411 1911 Ergo
444 1842 563 1896 alio
598 1840 766 1896 modo
795 1840 1052 1910 quodam,
1085 1838 1245 1893 etiam
1276 1837 1389 1908 ipse
1419 1836 1673 1907 deceptus
1711 1844 1807 1904 est,
1841 1871 1894 1932 Β

187 1937 284 1991 sed
315 1938 453 1994 dolo
507 1938 611 1993 illo
668 1937 977 2007 serpentino
1033 1952 1139 2007 quo
1197 1935 1389 1991 mulier
1441 1933 1658 1989 seducta
1711 1941 1810 2002 est,

188 2027 339 2080 nullo
371 2026 551 2082 modo
585 2027 742 2082 illum
772 2026 1003 2081 arbitror
1028 2025 1265 2095 potuisse
1294 2022 1476 2078 seduci
1506 2023 1814 2091 (AUGUSTI-

188 2130 307 2168 sus
346 2115 454 2171 lib.
498 2131 688 2187 super
718 2114 859 2171 Gen.
899 2115 971 2169 ad
1002 2115 1258 2169 litteram
1288 2128 1337 2169 c.
1370 2111 1482 2181 2'7).
1528 2134 1550 2158 α
1586 2110 1817 2167 Seducta

191 2211 341 2264 enim
373 2220 500 2266 erat
533 2212 632 2267 illa
664 2210 840 2283 primo
870 2227 967 2282 per
1001 2218 1304 2281 serpentem
1344 2207 1537 2263 deinde
1585 2208 1667 2262 vir
1719 2223 1818 2277 per

196 2299 497 2355 feminam.
540 2300 812 2356 Diabolus
840 2307 1018 2355 autem
1048 2299 1255 2353 locutus
1282 2297 1337 2352 in
1367 2303 1631 2367 serpente,
1663 2303 1817 2352 utens
1880 2304 1889 2305 '

426 2406 567 2471 Hic
599 2405 951 2471 dividatur
976 2420 1231 2483 sermo,
1261 2403 1321 2468 si
1351 2403 1595 2485 placet.

268 2520 539 2589 Audistis,
570 2521 787 2589 fratres,
832 2520 1105 2591 quomodo
1151 2520 1325 2576 Adam
1368 2517 1580 2585 surdus,
1615 2525 1814 2585 mutus,

197 2623 399 2675 caecus,
433 2618 493 2664 et
520 2610 752 2665 claudus
780 2608 998 2665 eﬂ‘ectus
1024 2616 1128 2663 est.
1180 2611 1242 2663 ln
1289 2609 1405 2662 haec
1449 2606 1641 2661 eadem
1688 2607 1817 2661 vitia

200 2712 378 2767 genus
407 2700 719 2755 humanum
757 2698 1057 2754 involutum
1086 2706 1219 2765 erat,
1259 2705 1547 2764 antequam
1576 2694 1816 2751 Christus

201 2792 256 2846 in
283 2794 565 2850 mundum
610 2795 867 2850 venisset.
924 2794 1076 2850 Adeo
1132 2793 1278 2849 enim
1334 2793 1588 2848 excaecati
1640 2799 1811 2858 erant,

202 2882 327 2949 quia
358 2883 514 2939 idola
560 2884 861 2939 coluerunt.
912 2882 1066 2937 Unde
1110 2881 1430 2953 Apostolus:
1487 2903 1510 2928 α
1561 2881 1813 2936 Evanue-

204 2978 325 3024 runt
355 2972 414 3025 in
443 2972 878 3044 cogitationibus
922 2971 1051 3035 suis,
1090 2978 1144 3025 et
1190 2971 1532 3025 obscuratum
1589 2978 1670 3023 est
1722 2985 1817 3024 eor

208 3081 397 3121 eorum
428 3068 722 3139 insipiens.
761 3067 834 3121 Et
877 3067 1005 3137 quia
1058 3083 1167 3121 non
1225 3065 1588 3137 probaverunt
1642 3068 1814 3122 Deum

206 3155 407 3211 habere
440 3158 498 3211 in
534 3157 745 3221 notitia,
778 3156 995 3210 tradidit
1043 3156 1162 3209 illos
1217 3156 1362 3209 Deus
1414 3155 1468 3209 in
1522 3154 1813 3224 reprobum

206 3258 423 3300 sensum
455 3247 643 3313 (Rom.
695 3245 760 3314 ι).
806 3266 827 3291 η

209 3339 374 3394 Isaias
405 3342 482 3397 ait
518 3358 533 3393 :
574 3365 596 3389 u
632 3344 988 3396 Incrassatum
1017 3348 1095 3395 est
1139 3354 1235 3395 cor
1288 3340 1472 3410 pepuli
1526 3339 1705 3409 hujus,
1763 3348 1817 3394 et

207 3428 426 3483 auribus
452 3431 703 3502 graviter
729 3429 1030 3483 audierunt.
1063 3430 1169 3484 Cor
1196 3436 1248 3482 et
1277 3429 1461 3482 oculos
1489 3443 1614 3483 suos
1657 3429 1811 3483 clau-

157 3523 165 3531 '
204 3524 384 3571 serunt
413 3535 483 3573 ne
518 3510 739 3588 quando
765 3517 935 3572 oculis
962 3517 1200 3582 videant,
1232 3525 1284 3570 et
1333 3517 1553 3571 auribus
1592 3516 1814 3571 audiant

211 3611 338 3675 (Ira.
390 3618 499 3686 VI).
547 3637 568 3663 η
624 3612 1075 3669 Claudicavcrunt
1121 3613 1261 3667 male
1317 3612 1612 3684 operando,
1662 3613 1816 3683 juxta

210 3698 339 3755 illud
368 3718 566 3759 omnes
596 3701 1020 3769 declinaverunt,
1071 3709 1175 3757 etc.
1220 3702 1285 3755 Et
1340 3702 1529 3756 iterum
1562 3720 1574 3757 :
1613 3726 1634 3751 α
1696 3703 1816 3757 Filii

211 3788 369 3844 alieni
399 3792 617 3847 mentiti
644 3797 770 3845 sunt
799 3789 954 3858 mihi,
991 3812 1013 3838 η
1063 3799 1170 3845 etc.
1235 3791 1412 3861 (Prol.
1470 3791 1627 3857 xvn).
1684 3792 1814 3846 Muti

212 3896 329 3941 sunt
359 3888 490 3944 facti
516 3888 743 3944 tacendo
786 3895 1023 3958 peccata,
1078 3887 1233 3957 juxta
1288 3889 1388 3941 hoc
1441 3886 1586 3957 quod
1642 3886 1814 3942 David

213 3972 277 4027 de
307 3992 363 4029 sc
398 3978 527 4033 ait:
579 3974 850 4045 Quoniam
911 3975 1047 4030 tacui
1105 3983 1157 4030 et
1210 3975 1639 4030 inveteraverunt
1694 3990 1815 4031 ossa

215 4076 332 4117 mea
362 4067 543 4133 (Psal.
577 4066 755 4133 xxxx).
793 4086 813 4111 υ
850 4064 978 4118 Ηωο
1004 4064 1207 4124 omnia.
1260 4063 1448 4118 fratres
1492 4064 1810 4131 charissimi,

213 4161 421 4217 sanavit
449 4160 698 4216 medicus
745 4158 993 4215 cmlestis.
1055 4161 1243 4215 CtDCOS
1298 4160 1635 4229 illuminavit,
1689 4176 1812 4215 cum

217 4251 423 4315 aperuit
462 4267 654 4305 sensus
699 4248 1000 4314 hominum,
1050 4256 1107 4302 ut
1155 4249 1514 4320 intelligerent
1566 4249 1811 4319 Scriptu-

216 4350 319 4401 ras,
352 4347 405 4393 et
431 4346 650 4409 patrem
700 4353 853 4391 suum
891 4337 1228 4391 annuntiavit
1254 4337 1477 4403 mundo,
1513 4335 1671 4406 juxta
1710 4339 1813 4392 hoc

219 4432 355 4499 quod
384 4435 461 4491 ait
493 4435 656 4505 ipse:
714 4457 735 4480 «ι
788 4433 962 4501 Pater,
1014 4433 1351 4488 manifestavi
1407 4449 1606 4488 nomen
1662 4442 1810 4488 tuum

219 4517 524 4579 hominibus
584 4522 767 4591 (Joan.
832 4537 990 4588 xvn).
1055 4545 1075 4567 η
1155 4522 1219 4575 Ει
1294 4521 1419 4591 quia
1489 4522 1636 4593 prius
1699 4530 1812 4577 erat

218 4613 270 4668 in
336 4619 543 4674 mundo
578 4661 593 4684 ,
671 4626 725 4671 et
796 4618 1026 4672 mundus
1108 4634 1229 4672 eum
1321 4634 1428 4673 non
1520 4620 1798 4691 cognovit.

216 4702 338 4760 llaec
401 4716 485 4763 est
554 4705 879 4761 illuminatio
945 4722 1105 4776 quam
1173 4708 1404 4777 postulat
1469 4708 1642 4763 David
1717 4709 1806 4762 di-

216 4806 334 4849 cens
366 4816 376 4850 :
419 4819 441 4845 ι(
478 4794 730 4850 Illumina
761 4795 945 4849 oculos
974 4812 1145 4862 meos,
1196 4813 1259 4849 ne
1316 4814 1550 4866 unquam
1599 4795 1806 4851 obdor-

219 4880 371 4937 miam
395 4886 451 4939 in
482 4891 679 4946 morte,
701 4907 722 4930 η
759 4890 860 4937 etc.
898 4906 920 4931 η
948 4883 1075 4954 (Ira.
1104 4886 1225 4952 xu.)
1257 4887 1423 4938 Aures
1443 4885 1668 4954 aperuit,
1684 4902 1805 4939 cum

220 4968 467 5029 clamavit
500 4971 644 5041 :Qui
666 4972 829 5026 habet
851 4988 1006 5026 aures
1046 4972 1296 5027 audiendi
1329 4972 1512 5028 audiat
1568 4974 1795 5037 (Matth.

221 5058 316 5126 x1).
356 5086 376 5110 »ι
416 5061 484 5115 Et
513 5060 734 5132 gentilis
764 5060 996 5132 populus
1024 5060 1389 5115 habuitaures
1419 5069 1648 5130 apertas,
1681 5078 1801 5116 cum

220 5149 654 5215 praedicationem
696 5147 813 5218 ejus
868 5148 1096 5203 libenter
1149 5150 1399 5220 suscepit,
1451 5150 1614 5219 juxta
1664 5151 1805 5220 quod
1852 5142 1861 5145 ’

222 5230 324 5300 ipse
352 5255 451 5311 per
478 5237 655 5292 David
684 5237 755 5291 ait
788 5252 800 5288 :
859 5260 879 5283 η
932 5235 1165 5305 Populus
1202 5254 1361 5307 quem
1411 5255 1517 5292 non
1573 5238 1806 5309 cognovi

220 5327 431 5383 servivit
458 5326 611 5393 mihi,
650 5348 669 5372 ιι
696 5334 820 5389 etc.,
849 5327 1023 5383 (Psal.
1059 5328 1194 5393 xvi).
1230 5328 1355 5380 llzec
1383 5335 1503 5381 sunt
1556 5328 1647 5382 illa
1698 5328 1804 5383 duo

223 5425 328 5478 qua:
355 5416 622 5487 propheta
652 5412 901 5483 promisit
929 5429 1049 5466 cum
1081 5414 1154 5468 ait
1188 5432 1199 5467 :
1239 5438 1260 5461 η
1311 5415 1458 5469 Tunc
1501 5416 1807 5484 aperientur

223 5504 345 5557 oculi
377 5518 686 5559 caecorum:
721 5510 772 5555 et
818 5518 971 5555 aures
1017 5501 1294 5557 surdorum
1346 5502 1602 5574 patebunt
1662 5505 1795 5575 (Lm.

224 5596 403 5657 xxxv).
448 5616 469 5640 ι»
510 5591 806 5661 Sequitur:

290 5712 309 5736 «
342 5692 403 5746 Et
431 5690 595 5745 saliet
624 5688 756 5742 sicut
790 5704 978 5743 cervus
1024 5689 1243 5745 claudus
1296 5691 1496 5758 (ibid).
1533 5713 1554 5738 η
1619 5692 1805 5747 Claudi

227 5795 381 5858 erant,
412 5797 472 5843 ut
502 5785 762 5852 diximus,
794 5787 920 5856 quia
946 5793 1089 5841 recte
1135 5802 1244 5842 non
1275 5784 1617 5854 incedebant,
1667 5805 1806 5859 ope-

232 5880 362 5941 ribus
385 5885 549 5942 bonis
579 5897 689 5937 non
708 5891 976 5939 vacantes.
1000 5881 1106 5939 Sed
1143 5883 1337 5940 direxit
1374 5900 1587 5956 gressus
1620 5886 1805 5941 homi-

890 3243 1048 3300 Surdi
1102 3250 1253 3298 erant
1301 3242 1460 3312 juxta
1515 3246 1617 3299 hoc
1671 3243 1815 3313 quod
1844 3224 1894 3289 Ο

1924 638 2032 694 quo
2060 631 2244 680 movet
2270 624 2362 680 ille
2419 640 2659 696 serpens,
2709 633 2764 682 et
2809 628 3018 685 moveri
3072 628 3167 686 illa
3218 632 3392 703 potuit
3450 633 3522 689 ad

1925 711 2305 783 exprimendus
2340 712 2632 770 verborum
2660 730 2841 785 sonos,
2902 724 2955 771 et
3006 717 3166 790 signa
3218 721 3523 793 corporalia

1923 823 2024 878 per
2049 825 2169 880 qua:
2197 810 2392 865 mulier
2419 810 2692 866 suadentis
2720 812 3045 885 intelligeret
3088 814 3445 872 voluntatem.
3488 842 3513 867 ι»

1923 897 2047 952 Non
2100 898 2276 969 itaque
2331 914 2552 971 serpens
2605 900 2897 957 verborum
2943 917 3105 958 sonos
3159 903 3517 978 intelligebat,

1926 1011 2046 1064 quae
2070 1012 2138 1048 cx
2194 996 2288 1051 illo
2342 994 2545 1051 ﬁebant
2594 997 2663 1052 ad
2717 998 3019 1066 mulierem,
3080 1000 3518 1073 quandoquidem

1924 1098 2024 1137 nec
2081 1082 2183 1155 ipsi
2240 1084 2487 1140 homines
2542 1100 2770 1155 quorum
2825 1087 3102 1143 rationalis
3156 1097 3347 1147 natura
3412 1101 3513 1159 est,

1923 1198 2045 1237 cum
2066 1182 2282 1238 diemon
2301 1182 2357 1237 in
2378 1184 2455 1238 eis
2476 1184 2708 1255 loquitur
2742 1200 2808 1239 ea
2845 1186 3092 1257 passione
3121 1187 3208 1241 cui
3252 1190 3520 1247 exoreista

1922 1270 2226 1340 requiritur,
2259 1271 2432 1327 sciunt
2460 1272 2588 1343 quid
2617 1273 2925 1347 loquantur.
2981 1275 3152 1331 Adam
3202 1275 3404 1348 itaque,
3460 1286 3520 1334 ut

1922 1359 2344 1431 praelibavimus,
2377 1361 2503 1431 quia
2530 1360 2781 1417 libentius
2809 1364 2991 1421 uxoris
3016 1365 3351 1439 persuasioni
3378 1366 3519 1423 obe-

1922 1455 2057 1510 divit
2085 1473 2247 1527 quam
2276 1457 2376 1513 Dei
2432 1458 2713 1529 voluntati,
2768 1459 2894 1517 ideo
2948 1461 3287 1519 claudicavit.
3334 1464 3513 1520 Mutus

1922 1560 2135 1615 quoque
2166 1546 2267 1600 fuit
2290 1546 2344 1599 in
2371 1546 2709 1603 confessione
2739 1548 2965 1620 peccati,
3006 1549 3132 1620 quia
3178 1566 3289 1607 non
3340 1551 3515 1607 solum

1920 1658 2031 1697 non
2082 1641 2360 1697 confessus
2414 1651 2492 1698 est
2544 1653 2844 1716 peccatum,
2892 1645 2988 1701 sed
3043 1646 3203 1703 etiam
3260 1662 3518 1705 excusare

1920 1730 2440 1799 crepitmalefactum
2462 1732 2682 1788 dicens:
2712 1756 2735 1782 α
2759 1734 2951 1789 Mulier
2969 1735 3345 1805 quamdedisti
3379 1737 3513 1793 mihi

1921 1827 2124 1883 sociam
2152 1826 2220 1881 de
2252 1827 2401 1899 ligno
2427 1827 2579 1882 dedit
2604 1828 2759 1896 mihi,
2791 1837 2845 1884 et
2871 1829 3085 1885 comedi
3131 1830 3293 1897 (Gen.
3341 1834 3445 1902 In).
3483 1856 3506 1881 υ

1922 1916 2058 1972 Cum
2086 1931 2218 1988 ergo
2248 1915 2323 1971 ait
2350 1937 2372 1964 σι
2405 1916 2618 1983 mulier,
2651 1931 2814 1986 quam
2838 1917 3034 1973 dedisti
3063 1918 3196 1974 mihi
3224 1919 3449 1986 sociam,
3487 1944 3510 1968 υ

1923 2012 1977 2067 in
2005 2013 2286 2067 mulierem
2316 2011 2575 2067 convertit
2604 2013 2840 2085 culpam,
2875 2006 2939 2069 et
2974 2014 3147 2069 Deum
3204 2016 3367 2070 etiam
3420 2016 3514 2070 in-

1924 2101 2129 2156 famare
2160 2100 2329 2157 voluit
2384 2100 2439 2155 in
2494 2102 2596 2156 hoc
2650 2101 2839 2170 verbo,
2901 2125 2923 2150 ι
2960 2117 3122 2173 quam
3167 2101 3362 2158 dedisti
3414 2103 3517 2158 mi-

1923 2195 2003 2251 hi.
2047 2218 2069 2244 ιι
2576 2206 2579 2215 ·

1923 2542 2095 2595 mum,
2125 2542 2247 2593 cum
2276 2526 2441 2583 corda
2467 2542 2655 2583 eorum
2684 2526 2754 2583 ad
2782 2526 2926 2587 viam
2955 2527 3191 2584 cmlestis
3205 2526 3396 2599 patria
3424 2525 3514 2583 di-

1923 2616 2080 2672 rexit.
2104 2615 2282 2672 Corda
2307 2615 2630 2687 diriguntur,
2661 2632 2787 2672 cum
2814 2632 2988 2688 neque
3019 2615 3089 2672 ad
3116 2614 3396 2693 dexteram
3424 2632 3517 2673 ne-

1923 2729 2027 2783 que
2058 2713 2127 2769 ad
2157 2712 2428 2769 sinistram
2474 2713 2830 2769 divertuntur.
2877 2714 3114 2785 Dextera
3166 2721 3248 2769 est
3298 2702 3516 2769 ωίεειὲί..

1922 2801 2108 2858 cordia
2136 2802 2255 2869 Dei,
2286 2801 2500 2857 sinistra
2528 2817 2655 2857 vero
2684 2801 3011 2874 desperatio.
3039 2801 3193 2858 Unde
3211 2801 3287 2858 ait
3317 2801 3511 2879 Isaias.

1928 2922 1951 2947 σε
1984 2899 2113 2954 Huic
2140 2898 2249 2965 via,
2281 2898 2558 2955 ambulate
2587 2897 2642 2953 in
2660 2914 2747 2967 ea,
2767 2914 2943 2969 neque
2963 2898 3032 2954 ad
3050 2899 3329 2956 dexteram
3344 2914 3522 2969 neque

1922 2987 1990 3042 ad
2018 2987 2289 3042 sinistram
2317 2986 2649 3043 declinantes
2676 2986 2817 3056 (Ira.
2848 2989 3004 3057 xxx).
3030 3010 3064 3059 Διι
3116 2986 3282 3061 Iudas
3308 2996 3363 3044 et
3407 2988 3522 3044 dia-

1921 3075 2080 3131 bolus
2116 3076 2207 3145 qui
2257 3075 2696 3146 desperaverunt,
2756 3075 2827 3131 ad
2879 3075 3155 3149 sinistram
3205 3076 3520 3137 declinave-

1922 3181 2063 3227 runt.
2096 3172 2360 3241 Origenes
2381 3186 2598 3241 quoque
2651 3172 2745 3241 qui
2800 3172 3031 3228 nimium
3084 3170 3411 3241 conﬁdendo
3464 3173 3521 3228 in

1922 3260 2291 3317 misericordia
2314 3260 2414 3315 Dei
2444 3259 2759 3331 praedicavit
2783 3259 3060 3316 diabolum
3101 3260 3420 3317 salvandum
3467 3268 3526 3315 et

1923 3348 2240 3405 solvendum
2270 3356 2393 3419 post
2420 3349 2569 3403 mille
2597 3364 2789 3418 annos,
2820 3356 2874 3403 et
2919 3348 3081 3403 nimis
3124 3347 3195 3403 ad
3239 3347 3521 3429 dexteram

1864 3494 1871 3495 κ
1921 3446 2232 3502 declinavit.
2266 3448 2452 3515 Itaque
2478 3443 2689 3503 medius
2739 3445 2894 3501 callis
2946 3444 3252 3515 sequendus
3302 3452 3406 3514 est,
3464 3453 3524 3499 ut

1924 3551 2097 3606 neque
2122 3534 2407 3605 desperent
2434 3533 2703 3600 homines,
2730 3548 2905 3604 neque
2930 3530 3264 3589 conﬁdentes
3306 3533 3364 3589 in
3410 3532 3520 3587 mi-

1921 3623 2213 3679 sericordia
2231 3623 2453 3678 licenter
2480 3628 2724 3695 peccent.
2754 3622 2933 3693 Httjus
2953 3622 3034 3677 rei
3052 3619 3228 3694 ﬁgura
3251 3629 3353 3691 est,
3374 3621 3523 3703 quod

1921 3737 2048 3777 arca
2074 3721 2292 3776 foederis
2318 3736 2441 3777 eum
2469 3718 2812 3777 reduceretur
2837 3717 2907 3775 de
2944 3734 3116 3791 regno
3166 3718 3520 3789 Philistum-

1868 3842 1875 3851 -
1922 3827 2040 3866 rum
2072 3809 2126 3864 in
2154 3810 2333 3865 locum
2361 3824 2540 3878 suum,
2569 3822 2748 3865 vacca
2770 3807 2896 3864 dum
2923 3782 3193 3865 ducebant
3208 3807 3266 3864 in
3283 3782 3524 3885 plaustro

1925 3915 2021 3970 per
2047 3898 2305 3971 directam
2334 3897 2479 3955 viam
2510 3912 2631 3968 quae
2675 3912 2784 3953 non
2822 3895 3171 3952 declinabant
3219 3912 3399 3971 neque
3451 3894 3524 3950 ad

1923 3996 2199 4051 dexteram
2230 4011 2404 4064 neque
2424 3993 2494 4050 ad
2521 3993 2791 4051 sinistram
2820 3994 2873 4062 (Ι
2903 3996 3034 4065 Reg.
3089 3996 3191 4064 vr).
3248 3995 3389 4049 Area
3442 4001 3526 4049 est

1860 4138 1865 4144 .
1923 4085 2190 4140 Ecclesia.
2254 4085 2388 4139 Dum
2444 4098 2624 4139 vacca;
2681 4081 3061 4156 pradicatores
3134 4080 3421 4157 gentilium
3468 4091 3524 4137 et

1921 4173 2251 4239 Iudaeorum,
2283 4186 2389 4242 quo
2414 4170 2554 4227 alios
2582 4170 2721 4225 lacte
2747 4185 2845 4243 suo
2881 4176 3109 4241 pascunt
3161 4178 3217 4227 et
3268 4169 3407 4247 alios
3430 4169 3524 4249 'ad

1924 4269 2218 4325 Ecclesium
2248 4268 2468 4323 ducunt.
2498 4267 2627 4323 ldeo
2656 4266 2831 4323 David
2851 4268 2927 4322 ait
2955 4284 2969 4320 :
3008 4289 3031 4316 σι
3073 4267 3216 4336 Bene
3261 4266 3520 4339 placitum

1920 4366 2002 4413 est
2026 4357 2260 4413 Domino
2288 4372 2451 4428 super
2480 4356 2731 4413 timentes
2758 4371 2904 4423 eum,
2935 4363 2989 4413 et
3034 4356 3094 4411 in
3138 4355 3218 4412 eis
3255 4355 3349 4428 qui
3388 4371 3521 4435 ape-

1917 4454 2042 4503 rant
2066 4460 2228 4515 super
2253 4444 2622 4500 misericordia
2650 4443 2771 4514 ejus
2795 4444 2975 4515 (Paul.
3004 4445 3213 4515 cam).-
3248 4467 3270 4493 ιο
3307 4445 3522 4501 Utrum-

1921 4552 2026 4608 que
2053 4534 2232 4605 posuit
2261 4541 2312 4588 et
2338 4548 2494 4604 spem
2530 4539 2588 4586 et
2642 4532 2911 4590 timorem.
2963 4528 3103 4605 Spes
3155 4532 3291 4588 sine.
3327 4533 3522 4589 timore

1919 4621 2265 4697 praesumptio
2295 4629 2393 4677 est.
2424 4619 2609 4676 Timor
2634 4620 2752 4676 sine
2779 4636 2878 4689 spe
2921 4619 3224 4691 desperatio
3270 4627 3369 4677 est.
3398 4620 3515 4679 ,Τὶ-

1917 4729 2036 4769 mor
2059 4712 2234 4768 aufert
2267 4711 2323 4765 in
2376 4706 2743 4765 misericordia
2797 4707 3161 4777 securitatem,
3220 4724 3289 4763 ne
3348 4706 3513 4785 nimis

1915 4803 2190 4857 adhaereat
2214 4799 2435 4853 dextrae.
2468 4798 2547 4853 De
2576 4799 2678 4853 hac
2704 4804 2852 4854 recta
2871 4796 2961 4852 via
2978 4795 3055 4853 ait
3072 4788 3307 4853 Joannes
3330 4816 3342 4851 :
3364 4819 3386 4845 «
3410 4795 3511 4852 Pa-

1911 4898 2027 4945 rate
2058 4889 2201 4945 viam
2231 4887 2464 4944 Domino
2490 4909 2512 4936 ιο
2548 4895 2651 4942 etc.
2667 4885 2885 4955 (Matth.
2911 4885 3009 4957 iv).
3043 4884 3150 4959 Sed
3170 4884 3224 4939 in
3244 4886 3346 4940 hac
3363 4893 3512 4941 recta

1911 4979 1999 5034 via
2026 4976 2327 5032 saliendum
2358 4984 2456 5031 est.
2489 4974 2641 5031 Unde
2683 4974 2877 5030 dicitur
2908 4989 2921 5026 :
2962 4997 2983 5022 α
3040 4972 3110 5029 Et
3132 5044 3137 5049 ἡ
3160 4970 3317 5028 saliet
3369 4970 3511 5028 sicut

1911 5082 2103 5122 cervus
2130 5064 2378 5120 claudus.
2422 5087 2444 5112 ιι
2480 5062 2617 5119 Sunt
2642 5063 2749 5120 duo
2768 5062 2975 5135 genera
2998 5076 3301 5130 cervorum,
3339 5078 3508 5123 unum

1913 5153 2057 5225 quod
2085 5153 2214 5208 dum
2245 5152 2509 5209 invenerit
2535 5160 2838 5224 serpentem
2868 5151 2924 5209 in
2968 5166 3199 5206 caverna
3244 5149 3339 5207 ubi
3391 5150 3510 5205 lati-

1913 5250 2008 5309 tat,
2038 5258 2161 5297 cum
2190 5259 2246 5296 se
2276 5249 2529 5314 gravatos
2575 5239 2882 5295 inﬁrmitate
2938 5246 3345 5312 prmsenserunt,
3387 5239 3507 5312 spi-

1910 5333 2015 5387 ritu
2044 5330 2252 5385 narium
2283 5344 2377 5385 eos
2404 5331 2690 5385 extrahunt
2717 5329 2785 5385 de
2813 5328 3076 5395 cavernis,
3107 5335 3162 5383 ct
3215 5324 3507 5400 egredien-

1915 5428 1991 5475 tes
2019 5416 2321 5491 percutiunt
2344 5418 2541 5472 collum
2571 5417 2699 5473 hinc
2743 5417 2866 5473 inde
2913 5404 3169 5487 jactando
3223 5413 3500 5473 occidunt.

1914 5507 2117 5563 Deinde
2149 5514 2366 5577 propter
2393 5511 2655 5560 tumorem
2687 5522 2755 5560 ex
2782 5507 3021 5578 pernicie
3058 5505 3253 5562 veneni
3289 5516 3508 5561 currens

1911 5597 1979 5653 ad
2008 5611 2174 5666 aquas
2202 5593 2512 5665 purissimas
2539 5608 2605 5647 ex
2634 5602 2767 5663 potu
2795 5594 3007 5650 illarum
3054 5608 3322 5650 venenum
3368 5609 3507 5650 evo-

1912 5696 2029 5762 mit,
2062 5708 2126 5748 ac
2151 5692 2227 5746 sic
2258 5690 2395 5764 pilos
2423 5688 2639 5756 amittit,
2662 5699 2715 5746 et
2750 5706 2953 5748 cornua
3010 5691 3214 5763 adjicit.
3246 5684 3353 5746 Iste
3398 5706 3511 5748 cer-

1911 5807 2010 5847 vus
2037 5788 2267 5861 ﬁguram
2290 5784 2664 5857 paenitendum
2696 5792 2879 5841 tenet;
2909 5784 3015 5855 Qui
3062 5786 3190 5842 dum
3237 5784 3508 5842 constrin-

1914 5895 2123 5961 guntur
2146 5884 2464 5941 intrinsecus
2492 5882 2817 5940 conscientia
2845 5880 3187 5955 peccatorum
3216 5881 3412 5939 cadunt
3440 5884 3509 5938 ad
