3924 6396
439 439 544 496 735

1581 431 1928 489 VVERNERI
1966 432 2254 488 ABBATIS
2295 434 2353 490 S.
2394 431 2615 488 BLASII

3649 431 3764 491 736

443 565 646 632 fontes,
677 560 737 620 id
765 567 850 618 eat
880 559 952 617 ad
979 555 1289 618 doctrinam
1319 557 1750 633 Scripturarum.
1794 558 1862 613 Hi
1909 574 2054 631 quo-
2080 558 2140 621 A
2168 567 2252 615 est
2277 566 2336 614 ut
2367 566 2421 615 et
2449 558 2519 616 de
2548 548 2792 616 secundo
2823 556 2939 628 ejus
2979 549 3217 618 adventu
3265 551 3456 634 aliqua
3503 552 3768 637 profera-

459 677 570 735 quo
596 659 733 716 toris
759 657 1054 731 projicth
1081 657 1207 730 quia
1235 665 1609 730 segregantur
1638 671 1738 727 per
1781 655 2060 727 poeniten-

456 750 586 808 tiam
616 764 652 806 a
679 762 914 821 corpora
944 753 998 803 et
1029 745 1298 820 sanguine
1328 745 1530 802 Christi
1573 761 1750 817 usque
1788 743 1922 799 dum
1963 759 2060 800 re-

453 839 731 912 cipiuntur
757 851 856 910 per
883 834 1392 893 reconciliationem
1422 833 1751 891 sacerdotis.
1783 831 1944 888 Aliud
1955 848 2060 904 ge-

456 953 558 994 nus
577 948 884 1003 cervorum,
907 933 956 989 si
975 931 1245 992 invenerit
1261 939 1598 1003 serpentem,
1621 931 1838 988 occidet
1854 936 2063 999 eum,et

461 1033 588 1098 post
612 1021 898 1081 victoriam
918 1021 1056 1095 petit
1080 1028 1297 1078 montes
1345 1021 1440 1076 ubi
1482 1019 1724 1077 inveniat
1769 1018 2054 1091 pabulum.

462 1114 555 1171 Sic
582 1121 636 1170 et
663 1111 1049 1184 unusquisque
1079 1109 1212 1166 dum
1261 1110 1498 1166 senserit
1545 1108 1826 1166 diabolum
1873 1108 1929 1164 in
1980 1124 2060 1175 se,

462 1210 549 1268 vel
577 1210 633 1266 in
663 1208 808 1266 alios
837 1223 1050 1290 venena
1093 1207 1239 1264 male
1274 1206 1645 1280 persuasionis
1693 1205 1892 1274 infusa,
1941 1223 2064 1263 cum

464 1299 664 1357 virtute
693 1297 913 1356 Domini
942 1314 1070 1354 eum
1099 1296 1434 1366 interficere,
1466 1297 1523 1352 id
1553 1304 1639 1352 est
1667 1313 1772 1352 ase
1793 1294 2064 1368 projicere

463 1387 703 1456 studeat,
736 1387 1031 1460 veniatque
1061 1386 1130 1441 ad
1155 1395 1422 1452 montem,
1456 1385 1512 1442 id
1543 1393 1629 1442 est
1655 1385 1928 1441 Christum
1957 1389 2064 1458 pa-

466 1475 658 1542 bulum
687 1491 901 1558 queerat
929 1499 1001 1539 ne
1026 1482 1250 1540 omnino
1276 1472 1514 1539 deficiat.

538 1599 980 1671 (Δυθυθτικυε.)
1009 1597 1171 1656 Cervi
1217 1613 1440 1671 quoque
1484 1597 1701 1670 quando
1746 1597 1802 1652 in
1846 1597 2066 1670 agmine

471 1700 572 1749 auo
609 1687 944 1756 ambulant,
986 1687 1078 1744 vel
1128 1687 1349 1757 quando
1405 1687 1647 1744 natando
1700 1686 1836 1742 alias
1886 1693 2065 1742 terra-

465 1796 591 1837 rum
619 1787 815 1851 partes
844 1783 1061 1850 petunt,
1113 1791 1280 1832 onera
1334 1775 1570 1852 capitum
1621 1790 1850 1832 suorum
1906 1790 2070 1848 super

465 1880 703 1940 invidam
759 1885 969 1950 peoora
1018 1876 1218 1946 solent,
1275 1875 1353 1932 ita
1405 1883 1466 1932 ut
1527 1885 1668 1932 unus
1738 1873 2022 1946 praecedat
2045 1917 2059 1942 ,

466 1976 518 2026 tit
557 1974 856 2041 aequantur
908 1965 1004 2038 qui
1068 1980 1237 2037 super
1302 1981 1429 2022 eum
1492 1964 1676 2036 capita
1741 1971 1949 2036 ponunt
2009 1971 2064 2018 et

465 2071 644 2130 supra
685 2057 811 2113 illos
847 2054 942 2112 alii
980 2061 1406 2126 consequentes,
1438 2061 1492 2108 et
1519 2053 1720 2110 deinde
1749 2053 1843 2110 alii
1888 2053 2066 2110 donec

462 2170 662 2228 agmen
689 2151 870 2209 finiat.
907 2151 1007 2207 Ille
1037 2159 1218 2208 autem
1268 2167 1411 2207 unus
1458 2151 1552 2223 qui
1597 2151 1817 2222 pondus
1863 2149 2064 2222 capitis

462 2244 520 2300 in
557 2243 795 2316 primatu
845 2241 1146 2314 portabat,
1212 2239 1475 2313 fatigatus
1538 2239 1678 2295 redit
1740 2240 1808 2294 ad
1874 2246 2064 2310 poste-

470 2332 615 2388 riora
652 2339 710 2386 ut
755 2329 900 2387 alter
937 2329 988 2386 ei
1035 2329 1291 2386 succedat
1346 2328 1438 2399 qui
1492 2336 1672 2400 portet
1731 2327 1877 2396 quod
1933 2344 2065 2400 por-

465 2429 644 2495 tabat,
685 2435 849 2499 atque
887 2425 982 2482 ille
1021 2425 1404 2498 fatigationem
1461 2441 1616 2481 suam
1671 2432 1904 2494 recreat,
1960 2442 2068 2496 po—

463 2517 572 2573 sito
602 2513 803 2588 capite,
837 2509 977 2572 sicut
1007 2515 1063 2570 et
1111 2515 1299 2571 caeteri
1346 2515 1645 2586 ponebant.
1696 2514 1775 2567 ita
1827 2513 2066 2570 vicissim

462 2597 739 2679 portando
768 2602 914 2675 quad
943 2607 1112 2676 grave
1140 2607 1244 2670 est,
1277 2605 1328 2658 et
1357 2601 1504 2658 viam
1533 2609 1808 2675 peragunt
1839 2603 1892 2658 et
1922 2601 2064 2658 invi-

459 2708 588 2762 cem
615 2705 728 2761 non
754 2702 1044 2759 deserunt.
1083 2703 1270 2774 Itaque
1319 2699 1589 2773 spiritales
1631 2699 1875 2772 magistri
1919 2698 2065 2757 cervi

461 2785 550 2851 vel
580 2795 764 2850 cei-vin
791 2786 972 2848 vocati
1000 2795 1146 2856 sunt,
1179 2783 1323 2846 sicut
1349 2797 1452 2862 per
1491 2782 1796 2846 Jeremiam
1845 2789 1915 2845 de
1959 2789 2065 2846 do-

461 2881 709 2937 ctoribus
735 2870 954 2954 genitos
983 2877 1126 2935 alios
1153 2878 1376 2935 incaute
1403 2878 1791 2935 deserentibus
1831 2877 2055 2934 dicitur.

469 2996 494 3029 ιι
526 2980 705 3035 Cerva
723 2977 779 3034 in
809 2984 950 3051 agro
979 2975 1214 3049 peperit,
1243 2981 1297 3034 et
1324 2975 1541 3050 reliquit
1568 2967 1798 3046 (larem.
1854 2975 1994 3048 xiv).
2039 3001 2060 3026 ι)

461 3059 715 3142 Αροειοιὶ
743 3063 995 3138 magistri
1021 3064 1152 3121 dum
1181 3065 1420 3122 labentia
1451 3064 1611 3137 hujus
1651 3063 2068 3138 temperalitatis

461 3145 768 3224 momenta,
801 3155 961 3229 quasi
992 3154 1241 3228 quaedam
1268 3155 1491 3212 ﬂumina
1511 3162 1812 3225 transeant,
1837 3168 2068 3228 compa-

459 3256 656 3313 tie'ntes
683 3248 974 3323 charitate,
1007 3265 1179 3311 onera
1224 3263 1326 3310 sua
1368 3251 1476 3311 sibi
1511 3254 1746 3312 invicem
1796 3265 2070 3328 superpo-

458 3353 616 3413 nunt,
648 3341 777 3417 quia
805 3340 964 3401 cauta
1015 3335 1409 3401 observatione
1455 3341 1778 3400 custodiunt
1822 3345 1877 3400 id
1923 3345 2069 3417 quod

459 3433 726 3507 scriptum
755 3434 843 3489 est
871 3438 886 3488 ξ
921 3443 945 3480 'u
983 3422 1222 3489 Invicem
1252 3439 1422 3489 onera
1453 3437 1687 3505 portate,
1717 3440 1768 3489 el
1799 3433 1880 3490 sic
1898 3428 2071 3489 adim-

462 3547 486 3582 ιι
521 3523 747 3604 plebitis
773 3524 958 3604 legem
985 3523 1188 3584 Christi
1218 3527 1366 3602 (Gal.
1399 3530 1496 3600 iii).
1523 3551 1544 3578 υ
1581 3531 1810 3597 Cervus,
1835 3539 1959 3587 cum
1977 3539 2069 3587 Vc-

456 3612 538 3676 nit
567 3613 635 3674 ad
663 3617 790 3675 locs
817 3618 1042 3690 spinosa
1071 3616 1126 3674 et
1152 3609 1352 3686 lutosa,
1383 3616 1633 3675 saliendo
1663 3619 1918 3675 transilit.
1987 3621 2069 3676 Si-

461 3704 690 3775 tiiiiiter,
723 3715 757 3764 θ
784 3712 1073 3781 peccator,
1102 3707 1150 3762 si
1178 3708 1482 3764 occurrerit
1510 3708 1605 3763 tibi
1640 3715 1794 3764 amor
1843 3708 2068 3765 divitia-

459 3811 607 3873 rum,
637 3806 738 3879 qui
764 3803 960 3878 pungit
985 3799 1351 3862 sollicitudine
1385 3823 1399 3870 ι
1433 3803 1479 3860 si
1507 3803 1678 3861 lutum
1707 3805 1938 3863 luxerite
1978 3815 2064 3870 vel

461 3886 696 3964 alicujus
724 3889 1019 3966 voluptatis
1049 3890 1253 3961 fstidis,
1287 3890 1553 3951 transilite
1601 3901 1807 3951 mente.
1863 3897 2069 3952 Cervus

462 3981 675 4041 deserit
701 3982 964 4039 valles-at
989 3973 1246 4039 ascendit
1276 3983 1334 4037 i‘n
1360 3990 1599 4050 montes,
1649 3985 1722 4039 ita
1765 3991 1822 4039 tu
1869 3984 2068 4041 desere

466 4084 692 4139 teri-eus
720 4077 775 4136 et
801 4077 927 4152 pete
957 4076 1232 4137 catastis.
1273 4079 1407 4136 Inde
1425 4079 1501 4136 ait
1530 4079 1796 4138 Doniinns
1824 4091 1924 4154 per
1965 4075 2070 4138 Da-

465 4163 563 4228 vid
595 4183 610 4226 τ
645 4183 670 4220 ι
697 4157 804 4238 Qui
831 4163 1061 4248 perfecit
1079 4167 1250 4248 pedes
1273 4175 1432 4226 meos
1451 4176 1704 4241 tanquam
1724 4179 2066 4238 cervorum,»

477 4261 592 4316 etc.
629 4247 839 4328 (Pist.
875 4258 1044 4325 xvii.)
1089 4247 1299 4314 Cervus
1344 4263 1641 4316 senescens
1687 4261 1913 4317 devorat
1955 4267 2072 4317 ser-

469 4353 694 4428 petatem
721 4351 779 4410 et
801 4361 933 4410 tunc
961 4358 1079 4430 prae
1105 4350 1276 4411 nimio
1301 4352 1500 4412 ardore
1529 4355 1702 4414 currit
1728 4356 1796 4413 ad
1830 4355 2062 4414 fontem.

471 4435 602 4500 Post
631 4442 785 4513 cujus
813 4440 1002 4514 potum
1032 4439 1253 4515 deponit
1283 4447 1521 4501 Veterem
1552 4442 1748 4518 pellem
1780 4451 1833 4503 et
1869 4453 2071 4504 cornua

472 4535 529 4588 et
555 4526 853 4588 reviviscit.
881 4527 997 4602 Sic,
1026 4537 1082 4588 et
1110 4535 1166 4587 tu
1209 4537 1491 4604 peccator,
1538 4533 1731 4592 occide
1785 4539 2072 4608 serpentes

475 4635 532 4690 et
557 4631 720 4686 curre
750 4618 820 4706 ad
850 4621 1076 4697 fontem,
1105 4623 1166 4686 id
1196 4634 1280 4688 est
1311 4620 1612 4702 Christum,
1645 4633 1699 4690 et
1726 4623 1940 4706 depone
1971 4644 2069 4692 νε·
2100 4625 2154 4687 D

473 4723 645 4776 tarem
675 4705 976 4789 hominem,
1007 4711 1063 4774 id
1094 4723 1178 4776 est
1204 4710 1537 4793 superbiam,
1573 4705 1937 4780 utdicasicum
1962 4715 2074 4780 Da-

471 4798 563 4863 vid
595 4817 610 4864 :
648 4817 671 4858 ι
707 4796 1184 4876 Quemadmodum
1227 4813 1424 4866 cervus
1470 4809 1741 4867 desiderat
1785 4805 1853 4867 ad
1898 4809 2074 4868 rentes

471 4908 739 4986 aquarum
778 4927 798 4952 η
838 4906 950 4962 etc.
989 4897 1174 4978 (Psal.
1214 4898 1353 4979 xu).
1388 4899 1645 4981 Senuitur
1679 4929 1689 4964 :
1729 4931 1750 4955 α
1787 4899 1856 4965 Et
1885 4916 2075 4980 aperta

470 4985 574 5049 erit
603 4985 789 5067 lingua
820 4997 1114 5049 mutorum.
1149 4986 1291 5050 Cum
1317 4995 1478 5052 e‘ni’m'
1500 4991 1758 5053 clamavit
1779 4987 2023 5054 Christus
2056 5017 2068 5054 :

472 5075 638 5155 Agite
666 5079 1066 5155 paenitentiam,
1105 5099 1128 5135 υ
1149 5090 1249 5140 elc.
1279 5077 1505 5156 (Matth.
1536 5088 1636 5153 t'v.)
1666 5086 1756 5160 qui
1779 5089 1929 5159 prius
1950 5098 2074 5144 eru-

471 5172 778 5240 bescebant
807 5173 1056 5239 conﬁteri
1113 5191 1344 5254 peccata
1399 5201 1500 5241 sua
1556 5191 1682 5242 tunc
1731 5187 2077 5258 penituertmt

471 5277 523 5326 et
555 5262 904 5328 confessione
932 5269 1162 5344 peccata
1194 5288 1295 5329 sua
1320 5269 1666 5331 detexei'unt.
1693 5273 1951 5332 Clamavit
1981 5294 2075 5333 ve-

471 5349 622 5416 niam
651 5350 846 5430 Maria,
881 5377 1002 5434 qua)
1031 5350 1182 5434 prius
1212 5371 1366 5421 muta
1420 5373 1560 5421 erat.
1621 5357 1889 5423 Clamavit
1939 5358 2074 5424 latro

471 5447 689 5520 veniam
717 5455 776 5512 in
807 5471 973 5514 cruce
1003 5458 1097 5532 qui
1145 5459 1294 5531 prius
1343 5462 1556 5518 tacebat
1609 5472 1864 5535 peccata.
1929 5464 2076 5522 Ecce

470 5550 626 5602 muta
652 5539 835 5602 locuta
864 5554 946 5602 est
980 5564 996 5613 ;
1030 5555 1080 5604 ei
1111 5553 1240 5606 ecce
1271 5558 1451 5607 mutus
1481 5551 1693 5609 locutus
1723 5561 1824 5609 est.
1868 5553 2077 5611 Osten-

415 5702 422 5706 _
467 5638 650 5700 dimus
679 5641 809 5714 quid
839 5643 1080 5701 utilitatis
1127 5648 1345 5718 primus
1393 5651 1662 5709 adventus
1711 5654 1908 5710 summi
1953 5669 2075 5709 me-

466 5735 574 5796 dici
603 5739 808 5796 mundo
837 5742 1096 5799 contulit.
1129 5744 1411 5820 Completa
1439 5757 1522 5805 est
1551 5752 1841 5823 prophetia
1874 5771 1886 5806 :
1928 5750 2077 5808 venit

463 5835 713 5905 medicus
744 5856 760 5904 ;
793 5845 1037 5911 mgrotos
1067 5842 1302 5898 curavit.
1363 5847 1568 5902 Verum
1609 5850 1742 5920 quia
1782 5850 1850 5905 de
1895 5849 2076 5920 primo

461 5928 701 5988 adventu
757 5933 958 5989 Christi
1016 5935 1264 6006 quaedam
1323 5940 1674 6015 protulimus,
1766 5959 2075 6018 congruum

2090 1925 2145 1986 B

2169 664 2293 704 mus
2305 689 2318 704 .

2695 834 2904 883 DIVISIO
2933 835 3231 885 santioms‘.

2245 952 2437 1010 Omnis
2463 952 2719 1010 Ecclesia
2746 953 2848 1010 Dei
2877 961 3025 1010 tenet
3057 955 3140 1010 .in
3192 955 3546 1013 confessione
3601 965 3657 1013 et
3718 958 3776 1012 in

2171 1043 2516 1116 professione
2546 1043 2825 1099 Christum
2853 1042 2923 1099 de
2951 1042 3093 1101 coelo
3123 1060 3247 1101 esse
3275 1053 3560 1102 venturum
3589 1045 3660 1102 ad
3684 1046 3775 1102 vi-

2173 1148 2272 1189 vos
2301 1140 2355 1189 et
2382 1139 2628 1188 mortuos
2653 1131 3004 1202 iudicandos,
3050 1139 3109 1187 ut
3154 1131 3228 1188 ait
3268 1125 3459 1190 beatus
3508 1134 3776 1206 Augusti-

2172 1237 2302 1277 nus.
2339 1220 2495 1275 Hunc
2541 1212 2711 1274 divini
2761 1211 2951 1288 judicii
3006 1219 3253 1276 ultimum
3310 1215 3454 1278 diem
3509 1221 3774 1290 dicimus,

2172 1309 2228 1366 id
2256 1317 2336 1366 est
2364 1308 2717 1366 novissimum
2748 1315 2983 1380 tempus.
3016 1300 3157 1364 Nam
3184 1319 3285 1382 per
3314 1318 3443 1382 quot
3469 1309 3590 1366 dies
3617 1305 3780 1366 futu-

2174 1423 2302 1463 rum
2329 1405 2593 1476 judicium
2625 1413 2877 1470 testatur,
2909 1398 3177 1462 incertum
3233 1416 3337 1463 est.
3393 1402 3622 1465 Chrisiis
3666 1403 3776 1465 Dei

2172 1497 2339 1552 Filius
2368 1495 2519 1552 finito
2550 1487 2737 1552 mundi
2768 1495 3022 1562 termino,
3067 1497 3122 1550 in
3181 1513 3242 1552 ea
3290 1497 3533 1569 corporis
3589 1497 3776 1553 forma

2175 1603 2277 1656 qua
2305 1585 2549 1641 ascendit
2579 1585 2767 1650 cmlos,
2800 1585 2867 1640 ad
2891 1583 3159 1654 judicium
3187 1602 3305 1642 cum
3335 1585 3536 1642 sanctis
3583 1587 3775 1641 omni-

2176 1666 2276 1730 bus
2303 1665 2504 1731 veniet.
2537 1668 2636 1729 Illo
2666 1673 2809 1729 enim
2843 1670 2911 1729 de
2942 1671 3098 1730 caelis
3128 1674 3197 1729 ad
3223 1673 3482 1744 judicium
3532 1675 3772 1731 venien-

2175 1771 2245 1830 te,
2279 1761 2511 1819 virtutes
2537 1759 2802 1818 cteiorum
2848 1761 3231 1831 movebuntur,
3281 1764 3335 1817 et
3380 1765 3509 1819 tunc
3553 1763 3776 1835 parebit

2177 1850 2395 1926 signum
2425 1841 2545 1907 Filii
2574 1847 2829 1908 heminu's
2857 1850 2911 1907 in
2933 1851 3097 1908 0min.
3137 1851 3206 1907 Et
3225 1859 3349 1909 tunc
3369 1851 3632 1926 plangant
3655 1869 3774 1908 om-

2175 1965 2274 2005 nes
2306 1948 2482 2006 tribus
2512 1957 2676 2006 terrae
2707 1956 2759 2006 et
2791 1947 3047 2004 videbunt
3104 1941 3302 2004 Filium
3361 1943 3606 2006 hominis
3663 1962 3772 2005 ve-

2175 2035 2413 2096 nientem
2443 2039 2499 2094 in
2521 2037 2760 2093 nubibus
2789 2035 2913 2095 cmii
2944 2047 3068 2094 cum
3090 2038 3288 2094 virtute
3309 2033 3494 2104 multa,
3519 2046 3572 2094 et
3590 2035 3772 2094 mittet

2176 2128 2406 2200 angelos
2436 2139 2568 2185 suos
2599 2143 2720 2184 cum
2752 2126 2880 2181 tuba
2911 2135 2962 2183 et
2991 2142 3125 2183 voce
3154 2135 3355 2200 magna
3387 2133 3439 2182 et
3459 2134 3771 2200 coagrega-

2173 2215 2308 2272 bunt
2336 2216 2541 2273 electos
2572 2229 2601 2270 a
2631 2221 2868 2288 quatudr
2915 2216 3090 2271 ventis
3141 2227 3170 2270 ε
3228 2216 3454 2270 summis
3505 2208 3769 2272 caelorum

2175 2315 2351 2376 usque
2379 2301 2448 2361 ad
2479 2303 2742 2361 terminos
2784 2313 2973 2361 eorum
3007 2300 3228 2373 (Matth.
3262 2305 3426 2375 xxw).
3461 2301 3608 2377 ignis
3639 2313 3768 2360 ante

2175 2411 2300 2451 eum
2330 2395 2654 2466 precedent;
2678 2393 2890 2450 ardebit
2919 2401 2973 2449 et
3005 2393 3061 2448 in
3109 2385 3340 2450 circuitu
3392 2392 3511 2466 ejus
3557 2401 3768 2465 tempe-

2173 2500 2287 2548 stas
2315 2491 2499 2548 valida
2527 2493 2707 2562 (Paul.
2747 2492 2892 2561 ma)
2925 2510 2942 2555 ί
2973 2491 3103 2562 quia
3147 2491 3293 2548 idem
3340 2491 3432 2563 qui
3474 2491 3766 2564 aliquando

2175 2580 2325 2637 venit
2355 2583 2411 2636 ut
2434 2581 2771 2650 judicaretur
2799 2580 3065 2646 occultus,
3097 2586 3226 2636 tunc
3253 2579 3433 2637 veniet
3469 2589 3528 2635 ut
3571 2596 3763 2636 omnes

2169 2671 2378 2741 judicet
2405 2669 2744 2725 manifestus.
2778 2669 3144 2742 Congregatia
3173 2677 3310 2743 ergo
3337 2669 3590 2726 omnibus
3628 2685 3760 2725 san-

2173 2760 2274 2816 ctis
2308 2759 2423 2815 suis
2450 2759 2520 2814 de
2562 2759 2703 2816 ccelo
2757 2767 2841 2815 est
2894 2759 3280 2829 descensurus,
3337 2767 3392 2814 et
3446 2759 3761 2815 tremendus

2173 2848 2356 2912 valde,
2387 2856 2552 2921 atque
2577 2847 2860 2919 pavendus
2882 2848 3138 2904 adveniet
3167 2848 3222 2903 in
3251 2848 3340 2904 die
3371 2847 3634 2904 examinis
3654 2848 3756 2914 sui,

2175 2937 2396 3010 quando
2426 2954 2552 2995 cum
2579 2937 2793 3008 angelis
2824 2945 2877 2994 et
2906 2937 3279 3010 arohangelis,
3311 2937 3523 2993 thronis
3562 2946 3616 2993 et
3660 2937 3762 2993 do-

2175 3027 2563 3084 minationibus
2593 3026 2918 3099 cmterisque
2969 3026 3282 3097 virtutibus,
3341 3027 3495 3082 scalis
3552 3041 3762 3099 quoque

2175 3132 2240 3172 ac
2266 3116 2428 3172 terris
2457 3116 2780 3173 ardentibus
2808 3115 3018 3174 cunctis
3047 3115 3100 3170 in
3133 3115 3219 3170 sui
3265 3115 3512 3188 obsequii
3555 3123 3764 3172 terrore

2177 3206 2467 3264 commotis
2498 3205 2650 3262 visus
2677 3205 2843 3262 fuerit
2871 3205 2927 3260 in
2953 3204 3133 3278 gratia
3163 3204 3481 3274 majestatis.
3532 3204 3641 3260 Sed
3689 3204 3766 3259 vi-

2099 3280 2149 3344 C
2178 3304 2420 3362 dentium
2450 3311 2532 3361 est
2555 3303 2835 3376 quomodo
2868 3303 3114 3359 Christus
3143 3318 3267 3360 cum
3312 3318 3474 3359 cruce
3520 3319 3614 3358 sua
3661 3317 3764 3358 ve-

2177 3393 2292 3450 niat
2320 3393 2618 3450 secundum
2646 3393 2751 3450 hoc
2782 3393 2931 3465 quod
2960 3392 3166 3450 dictum
3195 3399 3280 3448 est
3306 3409 3317 3446 ε
3355 3393 3424 3448 Ει
3449 3400 3576 3448 tunc
3603 3406 3765 3463 pare-

2179 3483 2256 3538 bit
2285 3483 2505 3555 signum
2537 3481 2659 3538 Filii
2689 3481 2928 3538 hominis
2956 3481 3012 3536 in
3043 3481 3203 3538 coelo.
3242 3503 3264 3531 ιι
3307 3483 3551 3537 Joannes
3592 3482 3766 3552 Chry-

2181 3581 2456 3629 sostomus
2484 3572 2554 3626 de
2582 3573 2686 3627 hac
2705 3571 3012 3644 quaestione
3041 3571 3122 3628 sic
3149 3569 3345 3626 difﬁnit
3375 3569 3565 3626 dicens
3589 3589 3600 3625 :
3644 3591 3666 3622 a
3707 3569 3765 3624 Si

2178 3661 2457 3718 dixerint:
2495 3662 2636 3718 Ecce
2666 3661 2721 3715 in
2750 3660 3136 3734 promptuariis
3185 3667 3268 3714 est
3321 3659 3580 3726 Christus,
3640 3673 3764 3715 ecce

2177 3751 2234 3807 in
2261 3750 2574 3816 solitudine,
2609 3749 2781 3806 nolite
2837 3749 3068 3806 credere
3124 3748 3352 3818 (Matth.
3418 3749 3586 3817 xxiv).
3617 3768 3639 3799 ι
3686 3748 3763 3802 De

2177 3839 2420 3897 secunda
2449 3839 2742 3910 praesentia
2770 3838 2964 3912 gloriae
2995 3837 3220 3893 Christi.
3261 3838 3381 3894 Hoc
3410 3837 3606 3894 dicitur
3633 3852 3762 3908 pro-

2178 3938 2300 4002 pter
2326 3927 2783 4000 pseudochristos
2815 3927 2866 3982 et
2893 3919 3062 3982 falsos
3093 3927 3411 3996 prophetas,
3454 3933 3504 3981 et
3552 3932 3762 3996 prepter

2178 4017 2594 4084 Antichristum,
2628 4033 2696 4071 ne
2724 4016 2922 4089 aliquis
2953 4031 3137 4072 errore
3168 4007 3549 4086 praeventusin
3581 4010 3760 4069 falsum

2179 4107 2384 4164 incidat
2399 4106 2692 4173 Christum,
2712 4105 2932 4177 quando
2955 4104 3156 4160 Christi
3178 4102 3461 4159 salvatoris
3482 4103 3761 4158 adventum

2180 4197 2487 4268 praeveniet
2507 4187 2892 4250 Antichristus.
2923 4191 3053 4248 Ideo
3083 4191 3499 4264 praecavendum
3532 4195 3613 4247 est
3651 4190 3759 4245 sol-

2182 4281 2330 4342 licite
2359 4300 2428 4340 ne
2458 4284 2579 4356 quis
2611 4292 2906 4355 pastorem,
2943 4281 2996 4336 id
3046 4289 3129 4337 est
3171 4273 3444 4336 Christum
3495 4295 3758 4352 quaerens,

2180 4365 2389 4445 lupum,
2423 4374 2478 4428 id
2508 4381 2591 4428 est
2618 4367 3024 4435 antichristum,
3059 4364 3318 4427 inveniat.
3354 4365 3437 4426 Ob
3479 4367 3582 4424 hoc
3625 4386 3758 4441 prae-

2181 4469 2380 4526 dicitur
2409 4469 2504 4525 ibi.
2538 4467 2692 4526 Unde
2718 4462 3016 4539 dignoscas
3046 4467 3160 4524 veri
3189 4461 3427 4538 pastoris
3456 4463 3758 4532 adventum,

2182 4558 2286 4614 hoc
2315 4551 2465 4614 dedit
2492 4552 2729 4630 signum.
2763 4551 2881 4612 Hoc
2909 4557 3054 4611 enim
3088 4553 3188 4610 fuit
3235 4551 3489 4609 voluntas
3532 4551 3667 4624 ejus,
3710 4562 3763 4609 ut

2181 4648 2393 4720 primus
2425 4647 2694 4702 adventus
2719 4647 2838 4717 ejus
2892 4645 3128 4700 latenter
3188 4642 3344 4698 fieret
3400 4649 3451 4698 et
3507 4652 3762 4715 quaereret

2184 4736 2329 4810 quod
2359 4735 2621 4806 perierat.
2665 4724 2955 4791 Secundus
2984 4748 3117 4789 vero
3145 4729 3410 4788 adventus
3438 4731 3646 4798 nonita,
3671 4733 3760 4787 sed

2183 4824 2502 4897 simpliciter
2532 4825 2607 4880 ait
2639 4845 2650 4880 :
2689 4848 2711 4872 «
2747 4817 3254 4894 Quemadmodum,
3279 4842 3300 4870 ι
3324 4821 3513 4892 inquit,
3553 4819 3760 4892 «fulgur

2183 4923 2375 4980 exiens
2404 4921 2473 4978 ab
2501 4922 2711 4979 oriente
2739 4929 2971 4993 apparet
3000 4920 3055 4974 in
3086 4919 3389 4985 occidente,
3425 4917 3494 4972 ita
3523 4915 3625 4973 erit
3661 4919 3756 4972 ad-

2182 5021 2376 5070 ventus
2409 5009 2526 5067 Filii
2556 5011 2796 5068 hominis
2845 5006 3065 5081 (ibid.).
3110 5032 3131 5054 »
3179 5005 3368 5062 Subito
3415 5001 3557 5062 enim
3603 5007 3758 5062 omni-

2182 5093 2284 5158 bus
2312 5101 2621 5174 apparebit,
2645 5115 2748 5156 nec
2769 5095 3024 5172 indigens
3039 5096 3271 5170 quisque
3293 5093 3629 5168 interrogare
3649 5091 3756 5151 sive

2182 5190 2271 5247 hic
2301 5183 2414 5246 sive
2442 5190 2553 5246 illic
2583 5197 2665 5246 est
2693 5188 2958 5244 Christus.
2994 5181 3467 5255 Quemadmodum
3489 5181 3627 5239 enim
3647 5196 3754 5240 cum

2183 5277 2368 5352 fulgur
2394 5278 2694 5345 emicuerit,
2722 5292 2829 5333 non
2861 5291 3089 5348 egemus
3123 5271 3400 5346 inquirere
3430 5274 3474 5328 si
3522 5267 3660 5329 facta
3696 5273 3757 5328 sit

2184 5377 2513 5444 coruscatio,
2546 5377 2621 5432 ita
2648 5392 2772 5432 cum
2803 5373 3068 5430 revelatio
3096 5371 3401 5444 przesentiae
3452 5371 3569 5440 ejus
3621 5369 3756 5425 etfui-

2185 5468 2339 5534 serit,
2424 5481 2533 5522 non
2619 5464 2929 5536 indigemus
3001 5461 3346 5534 interrogare
3427 5475 3493 5514 an
3567 5458 3755 5515 venerit

2186 5557 2460 5612 Christus.
2504 5555 2611 5611 Sed
2656 5553 2801 5627 quod
2859 5551 3119 5624 quaeritur
3174 5551 3223 5606 si
3276 5565 3399 5605 cum
3457 5564 3618 5605 cruce
3666 5563 3751 5603 ve—

2185 5653 2326 5710 nerit
2353 5657 2381 5709 ‘?
2412 5655 2491 5709 De
2519 5653 2625 5708 hoc
2656 5649 3045 5721 subsequentia
3074 5647 3383 5704 videantur.

2263 5775 2283 5799 (ι
2317 5752 2486 5818 Tunc,
2509 5749 2698 5822 inquit,
2726 5747 2940 5820 quando
2980 5755 3239 5801 venturus
3277 5744 3382 5801 erit
3419 5743 3655 5799 Christus
3681 5741 3750 5796 sol

2187 5846 2594 5912 obscurabilur,
2629 5854 2686 5902 et
2714 5847 2839 5901 luna
2863 5859 2972 5900 non
3002 5842 3153 5898 dabit
3174 5839 3358 5897 lunem
3391 5856 3545 5896 suum
3566 5838 3747 5909 (ibid).

2187 5944 2356 5998 Tanta
2387 5943 2531 5999 enim
2563 5943 2665 6000 erit
2695 5941 2990 5999 eminentia
3017 5939 3330 6012 Splendoris
3361 5939 3415 5995 in
3445 5937 3666 6004 Ohristo,
3701 5944 3750 5991 ut
