3956 6424
62 431 160 482 189
1248 425 1613 482 MORALIUM
1653 426 1724 480 IN
1761 425 2063 482 GENESIN
2102 426 2240 482 LIB.
2290 428 2401 483 VII.

3487 429 3586 481 190

58 568 235 616 tatem
265 559 527 616 Trinitas
558 560 713 615 hunc
742 571 949 629 panem
981 557 1225 626 amicus,
1256 557 1325 613 de
1354 556 1450 612 via
1505 555 1751 625 rediens,
1794 563 1841 617 Α
1871 557 2178 628 praeteritis
2254 558 2396 615 meis
2463 558 2725 630 lapsibus
2773 558 3099 629 pmnitendo
3146 573 3509 631 compungar
3570 575 3583 615 :

57 650 132 705 ab
163 649 361 705 amico
393 649 652 719 improbe
682 647 929 719 postulat
961 647 1110 717 (Luc.
1142 662 1218 715 XI,
1251 646 1344 718 6).'

129 738 366 794 Annuit
399 738 617 805 Laban,
655 745 718 794 ut
774 736 1067 807 loquatur,
1125 737 1265 807 quia
1295 735 1518 791 cmleste
1548 734 1775 790 deside-

58 828 214 884 rium
266 843 379 883 nos
403 829 689 898 praecipue
726 828 914 898 juvat,
939 834 1001 881 ut
1032 827 1187 897 quod
1234 825 1413 896 probe
1437 834 1772 895 conceptum

58 925 163 985 est,
196 917 512 973 efﬁciatur.
545 917 735 973 Verba
780 924 973 972 autem
1022 929 1124 985 pro
1156 915 1328 971 rebus
1372 915 1429 970 in
1460 928 1623 970 sacra
1669 928 1777 984 pa-

60 1008 224 1074 gina,
275 1007 531 1062 maxime
560 1005 735 1062 veteri
773 1004 949 1062 selere
995 1004 1150 1074 poni,
1202 1004 1344 1060 nulli
1390 1003 1634 1061 dubium
1670 1010 1772 1060 est.

61 1097 262 1166 (Vnus.
312 1097 402 1164 34,
454 1099 566 1159 35.)
613 1097 835 1161 Servus,
884 1097 1085 1164 inquit,
1136 1110 1256 1148 sum
1304 1094 1547 1148 Abi-aha
1600 1100 1650 1148 et
1687 1096 1780 1148 Do-

62 1190 248 1241 minus
278 1185 561 1239 benedircit
604 1186 818 1238 domino
846 1200 959 1237 meo
1000 1184 1182 1251 valde,
1226 1183 1284 1238 in
1325 1191 1613 1253 quantum
1663 1182 1780 1238 sci—

63 1276 198 1331 licet
241 1288 379 1329 sum
428 1272 805 1329 aﬂectualitas
867 1286 956 1327 me
1017 1271 1261 1344 subjicio
1333 1271 1562 1338 rationi,
1609 1272 1780 1343 cujus

66 1363 332 1419 dominio
386 1362 702 1419 ubertatem
755 1362 909 1417 Deus
952 1360 1155 1417 tribuit
1201 1360 1603 1431 provectionis,
1659 1376 1777 1414 ma-

67 1455 473 1522 gniﬁcatusque
525 1457 603 1506 est
655 1451 726 1507 ad
774 1464 1062 1507 summam
1117 1450 1491 1521 pertingendo
1524 1449 1776 1518 virtutis,

70 1558 192 1597 oves
216 1543 440 1597 habens
487 1539 897 1597 beneficientiaa
944 1539 1022 1595 ad
1051 1541 1383 1610 proximum
1415 1546 1470 1595 ct
1500 1540 1559 1594 in
1592 1540 1781 1609 seipsa

71 1630 484 1701 simplicitatis,
520 1630 692 1697 boves,
729 1629 1121 1686 maturitatem
1172 1643 1401 1685 morum
1444 1636 1499 1684 et
1533 1630 1778 1700 gratiam

74 1720 525 1791 praedicationis,
575 1724 860 1788 argentum
908 1718 1160 1774 scientiae
1189 1725 1244 1774 et
1284 1717 1522 1789 eloquii,
1583 1734 1781 1772 aurum

71 1810 370 1879 sapientiae
401 1816 503 1864 aut
535 1822 712 1864 sacrae
737 1807 1049 1879 religionis,
1080 1822 1259 1862 servos
1286 1807 1600 1877 corporalis
1633 1822 1777 1863 con-

73 1899 346 1955 tumaciae
390 1898 650 1969 legitimo
698 1912 802 1955 suo
864 1897 1138 1953 addicens
1200 1897 1461 1967 imperio,
1516 1898 1769 1960 ancillas,

72 1988 366 2044 interioris
428 1988 675 2043 lascivia:
740 1986 1016 2043 castitatis
1078 1987 1381 2042 severitate
1435 1986 1775 2056 reprimens,

73 2079 299 2133 camelos
334 2076 799 2148 ponderositatis,
836 2090 902 2132 ac
950 2076 1188 2139 inertiae,
1235 2082 1286 2129 et
1333 2079 1513 2130 asinos
1557 2075 1776 2131 stolidi-

75 2168 202 2222 tatis
236 2180 307 2222 ac
351 2166 605 2236 ineptiae,
643 2165 714 2221 ad
757 2178 1005 2221 acumen
1052 2164 1264 2220 divinae
1313 2164 1649 2221 subtilitatis
1678 2164 1781 2221 eli-

71 2270 255 2312 mans.
301 2254 448 2322 Qum
495 2261 826 2324 sequuntur
868 2267 1056 2324 usque
1098 2253 1171 2309 ad
1214 2268 1349 2309 eum
1404 2254 1616 2321 locum,
1677 2253 1777 2309 ubi

73 2344 256 2399 dicit:
308 2345 381 2398 Si
437 2346 629 2412 facitis
677 2342 1132 2409 misericordiam,
1192 2348 1243 2397 et
1318 2346 1602 2397 veritatem
1660 2359 1780 2397 cum

74 2434 285 2487 domino
342 2449 479 2500 meo,
547 2433 785 2487 indicate
841 2433 1001 2500 mihi,
1052 2432 1190 2488 satis
1219 2432 1489 2501 superius
1533 2440 1780 2487 tractata

76 2531 284 2592 patent,
342 2537 454 2578 nec
511 2521 843 2592 replicanda
890 2528 1047 2589 sunt,
1098 2536 1233 2577 cuin
1285 2528 1364 2577 tot
1416 2521 1781 2578 discutienda

77 2620 305 2668 restent.
348 2613 454 2667 Est
506 2618 699 2667 tamen
738 2610 913 2681 quod,
968 2611 1072 2666 etsi
1118 2610 1386 2667 videatur
1414 2625 1536 2665 esse
1566 2610 1775 2667 disser-

78 2710 215 2768 tum,
248 2701 511 2771 aliquem
548 2714 775 2756 movere
822 2700 1021 2770 possit,
1066 2699 1277 2755 scilicet
1323 2699 1479 2770 quod
1526 2699 1774 2756 dicitur:

82 2793 211 2846 Veni
253 2792 419 2846 hodie
456 2791 532 2844 ad
574 2792 777 2856 fontem
828 2805 985 2860 aqua:
1072 2788 1127 2844 Si
1186 2789 1341 2844 enim
1400 2788 1525 2843 fons
1584 2803 1775 2859 aquae,

72 2882 235 2951 juxta
265 2880 427 2951 quod
462 2880 570 2935 hoc
596 2879 720 2934 loco
747 2893 889 2949 pene
911 2878 1131 2949 ubique
1177 2877 1484 2945 sensimus,
1520 2878 1575 2932 in
1607 2877 1778 2947 cupi_

76 2970 263 3025 ditatis
287 2978 425 3039 typo
452 2968 752 3036 accipitur,
794 2966 1153 3022 contrarium
1194 2965 1445 3034 videtur,
1480 2965 1636 3035 quod
1669 2965 1742 3020 ad

79 3059 230 3115 ditur
274 3058 459 3121 hodie,
506 3057 603 3111 sed
658 3055 838 3122 hodie,
902 3054 959 3110 id
1005 3063 1091 3110 est
1140 3068 1242 3123 per
1290 3053 1776 3109 illuminationem

1882 647 2166 703 habemus
2189 648 2344 703 enim
2395 649 2685 705 sinistram
2744 649 2814 705 de
2853 649 3195 705 contritione
3240 649 3477 719 peccati,
3526 657 3582 705 et

1884 737 2180 793 dexteram
2203 738 2271 793 de
2302 746 2576 808 provectu
2608 738 2763 794 boni.
2803 739 2887 794 Ad
2920 738 3041 794 haec
3077 737 3264 809 gratia
3312 737 3407 793 Dei
3440 753 3575 793 cum

1884 827 2135 896 eoquod
2194 829 2393 898 genuit
2451 827 2663 883 caelesti
2720 828 3021 893 desiderio,
3085 827 3326 883 Bathuel
3375 827 3589 883 scilicet

1887 916 2085 971 Laban
2134 917 2594 974 intellectualiter
2648 917 2923 973 inferunt.
2974 921 3025 971 Α
3083 920 3305 972 Domino
3342 932 3586 986 egressus

1886 1012 1967 1060 est
2011 1022 2205 1074 sermo,
2253 1021 2323 1062 ex
2369 1006 2579 1062 occulti
2612 1006 2812 1076 utique
2850 1020 3099 1062 censura
3130 1004 3356 1076 judicii,
3418 1001 3585 1073 quasi

1887 1091 2097 1163 sagitta
2153 1106 2225 1146 ex
2266 1091 2538 1161 pharetra
2589 1106 2689 1162 per
2726 1091 3007 1147 evidentis
3047 1097 3161 1146 tum
3219 1087 3590 1159 aspirationis

1889 1198 2105 1241 munus
2136 1184 2235 1240 Dei
2267 1184 2505 1241 emicuit
2531 1184 2831 1252 sententia,
2860 1198 2932 1240 ex
2965 1198 3084 1254 qua
3112 1191 3268 1253 potes
3315 1182 3585 1252 colligere

1887 1274 2040 1346 quod
2082 1288 2149 1330 ea
2199 1288 2317 1345 qua
2367 1274 2610 1330 interius
2660 1288 2762 1344 per
2812 1288 2919 1328 nos
2965 1272 3186 1329 deceris
3241 1272 3457 1339 unctio,
3513 1270 3586 1327 ad

1888 1364 2290 1421 certitudinem
2331 1372 2444 1421 tua:
2474 1364 2686 1421 futurae
2709 1363 3092 1434 provectionis
3138 1362 3252 1419 imo
3284 1361 3585 1432 perfectio-

1886 1455 1978 1509 nis
2006 1453 2394 1509 tibibabenda
2418 1453 2489 1509 sit
2522 1453 2689 1523 quasi
2740 1468 2843 1524 pro
2890 1453 3144 1523 quodam
3187 1451 3400 1508 cmlesti
3448 1465 3587 1506 ora-

1887 1544 2037 1600 culo.
2079 1544 2204 1599 Non
2254 1544 2407 1599 enim
2456 1542 2615 1598 aliud
2655 1544 2756 1599 tibi
2806 1557 3120 1614 suggerere
3161 1556 3261 1611 per
3300 1542 3582 1596 incertum

1890 1648 2193 1703 possumus
2224 1647 2400 1703 quam
2432 1632 2586 1703 quod
2614 1632 2749 1688 velit
2790 1632 2929 1703 ipse,
2961 1646 3095 1687 cum
3147 1631 3330 1685 simus
3360 1628 3587 1684 indubi-

1888 1730 2077 1778 tanter
2107 1723 2181 1779 ab
2206 1722 2349 1792 ipso.

1966 1813 2136 1868 Vens.
2184 1814 2272 1879 51,
2320 1813 2411 1877 52,
2463 1812 2550 1866 53,
2597 1839 2665 1849 -
2713 1812 2797 1865 Εη
2851 1808 3083 1864 Rebecca
3142 1823 3323 1862 coram
3386 1811 3436 1860 te
3486 1809 3585 1873 est,

1890 1903 2015 1958 tolle
2060 1917 2196 1968 eam,
2243 1906 2293 1956 et
2327 1903 2679 1969 proﬁciscere,
2723 1903 2774 1953 et
2820 1901 2894 1953 sit
2922 1915 3063 1952 umor
3090 1899 3197 1967 filii
3229 1897 3440 1951 domini
3486 1896 3587 1963 tui,

1887 1996 2028 2048 sicut
2076 1994 2282 2045 locutus
2319 1995 2397 2045 est
2448 1992 2723 2044 Dominus.
2775 1988 2931 2053 Quod
2980 2003 3101 2041 cum
3152 1987 3398 2040 audisset
3454 2000 3592 2055 puer

1888 2082 2194 2149 Abraham,
2261 2081 2515 2135 adoravit
2562 2082 2621 2133 in
2678 2083 2826 2133 terra
2895 2079 3200 2132 Dominum.
3251 2076 3593 2142 Prolatisque

1886 2175 2033 2228 vasis
2064 2173 2333 2239 argenteis
2363 2176 2413 2225 et
2438 2172 2639 2235 aureis,
2675 2173 2726 2223 et
2761 2168 3018 2235 vestibus,
3057 2164 3209 2219 dedit
3244 2181 3305 2218 ea
3352 2164 3593 2219 Rebecca:

1886 2278 1986 2331 pro
2027 2276 2279 2328 munere,
2329 2259 2707 2326 fratribusque
2748 2256 2896 2327 ejus,
2938 2261 2989 2309 et
3031 2256 3199 2308 matri
3242 2267 3470 2307 munera
3505 2251 3593 2305 ob-

1890 2352 2033 2406 tulit.
2075 2350 2151 2416 Si,
2204 2349 2503 2419 inquiunt,
2550 2348 2846 2403 dexteram
2907 2344 3138 2400 virtutis
3182 2341 3370 2412 eligis,
3464 2353 3595 2395 ecce

1887 2441 2219 2506 Rebeccam,
2272 2438 2327 2494 id
2358 2445 2443 2493 est
2486 2436 2822 2508 patientiam
2872 2448 2990 2505 prae
3020 2431 3203 2488 oculis
3240 2428 3449 2486 mentis
3491 2427 3594 2484 tibi

1888 2528 2211 2584 habendam
2257 2540 2552 2597 cognosce,
2604 2525 2676 2580 ad
2728 2523 3100 2580 tentationem
3144 2520 3299 2576 enim
3372 2529 3595 2588 praepa-

1886 2632 2036 2685 rare,
2069 2625 2125 2673 et
2151 2631 2250 2687 per
2275 2614 2680 2671 tribulationes
2707 2627 2954 2683 regnum
2998 2610 3099 2665 Dei
3149 2609 3367 2663 intrare
3408 2614 3459 2661 te
3488 2619 3595 2659 ne-

1887 2721 2039 2762 cesse
2068 2713 2148 2761 est
2177 2703 2320 2776 (Act.
2352 2720 2470 2771 xw,
2523 2703 2634 2773 21).
2671 2702 2724 2758 Si
2754 2716 2893 2772 ergo
2924 2700 3015 2755 vis
3064 2696 3368 2769 proficisci,
3432 2693 3595 2750 bonis

1888 2796 2091 2866 utique
2120 2794 2346 2850 actibus
2383 2791 2730 2864 promoveri,
2772 2790 2895 2845 tolle
2925 2789 2997 2845 ab
3034 2788 3231 2843 intima
3262 2783 3593 2849 intentione,

1885 2885 2197 2940 sublevans
2226 2899 2366 2949 eam,
2394 2898 2463 2937 ne
2505 2895 2607 2951 pro
2650 2878 2917 2950 prasenti
2950 2876 3151 2948 procul
3185 2874 3363 2931 dubio
3421 2871 3595 2929 retri-

1889 2974 2124 3030 butione
2174 2972 2465 3028 ferendam
2518 2978 2684 3040 putes
2734 2984 2854 3024 esse
2914 2967 3257 3028 molestiam,
3307 2963 3405 3018 sed
3479 2961 3593 3016 ﬁlio

1889 3062 2116 3119 Domini
2176 3062 2258 3117 tui
2315 3067 2555 3115 annecte
2602 3073 2751 3125 eam,
2806 3056 2925 3126 spei
2958 3054 3221 3109 videlicet
3264 3052 3477 3107 divinae
3523 3064 3595 3104 ex

80 3147 294 3217 gratiae,
321 3147 400 3200 ad
426 3148 653 3212 fontem,
684 3152 925 3214 puteum
974 3143 1187 3198 scilicet
1246 3143 1409 3198 illum
1452 3157 1616 3199 czecze
1647 3157 1779 3199 con-
1815 3161 1856 3217 ο
1889 3151 2179 3208 intellectu
2206 3149 2479 3220 magistro
2510 3146 2841 3218 progenitze,
2883 3158 2917 3200 a
2948 3158 3065 3214 quo
3116 3145 3266 3197 inter
3302 3152 3596 3195 aerumnas

81 3236 441 3307 cupiscentiae
455 3234 739 3302 venimus,
759 3234 920 3300 dum,
935 3233 1048 3288 Deo
1070 3233 1415 3298 illustrante,
1441 3233 1776 3303 voraginem

81 3323 429 3380 confusionis
455 3323 581 3393 ejus
634 3322 1022 3393 agnoscimus,
1072 3322 1226 3376 unde
1276 3329 1328 3377 et
1363 3329 1534 3389 stare,
1593 3322 1648 3377 id
1695 3330 1777 3378 est

82 3412 385 3483 vigilanter
411 3412 703 3467 decertare
730 3410 947 3480 positus
971 3409 1143 3481 juxta
1170 3418 1407 3478 puteum
1442 3411 1779 3480 perhibetur

83 3516 296 3557 servus.
336 3502 459 3557 Etsi
508 3500 649 3570 quia
707 3499 766 3554 in
813 3500 1019 3555 bonam
1085 3508 1305 3570 partem
1351 3500 1521 3555 fontis
1568 3515 1776 3556 nomen

84 3589 252 3659 accipi
305 3589 452 3645 solet
500 3588 819 3659 intelligere
868 3589 1091 3645 diverse
1130 3588 1399 3655 velimus,
1476 3588 1639 3643 hodie
1703 3589 1778 3643 ad

82 3682 275 3744 fontem
304 3679 600 3744 venimus,
633 3679 773 3748 quia
818 3691 934 3733 non
986 3678 1095 3732 nisi
1123 3692 1224 3748 per
1260 3678 1407 3734 diem
1441 3678 1652 3734 divinae
1683 3692 1777 3733 co-

84 3768 370 3838 gnitionis,
396 3767 693 3836 sapientiae
722 3773 778 3822 et
835 3766 966 3822 vita:
1012 3766 1224 3823 fontem
1253 3767 1615 3838 attingimus.
1653 3769 1779 3837 Ipse

85 3855 230 3910 enim
257 3856 409 3911 Deus
445 3868 547 3925 per
574 3854 826 3925 seipsum
855 3855 1206 3925 quaerendus
1234 3862 1335 3922 est,
1369 3858 1482 3921 Ego
1502 3868 1776 3925 namque,

86 3944 178 4011 ait,
223 3960 342 3999 sum
389 3947 485 3998 via
545 3943 717 4015 (Joan.
774 3958 891 4011 xw,
949 3945 1026 4011 6).
1079 3944 1163 3999 Ad
1229 3944 1470 3999 Bathuel
1527 3958 1664 4014 ergo
1725 3951 1781 4000 et

88 4033 287 4100 Laban,
323 4035 391 4089 ad
420 4033 667 4104 gratiam
695 4032 955 4088 videlicet
987 4032 1106 4099 Dei,
1155 4047 1273 4102 qua
1302 4033 1385 4088 nil
1433 4033 1667 4097 castius,
1698 4032 1779 4089 nil

86 4122 355 4193 integrius
380 4130 487 4185 est,
528 4135 601 4177 ex
635 4135 751 4192 qua
782 4121 998 4177 candor
1026 4122 1269 4177 caelestis
1306 4121 1573 4177 desiderii
1614 4123 1782 4178 nobis

89 4212 418 4279 innascitur,
453 4218 649 4267 utrum
709 4210 1161 4266 misericordiam
1204 4218 1259 4266 et
1310 4211 1615 4267 veritatem
1664 4212 1781 4267 Do-

89 4301 234 4356 mino
271 4309 467 4355 nostro
488 4298 701 4354 faciant
728 4298 958 4354 dicitur.
989 4299 1079 4354 Ex
1114 4298 1300 4370 gratia
1328 4299 1779 4355 misericordiam

92 4398 438 4460 peccatorum
468 4402 655 4444 veniae
684 4387 1035 4458 accipimus;
1077 4403 1149 4443 ex
1183 4389 1445 4454 veritate,
1501 4390 1654 4460 quod
1690 4390 1782 4444 de-

90 4480 284 4536 sideria
362 4488 562 4534 nostra
636 4477 949 4546 suspirant,
1023 4478 1444 4548 supercuelestis
1514 4479 1782 4534 candoris

93 4568 353 4639 promissa
375 4566 705 4637 recipimus.
728 4568 791 4621 ln
822 4573 1109 4636 quantum
1138 4581 1273 4637 ergo
1294 4574 1348 4623 et
1379 4567 1497 4623 vim
1530 4567 1587 4623 in
1618 4568 1782 4623 nobis

91 4658 295 4726 gratiae,
345 4665 400 4714 et
452 4655 691 4726 superni
742 4655 1004 4711 desiderii
1056 4654 1277 4712 fervere
1355 4656 1651 4723 sentimus,
1712 4658 1781 4713 de

92 4745 277 4802 futura
328 4753 528 4801 nostra
553 4742 944 4799 misericordia
991 4751 1045 4800 et
1075 4744 1317 4800 veritate
1350 4745 1444 4815 agi
1481 4745 1781 4801 nobiscum

96 4837 349 4891 sciamus.

159 4924 321 4982 Vnus.
349 4926 439 4989 49,
474 4924 563 4976 50.
588 4953 655 4961 —
684 4924 787 4979 Sin
818 4922 976 4977 aliud
998 4923 1198 4992 placet,
1256 4927 1307 4977 et
1356 4924 1452 4978 hoc
1493 4924 1672 4986 dicite,
1720 4930 1781 4980 ut

95 5014 278 5068 vadum
317 5013 391 5068 ad
432 5013 733 5080 dexteram,
783 5014 893 5067 sive
924 5012 999 5067 ad
1029 5014 1329 5067 sinistram.
1372 5015 1779 5083 Responderunt

99 5102 273 5157 Laban
299 5108 347 5158 et
377 5101 612 5158 Bathuel
643 5118 655 5155 :
688 5106 738 5155 Α
771 5103 993 5156 Domino
1044 5117 1288 5172 egressus
1321 5108 1402 5157 est
1441 5119 1641 5174 sermo;
1673 5121 1779 5159 non

98 5207 356 5259 possumus
385 5197 547 5245 extra
582 5190 845 5259 placitum
892 5189 1010 5260 ejus
1054 5190 1359 5261 quidquam
1411 5192 1568 5245 aliud
1608 5198 1779 5247 tecum

99 5280 252 5349 loqui.
289 5279 447 5347 Quod
478 5285 564 5336 est
593 5278 815 5334 dicere:
859 5279 914 5335 Si
956 5278 1202 5349 peccatis
1239 5281 1631 5337 emerentibus
1661 5296 1777 5337 non

98 5364 323 5429 veniam,
355 5375 409 5422 et
444 5366 815 5422 beatitudinis
848 5368 1137 5437 promissae
1176 5367 1582 5438 impletionem,
1621 5370 1777 5440 quod

98 5458 171 5505 est
206 5456 382 5523 gratia
425 5464 480 5512 et
544 5455 770 5523 veritas,
826 5455 1156 5526 impendere
1203 5457 1344 5513 mihi
1381 5458 1494 5514 Deo
1524 5472 1624 5528 per
1675 5473 1778 5514 vos

103 5552 349 5609 operante
380 5560 495 5601 non
528 5544 684 5611 libet,
731 5553 787 5601 et
836 5545 945 5601 hoc
972 5546 1255 5603 divinitus
1296 5546 1634 5617 inspirando
1682 5547 1777 5604 in-

104 5630 358 5700 notestite,
391 5641 455 5690 ut
488 5641 595 5688 aut
621 5633 693 5688 ad
740 5634 1036 5690 dexteram
1069 5634 1306 5691 tendens
1335 5636 1540 5706 potiori
1586 5637 1778 5693 studio

109 5718 316 5777 virtutis
352 5735 649 5790 exercear,
697 5727 796 5778 os
842 5730 945 5780 aut
989 5723 1236 5780 sinistrae
1265 5738 1356 5779 me
1405 5724 1665 5791 credens,
1706 5724 1777 5782 de

1888 3250 2164 3311 partuum
2216 3238 2479 3294 osculum
2537 3248 2806 3306 supernae
2878 3230 3287 3289 consolationis
3329 3228 3592 3296 accipiat.

1889 3327 2169 3383 Dominus
2213 3326 2333 3381 haec
2374 3322 2653 3394 loquitur,
2706 3321 2843 3376 dum
2884 3319 3103 3389 ubique
3143 3315 3592 3387 persecutionem

1890 3416 2240 3488 patientibus
2260 3414 2509 3470 caelestia
2534 3411 2654 3467 sola
2690 3424 2923 3480 sperare
2972 3414 3183 3463 monet.
3228 3405 3406 3461 Audit
3451 3404 3591 3471 haec,

1888 3507 1948 3563 in
1995 3513 2081 3562 est
2128 3502 2394 3574 intelligit
2456 3501 2697 3557 affectus
2746 3497 2954 3555 rationi
3023 3496 3376 3567 deserviens,
3432 3500 3486 3547 et
3538 3491 3596 3547 in

1889 3605 2063 3662 terra,
2097 3595 2204 3650 hoc
2242 3600 2327 3648 est
2360 3591 2417 3647 in
2467 3590 2756 3646 soliditate
2796 3585 3142 3643 humilitatis
3184 3584 3307 3640 sine
3352 3595 3470 3654 qua
3501 3595 3598 3651 pa-

1890 3683 2089 3740 tientia
2163 3696 2280 3737 non
2340 3687 2445 3747 est,
2529 3679 2710 3733 Deum
2778 3676 3072 3733 excelsum
3134 3681 3291 3731 tanto
3343 3670 3597 3728 vicinius

1888 3780 2107 3845 quanto
2139 3770 2418 3827 humilius
2444 3776 2586 3824 orat.
2637 3768 2791 3824 Vasa
2822 3774 3097 3837 argentea
3125 3764 3414 3833 capacitas
3461 3765 3599 3816 sunt

1888 3863 2039 3918 sacri
2112 3860 2347 3931 eloquii,
2416 3866 2471 3914 et
2536 3856 2804 3913 scientiae.
2867 3857 3061 3911 Aurea
3118 3853 3460 3913 fecunditas,
3524 3864 3597 3904 ne

1890 3950 2129 4007 scientia
2193 3950 2370 4017 inflet,
2412 3946 2738 4015 charitatis;
2787 3952 2971 4000 vestes
3017 3941 3339 3998 sanctitatis
3401 3952 3594 4009 opera,

1890 4037 2109 4108 quibus
2140 4033 2539 4090 mortificanda
2567 4032 2818 4101 tegimus
2844 4042 3024 4099 super
3052 4035 3263 4083 terram
3312 4024 3591 4080 membra.

1890 4125 2240 4181 Proferimus
2296 4123 2422 4191 ista,
2507 4135 2642 4177 cum
2708 4118 2991 4190 proximis
3062 4115 3359 4172 reddimus
3407 4112 3592 4168 utilia.

1891 4216 2132 4271 Rebecca:
2155 4230 2256 4283 pro
2286 4228 2503 4267 munere
2534 4225 2601 4266 ea
2628 4210 2853 4271 damus,
2887 4222 3021 4263 cum
3052 4204 3340 4261 laboranti
3385 4202 3595 4258 exinde

1894 4303 2182 4375 patientiae
2261 4302 2485 4373 aliquid
2553 4297 2963 4356 consolationis
3034 4295 3263 4352 interim
3328 4292 3591 4349 facimus.

1893 4394 2209 4458 Fratribus,
2251 4391 2430 4447 animi
2464 4390 2632 4460 plane
2661 4388 2981 4444 virtutibus
3019 4383 3324 4441 desudanti
3372 4379 3597 4452 spiritui

1894 4481 2135 4538 viriliter
2168 4479 2579 4545 adnitentibus,
2625 4485 2680 4533 et
2710 4476 2879 4532 matri
2930 4474 3219 4541 charitati,
3277 4486 3410 4543 quae
3443 4476 3599 4525 amat

1892 4571 2047 4641 quod
2069 4570 2290 4637 tolerat,
2321 4569 2517 4624 eodem
2559 4566 2724 4622 modo
2769 4581 2996 4619 munera
3048 4562 3232 4619 solatii
3280 4560 3595 4617 otl'erimus.

1893 4660 2089 4729 (VEns.
2152 4660 2264 4725 54.)
2330 4659 2588 4724 Initoque
2652 4656 2896 4709 convivio
2944 4657 3210 4708 vescentes
3254 4652 3483 4720 pariter,
3537 4664 3599 4703 ac

1890 4750 2131 4807 bibentes
2179 4752 2494 4803 manserunt
2542 4746 2641 4800 ibi.
2717 4743 2972 4800 Affectus
3039 4747 3234 4795 noster
3287 4745 3594 4807 postquam

1890 4845 2230 4908 conceptum
2278 4834 2619 4892 humanitus
2663 4832 2945 4893 timorem,
2994 4826 3348 4899 patientiam,
3391 4838 3457 4879 ac
3500 4823 3601 4879 bu-

1888 4926 2188 4983 militatem
2218 4924 2443 4982 reﬂavit
2483 4922 2749 4988 amando,
2782 4918 3119 4976 convivium
3164 4929 3298 4971 cum
3346 4912 3600 4985 przefatis

1888 5015 2161 5073 omnibus
2191 5015 2315 5083 init,
2347 5013 2487 5070 dum
2535 5010 2689 5082 quod
2723 5010 2780 5065 in
2828 5008 2988 5064 initio
3028 5002 3419 5061 conversionis
3446 5016 3599 5072 aegre

1888 5105 2118 5172 tulerat,
2172 5105 2297 5167 hoc,
2345 5103 2403 5159 id
2445 5109 2529 5157 est
2601 5101 2844 5156 adversa
2910 5096 3113 5153 mundi
3167 5094 3287 5151 sola
3364 5092 3599 5148 virtutis

1888 5193 2191 5249 dulcedine
2247 5199 2468 5249 tractus
2508 5190 2875 5260 amplectitur
2925 5195 2980 5243 et
3022 5185 3323 5241 desiderat.
3396 5181 3597 5239 Vesci-

1887 5298 2023 5340 mur
2073 5297 2229 5354 ergo,
2291 5297 2423 5339 cum
2486 5279 2772 5351 quidquid
2807 5277 2975 5333 noxie
3026 5275 3244 5331 durum
3303 5286 3360 5328 se
3420 5267 3596 5326 menti

1885 5370 2178 5439 obtulerit,
2218 5372 2385 5428 dente
2429 5370 2669 5426 rationis
2710 5367 3029 5433 atterimus,
3077 5373 3133 5421 et
3163 5366 3221 5420 in
3249 5376 3422 5420 usum
3470 5368 3596 5417 tra-

1886 5459 2161 5516 ducentes
2224 5458 2603 5531 spiritualiter
2673 5459 3040 5515 roboramur.
3103 5453 3380 5519 Bibimus,
3461 5463 3593 5506 cum

1887 5549 2163 5621 poculum
2221 5550 2422 5620 gratia:
2481 5546 2830 5619 septiformis
2881 5544 3203 5601 hauriendo
3249 5541 3449 5598 eadem
3508 5554 3597 5595 co-

1888 5646 2065 5694 mesta
2086 5639 2409 5694 condimus.
2438 5640 2655 5693 Pariter
2702 5649 3022 5701 manemus,
3063 5647 3197 5688 cum
3245 5646 3279 5686 a
3318 5629 3595 5699 religione

1891 5726 2203 5798 proposita,
2250 5734 2305 5783 et
2347 5726 2419 5783 ab
2464 5725 2553 5781 his
2603 5740 2735 5797 quae
2782 5721 3165 5795 praemisimus
3218 5718 3379 5775 nullo
3427 5717 3596 5773 modo
