3924 6398
165 473 266 525 ’ἷὸῒ

1106 469 1688 528 DEFLORATIONES
1729 472 1832 527 SS.
1887 469 2192 526 PATRUM.
2239 498 2306 509 —
2348 469 2480 524 LIB.
2527 469 2577 522 Ι.

3390 470 3496 523 758

166 595 330 652 etiam
363 593 705 652 clarissima
751 595 1040 653 luminaria
1083 595 1206 653 coeli
1233 612 1349 669 pra:
1377 596 1592 669 fulgore
1629 596 1796 650 divini
1825 598 1882 657 Α
1913 595 2131 668 signum
2151 591 2287 649 illud
2345 607 2412 648 ac
2463 589 2791 662 triumphale
2843 587 3112 646 vexillum
3176 586 3496 646 sublimibus

165 685 393 739 luminis
455 686 908 742 abscondantur.
972 687 1123 742 Tunc
1168 701 1302 741 vero
1351 685 1524 740 stellae
1581 685 1798 751 cadent,

167 772 394 844 quando
424 774 779 844 apparuerit
823 775 1041 847 signum
1077 775 1196 830 Filii
1253 773 1494 829 hominis
1524 774 1579 828 in
1627 773 1791 829 coelo.

167 861 564 917 Considerasti
598 871 814 934 quanta
844 865 916 919 sit
938 863 1112 917 virtus
1140 862 1304 935 signi,
1335 864 1440 918 hoc
1471 869 1554 917 est
1581 861 1790 918 crucis.

164 949 260 1008 Sol
291 949 713 1006 obscurabitur
739 960 795 1006 et
845 951 977 1008 luna
1003 967 1112 1006 non
1166 951 1317 1006 dabit
1345 951 1531 1006 lumen
1587 965 1749 1005 suum
1782 966 1796 1006 :

165 1054 310 1097 crux
337 1054 482 1096 vero
551 1039 817 1112 fulgebit,
850 1047 904 1096 et
948 1040 1256 1098 obscuratis
1307 1039 1604 1096 luminibus
1648 1039 1795 1107 coeli,

165 1127 529 1199 dilapsisque
589 1128 893 1193 sideribus.
929 1129 1050 1186 sola
1081 1129 1328 1190 radiabit.
1361 1136 1421 1184 ut
1447 1128 1599 1184 dicas
1655 1143 1800 1198 quo-

164 1215 310 1272 niam
371 1231 515 1273 crux
579 1217 736 1273 luna:
767 1226 820 1273 et
874 1218 977 1274 soli
1024 1217 1343 1288 praeclarior
1369 1225 1477 1274 est.
1545 1215 1797 1284 Quorum

166 1313 544 1384 splendorem
606 1316 804 1372 divino
830 1315 1096 1373 iliustrata
1126 1315 1337 1386 fulgore
1367 1315 1662 1386 superabit,
1721 1321 1794 1380 at,

161 1401 658 1473 quemadmodum
691 1404 1032 1474 ingrediente
1054 1420 1187 1474 rege
1207 1404 1268 1458 in
1297 1404 1574 1460 civitatem
1636 1419 1796 1458 exer-

165 1491 304 1545 citus
333 1491 643 1550 antecedit
669 1491 968 1562 praeferens
999 1493 1160 1564 signa
1189 1500 1350 1563 atque
1379 1492 1578 1550 vexilla
1590 1491 1798 1562 regalia

165 1587 217 1633 et
244 1578 502 1633 habitum
568 1580 981 1652 praeparationis
1027 1581 1319 1636 armisona:
1367 1578 1646 1636 annuntiat
1701 1597 1794 1637 re—

163 1666 252 1738 gis
281 1665 616 1733 introitum,
651 1670 724 1724 ita
746 1668 977 1724 Domino
1007 1668 1374 1726 descendente
1405 1667 1474 1724 de
1490 1668 1644 1724 oculis
1660 1685 1797 1742 prae-

168 1763 315 1822 cedit
369 1765 674 1823 excrcitus
731 1766 1054 1840 angelorum
1102 1773 1156 1822 et
1209 1765 1661 1839 archangelorum
1704 1765 1797 1840 qui

1801 1893 1866 1904 .—

1909 681 2154 739 humeris
2181 681 2556 754 prazferentes,
2616 678 2783 736 divini
2814 678 2961 752 regis
2987 676 3228 736 celestis
3281 679 3500 752 ingres-

1910 783 2032 826 sum
2060 771 2416 827 trementibus
2459 767 2806 825 nuntiabunt.
2849 785 2874 818 ι
2907 766 3040 823 item
3068 765 3214 824 idem
3263 764 3494 824 doctor:

1914 891 1935 915 «ε
1975 867 2083 925 Sed
2133 881 2297 941 quare
2354 881 2487 922 crux
2533 863 2822 938 apparebit
2873 872 3020 932 tunc,
3100 871 3154 920 et
3207 877 3371 938 quam
3425 859 3498 921 oh

1908 970 2134 1013 causam
2163 955 2220 1010 in
2249 956 2366 1025 ejus
2403 954 2632 1026 praelata
2685 949 2949 1008 Dominus
3004 950 3314 1010 adveniet?
3342 949 3498 1009 Ratio

1907 1044 2196 1117 perspicua
2252 1047 2356 1108 est,
2413 1051 2471 1097 ut
2520 1048 2824 1114 agnoscant
2875 1037 3167 1097 consilium
3197 1036 3496 1113 iniquitatis

1907 1149 2021 1189 suae
2051 1132 2142 1205 qui
2171 1131 2459 1187 Dominum
2488 1130 2788 1200 maiestatis
2818 1123 3223 1186 eruciiixernnt.
3262 1125 3368 1184 Per
3391 1126 3498 1186 hac

1906 1234 2052 1288 enim
2105 1231 2322 1304 signum
2394 1228 2708 1302 imprudens
2758 1225 3070 1284 Judzeorum
3155 1227 3497 1300 redarguitur

1906 1320 2178 1392 impietas,
2204 1318 2463 1392 quoniam
2491 1325 2718 1390 propter
2745 1317 2850 1373 hoc
2875 1313 3056 1389 ipsum
3081 1315 3346 1374 habentes
3365 1327 3494 1373 cru-

1904 1426 2046 1475 cem,
2079 1410 2278 1472 veniet,
2304 1409 2459 1476 juxta
2487 1403 2861 1478 Evangelium,
2895 1404 3019 1477 quia
3047 1411 3177 1462 tunc
3229 1404 3496 1478 plangunt

1904 1514 2093 1554 omnes
2123 1497 2297 1551 tribus
2326 1501 2506 1558 terrae,
2549 1502 2604 1550 et
2630 1493 2877 1550 videntes
2932 1501 3307 1550 accusatorem
3335 1507 3493 1549 suum

1903 1586 2079 1658 ipsam
2100 1585 2307 1641 scilicet
2327 1599 2548 1640 crucem
2581 1590 2636 1640 et
2665 1581 2840 1654 ipsam
2895 1586 3219 1655 arguentem
3275 1595 3490 1656 cogno-

1904 1681 2060 1732 scunt
2095 1676 2377 1746 peccatum
2425 1687 2583 1728 suum
2638 1687 2762 1728 sero
2793 1689 2808 1738 ;
2839 1679 2892 1727 et
2932 1669 3133 1728 frustra
3183 1669 3492 1728 fatebuntur

1904 1762 2122 1835 impiam
2152 1761 2444 1818 caecitatem
2459 1802 2472 1816 .

217 2044 869 2149 DOMINICA
945 2046 1518 2151 PROXIMA
1597 2045 1937 2150 ANTE
2011 2034 2892 2150 NATIVITATEM
2967 2029 3456 2148 ΒΟΜῙΝΙ.

238 2282 262 2312 «
297 2261 776 2320 MisemntJudmi
819 2264 888 2318 ab
924 2263 1323 2333 Hierosolymis
1369 2267 1687 2320 sacerdotes
1732 2271 1786 2319 et
1815 2264 1868 2324 Β
1897 2276 2022 2320 nem
2043 2260 2278 2334 ﬁguram
2315 2257 2574 2332 baptismi
2624 2256 2887 2330 gessisse,
2945 2272 3178 2331 eumque
3203 2256 3378 2334 Elian:
3436 2266 3490 2320 et

164 2347 365 2405 levitas
386 2352 463 2407 ad
488 2369 646 2421 eum,
706 2361 760 2408 ut
794 2353 1131 2426 introgarent
1183 2366 1341 2408 eum.
1379 2353 1457 2407 Tu
1506 2353 1632 2425 quis
1670 2367 1732 2408 es
1759 2354 1788 2406 ’ἲ

166 2446 233 2501 Et
261 2448 572 2505 confessus
601 2459 686 2506 est
716 2458 768 2506 et
823 2465 933 2506 non
964 2449 1210 2523 negavit.
1249 2450 1320 2504 Et
1371 2450 1653 2505 confessus
1682 2457 1785 2511 est.

167 2544 292 2615 quia
319 2561 436 2602 non
471 2563 600 2603 sum
635 2563 742 2621 ego
786 2547 1051 2614 Christus,
1086 2554 1196 2602 etc.
1253 2548 1444 2610 (Joan.
1483 2547 1544 2617 ι).
1584 2572 1606 2595 η
1639 2547 1786 2602 Con-

169 2633 348 2689 fessus
381 2644 471 2691 est
501 2653 568 2692 se
596 2652 707 2692 non
737 2653 860 2693 esse
894 2637 1165 2691 Christum
1193 2655 1208 2702 ;
1233 2637 1393 2692 etiam
1417 2650 1524 2691 non
1565 2634 1787 2706 negavit

172 2723 319 2792 quod
349 2733 496 2792 erat,
531 2725 744 2780 scilicet
771 2739 832 2780 se
860 2739 984 2780 esse
1011 2737 1430 2795 praecursorem,
1455 2731 1513 2778 ut
1544 2737 1786 2794 aequen-

170 2810 245 2864 tia
266 2811 669 2869 determinant.
701 2814 804 2869 Hic
857 2813 1132 2868 humilitas
1158 2812 1382 2868 Joannis
1429 2811 1786 2868 commenda-

175 2913 285 2961 tur.
325 2908 610 2977 Quidum
657 2909 1028 2966 infirmitatem
1058 2923 1211 2964 suam
1267 2907 1542 2964 humiliter
1586 2908 1789 2963 studuit

172 3011 506 3069 agnoscere,
557 2999 658 3055 Dei
677 2998 1060 3054 celsitudinem
1087 2997 1281 3052 meruit
1309 2996 1580 3052 obtinere.
1647 2996 1787 3051 Mira

176 3086 393 3142 caecitas
442 3087 816 3143 Judaeoruml
856 3086 960 3154 Qui
1007 3102 1130 3140 cum
1187 3085 1448 3141 Joannem
1502 3084 1788 3141 crederent

177 3189 298 3230 esse
331 3177 620 3232 Christum
669 3177 901 3232 credere
957 3174 1216 3229 nolebant
1269 3173 1373 3244 ipsi
1403 3172 1599 3228 Joanni
1645 3181 1788 3230 atte-

181 3265 340 3319 stanti
369 3266 657 3320 Christum
695 3280 819 3320 esse
849 3263 1205 3329 Salvatorem,
1246 3269 1321 3317 tot
1341 3261 1516 3333 signia
1544 3275 1611 3317 ac
1667 3261 1786 3316 vir-

180 3353 384 3408 tutibus
412 3355 787 3426 approbatum
814 3371 827 3406 :

251 3472 272 3496 ιι
309 3450 385 3504 Et
412 3451 904 3522 interrogaverunt
958 3465 1104 3504 eum.
1137 3447 1276 3518 Quid
1305 3463 1438 3521 ergo
1463 3449 1494 3502 Ἰ
1523 3448 1672 3503 Elius
1727 3463 1788 3504 es

177 3539 514 3595 tu?Etdixit
539 3540 692 3594 :Non
731 3554 872 3592 sum.
891 3539 1156 3609 Propheta
1186 3551 1245 3592 es
1263 3539 1432 3592 tulEt
1451 3537 1738 3607 respondit
1770 3555 1782 3593 :

1896 2327 2137 2408 Eliseum
2167 2349 2221 2404 in
2250 2327 2424 2421 figura
2444 2327 2698 2422 baptismi
2741 2345 2902 2402 siccis
2929 2327 3166 2420 pedibus
3202 2327 3484 2417 transisse,

1895 2439 2154 2513 putabant
2182 2445 2235 2494 et
2263 2451 2407 2496 nunc
2454 2450 2550 2494 eos
2578 2432 2884 2490 surrexisse
2941 2433 3012 2488 ad
3067 2431 3473 2508 baptizandum.

1897 2535 2038 2606 Quia
2066 2549 2202 2608 ergo
2229 2533 2466 2589 Joannes
2493 2530 2701 2588 nullum
2743 2531 2810 2586 de
2838 2529 2925 2592 his
2952 2529 3083 2590 dicit
3111 2546 3171 2586 se
3199 2547 3342 2600 esse,
3399 2529 3482 2590 in-

1894 2630 2175 2698 terrogant
2203 2637 2308 2696 qua
2336 2618 2564 2676 audacia
2591 2617 2850 2697 baptizet.

1970 2743 1992 2774 ι
2031 2721 2327 2796 Respondit
2346 2720 2425 2778 eis
2452 2719 2692 2776 Joannes
2719 2717 2910 2780 dicens
2938 2735 2953 2773 :
2981 2717 3104 2798 Ego
3127 2718 3354 2798 quidem
3375 2720 3480 2788 ba-

1893 2809 2038 2883 ptizo
2059 2825 2157 2866 vos
2187 2823 2330 2884 aqua
2353 2809 2409 2865 in
2442 2806 2836 2879 paenitentiam.
2868 2805 2975 2876 Qui
3002 2807 3180 2866 autem
3216 2814 3343 2882 post
3392 2825 3483 2870 me

1893 2906 2156 2955 venturus
2190 2905 2290 2964 est,
2324 2895 2516 2954 fortior
2542 2911 2631 2951 me
2651 2903 2733 2954 est
2763 2910 2778 2964 ;
2811 2894 2973 2964 cujus
2997 2909 3108 2952 non
3135 2911 3259 2954 sum
3281 2891 3482 2968 dignus

1893 2986 2257 3043 calceamenta
2283 2991 2527 3057 portare.
2569 2981 2782 3040 Medius
2829 2989 3008 3038 autem
3054 2989 3292 3039 vestrum
3337 2985 3487 3048 stetit

1894 3091 2053 3149 quem
2073 3090 2171 3134 vos
2198 3071 2440 3132 nescitis.
2474 3073 2599 3146 Ipse
2629 3086 2728 3127 vos
2757 3069 3340 3148 baptizabitinSpiritu
3354 3086 3482 3128 san-

1893 3172 1981 3220 cto
2012 3171 2064 3218 et
2090 3161 2206 3238 igni
2238 3161 2440 3232 (ibid.).
2463 3181 2485 3210 ι
2511 3161 2917 3232 (AUGUSTINUS,
2963 3157 3340 3231 Guscoaws.)
3395 3159 3483 3218 Ac

1893 3260 1940 3316 si
1969 3259 2112 3316 dicat
2135 3277 2148 3313 ε
2181 3257 2304 3313 Non
2332 3257 2628 3328 imputetur
2653 3254 2900 3313 audaciae
2921 3255 3067 3328 quod
3093 3272 3218 3330 ago.
3258 3257 3482 3326 Baptizo

1893 3351 1945 3404 in
1979 3364 2120 3422 aqua
2149 3347 2204 3401 in
2233 3344 2711 3422 paenitentiam,id
2739 3351 2823 3402 est
2851 3345 2906 3399 in
2935 3340 3150 3420 signum
3207 3339 3482 3418 pceuiten-

1893 3448 1981 3504 tiae
2009 3444 2300 3519 purgantis
2329 3443 2542 3510 animas
2575 3461 2588 3508 ;
2620 3441 2741 3500 lavo
2783 3457 3040 3518 corpora,
3072 3446 3126 3502 et
3152 3459 3310 3508 usum
3339 3443 3484 3518 δερ-

1895 3543 2093 3604 tizandi
2120 3542 2357 3612 instituo,
2383 3555 2591 3612 parans
2619 3539 2768 3597 viam
2797 3538 3005 3596 fortiori
3033 3555 3142 3612 me,
3171 3540 3332 3617 cujus
3361 3540 3483 3610 eat.-

176 3636 302 3690 Non
323 3639 542 3705 (ibid.).
565 3634 1784 3706 -(Guacomus.)Dominusdixeratdiscipulis
1811 3627 1861 3691 C
1892 3639 2176 3691 ceamenta
2202 3638 2420 3702 portare
2445 3644 2556 3686 non
2584 3643 2704 3686 sum
2760 3627 2988 3706 dignus.
3021 3627 3195 3696 Tanta
3250 3636 3334 3690 est
3366 3629 3483 3700 eius

181 3733 328 3788 suis:
360 3759 383 3784 α
419 3738 668 3793 Joannes
714 3734 831 3804 ipse
862 3740 945 3788 est
991 3732 1144 3787 Elius
1198 3733 1425 3801 (Matth.
1463 3734 1560 3801 χι),
1596 3755 1619 3780 ιι
1655 3733 1784 3804 quia

182 3821 426 3880 Joannes
478 3826 535 3880 in
591 3823 782 3894 spiritu
831 3829 948 3878 erat
999 3822 1152 3876 Elias
1206 3835 1314 3876 non
1363 3821 1418 3875 in
1475 3835 1709 3892 persona
1764 3839 1778 3876 :

181 3912 318 3967 enim
349 3914 505 3986 quod
531 3913 670 3968 dicit
692 3913 777 3967 hie
806 3927 865 3966 se
894 3925 999 3966 non
1023 3925 1148 3965 esse
1176 3910 1374 3964 Ellam.
1394 3910 1522 3964 Ideo
1541 3911 1782 3965 Joannes

180 4004 400 4073 negavit
429 4019 500 4059 se
541 4019 669 4058 esse
717 4001 1059 4072 prOphetam,
1117 3998 1246 4070 quia
1275 3999 1397 4069 plus
1445 4007 1562 4053 erat
1617 4013 1780 4070 quam

181 4093 468 4162 prepheta,
495 4092 647 4162 quod
677 4090 770 4144 alii
787 4089 1276 4160 pronuntiaverunt
1323 4088 1645 4143 ostendens.
1687 4089 1780 4145 Vel

183 4180 300 4247 quia
331 4182 514 4236 nuntii
543 4194 790 4250 quaerere
825 4178 1180 4233 intendebant
1226 4192 1296 4231 an
1325 4184 1470 4234 esset
1526 4177 1672 4231 Elias
1726 4185 1780 4231 et

182 4265 408 4339 Eliseus,
446 4270 504 4324 in
536 4268 735 4340 quibus
784 4265 956 4337 figura
1017 4263 1273 4337 baptismi
1331 4265 1636 4336 pracessit,
1691 4264 1778 4320 vel

181 4363 312 4420 alius
341 4384 404 4422 ex
440 4366 682 4437 antiquis
699 4365 1004 4436 prophetis.

253 4484 274 4512 ι
306 4466 583 4521 Dixerunt
615 4479 749 4536 ergo
779 4463 827 4518 ei
861 4480 874 4516 :
909 4462 1044 4531 Quis
1075 4477 1135 4517 es
1164 4469 1220 4516 ut
1241 4476 1567 4531 responsum
1583 4461 1777 4516 demus

188 4548 267 4604 liis
293 4555 382 4625 qui
413 4553 689 4609 miserunt
736 4567 836 4606 nos
869 4569 883 4605 :
914 4551 1033 4606 Ait.
1079 4550 1200 4623 Ego
1229 4564 1331 4605 vox
1390 4549 1674 4606 clamantis
1720 4549 1777 4603 in

183 4636 384 4699 deserto
422 4659 436 4697 :
476 4642 670 4697 Parate
699 4641 842 4694 viam
879 4639 1122 4704 Domini,
1145 4639 1294 4694 sicut
1313 4638 1446 4692 dixit
1468 4638 1636 4692 Isaias
1651 4652 1774 4708 pro-

182 4726 331 4795 pheta
362 4734 554 4801 (Joan.
581 4732 650 4798 l).
700 4752 721 4775 ι·
753 4729 994 4786 Joannes
1023 4736 1107 4783 est
1136 4741 1242 4782 vox
1295 4727 1352 4781 in
1382 4741 1494 4798 quo
1545 4727 1775 4782 verbum

187 4837 346 4895 sonat,
375 4828 647 4892 ostensio,
700 4825 1074 4898 etprophetia,
1134 4834 1187 4880 et
1211 4824 1435 4880 lucerna
1491 4822 1646 4878 verbi
1673 4822 1774 4878 Dei

1893 3728 2240 3793 excellentia,
2273 3742 2394 3800 quae
2428 3741 2594 3799 supra
2623 3741 2796 3784 meam
2845 3732 2929 3784 est
2982 3725 3330 3796 parvitatem.
3383 3727 3480 3792 ιιν

1889 3827 1975 3880 ter
2007 3835 2106 3876 vos
2157 3824 2340 3874 autem
2366 3815 2581 3876 medius
2611 3823 2696 3876 est
2721 3830 2886 3886 quem
2934 3813 3331 3886 praedicarant
3376 3831 3482 3880 uou-

1890 3907 2048 3966 scitis
2068 3923 2214 3975 eum,
2248 3905 2371 3980 quia
2400 3906 2518 3974 eius
2543 3902 2850 3960 humilitate
2875 3916 2986 3960 non
3015 3901 3335 3975 abutiminis
3353 3903 3480 3976 Ipse

1890 3995 2184 4067 haptizabit
2214 3994 2268 4049 in
2299 3994 2507 4066 Spiritu
2537 3999 2729 4048 sancto
2759 3999 2810 4050 et
2832 3989 2968 4064 igni,
2997 3991 3103 4056 hoc
3123 3999 3205 4061 est
3231 3997 3290 4050 et
3344 4007 3482 4063 pur-

1888 4079 2107 4151 gatione
2138 4074 2579 4133 sanctiﬁcationis
2623 4083 2676 4130 et
2702 4074 3021 4152 probatione
3066 4073 3431 4140 tribulationis
3463 4093 3480 4142 ;

1888 4168 1973 4223 vel
2007 4167 2061 4222 in
2090 4165 2291 4238 Spiritu
2323 4172 2530 4229 sancto,
2559 4155 2718 4218 idest
2745 4163 2800 4218 in
2826 4163 2972 4235 igne,
2995 4177 3156 4236 quem
3184 4163 3331 4219 venit
3357 4161 3480 4238 mit-

1887 4266 2002 4312 tere
2032 4235 2204 4326 super
2237 4262 2464 4310 terram.
2523 4253 2759 4322 (Βεω.)
2815 4251 3050 4324 Spiritus
3106 4255 3328 4308 sanctus
3381 4235 3480 4324 per

1886 4355 2068 4426 ignem
2099 4351 2441 4425 intelligitur,
2467 4363 2588 4422 qua:
2616 4357 2669 4406 et
2717 4349 2883 4405 corda
2904 4343 3145 4406 incendit
3173 4366 3276 4422 per
3317 4364 3478 4408 amo-

1885 4468 2002 4508 rem
2031 4451 2371 4508 etillurninat
2399 4463 2499 4521 per
2545 4447 2886 4520 sapientiam.
2919 4447 3056 4502 Sunt
3080 4447 3176 4520 qui
3201 4447 3276 4504 ita
3293 4457 3480 4520 sitpo-

1884 4549 2035 4596 nunt.
2072 4542 2130 4594 In
2179 4537 2381 4610 Spiritu
2411 4541 2604 4592 sancto
2634 4536 2690 4590 in
2710 4536 2970 4607 praesenti
2998 4552 3012 4600 ;
3045 4535 3107 4590 in
3129 4535 3279 4608 igne,
3300 4537 3358 4592 in
3386 4535 3478 4591 fu-

1881 4638 2024 4684 turo.
2066 4628 2217 4684 Sicut
2244 4627 2393 4682 enim
2438 4641 2586 4682 nunc
2613 4619 2952 4680 renascimur
2971 4632 3039 4679 ex
3069 4635 3216 4695 aqua
3244 4632 3297 4680 et
3345 4623 3475 4696 Spit

1882 4719 1985 4773 ritu
2015 4727 2206 4774 sancto
2229 4716 2285 4770 in
2315 4714 2692 4771 remissionem
2722 4717 3095 4784 peccatorum,
3145 4712 3221 4768 ita
3249 4717 3382 4769 me
3401 4712 3474 4769 de

1882 4807 2094 4862 levibus
2121 4805 2366 4877 peccatis
2417 4817 2544 4860 cum
2588 4801 2788 4874 quibus
2836 4799 3104 4856 monitum
3145 4814 3252 4872 pu-
3277 4798 3473 4874 ignem

187 4889 466 4980 praesentis
496 4917 551 4970 in
579 4889 808 4980 Joanne,
842 4889 942 4985 per
963 4929 1127 4985 quem
1154 4913 1372 4978 clamat,
1403 4911 1690 4982 praesentis
1713 4910 1768 4965 ia
1795 4979 1837 4985 _
1878 4893 2480 4985 purgaturim,,qm3§
2531 4907 2633 4985 Pu:
2656 4889 3004 4962 um
3123 4978 3137 4985 -
3204 4889 3219 4944 Ι
3258 4889 3337 4985 1....
3372 4904 3463 4985 ψ

189 4977 343 5061 carne
371 5013 652 5074 assumpta
665 5003 754 5059 cui
782 4977 1442 5058 Johannestestimonium
1495 4999 1764 5070 perhibet,
1795 4980 1798 5039 ί

1892 4986 2034 5041 Unde
2062 4983 2360 5053 Apostolus
2387 4979 2988 5076 uniuscuiusque-opus
3017 4978 3178 5050 quaee

185 5087 325 5155 juxta
353 5094 510 5149 illud.
547 5117 568 5142 ι
604 5093 796 5147 Paravi
825 5091 1106 5148 lucernam
1134 5091 1358 5146 Christo
1395 5104 1526 5144 meo
1574 5087 1760 5157 (Psal.

181 5188 378 5254 eam).
417 5207 441 5232 ι
472 5182 634 5237 Viam
659 5180 876 5237 Domini
901 5180 1106 5251 dirigit,
1149 5178 1244 5250 qui
1272 5179 1518 5234 veritatis
1547 5191 1764 5232 sermo-

183 5291 292 5335 nem
319 5279 606 5337 humiliter
635 5261 802 5335 audit.
823 5280 976 5333 Viam
1001 5275 1764 5349 Dominidiﬁgitquiadprmc

183 5387 322 5447 cepta
350 5380 478 5450 ejus
503 5379 672 5433 vitam
721 5383 1022 5449 praeparat.
1075 5375 1231 5431 Unde
1279 5374 1414 5429 illud
1449 5390 1461 5428 :
1499 5396 1522 5422 ι
1557 5373 1618 5429 Si
1642 5374 1762 5446 quia

185 5462 343 5539 diligit
385 5485 474 5524 me
501 5482 813 5524 semonem
839 5479 1024 5521 meum
1053 5464 1292 5519 servabit
1321 5465 1502 5533 (locu.
1563 5465 1695 5532 xiv).
1736 5485 1760 5511 ιι

249 5586 267 5614 ι
298 5569 366 5624 Et
394 5567 486 5640 qui
507 5565 670 5621 missi
693 5565 911 5620 fuerant
939 5571 1093 5618 erant
1121 5578 1187 5618 ex
1210 5561 1522 5619 Pbarismis.
1576 5561 1645 5616 Et
1673 5561 1764 5615 in.

185 5655 594 5730 terrogaverunt
622 5669 768 5710 enin.
793 5653 1127 5709 Etdixeruat
1149 5653 1203 5706 ei
1225 5668 1237 5706 :
1257 5651 1400 5721 Quid
1429 5665 1566 5722 ergo
1583 5649 1764 5720 bapti-

184 5764 262 5806 zas
280 5756 324 5810 si
351 5765 412 5811 tu
436 5770 552 5810 non
583 5769 644 5808 es
673 5751 924 5807 Christus
955 5765 1143 5820 neque
1167 5749 1312 5804 Elius
1341 5765 1522 5820 neque
1535 5749 1766 5818 βωμὸς-

181 5851 504 5927 ιεῖιμυαη.
536 5853 606 5921 ι.)
637 5845 1588 5918 Λυάίθωυξρὴιτίεαὺίαρνορδειίε
1607 5845 1764 5900 Chri-

172 5952 680 6010 Wltventarumet
688 5944 1348 6017 inﬂammandam“
1357 5944 1530 6000 etiam
1561 5941 1763 5998 barda-

1876 5072 2130 5144 probabit
2156 5073 2205 5140 (ι
2233 5073 2361 5128 Cor.
2391 5070 2500 5139 ut.)
2525 5090 2550 5120 ι
2580 5067 3182 5140 Evangelimiom

1880 5183 1902 5212 α
1938 5161 2103 5233 Cujus
2126 5175 2238 5214 non
2265 5174 2391 5218 sum
2443 5159 2645 5231 dignus
2677 5163 2739 5216 ut
2754 5156 2966 5216 solvam
2993 5156 3116 5228 ei“

1874 5258 2231 5317 calceamenti
2255 5261 2438 5329 (lem.
2469 5259 2532 5326 ι),
2567 5281 2596 5310 ι-
2627 5255 2778 5329 quod
2803 5255 2874 5314 ad
2897 5255 3220 5328 mysterium
3235 5262 3466 5327 metu.

1871 5358 1994 5414 llos
2019 5355 2170 5427 apud
2191 5362 2406 5412 veteres
2434 5354 2540 5410 fuit
2563 5359 2628 5411 ut
2646 5354 2694 5412 si
2719 5354 2841 5428 quis
2865 5369 2992 5410 eam
3021 5370 3144 5426 με
3181 5353 3463 5410 sibi”

1870 5463 2080 5528 peteret
2101 5453 2354 5524 accipere
2381 5460 2615 5510 utorem.
2643 5452 2934 5519 nollet,ille
2955 5452 3012 5508 ei.
3034 5452 3468 5518 uehementem

1873 5554 2109 5610 solveret
2137 5551 2230 5623 qui
2245 5550 2367 5620 jure
2394 5549 2818 5622 propinquitatis
2847 5566 2969 5606 eam
2997 5545 3106 5606 sibi
3155 5550 3469 5624 deem

1871 5658 1976 5706 ret.
2009 5649 2254 5705 Christus
2281 5654 2464 5702 autern
2490 5659 2736 5717 sponsus:
2783 5647 3052 5704 Ecclesia:
3077 5647 3197 5716 fuit,
3217 5655 3278 5704 ιιι
3301 5650 3467 5706 Ioan—

1872 5747 2110 5804 nesait:
2149 5769 2172 5793 ι
2206 5745 2312 5814 Qui
2359 5744 2524 5800 habet
2579 5757 2842 5815 sponsam
2869 5759 3108 5816 sponsus
3160 5747 3462 5815 esum.

1872 5850 1975 5915 tu).
2013 5863 2045 5891 ua
2077 5843 2240 5900 Unde
2289 5843 2552 5908 Joannes,
2611 5841 2710 5914 qui
2760 5841 3013 5901 Christus
3047 5856 3178 5900 esse
3223 5843 3466 5915 pushe-

1872 5951 1982 6012 ω,
1997 5949 2164 6004 ruta
2186 5955 2256 5997 se
2271 5939 2564 6012 indignum
2589 5953 2712 6004 sane
2735 5937 3112 5996 demittid-
3133 5937 3465 5997 acim
