3924 6386
455 398 562 453 Ἷῖιθ

1599 393 1944 463 WERNEM
1982 397 2280 466 «ABBATIS
2317 408 2379 465 S.
2424 406 2648 467 BLASII

3679 419 3799 471 760

461 521 773 597 corrigiam
793 523 921 597 ejus
965 524 1341 583 calceamenti.
1378 526 1544 597 Quasi
1569 524 1721 586 dicat
1749 546 1768 586 :
1792 532 1915 605 Ego
1944 532 2054 589 Rev
2085 541 2142 603 Α
2170 532 2351 589 dixit:
2388 556 2411 583 ι
2470 533 2918 593 Consummatum
2975 543 3061 595 est
3113 535 3303 610 (Jama.
3336 540 3476 609 xIx),
3514 560 3539 593 ο
3595 534 3804 596 omnia

473 610 779 685 demptoris
808 612 1041 686 vestigia
1068 614 1351 672 denudare
1371 630 1480 672 non
1511 618 1690 686 valeo,
1726 620 1852 688 quia
1881 621 2069 692 sponsi

460 716 679 757 nomen
706 701 838 757 mihi
867 718 978 759 non
1003 718 1231 776 usurpo.
1257 704 1355 760 Vel
1410 705 1484 760 ita
1520 721 1533 760 :
1562 706 1950 766 Calceamenta
2003 726 2068 765 ex

469 789 697 868 mortuis
725 789 1057 846 animalibus
1085 790 1241 848 ﬁunt.
1291 793 1558 851 Dominus
1588 812 1721 853 vero
1766 798 1924 868 quasi
1947 797 2068 856 cal-

466 864 663 941 ceatus
690 878 946 951 apparuit
974 888 1261 952 postquam
1289 898 1515 939 carnem
1548 864 1867 957 assumpsit.
1897 888 2070 958 Hujus

464 966 862 1025 incarnationis
891 970 1215 1042 mysterium
1250 988 1412 1028 nemo
1434 973 1812 1046 unusquisque
1863 975 1935 1031 ad
1957 978 2071 1050 p'e-

468 1070 600 1111 num
628 1056 965 1137 investigare
1020 1059 1219 1130 potuit.
1259 1060 1512 1136 Corrigia
1564 1063 1930 1120 calceamenti
1985 1074 2068 1122 est

467 1150 706 1227 ligatum
733 1154 866 1211 tanti
887 1156 1148 1228 mysterii.
1201 1158 1325 1214 Non
1363 1159 1513 1216 valet
1538 1176 1675 1233 ergo
1704 1162 1944 1219 Joannes
1998 1163 2068 1218 ad

460 1250 685 1322 plenum
717 1252 1016 1324 corrigiam
1046 1254 1285 1323 solvere,
1318 1272 1441 1329 qua
1461 1255 1848 1316 incarnationis
1873 1269 2070 1333 myste-

458 1337 599 1395 rium
628 1355 740 1396 non
767 1339 967 1398 sufﬁcit
993 1342 1361 1416 investigare.

545 1454 565 1477 υ
603 1429 768 1499 Cujus
804 1430 1168 1489 ventilabrum
1215 1431 1274 1488 in
1302 1450 1470 1493 manu
1512 1451 1640 1492 sua.
1676 1431 1747 1494 Et
1800 1454 2066 1510 permun-

469 1517 622 1574 dabit
647 1533 837 1593 aream
882 1536 1060 1587 suam,
1110 1529 1162 1577 et
1217 1525 1582 1597 congregabit
1629 1526 1869 1583 triticum
1910 1545 2067 1584 suum

465 1606 527 1661 in
557 1607 839 1674 horreum,
860 1609 1048 1681 paleas
1074 1618 1262 1667 autem
1310 1614 1596 1669 comburet
1625 1615 1741 1688 igni
1794 1616 2065 1672 inexstin-

468 1695 664 1769 guibili
694 1698 885 1765 (Joan.
916 1701 1008 1770 1).)
1043 1699 1341 1756 Ventilabri
1364 1718 1506 1775 opus
1534 1713 1615 1759 est
1631 1704 2066 1762 abint‘ructuosis

467 1785 748 1842 fructuosa
775 1785 1117 1844 discernere.
1166 1787 1324 1859 Quod
1349 1792 1404 1845 in
1436 1808 1598 1847 manu
1628 1793 1845 1849 Domini
1904 1795 2066 1852 situm

467 1881 669 1939 indicat
697 1883 979 1939 arbitrium
1011 1887 1296 1956 potestatis
1327 1889 1677 1945 recondentis
1707 1892 1964 1960 triticum,
2011 1894 2063 1948 id
2094 1906 2148 1967 Β

465 1982 553 2027 est
580 1972 865 2055 perlaetus
894 1972 1103 2055 fructus
1128 1977 1473 2039 credentium
1500 1979 1557 2041 in
1586 1980 1805 2036 horreis
1837 1996 1850 2047 ;
1883 1982 2074 2054 paleas

467 2072 619 2126 vero,
643 2048 697 2115 id
716 2070 802 2116 est
820 2048 1216 2119 infructuosam
1248 2048 1900 2133 hominaminanitetem:
1942 2070 2076 2143 igne
2130 2082 2143 2111 λ

461 2148 652 2219 judicii
679 2152 1104 2207 concremantia.
1139 2153 1242 2208 Per
1270 2155 1636 2211 ventilabrum
1658 2158 1922 2215 discretio
1946 2159 2077 2227 justi

465 2248 757 2314 examinis,
788 2260 891 2320 per
917 2250 1108 2305 aream
1144 2266 1275 2306 vero
1325 2266 1570 2323 praesens
1598 2250 1843 2312 Ecclesia
1872 2254 2078 2331 ﬁgura-

464 2350 580 2398 tur.
619 2340 789 2413 Cujus
821 2359 966 2415 areae
988 2343 1244 2417 purgatio
1296 2348 1458 2404 etiam
1488 2366 1634 2407 nunc
1662 2352 1894 2424 geritur,
1953 2367 2077 2410 cum

470 2441 719 2510 perversi
748 2441 822 2497 ob
853 2442 1143 2499 manifesta
1174 2446 1413 2516 peccata
1444 2447 1513 2502 de
1542 2447 1789 2505 Ecclesia
1847 2452 2078 2516 ejiciun-

474 2538 584 2594 tur,
616 2529 705 2586 vel
730 2540 855 2601 post
882 2540 1111 2587 mortem
1139 2532 1326 2590 divina
1355 2536 1701 2593 districtione
1731 2540 2076 2595 damnantur.

476 2624 623 2679 Inter
650 2624 842 2695 paleas
870 2634 924 2681 et
973 2625 1177 2683 zizania
1207 2628 1390 2697 distat,
1440 2631 1531 2704 qui
1558 2633 1732 2704 paleae
1781 2650 1814 2690 a
1872 2637 2080 2694 semine

466 2711 599 2781 puri
629 2711 793 2770 tritici
848 2716 1116 2785 prodeunt
1147 2731 1161 2783 ;
1194 2712 1404 2774 'zizania
1433 2734 1562 2776 vero
1608 2736 1642 2776 a
1698 2722 1919 2780 diversa
1972 2727 2081 2782 ori-

462 2797 603 2872 ‘gine
623 2810 1008 2887 procreantur.
1034 2805 1194 2878 Ergo
1240 2806 1418 2876 palea;
1457 2808 1766 2879 signiﬁcant
1809 2813 1932 2869 illos
1989 2816 2081 2887 qui

480 2888 608 2944 ﬁdei
638 2889 914 2962 mysteriis
945 2892 1282 2962 imbuuntur,
1334 2898 1432 2952 sed
1460 2896 1679 2955 levitate
1710 2900 1955 2972 perfidiae
2010 2906 2079 2960 ab

480 2983 671 3041 electis
700 2987 1035 3071 dissentiunt
1068 3008 1081 3054 ;
1115 2992 1317 3046 zizania
1340 2991 1463 3051 illus
1493 2995 1582 3066 qui
1612 3014 1777 3068 opere
1799 3005 1850 3054 et
1870 3001 2081 3071 protes-

462 3072 634 3139 isione
663 3068 733 3138 ab
765 3084 959 3142 electis
988 3072 1365 3151 secernuntur.
1391 3091 1455 3145 Hi
1478 3092 1779 3151 ventilabro
1810 3098 1913 3154 hoc
1968 3115 2078 3155 non

474 3176 849 3239 removentur,
881 3174 970 3247 qui
994 3176 1109 3245 jam
1135 3176 1367 3247 judicati
1396 3190 1520 3236 sunt
1553 3200 1566 3247 ;
1599 3184 1698 3239 sed
1749 3185 1918 3255 palea:
1949 3196 2075 3243 tan-

458 3262 587 3315 tum
618 3263 971 3319 ventilentur.
1282 3270 1283 3275 “

458 3350 463 3353 ’
546 3350 771 3436 elicita
802 3351 1022 3427 quidem
1078 3358 1132 3408 et
1159 3355 1268 3411 alia
1319 3358 1609 3415 exhortans
1660 3365 2072 3436 evangelizabat

458 3438 694 3527 populo.
725 3432 854 3496 Haec
879 3442 932 3495 in
963 3441 1230 3500 Bethania
1264 3437 1404 3503 facta
1433 3456 1560 3502 sunt
1590 3457 1740 3506 trans
1753 3432 2071 3527 Iordanem,

456 3520 569 3590 ‘ubi
595 3544 714 3591 erat
738 3530 987 3594 Joannes
1019 3538 1542 3618 baptizans(ibid.).
1584 3571 1607 3597 ι.
1642 3550 1899 3606 Bethania
1934 3520 2071 3609 Avilla

458 3620 554 3679 est
582 3626 636 3679 in
664 3626 908 3683 secundo
936 3627 1008 3683 ab
1060 3628 1211 3685 Helia
1240 3633 1492 3691 milliaria
1549 3636 1602 3690 in
1634 3638 1809 3695 latere
1867 3644 2069 3699 montis

460 3710 806 3775 Oliveti.nbi
837 3710 1089 3773 Salt'ator
1116 3720 1354 3776 Lazarus
1382 3724 1678 3781 suscitavit.
1716 3727 1860 3785 Bene
1921 3747 2069 3801 prae-

456 3806 663 3887 curser
681 3803 904 3860 Domini
933 3807 1103 3862 nostri
1124 3807 1180 3862 in
1212 3809 1470 3867 Bethania
1500 3813 1703 3869 dicitur
1726 3816 2058 3887 baptizasse.

458 3879 607 3952 Nam
637 3896 894 3955 Bethania
941 3901 1141 3959 domus
1169 3903 1501 3962 obcdientiw
1546 3879 1952 3982 interpretatur,
2011 3925 2069 3972 ut

464 3984 801 4061 demonstret
832 4002 936 4059 per
962 3990 1333 4055 obedientiam
1375 3993 1504 4052 ﬁdei
1529 4012 1721 4055 omnes
1743 4001 1813 4057 ad
1870 4003 2070 4062 Christi

466 4075 737 4146 baptisma
764 4075 966 4134 debere
995 4080 1321 4153 pervenire.

464 4198 547 4295 De
573 4215 635 4256 eo
663 4203 887 4276 quando
907 4207 1180 4275 ceperint
1218 4207 1483 4279 honeines
1503 4212 1743 4285 obligari
1784 4225 2067 4291 praecepto

552 4366 555 4373 ι
678 4348 683 4353 .
818 4324 843 4329 λ-
921 4296 1277 4375 percipiendi
1304 4301 1605 4378 baptisma.

468 4402 775 4473 _Quaeritur
799 4411 1018 4480 quando
1034 4411 1334 4470 institutum
1364 4417 1433 4471 sit
1464 4432 1867 4479 sacramentum
1898 4425 2069 4495 bapti-

458 4492 592 4561 smi,
622 4510 691 4550 ex
724 4511 835 4569 quo
856 4497 1125 4571 deinceps
1176 4502 1382 4560 licitum
1412 4523 1523 4564 non
1553 4507 1652 4564 fuit
1687 4510 1820 4567 illud
1876 4492 2066 4584 negli—

460 4598 621 4656 gcre,
648 4585 870 4657 quando
899 4585 1041 4645 illud
1068 4591 1354 4663 suscipere
1407 4595 1654 4657 debitum
1684 4598 1806 4656 fuit.
1828 4602 1896 4659 Et
1918 4612 2069 4659 sunt

460 4672 685 4745 quidem
714 4689 885 4746 super
924 4675 1031 4735 hoc
1082 4680 1321 4738 diversas
1355 4683 1593 4754 plurium
1647 4688 2059 4748 aestimationes.

460 4766 575 4827 Alii
597 4767 790 4847 dicunt
817 4787 885 4827 ex
930 4772 1330 4832 eanstitutum
1345 4777 1682 4850 baptismum
1693 4784 1837 4855 quod
1864 4785 2069 4840 Chris—

464 4866 882 4925 tasNieadamo
937 4872 1283 4933 noetaadae
1338 4876 1577 4932 venienti
1630 4880 1855 4936 modum
1908 4898 2067 4942 novat

460 4957 893 5026 regenerationis
939 4958 1223 5021 insinuans
1276 4964 1400 5021 ait':
1436 4987 1458 5013 α
1492 4966 1616 5021 Nisi
1664 4969 1786 5040 quis
1841 4981 2066 5029 renatus

460 5052 629 5111 fuerit
651 5066 721 5110 ex
749 5069 895 5127 aqua
922 5062 979 5111 et
997 5057 1208 5129 Spiritu
1260 5054 1471 5126 sancto,
1501 5070 1609 5119 non
1641 5060 1821 5135 potest
1874 5071 2064 5128 videre

462 5160 697 5224 regnum
725 5154 823 5211 Dei
851 5157 1042 5225 (Joan.
1082 5160 1192 5230 nt).
1226 5180 1260 5209 ‘n
1295 5159 1401 5216 Alii
1428 5162 1615 5219 dicunt
1669 5166 2063 5226 institutionem

462 5241 719 5313 baptismi
747 5260 813 5300 ex
836 5260 906 5302 eo
930 5247 1225 5320 ineuepisse
1270 5255 1380 5323 quo
1406 5251 1657 5308 Christus
1696 5264 1819 5325 post
1875 5274 2062 5315 resur-

461 5332 759 5390 rectionem
788 5349 949 5395 suam
970 5336 1026 5391 in
1052 5340 1257 5396 cit-lum
1286 5355 1631 5397 ascensurus
1666 5344 1969 5418 discipulos
1993 5348 2063 5405 ad

458 5430 865 5497 pradicandum
904 5434 1073 5500 misit,
1126 5436 1371 5495 dicens:
1404 5463 1428 5487 ιι
1483 5439 1563 5496 Ite
1620 5440 1816 5497 docete
1870 5460 2063 5502 omnes

460 5525 661 5586 gentes
685 5519 1099 5586 baptizantesin
1135 5527 1355 5585 contine
1386 5529 1586 5593 Patris,
1637 5540 1690 5585 et
1723 5531 1840 5588 Filii
1860 5542 1915 5588 et
1945 5535 2064 5606 Spi-

462 5613 601 5670 ritus
621 5617 807 5679 sancti~
823 5621 1043 5681 (Matth.
1065 5627 1286 5695 amnt).
1325 5649 1348 5675 ιι
1382 5626 1625 5695 Quidam
1659 5628 2058 5689 institutionem

462 5707 714 5781 baptismi
729 5730 795 5769 ex
826 5732 893 5773 eo
919 5718 1157 5790 cmpisse
1186 5731 1372 5791 putant
1404 5726 1546 5794 quod
1562 5726 1805 5784 Joannes
1828 5729 1886 5785 in
1919 5746 2060 5803 aqua

460 5807 741 5880 baptizare
766 5813 950 5885 capit,
989 5815 1297 5886 praedicam
1342 5821 1735 5892 baptizaturum
1782 5825 1842 5881 in
1882 5829 2060 5898 Spiri-

460 5909 572 5965 tum
600 5909 820 5979 (Nam.
850 5913 959 5981 ιιι).
1004 5913 1113 5971 Alii
1139 5914 1196 5971 in
1242 5918 1503 5989 passione
1555 5919 1783 5989 unum.
1835 5927 2058 5996 quando

2181 634 2364 691 Veteri
2392 631 2723 694 Testamenti
2770 649 3114 698 sacramenta
3140 639 3306 700 ﬁnem
3360 643 3675 715 accepisse,
3741 652 3801 699 et

2177 720 2322 779 Novi
2343 726 2627 781 exordium
2657 736 2868 798 putant.
2919 730 3269 788 Commodius
3318 740 3504 788 autem
3567 733 3807 789 videtur

2168 819 2235 875 ut
2262 812 2515 871 dicamus
2542 812 2873 886 baptismum
2924 821 3077 889 prius
3100 836 3199 892 per
3226 821 3516 886 Joannem,
3581 820 3802 877 deinde

2162 924 2283 981 per
2337 910 2638 981 Christum,
2688 913 2805 969 sive
2849 914 3152 988 discipulos
3196 916 3417 985 Christi,
3463 918 3802 991 aliquandiu

2179 1008 2377 1076 solum,
2409 1026 2479 1066 ne
2502 1028 2533 1065 a
2562 1013 2955 1070 consuetudine
2982 1015 3301 1072 abhorreret
3327 1017 3381 1072 in
3405 1033 3560 1072 usum
3584 1017 3799 1089 produ-

2176 1106 2324 1155 ctum
2350 1116 2365 1167 ;
2397 1101 2696 1157 novissime
2725 1110 2931 1170 autem,
2953 1105 3177 1176 quando
3192 1105 3246 1160 in
3272 1106 3586 1163 universum
3615 1123 3794 1163 mun—

2174 1194 2305 1251 dum
2338 1196 2727 1266 prmdicatores
2756 1198 3034 1270 baptizare
3070 1202 3222 1256 missi
3253 1210 3393 1269 sunt,
3436 1201 3794 1274 generaliter

2178 1283 2504 1339 institutum.
2538 1284 2814 1342 Videntur
2843 1297 3027 1343 autem
3047 1290 3165 1346 haec
3184 1290 3289 1346 tria
3309 1294 3550 1363 tempora
3573 1291 3791 1347 distin-

2175 1382 2397 1452 guenda
2426 1398 2440 1437 :
2474 1382 2711 1437 Primum
2743 1384 2889 1439 enim
2918 1395 3040 1441 ante
3071 1387 3399 1456 baptismum
3415 1388 3778 1446 circumcisio

2177 1469 2294 1524 sola
2318 1478 2516 1525 statum
2546 1471 2756 1537 habuit,
2807 1480 2868 1528 et
2898 1475 3300 1546 suscipiebatur
3318 1476 3387 1531 ad
3423 1476 3787 1546 justiﬁestio»

2177 1587 2303 1626 nem
2352 1572 2470 1627 sine
2523 1571 2818 1643 baptismo.
2878 1572 3193 1632 Novissime
3250 1587 3425 1633 autem
3462 1591 3607 1633 nunc
3654 1587 3787 1649 post

2177 1658 2653 1716 circumcisionem
2684 1662 2833 1718 solus
2886 1663 3192 1734 baptismus
3249 1675 3442 1722 statum
3482 1667 3667 1732 habet,
3729 1674 3788 1722 et

2174 1757 2483 1814 celebratur
2510 1758 2578 1814 ad
2608 1759 2839 1816 salutem
2868 1761 2987 1817 sine
3015 1762 3453 1821 circumcisione.
3491 1765 3617 1820 Fuit
3671 1781 3781 1820 au-

2178 1862 2291 1910 tem
2318 1863 2535 1927 tempus
2572 1858 2814 1913 medium
2843 1860 3138 1931 quoddam,
3197 1862 3412 1933 quando
3439 1869 3492 1918 et
3532 1863 3781 1919 circum-

2184 1944 2322 1999 cisio
2380 1952 2434 1999 et
2490 1945 2793 2017 baptismus
2840 1947 3001 2002 simul
3067 1960 3460 2005 concurrerunt
3491 1968 3505 2006 :
3536 1952 3782 2022 primum

2175 2028 2544 2102 circumcisio,
2572 2045 2630 2090 ut
2668 2033 2928 2103 ﬁniretur,
2976 2024 3143 2104 aliud,
3204 2039 3259 2093 id
3311 2048 3393 2093 est
3447 2035 3776 2109 baptismUs,

2175 2137 2233 2184 ut
2291 2129 2722 2186 continuaretur.
2777 2131 3029 2204 Oportuit
3084 2136 3232 2189 enim
3286 2143 3345 2189 ut
3399 2144 3452 2190 et
3506 2135 3599 2191 illa
3650 2150 3778 2208 quae

2176 2208 2420 2274 ﬁnienda
2435 2229 2592 2275 erant
2612 2235 2965 2293 nequaquam
2981 2222 3158 2277 subito
3173 2223 3259 2278 vel
3282 2223 3769 2295 pracipitarentur,

2176 2314 2278 2370 sed
2309 2316 2587 2386 paulatim,
2622 2326 2675 2373 et
2704 2319 2864 2388 quasi
2890 2334 3017 2375 cum
3055 2320 3287 2392 quadam
3336 2322 3645 2376 reverentia
3688 2320 3774 2375 di-

2179 2404 2537 2472 mitterentur,
2570 2414 2628 2459 ut
2656 2407 3079 2464 ostenderentur
3123 2408 3271 2463 bona
3312 2408 3479 2464 fuisse
3524 2419 3771 2480 tempore

2179 2508 2297 2559 suo,
2328 2500 2383 2549 et
2404 2494 2664 2550 similiter
2707 2512 2828 2571 quae
2869 2497 3184 2570 incipienda
3233 2506 3388 2557 erant
3436 2513 3547 2555 non
3593 2497 3771 2563 subito

2176 2590 2234 2646 in
2264 2593 2645 2651 auctoritatem
2683 2607 3110 2665 assumerentur,
3168 2600 3268 2655 sed
3329 2616 3457 2658 cum
3515 2617 3664 2658 more
3721 2604 3772 2658 et

2174 2682 2449 2750 gravitate
2479 2683 2867 2740 inchoarentur
2901 2702 2971 2742 ne
3016 2687 3163 2743 velut
3208 2689 3404 2756 aliena,
3453 2698 3505 2745 et
3552 2699 3773 2762 propter

2166 2784 2295 2825 -rem
2332 2771 2555 2826 aliunde
2597 2772 2818 2829 inducta
2855 2775 3035 2831 subito
3083 2785 3422 2847 putarentur.
3463 2780 3561 2835 Illa
3605 2780 3771 2853 igitur

2177 2865 2400 2921 dimissa
2426 2876 2575 2935 sunt,
2608 2885 2713 2927 non
2744 2872 3010 2942 projects,
3043 2873 3096 2927 id
3127 2883 3210 2929 est
3235 2876 3333 2930 ista
3362 2876 3602 2933 instituta
3624 2885 3765 2943 sunt,

2179 2969 2287 3010 non
2318 2966 2623 3026 usurpata:
2665 2967 2722 3015 ut
2761 2958 2933 3015 divini
2982 2963 3192 3017 consilii
3227 2966 3522 3021 auctoritas
3561 2966 3767 3035 ubique

2166 3053 2509 3111 «servaretur,
2542 3054 2598 3101 et
2654 3049 2884 3105 humana
2935 3052 3198 3120 causatio,
3247 3069 3318 3107 ne
3373 3054 3554 3111 divina
3605 3069 3769 3126 opera

2179 3143 2589 3211 reprehendere
2619 3146 2863 3213 auderet,
2906 3157 3275 3205 amoveretur.
3332 3150 3593 3219 Quamvis
3634 3167 3767 3224 ergo

2103 3265 2152 3332 Ο
2184 3228 2239 3285 in
2294 3232 2829 3332 passionechristi,
2884 3251 2983 3307 per
3013 3254 3171 3332 quam
3210 3248 3586 3332 consummata
3639 3249 3759 3332 sunt

2180 3319 2382 3387 omnia,
2416 3322 2622 3378 veteris
2652 3323 2844 3396 ﬁgurae
2873 3334 3046 3380 status
3076 3327 3238 3383 tinem
3269 3329 3498 3400 accepit,
3538 3337 3591 3385 et
3636 3331 3766 3386 novi
3862 3404 3869 3411 ‘

2178 3418 2491 3475 constitutio
2518 3422 2851 3477 sacramenti
2878 3424 3183 3487 exordium,
3219 3433 3335 3481 tum
3381 3435 3436 3481 et
3471 3428 3619 3497 prius
3663 3428 3764 3483 ali—

2164 3508 2395 3577 :qnando
2425 3516 2671 3579 tempore
2703 3519 2757 3566 et
2787 3527 2930 3567 nova
2960 3514 3220 3569 inchoata
3264 3522 3390 3570 sunt
3434 3516 3502 3569 ad
3545 3531 3767 3573 consue—

2122 3622 2127 3631 -
2179 3593 2444 3663 tudinem,
2479 3606 2533 3654 et
2580 3608 2762 3655 vetera
2799 3602 3146 3671 postmodum
3193 3603 3507 3675 aliquandiu
3549 3604 3766 3660 tolerata

2180 3693 2487 3749 secundum
2537 3694 3036 3765 dispensationem.
3086 3699 3345 3754 Similiter
3392 3715 3524 3772 ergo
3560 3700 3765 3756 fuerunt

2179 3789 2407 3851 utraque
2438 3790 2680 3854 tempore
2710 3784 2825 3853 illo,
2861 3786 2977 3841 sive
2996 3795 3121 3843 ante
3141 3787 3472 3857 passionem,
3495 3788 3607 3844 sive
3628 3794 3763 3860 post,

2176 3869 2249 3924 ab
2277 3885 2342 3927 eo
2371 3872 2590 3943 quando
2621 3872 2881 3929 inchoata
2910 3884 3034 3930 sunt
3057 3890 3218 3941 nova,
3241 3877 3417 3934 donec
3434 3878 3762 3948 postmodum

2177 3974 2367 4022 vetera
2392 3976 2520 4024 sunt
2550 3969 2868 4028 interdicta.
2910 3973 2981 4028 Et
3033 3972 3089 4028 in
3144 3973 3249 4029 isto
3307 3975 3486 4032 medio
3534 3984 3762 4047 tempore

2174 4058 2319 4127 quod
2351 4056 2449 4113 fuit
2479 4058 2779 4130 baptismus
2808 4077 2931 4117 cum
2963 4062 3375 4119 circumcisione
3419 4066 3489 4120 ab
3539 4065 3756 4121 inchoa-

2173 4144 2322 4201 tione
2350 4162 2445 4202 sua
2474 4164 2646 4219 usque
2674 4149 2746 4203 ad
2772 4151 3086 4219 passionem
3116 4151 3335 4217 Christi,
3370 4153 3471 4209 hoc
3520 4154 3613 4209 fuit
3654 4155 3755 4210 cir-

2176 4244 2441 4299 cumcisio
2487 4260 2608 4300 cum
2670 4246 2962 4317 baptismo,
3025 4256 3151 4318 post
3205 4250 3518 4320 passionem
3574 4252 3754 4307 Christi

2175 4348 2349 4403 usque
2376 4333 2447 4387 ad
2478 4334 2608 4388 illud
2642 4344 2853 4405 tempus
2898 4353 3003 4405 quo
3044 4339 3163 4407 ipsa
3219 4340 3557 4395 circumcisio
3604 4340 3753 4410 coepit

2175 4422 2479 4492 prohiberi.
2519 4424 2670 4479 Sicut
2695 4426 2843 4479 enim
2862 4436 2988 4481 ante
3013 4427 3325 4497 passionem
3372 4429 3493 4499 ipsa
3531 4429 3749 4485 circum-

2177 4519 2313 4575 cisio
2343 4518 2399 4574 in
2429 4530 2569 4576 statu
2616 4538 2717 4579 suo
2764 4523 2833 4577 ad
2881 4525 3182 4581 remedium
3234 4525 3652 4596 suscipiebatur,
3709 4536 3759 4584 et

2096 4629 2148 4689 D
2179 4617 2362 4664 tamen
2407 4618 2533 4666 tunc
2578 4611 2746 4667 etiam
2793 4612 3097 4683 baptismus
3132 4615 3251 4670 sine
3298 4614 3541 4685 periculo
3587 4615 3757 4671 salutis

2177 4713 2286 4753 non
2323 4700 2777 4756 contemnebatur
2834 4702 2905 4757 ab
2955 4702 3041 4758 his
3095 4703 3303 4773 quibus,
3351 4704 3751 4774 praedicabatur,

2172 4794 2251 4850 ita
2279 4800 2405 4866 post
2428 4798 2743 4867 passionem
2774 4800 3099 4870 baptismus,
3126 4800 3381 4873 quamvis
3409 4800 3464 4855 in
3493 4810 3629 4858 statu
3658 4818 3749 4859 suo

2173 4885 2578 4955 suscipiebatur
2621 4887 2695 4942 ad
2742 4888 2995 4967 salutem,
3046 4897 3101 4944 et
3144 4899 3323 4945 tamen
3367 4898 3493 4947 tunc
3533 4895 3748 4947 circum-

2171 4973 2308 5030 cisio
2336 4975 2455 5029 sine
2491 4975 2734 5045 periculo
2780 4978 2978 5033 salutis
3034 4994 3145 5034 non
3201 4980 3642 5036 contemnebatur
3688 4986 3749 5037 ab

2170 5070 2257 5125 his
2285 5071 2485 5141 quibus
2513 5070 2638 5127 ﬁnis
2667 5074 2787 5141 ejus
2816 5075 3058 5129 nondum
3089 5075 3557 5130 manifestabatur.
3614 5078 3748 5132 Post-

2172 5176 2332 5230 quam
2363 5162 2788 5219 aulemdictum
2809 5170 2891 5218 est
2924 5181 2938 5219 :
2969 5187 2991 5211 u
3024 5164 3081 5219 Si
3112 5165 3579 5231 circumcidimiui,
3616 5166 3748 5221 Chri-

2172 5258 2288 5305 stus
2320 5251 2477 5309 nobis
2508 5251 2639 5306 nihil
2670 5252 2899 5323 prodest
2928 5253 3142 5322 (Galat.
3174 5256 3249 5323 v),
3289 5277 3311 5302 ι
3352 5255 3465 5323 jam
3507 5254 3746 5327 deinceps

2170 5364 2275 5404 non
2312 5350 3007 5419 poteratcircumcisioad
3065 5352 3297 5407 salutem
3337 5352 3563 5423 percipi,
3623 5354 3744 5409 sicut

2169 5438 2339 5508 prius,
2382 5448 2664 5511 postquam
2723 5440 2928 5496 dictum
2982 5440 3198 5496 fuerat:
3244 5464 3269 5489 α
3332 5442 3603 5497 Masculus
3657 5457 3745 5500 cu-

2162 5538 2253 5606 jus
2291 5552 2419 5593 caro
2476 5539 2731 5609 praeputii
2786 5539 3109 5595 circumcisa
3164 5554 3275 5597 non
3331 5539 3514 5604 fuerit,
3570 5540 3742 5611 peribit

2167 5636 2351 5689 anima
2378 5634 2469 5690 illa
2499 5636 2568 5691 de
2598 5636 2800 5707 pepulo
2830 5654 2930 5691 suo
2962 5639 3123 5705 (Gen.
3157 5649 3316 5709 xvn).
3354 5659 3377 5686 οι
3430 5638 3552 5693 Non
3594 5640 3740 5709 potuit

2165 5730 2513 5788 circumcisio
2540 5734 2609 5787 ab
2650 5733 2732 5788 his
2771 5734 3038 5789 duntaxat
3066 5734 3265 5805 quibus
3320 5734 3563 5803 injuncta
3592 5736 3739 5791 fuerat

2165 5829 2284 5885 sine
2327 5829 2573 5899 periculo
2616 5831 2809 5887 salutis
2863 5833 3160 5889 contemni.
3213 5833 3445 5888 Rursum
3494 5832 3737 5904 quemad-I

2165 5926 2387 5983 modum
2412 5927 2474 5982 in
2500 5928 2764 6003 principio
2796 5930 3099 6003 baptismus
3128 5944 3164 5988 a
3191 5932 3403 5988 Joanne
3458 5933 3733 5989 secundum
