3924 6452
216 456 310 531 'it‘il

1262 489 1838 550 DEFLOR.\T10NES
1869 486 1966 544 SS.
2000 487 2309 544 PATRUM.
2340 506 2410 527 -—'-
2442 485 2567 542 LIB.
2603 486 2643 541 Ι.

3493 482 3595 540 762

234 616 421 680 "solum
455 628 935 689 sacramentum
977 619 1226 701 dabatur,
1259 644 1313 691 ut
1371 634 1422 689 bi
1451 635 1541 707 qui
1589 632 1891 704 baptizandi
1927 604 1973 676 Ᾱ
2006 638 2087 683 est
2116 645 2344 685 numero
2374 630 2560 700 utique
2588 626 2858 683 malorum
2929 625 3170 681 omnium
3200 632 3254 679 et
3278 622 3596 679 infidelium.

241 712 399 770 usum
429 733 562 774 non
620 732 913 778 noverant
970 722 1334 789 erudirentur,
1389 724 1467 779 sic
1497 725 1550 778 in
1600 724 1897 777 novissimo

251 808 285 858 a
336 804 704 875 quibusdam
767 812 1021 867 ﬁdelibus
1102 813 1446 870 circumcisio
1502 811 1898 882 dispensatoris

267 895 536 951 secndum
597 900 795 954 solum
869 911 1273 956 sacramentum
1340 902 1752 971 suscipiebatur,
1829 916 1899 955 ne

272 984 334 1040 bi
383 985 480 1058 qui
536 986 873 1044 circumcidi
906 998 1308 1046 consueverant
1365 989 1888 1045 scandalizarentur.

358 1103 432 1157 De
462 1101 724 1158 adventu
755 1108 813 1159 et
852 1104 917 1159 de
947 1102 1226 1176 qualitate
1274 1113 1523 1177 persona?
1545 1106 1783 1178 judicis.

365 1237 388 1267 ε
425 1216 563 1272 Cum
620 1219 844 1275 venerit
903 1218 1046 1275 ﬁlius
1099 1221 1335 1276 hominis
1364 1222 1418 1275 in
1470 1222 1641 1291 gloria
1671 1238 1790 1289 sua,
1848 1229 1901 1278 et

284 1320 488 1361 omnes
517 1308 849 1376 angelicum
874 1324 960 1374 eo,
986 1316 1112 1365 tunc
1134 1312 1609 1381 congregabantur
1629 1319 1753 1366 ante
1776 1327 1901 1365 eum

284 1417 492 1457 omnes
522 1411 721 1474 gentes
753 1406 974 1471 (Matth.
1000 1420 1182 1475 XXV).»
1208 1408 1902 1477 (Aversrmus).l£t.ludipi

283 1492 503 1561 quippe
534 1491 627 1562 qui
658 1492 714 1546 in
770 1493 978 1548 malitia
1007 1504 1445 1564 perseverantes,
1479 1498 1533 1550 in
1579 1496 1671 1552 illo
1695 1496 1902 1563 judicio

278 1580 557 1650 puniendi
590 1587 735 1648 sunt,
772 1582 912 1636 sicut
967 1582 1096 1637 alibi
1161 1585 1367 1638 dictum
1400 1593 1480 1639 est
1518 1603 1529 1640 :
1576 1608 1597 1631 α
1636 1586 1903 1639 Videbunt

272 1665 343 1721 in
401 1684 567 1739 quem
595 1678 942 1741 pupugerunt
1000 1671 1188 1737 (Joan.
1224 1673 1351 1741 χιχ).
1383 1698 1403 1719 »
1438 1674 1570 1726 Cum
1602 1675 1743 1728 enim
1777 1672 1904 1728 boni

276 1763 338 1813 et
372 1756 508 1813 mali
533 1756 701 1814 visuri
732 1766 861 1815 sunt
884 1759 1132 1830 judicem
1163 1760 1410 1818 vivorum
1464 1770 1514 1818 et
1543 1771 1899 1829 mortuorum,

276 1861 486 1933 procul
538 1861 708 1917 dubio
766 1861 912 1919 enim
944 1863 1127 1920 videre
1158 1865 1284 1920 mali
1345 1881 1452 1920 non
1482 1874 1751 1935 poterunt,
1802 1866 1904 1919 nisi

2006 719 2155 773 Visio
2203 719 2291 772 illa
2321 718 2437 772 Filii
2470 718 2732 782 hominis,
2767 733 2867 771 nec
2923 716 3123 769 bonum
3154 714 3253 767 erit
3299 713 3479 782 impiis
3509 707 3600 780 qui

2005 808 2284 862 mittentur
2321 807 2375 861 in
2408 807 2589 876 ignem
2620 814 2899 867 internum,
2937 819 3038 858 nec
3092 818 3367 857 summum
3398 801 3598 855 bonum
3689 799 3692 802 ’

2006 893 2108 948 erit
2132 894 2317 962 justis.
2359 894 2551 948 Adhuc
2581 892 2720 947 enim
2756 899 2912 946 vocat
2939 906 3035 945 eos
3090 890 3159 943 ad
3188 903 3425 961 regnum
3454 887 3602 958 quod

2006 991 2089 1046 eis
2120 1000 2366 1060 paratum
2419 998 2503 1044 est
2531 991 2602 1044 ab
2632 989 2783 1044 initio
2843 988 3049 1042 mundi.
3085 988 3237 1042 Sicut
3294 985 3439 1039 enim
3494 984 3601 1038 illis

2008 1080 2153 1134 dicet
2186 1099 2197 1134 :
2234 1103 2256 1125 η
2293 1081 2369 1133 Ite
2400 1079 2456 1132 in
2505 1078 2683 1150 ignem
2718 1088 2979 1132 mternum
3029 1077 3246 1145 (Matth.
3302 1077 3439 1138 xxv)
3473 1090 3485 1127 :
3522 1073 3603 1127 sic

2002 1165 2204 1237 justis:
2242 1190 2264 1215 α
2302 1168 2511 1232 Venite,
2572 1166 2843 1220 benedicti
2905 1164 3080 1218 Patris
3142 1163 3268 1228 mei,
3322 1160 3599 1232 possidete

2008 1274 2257 1337 paratum
2288 1267 2443 1320 vobis
2475 1282 2699 1335 regnum
2752 1266 2962 1334 (ibid.).
2999 1287 3020 1310 ιι
3084 1263 3150 1316 Ει
3178 1263 3315 1317 sicut
3346 1260 3422 1314 illi
3452 1259 3603 1313 ibunt

2009 1365 2065 1417 in
2096 1364 2527 1419 combustionem
2558 1371 2841 1426 mtcrnam,
2877 1363 2955 1417 sic
2998 1360 3127 1430 justi
3159 1359 3212 1413 in
3245 1361 3412 1414 vitam
3442 1366 3601 1412 aeter-

2008 1470 2158 1507 nam.
2193 1452 2335 1521 Quid
2392 1462 2475 1507 est
2504 1461 2684 1506 autem
2743 1452 2850 1505 vita
2878 1460 3078 1505 aeterna
3110 1448 3212 1502 nisi
3242 1456 3298 1501 ut
3328 1462 3601 1518 recogno-

2010 1546 2164 1596 scant
2220 1548 2289 1601 te,
2360 1541 2551 1611 inquit,
2613 1557 2776 1594 unum
2839 1540 3008 1591 Deum
3075 1537 3277 1601 vivum,
3333 1544 3385 1589 et
3439 1550 3600 1606 quem

2011 1630 2204 1683 misisti
2258 1631 2441 1683 Iesum
2500 1628 2770 1682 Christum
2826 1623 3014 1697 (Joa-n.
3083 1630 3247 1693 XVII):
3282 1624 3379 1677 sed
3409 1622 3462 1676 in
3506 1621 3602 1675 illa

2010 1727 2277 1790 claritate,
2339 1727 2407 1780 de
2436 1741 2542 1797 qua
2595 1725 2724 1780 dicit
2756 1724 2897 1778 Patri
2928 1742 2939 1777 :
2976 1748 2997 1769 ιι
3033 1721 3206 1790 Quam
3236 1720 3401 1775 habui
3454 1716 3601 1790 apud

2012 1823 2063 1869 te
2110 1815 2432 1885 priusquam
2484 1814 2723 1867 mundus
2756 1812 2912 1866 tieret
2966 1810 3173 1878 (ibid).
3220 1832 3241 1855 η
3273 1810 3423 1863 Tunc
3453 1807 3597 1861 enim

2013 1904 2183 1957 tradet
2215 1919 2449 1973 regnum
2483 1904 2598 1956 Deo
2628 1910 2681 1956 et
2716 1900 2879 1967 Patri,
2911 1909 2966 1955 ut
2995 1903 3153 1953 intret
3183 1913 3378 1952 servus
3425 1897 3599 1951 bonus

273 1963 462 2063 solam
491 1964 724 2062 formam
756 1980 863 2034 qua
890 1965 1034 2022 ﬁlius
1064 1968 1298 2023 hominis
1346 1976 1464 2035 est;
1498 1970 1595 2022 sed
1637 1977 1812 2023 tamen
1842 1968 1896 2022 in
1928 1960 1979 2025 Β
2009 1992 2064 2045 in
2095 1960 2352 2063 gaudhﬂu
2386 1991 2599 2045 Domini
2620 1990 2726 2044 sui.

274 2052 543 2108 claritate
576 2052 631 2107 in
672 2069 784 2124 qua
821 2055 1108 2123 judicabit,
1146 2065 1197 2110 et
1250 2056 1304 2110 in
1352 2057 1654 2110 humilitate
1709 2057 1762 2111 in
1796 2073 1902 2127 qua

260 2128 563 2203 judicatus
590 2149 695 2196 est.
728 2143 851 2199 Non
882 2144 1025 2198 enim
1047 2145 1245 2199 iterum
1267 2145 1518 2200 Christus
1538 2145 1591 2200 in
1621 2162 1787 2202 cruce
1816 2146 1900 2201 vi-

272 2237 509 2294 dendus
536 2246 641 2296 est.
674 2240 941 2297 Caeterum
974 2242 1117 2298 illam
1140 2243 1237 2298 Dei
1259 2244 1485 2298 formam
1507 2244 1561 2298 in
1582 2259 1685 2315 qua
1708 2260 1897 2315 sequa-

270 2335 356 2391 lis
388 2346 474 2393 est
503 2339 670 2406 Patri,
702 2339 901 2410 procul
935 2341 1103 2397 dubio
1134 2342 1289 2413 impii
1318 2359 1425 2398 non
1456 2344 1740 2397 videbunt.
1778 2345 1899 2397 Non

285 2433 447 2488 enim
504 2442 631 2490 sunt
683 2437 1075 2493 mundicordes
1135 2439 1228 2510 qui
1283 2439 1449 2503 beati,
1504 2441 1760 2509 quoniam
1792 2441 1898 2510 ipsi

275 2530 734 2587 Deumvidebunt
747 2533 775 2586 ?
789 2534 1008 2605 (Matth.
1027 2536 1373 2607 v.)Alioquin
1389 2537 1432 2590 si
1450 2537 1615 2590 Filius
1628 2537 1898 2606 Deijudax

277 2620 349 2682 in
410 2625 589 2683 forma
619 2626 674 2684 in
736 2648 844 2702 qua
872 2633 1096 2703 aaqualis
1127 2642 1209 2687 est
1260 2633 1426 2699 Patri,
1458 2641 1510 2688 et
1560 2632 1742 2705 impiis
1774 2651 1897 2689 cum

270 2717 627 2786 judicaturus
654 2728 736 2773 est
766 2721 1070 2789 apparebit,
1120 2722 1250 2793 quid
1282 2731 1359 2776 est
1392 2724 1534 2791 quod
1566 2739 1665 2793 pro
1698 2737 1898 2795 magno

279 2804 540 2860 dilectori
568 2822 668 2861 suo
699 2807 989 2878 pollicetur
1020 2809 1210 2865 dicens
1243 2830 1253 2864 ε
1293 2834 1313 2857 α
1354 2811 1466 2881 Ego
1489 2811 1713 2880 diligam
1744 2828 1891 2877 eum,

283 2910 346 2957 et
370 2903 653 2957 estendam
688 2904 951 2973 meipsum
984 2906 1060 2960 illi
1113 2906 1302 2969 (Joan.
1336 2912 1506 2977 xxv)»
1558 2908 1899 2978 Quapmpter

293 2990 473 3045 Filius
528 2992 766 3046 hominis
792 2994 1132 3060 iudicaturus
1188 3004 1290 3061 est,
1322 3011 1423 3051 nec
1455 3004 1639 3050 tamen
1673 3013 1735 3050 ex
1788 2999 1893 3050 hu-

290 3100 460 3143 mana
513 3096 800 3159 potestate,
835 3092 930 3146 sed
960 3108 1031 3147 ex
1088 3110 1148 3148 ea
1182 3110 1288 3165 qua
1317 3095 1479 3148 Filius
1510 3096 1606 3149 Dei
1637 3104 1744 3149 est.
1785 3096 1896 3149 Ita-

297 3193 410 3247 que
469 3186 756 3248 utrumque
788 3180 893 3235 dici
948 3189 1127 3251 potest
1163 3199 1175 3236 :
1210 3192 1258 3237 et
1290 3184 1455 3237 Filius
1496 3184 1728 3239 hominis
1751 3182 1897 3251 judi-

296 3282 469 3353 cabit,
525 3293 579 3339 et
628 3300 737 3341 non
796 3286 960 3341 Filius
998 3288 1232 3343 hominis
1286 3290 1566 3359 judicabit.
1608 3296 1669 3343 ut
1706 3307 1891 3344 verum
1925 3320 1973 3383 Ο

294 3382 365 3437 sit
434 3385 578 3456 quod
632 3386 704 3439 ait
763 3406 781 3441 :
847 3410 868 3433 α
940 3387 1073 3443 Cum
1130 3390 1344 3444 venerit
1403 3389 1566 3444 Filius
1635 3387 1887 3454 hominis,

287 3480 421 3527 tunc
475 3474 973 3547 congregabuntur
1025 3485 1149 3531 ante
1221 3494 1342 3532 eum
1397 3494 1588 3532 omnes
1639 3486 1830 3549 gentes
1866 3502 1886 3525 ιο

284 3565 340 3616 et
371 3576 481 3616 non
517 3558 682 3616 Filius
732 3563 964 3620 hominis
985 3564 1269 3633 judicabit,
1313 3574 1369 3620 ut
1400 3582 1591 3620 verum
1652 3567 1719 3619 sit
1747 3567 1891 3637 quod

282 3647 357 3703 ait
398 3670 410 3705 :
449 3672 472 3697 ει
508 3650 626 3720 Ego
654 3667 767 3706 non
790 3650 981 3720 judico
1038 3652 1234 3723 (Joan.
1281 3660 1338 3725 ι),
1380 3678 1399 3701 η
1434 3668 1485 3709 et
1521 3674 1532 3709 :
1579 3679 1600 3703 α
1637 3656 1754 3726 Ego
1786 3671 1892 3709 non

288 3754 480 3810 quaero
538 3741 779 3812 gloriam
832 3757 1026 3808 meam,
1060 3754 1145 3798 est
1202 3744 1291 3814 qui
1336 3753 1537 3813 quaerat
1585 3751 1640 3799 et
1688 3744 1893 3812 judiccl

288 3837 505 3907 (ibid.).
547 3838 686 3893 Nam
735 3841 1033 3897 secundum
1092 3842 1200 3897 hoc
1249 3842 1393 3912 quod
1447 3842 1499 3896 in
1530 3842 1736 3911 judicio
1784 3858 1893 3897 non

280 3926 472 4011 forma
502 3926 626 3995 Dei,
666 3928 766 3983 sed
796 3928 967 3983 forma
1000 3928 1124 3984 Filii
1177 3930 1411 3985 hominis
1441 3931 1749 4000 apparebit,
1793 3946 1895 3985 nec

281 4019 405 4092 lpse
436 4024 597 4077 Pater
610 4025 878 4093 judicabit
897 4045 909 4080 :
929 4026 1235 4082 secundum
1260 4026 1364 4083 hoc
1387 4026 1531 4081 enim
1548 4026 1750 4082 dictum
1773 4034 1853 4080 est
1876 4041 1889 4080 :

287 4141 310 4167 σι
350 4119 519 4176 Dedit
538 4122 702 4177 Pater
734 4122 874 4177 Filio
893 4123 1057 4178 vitam
1079 4124 1285 4179 habere
1308 4125 1361 4178 in
1383 4123 1680 4193 semeptiso
1702 4123 1889 4193 (Joan.

281 4222 341 4287 ν)
377 4235 391 4271 :
430 4239 453 4265 ιο
479 4234 588 4273 non
619 4220 802 4286 utique
825 4221 1064 4276 dicitur:
1099 4222 1267 4275 Pater
1294 4237 1403 4276 non
1429 4221 1897 4292 judicabitquem-

280 4331 450 4385 quam
479 4331 492 4384 ;
517 4316 613 4369 sed
633 4316 938 4371 secundum
960 4318 1065 4371 hoc
1087 4316 1231 4385 quod
1249 4317 1519 4386 aqualem
1540 4318 1697 4371 Pater
1710 4315 1898 4387 genuit

282 4412 504 4477 Filium,
552 4411 821 4481 judicabit
876 4427 996 4467 cum
1030 4413 1142 4467 illo.
1190 4412 1498 4467 Secundum
1530 4415 1634 4467 hoc
1653 4428 1788 4481 ergo
1816 4411 1896 4465 di-

280 4519 431 4566 ctum
464 4518 566 4575 est,
600 4509 745 4580 quod
776 4509 828 4563 in
856 4509 1067 4580 judicio
1095 4525 1204 4564 non
1227 4508 1401 4563 forma
1434 4509 1551 4575 Dei,
1587 4510 1684 4563 sed
1725 4510 1899 4563 forma.

280 4608 377 4663 ﬁlii
405 4607 645 4662 hominis
674 4607 979 4679 apparebit.
1025 4608 1147 4661 Non
1187 4606 1310 4679 quia
1332 4606 1598 4675 judicabit
1634 4607 1724 4678 qui
1747 4607 1898 4661 dedit

278 4722 444 4762 omne
468 4705 733 4774 judicium
766 4705 926 4771 Filio,
960 4722 1084 4760 cum
1116 4705 1184 4759 de
1217 4704 1312 4759 illo
1343 4705 1487 4761 dicat
1520 4705 1701 4759 Filius.
1737 4728 1759 4753 α
1797 4707 1893 4759 Est

277 4806 372 4877 qui
404 4812 617 4877 quaerat
646 4812 701 4859 et
725 4805 937 4873 judicet
963 4822 973 4857 :
1005 4829 1025 4852 ιι
1054 4803 1151 4859 sed
1182 4805 1254 4859 ita
1285 4804 1489 4858 dictum
1515 4812 1595 4859 est
1623 4823 1633 4857 :
1671 4827 1691 4851 α
1732 4804 1895 4857 Pater

276 4922 389 4963 non
440 4905 648 4974 judicat
689 4921 1039 4977 quemquam,
1088 4904 1185 4959 sed
1240 4919 1399 4959 omne
1421 4902 1686 4971 judicium
1745 4901 1895 4956 dedit

277 5006 418 5060 Filio
444 5028 466 5054 ι
502 5022 516 5059 :
547 5020 609 5060 ac
638 5004 684 5059 si
741 5004 986 5058 diceret:
1014 5003 1230 5057 Patrem
1288 5014 1452 5054 nemo
1487 4999 1767 5053 videbitin
1795 4999 1889 5067 ju-

278 5103 423 5158 dicio
456 5102 702 5157 vivorum
733 5108 789 5155 et
808 5108 1172 5164 mortuorum,
1205 5098 1303 5152 sed
1325 5112 1515 5153 omnes
1539 5095 1891 5165 Filium,quia

282 5210 334 5256 et
363 5200 509 5255 ﬁlius
538 5198 778 5254 hominis
824 5206 929 5264 est,
963 5205 1020 5250 ut
1064 5195 1236 5266 possit
1290 5201 1344 5250 et
1367 5194 1436 5247 ab
1478 5193 1659 5262 impiis
1689 5191 1886 5257 videri,

281 5315 403 5354 cum
422 5307 474 5354 et
502 5297 577 5353 illi
602 5296 883 5359 videbunt,
908 5296 960 5350 in
985 5310 1147 5367 quem
1170 5298 1537 5364 pupugerunt.
1568 5290 1742 5345 Omne
1758 5305 1890 5357 ergo

282 5398 429 5453 dedit
480 5397 755 5467 judicium
815 5394 971 5459 FtIIO,
1011 5393 1140 5465 quia
1172 5393 1336 5462 judex
1370 5390 1425 5445 in
1458 5390 1631 5445 forma
1662 5386 1756 5441 filii
1784 5389 1888 5441 ho-

279 5496 437 5552 minis
499 5493 809 5567 apparebit,
861 5508 981 5564 qute
1042 5491 1214 5547 forma
1271 5505 1381 5544 non
1436 5496 1517 5543 est
1567 5485 1759 5550 Patris,
1791 5485 1889 5539 sed

278 5596 417 5662 Filii,
453 5610 559 5650 nec
590 5609 652 5649 ea
689 5590 805 5646 Filii
839 5590 890 5644 in
914 5607 1019 5662 qua
1049 5589 1271 5660 acqualis
1294 5597 1375 5642 est
1410 5585 1568 5649 Patri,
1594 5584 1689 5639 sed
1716 5582 1769 5635 in
1787 5598 1894 5652 qua

272 5696 452 5750 minor
485 5705 572 5750 est
606 5694 863 5755 Patre,ut
896 5688 961 5741 sit
993 5686 1268 5756 injudieio
1298 5684 1454 5739 bonis
1486 5690 1538 5738 et
1567 5679 1727 5735 malis
1754 5695 1889 5732 con-

269 5797 519 5867 spicuus.
548 5790 788 5860 Quando
818 5796 995 5844 autem
1045 5784 1282 5855 judicem
1314 5781 1575 5836 videbunt
1604 5776 1748 5840 mali,
1782 5792 1892 5829 non

264 5895 347 5953 eis
403 5891 693 5950 videbitur
750 5886 947 5953 bonus,
976 5883 1101 5956 quia
1128 5898 1240 5938 non
1295 5879 1366 5934 ad
1405 5893 1528 5932 eum
1571 5872 1892 5946 gaudebunt

259 5993 453 6061 corde;
482 5988 594 6047 scd
628 5995 759 6043 tunc
789 5981 1134 6054 plangentse
1167 5992 1363 6036 omnes
1392 5975 1568 6030 tribus
1598 5980 1799 6027 teme:
1834 5969 1888 6023 id

2523 2090 2733 2128 DIVISIO
2783 2089 3081 2128 SERMONIS.

2079 2165 2255 2230 Nunc,
2289 2163 2647 2228 dilectissimi,
2680 2163 2824 2217 diem
2856 2160 3047 2216 mortis
3077 2168 3276 2216 nostrae
3306 2168 3359 2215 et
3403 2157 3603 2213 adven-

2009 2261 2118 2307 tum
2152 2252 2365 2307 Domini
2397 2253 2569 2306 nostri
2598 2252 2723 2306 Jesu
2763 2251 2959 2306 Christi
3001 2259 3052 2305 et
3082 2249 3323 2304 terribile
3378 2262 3441 2302 ac
3488 2262 3600 2300 me-

2009 2342 2270 2396 tuendum
2296 2340 2557 2409 judicium
2588 2336 2707 2409 ejus
2748 2340 3065 2393 studeamus
3085 2337 3291 2408 jugiter
3318 2335 3589 2407 cogitare.

2007 2440 2087 2494 Ad
2136 2439 2377 2494 omnium
2426 2438 2569 2493 enim
2628 2445 2971 2507 peccatorum
3004 2436 3233 2489 vulnera
3263 2434 3411 2487 nulla
3439 2433 3597 2486 inve-

2009 2527 2109 2582 niri
2143 2536 2381 2597 possunt
2412 2527 2629 2580 utiliora
2662 2526 2921 2590 remedia,
2956 2539 3115 2595 quam
3147 2532 3205 2577 ut
3225 2522 3597 2590 unusquisque

2009 2617 2213 2687 cogitet
2268 2618 2458 2670 horam
2506 2616 2676 2682 illam,
2738 2614 2958 2686 quando
2989 2614 3090 2666 erit
3146 2613 3214 2665 de
3246 2614 3348 2666 hoc
3398 2608 3599 2664 saeculo

2008 2714 2361 2784 migraturus.
2421 2711 2707 2780 Quomodo
2739 2710 2882 2765 enim
2944 2712 3121 2778 potest
3152 2707 3266 2761 fieri
3294 2714 3348 2760 ut
3402 2703 3597 2775 aliquis

2004 2810 2191 2879 gravia
2213 2817 2432 2878 peccata
2451 2814 2744 2877 praesumat
2760 2804 3281 2875 suscipere,quando
3294 2819 3351 2857 se
3363 2818 3601 2856 momen-

2008 2900 2072 2952 tis
2102 2898 2332 2969 singulis
2362 2896 2537 2951 credit
2564 2897 2632 2950 de
2663 2897 2767 2949 hac
2792 2896 2919 2949 luce
2955 2910 3113 2962 posse
3155 2893 3409 2962 migrare.
3444 2890 3599 2944 Sicut

2005 2993 2151 3047 enim
2200 3001 2252 3046 et
2283 2992 2573 3061 Scriptura
2605 2990 2732 3043 dicit
2764 3007 2778 3043 ε
2817 3012 2837 3037 α
2877 2991 3170 3051 Memento,
3214 2986 3309 3052 tili,
3342 2986 3597 3057 quoniam

2003 3106 2154 3144 mors
2183 3104 2291 3143 non
2324 3087 2555 3140 tardabit
2587 3088 2906 3153 (Ercl.x1v),
2933 3110 2952 3129 η
2990 3091 3042 3138 et
3074 3084 3204 3137 illud
3233 3102 3244 3136 :
3277 3106 3296 3130 α
3324 3082 3601 3136 Memento

2005 3186 2424 3241 novissimorum
2477 3192 2715 3243 tuorum,
2775 3191 2828 3235 et
2872 3181 3095 3235 desines
3152 3179 3420 3233 iuimicari
3468 3179 3600 3246 (Ec-

2006 3277 2100 3331 cli.
2136 3276 2256 3342 vn),
2304 3296 2324 3319 η
2362 3273 2452 3342 qui
2483 3271 2624 3326 enim
2659 3271 2948 3339 diligenter
2974 3268 3217 3333 attendit,
3251 3282 3408 3337 quam
3461 3271 3600 3320 dura

2004 3364 2101 3419 erit
2173 3358 2505 3416 examinatio
2576 3367 2700 3413 ante
2768 3356 3006 3411 tribunal
3080 3354 3297 3417 Christi,
3354 3353 3446 3407 ubi
3503 3370 3600 3407 re-

2001 3467 2257 3528 cepturus
2280 3464 2365 3511 est
2390 3455 2763 3525 unusquisque
2786 3453 3085 3507 secundum
3106 3466 3275 3521 opera
3292 3465 3405 3515 sua,
3421 3464 3530 3503 non
3547 3449 3597 3503 ei

2000 3554 2250 3618 poterunt
2288 3546 2505 3615 placere
2550 3551 2776 3615 peccata
2807 3541 2891 3595 vel
2925 3541 3153 3596 crimina
3175 3540 3425 3610 propria.
3465 3538 3600 3591 Cum

2002 3636 2145 3692 enim
2176 3644 2300 3689 ante
2322 3634 2470 3687 illum
2502 3633 2840 3686 tremendum
2861 3630 3102 3698 judicem
3120 3636 3468 3699 congregatae
3491 3626 3597 3680 fue-

2003 3726 2109 3779 rint
2132 3739 2322 3778 omnes
2354 3730 2544 3791 gentes
2583 3720 2805 3789 (Matth.
2859 3719 3023 3787 xxnv),
3058 3716 3187 3786 quid
3222 3725 3347 3770 tunc
3374 3716 3477 3769 erit
3505 3713 3595 3767 in-

1997 3813 2174 3883 justis,
2208 3820 2262 3866 et
2292 3810 2572 3874 adulteris,
2605 3808 2859 3872 ebriosis,
2894 3815 3056 3874 atque
3086 3805 3395 3874 raptoribus
3416 3804 3444 3856 ?
3468 3803 3597 3857 Fle-

2001 3911 2089 3955 tus
2143 3901 2424 3956 oculorum
2483 3906 2536 3953 et
2597 3897 2797 3951 stridor
2842 3896 3103 3959 dentium,
3136 3909 3255 3948 cum
3289 3896 3602 3947 sanctorum

2002 3990 2399 4044 multitudinem
2427 3988 2496 4041 ad
2555 3988 2835 4041 dexteram
2868 3982 3041 4053 regis,
3068 3990 3121 4036 et
3149 3983 3217 4036 ad
3246 3980 3475 4052 gloriam
3507 3995 3602 4034 se-

2003 4086 2309 4151 gregatam,
2325 4083 2672 4147 peccatorum
2705 4073 2968 4143 populum
2991 4072 3042 4125 in
3063 4070 3387 4142 profundum
3409 4068 3602 4122 tartari

2004 4167 2122 4220 sine
2164 4165 2276 4219 ulla
2308 4162 2680 4218 miserationis
2709 4176 2775 4217 ac
2822 4160 2996 4216 veniae
3024 4175 3122 4229 spe
3157 4159 3475 4223 dimersum,
3505 4169 3603 4212 re-

2004 4254 2149 4310 cludi
2181 4270 2240 4307 se
2296 4252 2350 4306 in
2383 4252 2621 4306 tenebris
2676 4250 2851 4304 suisa
2906 4249 3060 4303 beata
3117 4259 3426 4303 sanctorum
3481 4244 3603 4301 luce

2005 4341 2259 4405 viderint,
2318 4349 2371 4395 et
2426 4341 2479 4393 in
2532 4338 2864 4410 profundum
2920 4337 3116 4391 infami
3159 4335 3515 4403 descendere,
3550 4341 3603 4388 et

2007 4456 2173 4509 super
2201 4455 2260 4492 se
2291 4447 2573 4510 urgentem
2606 4452 2669 4490 os
2694 4451 2854 4489 suum
2887 4444 3129 4503 puteum,
3159 4442 3361 4489 alterna
3390 4432 3605 4502 suppli-

2007 4529 2089 4583 cia
2119 4536 2169 4582 et
2200 4534 2516 4598 perpetuam
2548 4534 2777 4579 mortem
2808 4524 3061 4577 morituri
3093 4522 3430 4592 aspexerint.
3464 4521 3602 4574 Fru-

2009 4635 2117 4681 stra
2147 4624 2408 4696 pauperis
2439 4639 2599 4695 quem
2642 4622 2692 4674 in
2730 4623 2831 4676 hac
2887 4620 2991 4675 vita
3038 4619 3287 4689 despexit
3325 4625 3599 4688 peccator,

2004 4714 2438 4770 misericordiam
2471 4711 2789 4782 postulabit,
2823 4709 3023 4764 frustra
3054 4718 3360 4763 extremum
3414 4707 3604 4761 Lazari

2005 4812 2255 4884 digitum,
2291 4827 2399 4883 quo
2456 4811 2655 4865 ardens
2685 4807 3058 4878 refrigeretur,
3110 4803 3421 4859 ardentibus
3447 4802 3607 4858 labiis

2008 4910 2227 4980 rogabit
2272 4907 2488 4978 apponi,
2524 4922 2651 4962 cum
2683 4904 2812 4959 velit
2847 4902 3015 4956 miser
3042 4916 3163 4956 cum
3202 4900 3475 4967 justorum
3506 4897 3606 4951 hu-

2010 5000 2334 5070 miliumque
2364 5011 2668 5067 pauperum
2695 4992 2869 5049 laetari
2897 4989 3095 5062 gloria,
3126 5003 3262 5061 quos
3293 4986 3421 5040 vidit
3451 4986 3604 5039 duris

2012 5096 2287 5169 quondam
2331 5094 2664 5166 paupertatis
2694 5090 3030 5158 suhjacuisse
3086 5085 3394 5149 laboribus,
3426 5093 3481 5138 et
3509 5081 3604 5137 illa

2012 5194 2067 5249 in
2088 5196 2200 5249 vita
2228 5207 2333 5263 qua
2365 5208 2484 5248 cum
2513 5193 2615 5247 vita
2645 5189 2945 5244 moriuntur
2974 5185 3109 5240 mala
3141 5192 3406 5254 portasse,
3438 5197 3505 5234 ne
3535 5180 3604 5233 a-l

2003 5292 2091 5347 illa
2107 5300 2311 5346 mterna
2324 5286 2935 5357 mererentursupplicia
2948 5282 3324 5353 pervenire.Ut
3338 5295 3472 5351 ergo
3487 5280 3604 5334 haec

2004 5399 2115 5445 tam
2146 5388 2297 5453 dura,
2330 5396 2383 5441 et
2414 5394 2521 5439 tam
2553 5384 2826 5439 terribilia
2882 5390 3007 5437 ante
3037 5378 3270 5434 tribunal
3302 5378 3492 5432 aeterni
3518 5379 3606 5445 ju-

2003 5486 2141 5542 dicis
2170 5484 2357 5538 audire
2392 5499 2497 5537 non
2528 5497 2861 5546 mereamur,
2883 5480 3008 5533 dum
3040 5480 3217 5533 adhuc
3239 5477 3378 5540 licet,
3404 5483 3604 5531 etcum

2006 5586 2104 5639 Dei
2136 5580 2402 5649 adiutorio
2433 5581 2484 5633 in
2535 5588 2799 5649 potestate
2845 5586 3035 5633 nostra
3086 5586 3165 5631 est
3198 5573 3605 5631 consideremus

2006 5675 2371 5735 conscientias
2400 5682 2633 5737 nostras,
2660 5681 2712 5725 et
2744 5674 2787 5725 si
2811 5671 2989 5739 aliqua
3022 5672 3248 5726 crimina
3276 5668 3365 5722 vel
3385 5676 3609 5737 peccata

2005 5774 2273 5847 capitalia,
2294 5772 2525 5826 necdum
2551 5767 2916 5838 eleemosynis
2947 5776 2996 5821 et
3021 5768 3351 5822 orationibus
3372 5772 3609 5835 purgata.

2007 5872 2063 5927 in
2121 5871 2297 5935 nobis,
2368 5870 2541 5923 adhuc
2597 5865 2868 5921 dominari
2928 5865 3337 5935 cognoscimus,
3390 5868 3604 5931 p0rtum

2005 5966 2359 6040 poenitentiae,
2393 5964 2629 6020 devictis
2684 5968 3033 6034 peccatorum
3091 5950 3358 6026 ﬂuctibus,
3391 5947 3609 6010 Christo
