3924 6398
456 432 561 485 76:1

1570 436 1922 492 “'EBNERI
1979 429 2268 492 ΑΒΒἈΤῙΞ
2317 435 2375 489 S.
2428 434 2657 490 BLASI.

3675 434 3786 490 ﬂii

458 548 806 619 gubernante
832 549 1152 610 festinemus
1183 550 1410 609 intrare.
1440 551 1508 607 Et
1538 552 1586 607 si
1638 551 1786 621 quod
1813 550 1871 606 in
1897 550 2056 607 navi-
2080 534 2137 599 Α
2167 549 2274 609 Sed
2303 549 2440 606 forte
2469 549 2689 623 quando
2718 548 3049 621 generaliter
3077 563 3269 607 omnes
3292 546 3367 609 ad
3392 547 3787 621 paenitentiam

460 648 581 705 cuia
635 646 833 705 animas
859 657 1063 705 nostrae
1117 650 1300 705 multis
1346 649 1763 721 tempestatibus
1793 656 2053 720 peccato-

2162 664 2555 721 provoeamus,
2605 647 2806 719 aliquis
2857 647 2997 705 inter
3026 663 3091 707 se
3129 645 3335 721 cogitat
3380 645 3616 705 dicens:
3652 646 3786 718 Ego

461 757 605 808 rum,
638 746 731 797 aut
759 759 859 814 per
887 745 1199 816 superbiam
1230 745 1487 813 fractum,
1520 754 1613 802 aut
1640 762 1741 817 per
1770 746 2055 802 avaritiam
2158 746 2379 819 juvenis
2433 747 2597 802 homo
2649 760 2874 803 uxorem
2930 744 3158 811 habens,
3214 743 3489 817 quomodo
3532 758 3779 815 possum

461 847 699 910 ruptum,
731 849 821 896 aut
849 858 951 911 per
976 843 1244 899 luxuriam
1282 844 1587 899 resolutum
1612 860 1739 900 esse
1768 844 2058 917 cognosci-

464 953 602 1003 mus,
627 952 956 1009 componere
988 940 1073 996 vel
1099 957 1352 1012 reparare
1379 942 1536 997 bonis
1556 942 1823 1013 operibus
1838 941 2060 996 festine-

460 1043 599 1081 mus.
619 1026 942 1085 Studeamus
956 1029 1165 1102 jugiter
1186 1030 1437 1086 vitiorum
1455 1031 1745 1087 exhaurire
1757 1030 2022 1085 sentinam
2036 1070 2049 1083 .

461 1116 589 1174 Non
616 1120 761 1175 enim
783 1126 1008 1192 peccata
1037 1128 1235 1176 nocent
1272 1121 1565 1191 prmterita,
1599 1121 1645 1175 si
1674 1135 1783 1176 non
1807 1119 2051 1192 placent.

464 1215 612 1272 Sicut
650 1217 796 1273 enim
844 1217 986 1273 nulli
1025 1219 1297 1287 justornm
1345 1217 1540 1274 suﬁ‘icit
1566 1217 1796 1290 justitia,
1848 1217 1895 1271 si
1950 1233 2063 1272 non

460 1307 897 1376 perseveraverit
922 1322 1103 1379 usque
1128 1306 1182 1361 in
1213 1306 1397 1376 ﬁnem,
1429 1308 1505 1363 ita
1529 1306 1663 1361 nulli
1709 1314 2060 1377 peccatorum

461 1417 660 1460 nocere
689 1404 883 1475 poterit
914 1404 1171 1474 iniquitas
1196 1420 1319 1470 sua,
1339 1404 1385 1458 si
1414 1412 1700 1475 antequam
1733 1404 1802 1459 de
1832 1418 2062 1475 corpOre

459 1501 566 1563 isto
616 1502 863 1559 discedat
920 1503 987 1558 ad
1046 1503 1522 1573 eleemosynarum
1560 1504 1823 1569 remedia,
1854 1503 1941 1558 vel
1995 1503 2066 1558 ad

459 1591 793 1662 paenitentia:
814 1591 1211 1647 medicamenta
1229 1592 1557 1664 confugerit.
1574 1592 1680 1649 Sed
1702 1593 1829 1665 quia
1845 1592 2065 1664 quando

459 1679 548 1735 vel
568 1696 674 1752 qua
701 1681 838 1736 hora
859 1681 926 1736 de
947 1682 1051 1738 hoc
1068 1681 1270 1737 saeculo
1289 1682 1583 1752 rapiamur,
1596 1681 1738 1736 scire
1756 1697 1863 1736 non
1880 1696 2068 1752 possu-

459 1783 600 1837 mus,
635 1769 754 1825 sine
786 1770 895 1825 ulla
925 1769 1189 1825 dilatione
1222 1769 1305 1825 vel
1336 1784 1494 1825 mora
1522 1770 1593 1825 de
1623 1770 1845 1825 sinistra
1877 1769 2066 1842 fugere

458 1856 782 1914 festinemus
837 1857 909 1914 ad
951 1859 1260 1914 dexteram.
1294 1860 1410 1915 Huc
1465 1859 1681 1914 sanitati
1727 1858 2063 1915 credendum

462 1952 565 2015 est,
598 1962 708 2003 non
737 1947 900 2002 aetati.
931 1948 993 2002 In
1020 1948 1326 2004 remedium
1361 1947 1554 2003 salutis
1584 1963 1697 2004 suae
1726 1962 1950 2019 semper
1978 1962 2064 2018 pa-

462 2050 609 2098 ratus
658 2044 746 2111 sit,
779 2044 873 2116 qui
920 2045 1048 2101 vitae
1103 2060 1213 2102 suae
1250 2061 1468 2117 semper
1511 2045 1754 2102 incertus
1801 2053 1904 2112 est,
1937 2045 2066 2118 quia

466 2131 559 2205 qui
612 2148 716 2188 nos
746 2148 972 2188 securos
1002 2133 1133 2189 fecit
1164 2135 1436 2201 docendo,
1476 2157 1498 2182 α
1544 2136 1810 2191 Peccator
1836 2134 1891 2188 in
1922 2149 2065 2206 qua-

461 2237 678 2292 cunque
706 2221 797 2278 die
824 2238 1121 2279 conversus
1152 2223 1326 2291 fuerit,
1379 2239 1570 2279 omnes
1600 2223 1913 2296 iniquitates
1947 2225 2064 2294 ejus

463 2309 724 2365 oblivioni
750 2311 1267 2383 tradentur(E;z.ech.
1292 2314 1469 2383 xvm),
1496 2337 1517 2360 n
1546 2312 1667 2383 ipse
1684 2312 1845 2367 etiam
1875 2322 2065 2368 cautos

466 2414 586 2453 esse
615 2398 790 2454 voluit
809 2399 997 2456 dicens
1022 2419 1034 2455 :
1061 2425 1083 2450 «κ
1113 2401 1295 2457 Nolite
1324 2401 1543 2457 tardare
1571 2402 1820 2457 converti
1850 2402 1918 2456 ad
1950 2401 2064 2457 Do-

464 2486 692 2555 minum,
724 2504 827 2544 nec
882 2488 1145 2546 differatis
1173 2489 1242 2546 de
1288 2490 1377 2547 die
1407 2490 1464 2544 in
1517 2490 1662 2546 diem
1692 2492 1889 2557 (Eccli.
1922 2492 1996 2565 ν).
2034 2511 2058 2542 ι

2166 840 2259 893 aut
2303 835 2530 905 capillos
2585 835 2856 902 minuere,
2886 842 2982 891 aut
3008 833 3254 891 habitum
3282 831 3568 905 religionis
3596 846 3785 889 essu-

2168 938 2319 981 mere
2360 926 2389 978 ‘I
2434 925 2552 983 Nec
2579 940 2683 981 nos
2731 923 2840 983 hoc
2888 922 3145 991 dicimus,
3179 920 3373 981 fratres
3424 919 3774 987 charissimi,

2167 1028 2279 1069 non
2306 1013 2415 1069 hoc
2442 1012 2826 1085 praedicamus,
2858 1018 2917 1068 ut
2952 1011 3207 1081 juvenes,
3240 1009 3331 1084 qui
3376 1010 3652 1085 coniuges
3685 1008 3783 1063 ha-

2170 1102 2303 1157 bere
2333 1101 2603 1169 videntur,
2637 1100 2879 1155 habitum
2912 1099 3092 1173 magis
3121 1114 3283 1173 quam
3314 1114 3503 1154 mores
3531 1097 3785 1153 debeant

2170 1197 2527 1247 commutare.
2560 1189 2723 1259 Quod
2751 1190 2897 1245 enim
2928 1188 3134 1245 homini
3166 1203 3396 1244 uxorem
3425 1186 3645 1243 habenti
3675 1201 3783 1241 no-

2171 1287 2277 1346 cet,
2311 1280 2359 1333 si
2389 1295 2450 1335 se
2478 1278 2709 1334 voluerit
2737 1278 2808 1333 ad
2838 1292 3011 1349 opera
3040 1278 3186 1333 bona
3215 1276 3299 1333 vel
3367 1277 3599 1332 honesta
3629 1289 3781 1332 con-

2170 1377 2404 1435 vertere,
2436 1368 2485 1423 si
2506 1375 2853 1439 peccatorum
2877 1382 3101 1423 suorum
3130 1365 3354 1422 vulnera
3379 1362 3781 1436 eli-.emosynis,

2168 1457 2409 1526 jejuniis,
2434 1465 2487 1512 et
2514 1456 2862 1512 orationibus
2889 1456 2958 1511 ad
3012 1455 3298 1511 sanitatem
3329 1454 3618 1525 pristinam
3645 1461 3779 1509 stu-

2173 1548 2303 1601 deat
2329 1561 2615 1601 revocare.
2650 1547 2789 1600 Vera
2818 1544 2962 1600 enim
3006 1543 3295 1600 conversio
3324 1543 3443 1598 sine
3468 1542 3781 1598 vestimen—

2172 1652 2350 1700 torum
2382 1643 2806 1701 commutatione
2861 1642 3057 1700 suﬁicit
3107 1642 3230 1698 sibi.
3262 1641 3594 1698 Vestimenta
3641 1639 3781 1696 reli-

2174 1744 2333 1815 giosa
2386 1740 2505 1796 sine
2554 1739 2713 1796 bonis
2766 1740 3025 1812 operibus
3077 1754 3189 1794 non
3244 1738 3422 1794 solum
3466 1736 3779 1793 remedium

2174 1841 2376 1897 habere
2405 1855 2515 1896 non
2541 1843 2820 1911 poterunt,
2878 1840 2976 1896 sed
3032 1839 3196 1896 etiam
3237 1838 3444 1908 justum
3470 1836 3574 1894 Dei
3617 1836 3781 1906 judi-

2174 1931 2321 1988 cium
2377 1930 2742 1985 sustinebunt.
2776 1929 3173 1986 Convertamur
3226 1942 3366 2000 ergo
3396 1926 3466 1982 ad
3518 1926 3753 1983 meliora

2177 2020 2306 2076 dum
2326 2020 2381 2075 in
2403 2026 2594 2075 nostra
2621 2025 2748 2073 sunt
2773 2026 3041 2089 potestate
3058 2016 3325 2073 remedia.
3339 2016 3438 2073 llic
3456 2015 3777 2089 exstingua-

2175 2124 2299 2164 mus
2352 2116 2584 2164 mortem
2640 2107 2928 2163 moriendo
2974 2106 3214 2179 peccatis
3247 2121 3260 2162 :
3291 2105 3380 2161 hic
3427 2105 3591 2162 vitam
3645 2105 3777 2162 vitae

2174 2206 2385 2264 meritis
2431 2206 2802 2278 nequiremus.
2847 2207 2951 2261 Per
2976 2205 3267 2262 Dominum
3313 2211 3554 2261 nostrum
3581 2204 3773 2260 Iesum

2176 2305 2448 2360 Christum
2483 2303 2679 2359 Filium
2715 2303 2812 2360 Dei
2864 2303 3203 2376 unigenitum
3234 2303 3328 2377 qui
3354 2319 3475 2360 sum
3523 2302 3774 2376 ingenito

2175 2394 2332 2449 Patre
2386 2400 2441 2449 et
2477 2392 2683 2464 Spiritu
2736 2401 2925 2453 sancto
2970 2392 3106 2450 vivit
3159 2395 3212 2449 et
3260 2400 3454 2466 regnat
3489 2393 3638 2449 Deus
3675 2407 3777 2464 per

2173 2491 2363 2548 omnia
2390 2490 2589 2548 saecula
2609 2490 2953 2548 saeculorum.
2992 2490 3191 2548 Amen.

882 2883 1029 2995 IN
1144 2882 1689 2996 VIGILIA
1802 2883 2690 3002 NATIVITATIS
2775 2883 3330 3004 DOMINL

1708 3133 2069 3195 Secundum
2122 3134 2484 3197 Matthmum
2500 3179 2514 3194 .

536 3315 559 3341 ‹‹
588 3294 653 3349 In
702 3292 801 3353 illo
856 3300 1132 3365 tempore:
1164 3295 1293 3351 Cum
1344 3302 1491 3355 esset
1518 3295 1855 3367 desponsata
1880 3303 2055 3361 mater
2083 3294 2132 3358 C
2160 3295 2371 3351 habens
2401 3294 2470 3350 de
2500 3293 2703 3366 Spiritu
2735 3296 2949 3349 sancto.
3001 3290 3279 3369 Siquidem
3311 3295 3612 3369 memorato
3657 3302 3755 3343 or-

455 3381 596 3438 Jesu
628 3382 791 3438 Maria
819 3382 1044 3454 Joseph,
1076 3392 1374 3455 antequam
1435 3384 1809 3451 convenirent,
1841 3386 2059 3445 iuventa

456 3470 620 3527 estin
671 3480 827 3529 utero
856 3471 1070 3531 habens
1121 3472 1192 3529 de
1239 3472 1443 3544 Spiritu
1480 3482 1670 3533 sancto
1700 3474 1920 3546 (Matth.
1946 3478 2051 3545 1).»

529 3560 663 3615 Cum
695 3560 1030 3619 nativitatem
1061 3562 1280 3623 Domini
1308 3570 1362 3618 et
1389 3562 1691 3621 Salvatoris
1723 3563 1899 3623 nostri
1925 3564 2057 3621 Iesu

459 3648 654 3707 Christi
688 3664 796 3720 qua
822 3658 1067 3705 aeternus
1096 3658 1221 3711 ante
1251 3651 1453 3709 saecula
1484 3651 1582 3711 Dei
1615 3651 1784 3707 Filius
1822 3653 2057 3713 hominis

458 3752 525 3791 ex
555 3745 805 3808 tempore
834 3738 985 3793 filius
1013 3739 1291 3810 apparuit,
1351 3740 1636 3801 Matthmus
1681 3741 2051 3815 evangelista,

457 3826 608 3885 brevi
664 3826 883 3897 quidem
914 3844 1192 3893 sermone,
1227 3829 1325 3885 scd
1365 3828 1433 3887 ab
1464 3830 1738 3891 Abraham
1779 3848 1955 3901 usque
1984 3831 2054 3887 ad

453 3909 659 3983 Ioseph
713 3912 889 3969 virum
920 3912 1105 3969 Maria:
1150 3913 1521 3984 perduxisset,
1567 3931 1868 3989 omnesque
1898 3931 2055 3975 com-

456 4000 606 4057 muni
652 4001 903 4057 humanae
931 4001 1263 4057 conditionis
1318 4002 1518 4058 ordine
1546 4004 1765 4079 genitos
1811 4005 1971 4065 simul
2003 4014 2057 4065 et

454 4097 788 4162 generantes
842 4091 1196 4158 ostendisset,
1261 4107 1385 4149 mox
1444 4092 1512 4153 de
1586 4093 1704 4165 ipsa
1774 4094 2054 4155 locuturus

455 4185 719 4249 quantum
749 4178 868 4249 ejus
912 4179 1202 4249 generatio
1233 4194 1265 4240 a
1322 4181 1536 4239 caeteris
1563 4181 1788 4243 distaret
1820 4183 2051 4253 aperuit,

454 4266 579 4337 quia
624 4266 879 4323 videlicet
921 4269 1101 4324 caeteri
1147 4284 1245 4341 per
1299 4270 1734 4339 conjunctioncm
1780 4271 1948 4329 maris
2001 4280 2056 4335 et

455 4354 673 4411 feminae
727 4354 967 4423 solitam,
998 4356 1118 4428 ipse
1172 4365 1357 4415 autem
1387 4374 1488 4429 per
1543 4359 1833 4433 virginem,
1870 4368 2053 4431 utpote

453 4442 557 4498 Dei
584 4442 755 4499 Filius
785 4453 1105 4501 nasceretur
1131 4445 1185 4499 in
1215 4446 1497 4502 mundum.
1540 4448 1607 4502 Et
1635 4448 1853 4519 quidem
1881 4449 2053 4505 dece-

453 4530 544 4589 bat
582 4532 929 4603 omnimodis,
970 4541 1029 4587 ut
1083 4549 1207 4590 cum
1264 4536 1411 4591 Deus
1462 4537 1625 4592 homo
1679 4547 1904 4617 propter
1950 4539 2051 4593 ho-

452 4620 627 4679 mines
659 4619 776 4681 ﬁeri
799 4621 986 4689 vellet,
1001 4639 1108 4678 non
1133 4640 1193 4687 ex
1218 4624 1320 4679 alia
1344 4642 1508 4701 quam
1533 4627 1602 4680 de
1624 4626 1835 4700 virgine
1864 4643 2054 4683 nasce-

453 4719 622 4778 retur,
682 4719 736 4766 et
766 4725 890 4767 cum
920 4712 1188 4786 virginem
1245 4730 1518 4786 generare
1548 4715 1909 4786 contingeret,
1940 4733 2049 4772 non

452 4799 621 4855 alium
654 4816 816 4871 quam
850 4801 939 4872 qui
970 4802 1119 4857 Deus
1150 4811 1297 4857 esset
1324 4801 1494 4857 ﬁlium
1525 4814 1865 4874 procuraret.

526 4910 547 4933 «ε
580 4887 715 4945 Cum
745 4890 1127 4962 esset.inquit,
1161 4891 1492 4961 deSponsata
1522 4900 1693 4947 mater
1718 4892 1850 4947 Jesu
1883 4894 2050 4949 Maria

447 4976 669 5048 Joseph,
702 4986 989 5049 antequam
1024 4979 1399 5042 convenirent,
1432 4981 1652 5036 inventa
1679 4988 1769 5035 est
1811 4982 1864 5035 in
1895 4991 2049 5039 utero

446 5066 658 5122 habens
686 5067 758 5122 de
801 5067 1010 5138 Spiritu
1068 5077 1313 5125 sancto.»
1345 5068 1465 5138 Quo
1494 5071 1685 5126 ordine
1715 5072 1799 5127 vel
1829 5071 1882 5126 in
1939 5088 2049 5143 qua

447 5155 666 5211 civitate
694 5156 764 5210 sit
790 5156 1071 5211 celebrata
1127 5158 1433 5229 conceptio,
1469 5159 1650 5214 Lucas
1706 5160 2050 5231 evangelista

445 5243 780 5301 sufﬁcienter
805 5245 1054 5316 exponit.
1086 5245 1196 5301 Sed
1227 5247 1351 5317 quia
1383 5257 1581 5304 vestrm
1606 5249 1886 5305 sanctitati
1914 5265 2047 5307 con-

445 5340 552 5387 stat
579 5349 705 5389 esse
734 5334 1101 5402 notissimum,
1157 5335 1452 5395 dicendum
1481 5337 1674 5407 paucis
1726 5337 1798 5395 de
1826 5338 1913 5394 bis
1942 5340 2049 5397 erit

443 5436 565 5490 qum
593 5422 876 5482 Manliana
906 5424 1115 5485 scribit.
1146 5425 1457 5485 Notandum
1500 5425 1558 5482 in
1595 5426 1785 5499 primis
1813 5427 1936 5501 quia
1988 5429 2043 5483 in

442 5521 512 5563 eo
540 5511 686 5581 quod
716 5512 789 5567 ait
822 5536 844 5559 «
879 5521 1176 5586 antequam
1203 5516 1556 5571 convenirent
1577 5541 1599 5565 »ν
1635 5518 1804 5573 verbo
1834 5532 2043 5574 conve-

443 5596 627 5655 niendi
650 5614 759 5656 non
790 5600 970 5670 ipsum
1021 5603 1385 5670 concubitum,
1418 5606 1516 5661 sed
1546 5606 1855 5675 nuptiarum
1923 5623 2044 5680 quae

441 5686 758 5755 praecedere
788 5690 962 5744 solent
992 5697 1227 5763 tempus,
1281 5693 1564 5748 insinuare
1593 5693 1765 5749 voluit
1820 5695 2042 5766 quando

445 5787 506 5826 ea
534 5790 656 5846 quae
687 5775 835 5846 prius
865 5777 1202 5848 desponsata
1233 5779 1410 5836 fuerat
1437 5798 1560 5838 esse
1590 5784 1782 5851 coniux
1817 5784 2030 5853 incipit.

444 5858 590 5937 Ergo
619 5871 912 5934 antequam
943 5866 1308 5921 convenirent
1337 5868 1468 5923 dicit
1497 5878 1790 5939 antequam
1820 5873 2039 5942 nuptia-

450 5961 567 6002 rum
600 5950 864 6006 solemnia
893 5952 999 6008 rite
1030 5951 1393 6021 celebrarent,
1441 5956 1661 6012 inventa
1690 5967 1773 6013 est
1799 5960 1857 6013 in
1886 5968 2042 6015 utero

2166 3385 2312 3451 dine,
2341 3360 2554 3455 postea-
2589 3388 2973 3439 convenerunt
3029 3360 3244 3452 quando
3283 3360 3485 3449 Joseph
3516 3376 3585 3433 ad
3615 3392 3754 3459 prte-

2165 3481 2379 3546 ceptum
2435 3471 2617 3547 angeli
2650 3472 2862 3549 accepit
2927 3470 3223 3541 conjugem
3254 3483 3411 3522 suam
3447 3482 3460 3536 ;
3496 3466 3593 3522 sed
3645 3480 3753 3522 non

2167 3562 2621 3629 concumbebant,
2656 3559 2779 3633 quia
2799 3558 3052 3631 sequitur
3076 3574 3089 3613 :
3118 3577 3138 3607 ι
3162 3555 3231 3621 Et
3256 3571 3365 3612 non
3385 3555 3753 3630 cognoscebat

2166 3668 2305 3706 eam.
2330 3670 2351 3704 θ

2239 3758 2262 3788 α
2300 3735 2526 3791 Inventa
2582 3743 2665 3790 est
2705 3739 2884 3790 autem
2942 3733 2997 3789 in
3027 3741 3183 3789 utero
3234 3732 3444 3787 habens
3473 3752 3495 3779 ιι
3537 3745 3570 3786 a
3604 3730 3750 3787 nullo

2164 3823 2274 3880 alio
2306 3840 2462 3899 quam
2486 3840 2519 3879 a
2543 3824 2775 3896 Joseph,
2796 3823 2888 3896 qui
2910 3822 3126 3879 licentia
3146 3820 3375 3876 maritali
3405 3820 3596 3875 futuras
3614 3835 3746 3875 uxo-

2165 3915 2237 3969 ris
2267 3931 2406 3985 pene
2427 3914 2609 3969 omnia
2628 3920 2875 3969 noverat.
2904 3912 3033 3968 ideo
3063 3919 3370 3966 tumentem
3399 3910 3519 3979 ejus
3547 3918 3745 3967 uterum

2162 4017 2289 4057 mox
2320 4002 2538 4057 curioso
2567 4001 2932 4071 deprehendit
2959 3999 3173 4055 intuitu.
3196 3998 3451 4070 Sequitur
3480 4017 3493 4052 :

2232 4092 2435 4162 loseph
2466 4100 2650 4147 autem
2681 4090 2764 4144 vir
2791 4091 2929 4159 ejus,
2961 4104 3086 4145 cum
3116 4096 3263 4144 esset
3302 4090 3482 4156 justus
3504 4093 3559 4142 et
3586 4085 3745 4142 nollet

2164 4195 2287 4236 eam
2340 4181 2646 4245 traducere,
2696 4179 2865 4236 voluit
2919 4178 3132 4235 occulte
3177 4177 3453 4237 dimittere
3505 4191 3647 4233 eam
3717 4199 3737 4223 υ

2162 4269 2367 4327 Videns
2385 4270 2588 4339 Ioseph
2605 4284 2863 4339 sponsam
2889 4267 3209 4338 concepisse
3227 4282 3401 4335 suam,
3422 4281 3590 4338 quam
3611 4265 3741 4327 bene

2160 4366 2386 4419 noverat
2412 4375 2443 4413 a
2471 4359 2619 4414 nullo
2648 4358 2767 4417 viro
2797 4357 2968 4413 fuisse
2995 4364 3276 4421 attactam,
3295 4371 3419 4417 cum
3458 4366 3603 4413 esset
3625 4355 3741 4427 jus-

2160 4455 2269 4514 tus,
2300 4456 2353 4504 et
2374 4448 2522 4517 juste
2549 4446 2734 4507 omnia
2778 4446 2943 4507 vellet
2971 4460 3158 4519 agere.
3203 4445 3465 4517 Optimum
3494 4443 3657 4511 duxit,
3684 4451 3738 4508 ut

2160 4553 2337 4609 neque
2394 4539 2497 4601 hoc
2539 4535 2662 4597 aliis
2708 4535 2982 4613 proderet,
3050 4550 3230 4606 neque
3269 4534 3383 4604 ipse
3428 4548 3545 4605 eam
3599 4532 3736 4597 acci-

2160 4634 2312 4703 peret
2340 4640 2588 4687 uxorem.
2623 4624 2718 4680 sed
2759 4631 2963 4687 mutato
3021 4622 3239 4683 occulte
3282 4621 3593 4701 nuptiarum
3621 4636 3737 4701 pro-

2160 4713 2341 4787 posito
2360 4713 2413 4767 in
2444 4712 2756 4769 conditione
2786 4728 2905 4777 eam
2923 4726 3181 4781 sponsam
3203 4725 3426 4781 manere
3454 4718 3733 4781 pateretur,

2156 4786 2214 4857 ut
2238 4810 2379 4857 erat.
2419 4800 2559 4856 Nam
2590 4810 2641 4855 et
2670 4801 2724 4855 in
2758 4800 2899 4855 Isaia
2930 4799 3145 4873 legerat
3200 4786 3461 4871 virginem
3492 4798 3560 4854 de
3588 4799 3735 4854 domo

2156 4891 2334 4946 David
2357 4907 2479 4946 esse
2509 4898 2896 4961 concepturam
2928 4897 2981 4944 et
3011 4888 3310 4959 parituram
3341 4888 3642 4953 Dominum,
3672 4889 3734 4944 de

2157 4996 2265 5053 qua
2320 4980 2480 5035 etiam
2526 4980 2692 5035 domo
2744 4986 2967 5034 noverat
2996 4992 3172 5048 genus
3216 4977 3443 5033 duxisse
3499 4977 3728 5046 Mariam,

2156 5078 2319 5142 atque
2358 5069 2485 5124 ideo
2540 5084 2651 5124 non
2692 5067 3041 5125 diseredebat
3093 5067 3151 5121 in
3179 5082 3246 5122 ea
3273 5066 3557 5138 prophetia
3606 5067 3733 5123 hanc

2155 5158 2323 5215 fuisse
2342 5157 2688 5229 completam.
2734 5156 2842 5214 Sed
2872 5158 2953 5213 sic
2983 5172 3105 5222 eam
3135 5155 3307 5219 voluit
3330 5155 3543 5221 occulte
3569 5154 3733 5213 dimit-

2154 5255 2292 5313 tere,
2325 5256 2380 5303 ut
2411 5263 2591 5318 neque
2636 5245 2913 5318 acciperet
2967 5245 3285 5323 coniugem,
3335 5252 3390 5301 et
3426 5242 3519 5319 illa
3546 5258 3731 5318 sponsa

2154 5330 2679 5404 pareret.Nimirum
2702 5330 2863 5401 pauci
2892 5338 3078 5394 essent
3107 5331 3200 5411 qui
3231 5344 3353 5403 eam
3391 5328 3649 5405 virginem
3678 5336 3723 5405 et

2154 5437 2265 5477 non
2311 5421 2493 5494 potius
2542 5427 2890 5476 autumarent
2919 5435 3042 5483 esse
3088 5417 3446 5489 meretricem.
3474 5416 3623 5491 Unde
3650 5433 3729 5472 re-

2153 5518 2316 5581 pente
2366 5508 2657 5567 consilium
2711 5508 2916 5581 Joseph
2946 5507 3179 5571 consilio
3234 5506 3463 5571 meliore
3491 5513 3724 5574 mutatur,

2154 5609 2210 5655 ut
2239 5600 2491 5656 videlicet
2521 5597 2591 5653 ad
2621 5597 3053 5654 conservandam
3072 5596 3247 5667 Mariae
3260 5595 3610 5666 famam,ipsc
3623 5611 3727 5651 eam

2152 5688 2429 5744 celebrato
2481 5687 2787 5759 nuptiarum
2821 5685 3075 5741 convivio
3131 5686 3429 5757 conjugem
3458 5683 3724 5755 acciperet,

2153 5778 2250 5833 sed
2305 5785 2511 5832 castam
2580 5785 2845 5845 perpetuo
2905 5774 3224 5831 custodiret.
3282 5773 3468 5829 Maluit
3515 5788 3726 5845 namque

2149 5874 2415 5931 Dominus
2445 5874 2660 5945 aliquos
2689 5873 2914 5929 modum
2941 5889 3054 5928 suae
3082 5870 3454 5945 generationis
3483 5870 3724 5945 ignorare

2150 5979 2311 6036 quam
2342 5963 2646 6020 castitatem
2672 5961 2942 6018 infamare
2959 5960 3272 6023 Genitricis.
3291 5960 3431 6017 Nam
3460 5960 3722 6033 sequitur:
