3924 6394
196 461 299 518 ⁵765

1138 458 1718 519 ΒΕΡΕΟΗᾸΤΙΟΝΕΞ
1759 458 1864 517 SS.
1908 456 2217 517 PATRUM.
2252 490 2319 501 —
2351 459 2477 516 LIB.
2510 461 2556 515 ῐ.

3393 468 3496 525 ’ῖϐϐ

277 610 297 631 ιι
330 580 462 642 Haec
483 588 679 644 autem
703 602 737 644 e
757 600 789 643 o
808 587 1099 661 cogitante,
1124 601 1253 643 ecce
1281 584 1539 659 angelum
1581 584 1807 640 Domini
1838 585 1889 646 Α
1920 582 2167 653 voluerit,
2203 584 2412 639 beatam
2443 583 2542 639 Dei
2565 583 2924 655 Genitricem,
2944 602 3270 661 nunquama
3299 590 3503 665 Ioseph

196 682 439 757 apparuit
467 685 523 742 ei
551 682 793 744 dicens:
825 682 1048 758 Ioseph,
1081 684 1157 740 fili
1195 684 1392 749 David,
1455 681 1568 739 noli
1615 683 1808 737 timere

199 770 452 847 accipere
479 773 725 831 Mariam
754 775 1042 847 conjugem
1073 780 1240 829 tuam.
1268 768 1426 845 Quod
1458 771 1600 827 enim
1640 770 1694 825 in
1742 786 1809 826 ea

197 871 383 921 natum
415 871 503 919 est
532 860 609 919 de
642 862 846 934 Spiritu
869 870 1058 919 sancto
1077 869 1179 920 est.
1203 861 1382 917 Pariet
1418 868 1598 915 autem
1634 858 1808 914 filium

201 962 253 1015 et
279 958 514 1016 vocabis
543 972 754 1015 nomen
789 959 906 1030 ejus
931 956 1118 1015 Jesum
1151 978 1166 1027 ;
1198 958 1314 1031 ipse
1344 958 1485 1013 enim
1501 957 1707 1012 salvum
1728 954 1810 1011 fa-

198 1044 307 1104 ciet
334 1048 613 1121 populum
647 1063 805 1103 suum
830 1063 861 1103 a
884 1045 1124 1120 peccatis
1156 1062 1362 1102 eorum.
1400 1070 1421 1093 »
1456 1043 1666 1115 Quibus
1684 1060 1810 1116 pro-

199 1134 347 1193 tecto
375 1134 580 1193 verbis
614 1134 814 1193 modus
840 1133 1214 1208 conceptionis
1241 1136 1378 1204 ejus,
1420 1130 1578 1189 simul
1625 1140 1677 1189 et
1721 1130 1809 1188 di-

198 1235 427 1311 gnitatis
458 1244 664 1308 partus
694 1230 977 1305 edocetur,
1029 1235 1156 1309 quia
1200 1230 1456 1290 videlicet
1492 1232 1561 1287 de
1608 1230 1811 1302 Spiritu

198 1332 391 1381 sancto
424 1323 714 1396 concepit,
749 1331 802 1379 et
824 1321 1071 1396 paritura
1086 1322 1152 1377 sit
1174 1319 1462 1378 Christum.
1487 1318 1662 1389 Quem
1684 1328 1734 1375 et
1765 1318 1812 1374 si

197 1422 385 1487 aperta
416 1429 564 1470 voce
598 1411 830 1487 angelus
856 1408 1139 1466 Christum
1159 1427 1267 1466 non
1286 1408 1541 1480 appellet,
1561 1408 1613 1463 in
1638 1425 1703 1463 eo
1726 1417 1812 1463 ta-

197 1529 320 1571 men
341 1511 496 1585 quod
539 1507 907 1583 etymologias
926 1509 1160 1565 nominis
1181 1510 1308 1565 Jesu
1326 1506 1812 1578 exponens.ipsum

196 1598 388 1658 salutis
412 1597 666 1656 ostendit
695 1607 996 1665 auctorem,
1028 1595 1456 1669 populorumque
1479 1593 1812 1650 salvatorem

196 1705 260 1746 ac
286 1686 567 1762 populum
593 1685 719 1758 ejus
751 1695 1032 1759 nuncupat
1078 1684 1369 1740 manifesta
1400 1682 1627 1750 ratione,
1689 1680 1817 1755 quia

197 1786 277 1843 sic
307 1784 602 1843 Christum
630 1778 901 1857 significat
927 1791 985 1838 ut
1012 1799 1111 1854 per
1138 1781 1254 1837 haec
1284 1790 1335 1836 et
1382 1796 1502 1853 quae
1545 1778 1816 1835 nescierat

197 1872 346 1931 dicat
373 1872 617 1946 Joseph,
651 1881 706 1929 et
740 1888 774 1927 a
803 1878 1060 1929 contactu
1106 1870 1204 1925 Dei
1238 1868 1528 1925 Genitricis
1576 1867 1816 1923 funditus

197 1972 424 2021 menten
454 1932 742 2019 amoveat.
774 1955 1002 2033 mam.)
1050 1956 1237 2027 Quam,
1284 1966 1467 2014 tamen
1523 1956 1812 2028 dispensa-
1838 1932 1894 1996 Β

198 2063 348 2119 tione
373 2058 539 2130 juxta
591 2058 941 2117 necessitatis
997 2056 1251 2128 accipere
1303 2055 1529 2124 jubetur
1583 2053 1701 2110 solo
1752 2052 1821 2109 de

197 2145 425 2208 nomine
457 2150 786 2222 coniugem,
816 2164 887 2203 ne
914 2142 1170 2203 videlicet
1190 2144 1343 2217 quasi
1391 2141 1635 2199 adultera
1683 2141 1819 2214 lapi-

198 2236 436 2295 daretur
474 2253 511 2293 a
542 2234 773 2302 Iudaeis,
806 2242 860 2291 et
887 2243 946 2289 ut
967 2232 1019 2289 in
1050 2234 1339 2306 Egyptum
1363 2230 1580 2305 fugiens
1596 2230 1823 2286 haberet

200 2334 468 2393 solatium
501 2330 766 2399 masculi,
796 2329 888 2404 qui
936 2326 1194 2386 familiari
1250 2345 1382 2386 cura
1428 2337 1481 2384 et
1534 2337 1676 2383 tutor
1734 2326 1818 2384 fe-

198 2422 400 2482 mineae
432 2418 777 2495 fragilitatis,
812 2429 865 2476 et
894 2416 1047 2476 testis
1076 2418 1201 2491 ejus
1226 2426 1505 2490 perpetuae
1528 2416 1821 2489 virginita-

200 2512 270 2572 tis
298 2512 602 2571 existeret.
635 2508 877 2565 Produnt
904 2507 1167 2569 Catholici
1206 2507 1545 2579 expositores
1589 2514 1646 2561 et
1687 2504 1822 2562 alias

204 2628 401 2670 causas
432 2625 611 2683 quare
642 2602 745 2663 Dei
792 2604 1129 2663 Genitricem
1177 2604 1382 2677 Joseph
1427 2602 1678 2676 accipere
1724 2603 1820 2658 de-

203 2698 387 2759 buerit
418 2696 743 2770 conjugem.
771 2692 920 2766 Quas
947 2695 1005 2750 in
1052 2695 1186 2760 suis,
1246 2694 1339 2766 qui
1395 2692 1528 2759 vult,
1585 2691 1822 2749 inveniet

203 2787 368 2847 locis.
410 2782 871 2845 Adhibetautem
928 2782 1272 2855 evangelista
1326 2778 1501 2854 partui
1558 2780 1821 2854 virginali

207 2890 368 2945 etiam
396 2880 717 2960 prophetici
744 2880 1015 2937 sermonis
1046 2878 1379 2951 exemplum,
1425 2881 1484 2933 ut
1523 2885 1682 2933 tantas
1720 2879 1820 2932 mi-

206 2976 463 3034 raculum
484 2968 795 3043 majestatis
808 2983 873 3026 eo
891 2968 1088 3026 certius
1108 2968 1405 3034 videretur,
1429 2966 1570 3038 quod
1592 2967 1694 3022 hoc
1711 2983 1820 3022 non

208 3065 388 3123 solum
414 3060 547 3136 ipse
575 3060 762 3117 fictum
804 3059 1077 3127 crederet,
1119 3056 1216 3112 sed
1268 3056 1428 3111 etiam
1471 3071 1501 3109 a
1555 3057 1820 3127 propheta

208 3163 547 3236 praedictum
578 3156 871 3214 recoleret.
908 3156 1044 3212 Nam
1075 3162 1128 3210 et
1167 3153 1293 3209 huic
1340 3151 1709 3225 evangelistm,
1764 3152 1819 3208 id

210 3262 292 3310 est
321 3252 590 3309 Matthseo
620 3244 788 3302 moris
832 3254 913 3301 est
959 3242 1138 3300 omnia
1186 3259 1305 3316 quae
1350 3249 1542 3297 narrat
1581 3242 1817 3314 prophe-

208 3344 327 3399 ticis
356 3340 654 3397 afﬁrmare
685 3333 1033 3391 testimoniis.
1066 3330 1297 3404 Scripsit
1316 3347 1549 3403 namque
1568 3330 1820 3403 Evange-

208 3439 342 3495 lium
371 3454 544 3494 suum
579 3435 649 3491 ab
683 3448 870 3489 eorum
904 3429 1141 3486 maxime
1171 3445 1411 3497 causam,
1470 3424 1559 3500 qui
1609 3445 1672 3483 ex
1714 3427 1819 3482 Ju-

206 3529 338 3585 daeis
361 3525 696 3588 credebant,
729 3537 831 3577 nec
869 3529 1047 3575 tamen
1076 3518 1215 3592 legis
1244 3515 1604 3582 czeremoniis,
1630 3533 1820 3587 quam-

207 3619 291 3673 vis
321 3614 509 3672 renati
542 3613 596 3668 in
627 3610 864 3679 Christo,
896 3607 1155 3663 valebant
1197 3604 1380 3671 evelli,
1426 3614 1476 3659 et
1526 3614 1821 3677 prepterea

208 3713 510 3787 satagebat
540 3726 639 3767 eos
672 3724 705 3764 a
734 3707 938 3763 carnali
977 3704 1114 3776 legis
1144 3712 1195 3759 et
1216 3703 1606 3775 prophetarum
1654 3719 1820 3757 sensu

210 3807 280 3859 ad
313 3798 669 3875 spiritualem
701 3792 791 3868 qui
823 3797 889 3852 de
922 3794 1133 3849 Christo
1164 3794 1399 3865 erigere,
1434 3800 1698 3864 quatenus
1728 3808 1819 3844 sa-

211 3899 509 3949 cramenta
530 3884 655 3943 ﬁdei
680 3884 1002 3941 Christianae
1023 3890 1170 3939 tanto
1186 3881 1433 3937 securius
1453 3880 1817 3952 perciperent,

210 3998 419 4064 quanto
453 3984 579 4043 haec
609 3999 718 4039 non
746 3978 897 4036 aliud
937 3995 1060 4035 esse
1100 3977 1449 4051 perciperent
1497 3992 1656 4049 quam
1703 3992 1821 4048 qua:

204 4078 511 4151 prophetae
531 4071 920 4146 praedixerant.

275 4185 449 4251 Ecce,
492 4202 515 4229 ι
547 4178 743 4251 inquit,
782 4201 803 4223 α
836 4172 1008 4249 Virgo
1036 4174 1093 4229 in
1124 4180 1281 4231 utero
1311 4172 1554 4240 habebit,
1577 4171 1821 4243 etpariet

205 4282 402 4347 ﬁlium,
436 4286 502 4335 et
527 4276 799 4335 vocabunt
830 4289 1031 4329 nomen
1061 4270 1183 4341 ejus
1202 4269 1558 4337 Emmanuel,
1580 4269 1723 4341 quod
1741 4277 1821 4324 est

203 4372 635 4441 interpretatum
665 4363 964 4420 nobiscum
994 4362 1160 4417 Deus.
1198 4382 1217 4409 υ
1247 4360 1459 4415 Nomen
1504 4357 1816 4425 salvatoris,

206 4460 356 4532 quod
385 4456 685 4514 nobiscum
714 4451 861 4507 Deus
881 4467 910 4505 a
942 4450 1214 4520 propheta
1241 4456 1491 4513 vocatur,
1533 4456 1820 4518 utramque

202 4561 469 4609 naturam
501 4548 661 4603 unius
683 4559 936 4617 persona:
955 4542 1131 4614 ipsius
1145 4542 1344 4613 signat.
1372 4540 1475 4610 Qui
1505 4541 1649 4596 enim
1692 4549 1818 4595 ante

1852 3291 1903 3354 C

1915 682 2204 738 celebratis
2232 683 2458 756 nuptiis,
2506 682 2563 737 in
2605 700 2803 740 nomen
2849 688 3102 760 conjugis
3145 699 3499 763 assumptam,

1916 780 2152 841 exponat
2183 772 2302 842 ipse
2334 770 2527 826 melius
2554 773 2698 829 hunc
2726 774 2901 832 sancti
2943 777 3226 851 Evangelii
3271 778 3455 837 locum
3488 798 3501 834 :

1915 861 2224 932 pariterque
2250 862 2499 915 ostendat
2527 860 2731 916 licitum
2765 862 2933 919 fuisse
2963 867 3110 935 apud
3156 867 3395 934 Iudaeos,
3445 877 3506 923 ut

1918 972 2134 1029 sponsae
2187 972 2300 1011 sum
2353 958 2583 1029 quisque
2641 961 2842 1015 carnali
2900 961 3101 1032 copula
3156 964 3501 1032 misceretur,

1919 1061 2055 1101 sano
2096 1046 2217 1115 ejus
2268 1045 2548 1102 intellectu
2592 1047 2823 1104 libenter
2865 1049 3129 1119 cedimus,
3178 1060 3385 1108 tantum
3434 1069 3506 1109 ne

1920 1150 2048 1207 erga
2065 1134 2285 1189 Martem
2315 1133 2530 1189 Domini
2548 1135 2839 1208 quidquam
2858 1146 3073 1210 gestum
3108 1139 3252 1212 quod
3289 1140 3509 1213 publica

1919 1231 2175 1302 opinione
2206 1242 2389 1303 posset
2418 1232 2673 1288 infamari
2700 1233 3013 1291 credamus.
3043 1236 3205 1305 Quod
3238 1254 3371 1294 vero
3401 1239 3505 1296 ad-
3554 1300 3557 1305 λ

1919 1319 2067 1375 ditur
2106 1344 2123 1369 ιι
2158 1319 2333 1376 donec
2362 1322 2577 1391 peperit
2602 1320 2766 1377 filium
2816 1341 2974 1379 suum
3017 1327 3441 1398 primogenitum
3479 1350 3501 1373 »

1920 1425 2081 1464 nemo
2128 1407 2201 1464 ita
2257 1409 2675 1481 intelligendum
2732 1419 2882 1483 putet
2937 1414 3090 1484 quasi
3146 1423 3269 1486 post
3323 1424 3507 1471 natum

1923 1505 2095 1560 tilium
2125 1522 2243 1561 eam
2275 1507 2612 1577 cognoverit,
2647 1514 2703 1562 ut
2732 1508 2950 1578 quidam
2981 1526 3235 1579 perverse
3281 1512 3511 1581 Opinan-

1921 1602 2025 1650 tur.
2057 1593 2207 1651 Scire
2230 1594 2373 1649 enim
2389 1595 2551 1650 debet
2574 1603 2758 1650 vestra
2781 1595 3099 1652 fraternitas
3119 1599 3246 1671 quia
3290 1599 3512 1655 fuerunt

1922 1682 2169 1738 haeretici
2197 1684 2309 1755 qui,
2342 1692 2569 1755 propter
2598 1685 2702 1740 hoc
2730 1686 2875 1756 quod
2905 1685 3107 1741 dictum
3124 1698 3206 1742 est
3231 1711 3253 1737 «
3276 1705 3389 1745 non
3410 1703 3510 1746 co-

1924 1780 2226 1852 gnoscebat
2271 1796 2392 1837 eam
2438 1782 2617 1837 donec
2664 1783 2877 1853 peperit
2924 1783 3112 1854 ﬁlium,
3148 1808 3169 1833 υ
3224 1786 3513 1843 crederent

1925 1870 2147 1924 Mariam
2178 1879 2301 1939 post
2328 1877 2508 1924 natum
2541 1869 2831 1927 Dominum
2859 1872 3139 1945 cognitam
3169 1889 3295 1929 esse
3339 1890 3373 1933 ει
3410 1876 3511 1933 Jo-

1927 1959 2082 2029 seph,
2116 1966 2169 2013 et
2197 1957 2323 2013 inde
2352 1966 2503 2014 ortos
2533 1974 2628 2014 eos
2673 1975 2812 2031 quos
2858 1959 3058 2016 fratres
3103 1961 3321 2018 Domini
3365 1963 3513 2021 Scri-

1926 2062 2085 2125 ptura
2112 2053 2373 2124 appellat,
2414 2062 2757 2110 assumentes
2805 2062 2857 2111 et
2901 2057 3007 2113 hoc
3061 2057 3117 2113 in
3173 2059 3509 2127 adjutorium

1928 2142 2011 2197 sui
2041 2143 2245 2198 erroris
2271 2142 2413 2213 quod
2438 2142 2833 2214 primogenitus
2852 2154 3213 2217 nuncupatur.
3244 2149 3513 2204 Dominus

1926 2231 2075 2286 Deus
2122 2237 2334 2285 avertat
2374 2229 2518 2286 hanc
2565 2230 2962 2302 blaSphemiam
3022 2249 3057 2290 a
3109 2234 3216 2291 tida
3274 2237 3514 2292 omnium

1927 2335 2194 2393 nostrum,
2224 2327 2508 2399 donetque
2538 2329 2697 2383 nobis
2744 2329 3025 2387 Catholica
3061 2332 3265 2403 pietate
3306 2333 3513 2391 intelli-

1926 2435 2060 2493 gere
2105 2427 2357 2490 parentes
2401 2421 2573 2476 nostri
2621 2420 2923 2477 Salvatoria
2962 2422 3283 2479 intemerata
3349 2424 3516 2480 fuisse

1927 2524 2144 2579 semper
2164 2508 2474 2580 virginitate
2503 2510 2818 2579 praeclaros,
2851 2519 2902 2566 et
2931 2527 3042 2567 non
3064 2511 3228 2579 filios,
3273 2512 3373 2569 sed
3414 2528 3516 2569 co-

1928 2614 2127 2678 gnatos
2176 2621 2369 2661 eorum
2415 2604 2614 2661 fratres
2657 2607 2873 2663 Domini
2918 2608 3319 2681 Scripturarum
3363 2625 3516 2667 more

1927 2695 2253 2765 nuncupari.
2287 2694 2393 2749 Sed
2423 2695 2497 2750 ob
2526 2694 2580 2750 id
2611 2697 3009 2767 evangelistam
3050 2714 3118 2753 an
3163 2706 3291 2769 post
3330 2703 3517 2754 natum

1927 2784 2123 2840 Filium
2152 2783 2253 2838 Dei
2284 2798 2402 2838 eam
2434 2784 2766 2855 cognoverit
2784 2785 2969 2841 dicere
2992 2801 3104 2842 non
3134 2787 3519 2859 curassa,quia

1926 2881 2065 2936 nulli
2088 2881 2158 2936 de
2199 2882 2307 2937 hoc
2351 2880 2738 2952 ambigendum
2794 2884 3119 2952 putaverint,
3177 2884 3323 2956 quod
3379 2898 3515 2940 con-

1921 2971 2110 3043 juges,
2164 2969 2360 3040 quibus
2403 2969 2458 3023 in
2502 2969 2835 3041 virginitatis
2905 2972 3233 3028 castimonia
3293 2986 3516 3043 perma-

1924 3058 2202 3125 nantibus,
2232 3057 2335 3111 Dei
2365 3056 2559 3112 Filium
2589 3058 2743 3113 nasci
2790 3059 3059 3130 singulari
3109 3061 3287 3130 gratia
3333 3061 3518 3115 datum

1926 3165 2027 3222 est,
2058 3154 2372 3211 nullatenus
2402 3168 2468 3209 ex
2515 3169 2583 3208 eo
2628 3154 2889 3209 castitatis
2927 3156 3051 3225 jura
3096 3163 3365 3213 temerare
3419 3172 3518 3227 po-

1928 3245 2150 3301 tuerint.

2000 3359 2307 3415 Notandum
2358 3374 2575 3430 quoque
2616 3365 2698 3413 est
2745 3358 2891 3430 quod
2952 3358 3306 3434 primogeniti
3381 3376 3514 3429 non,

1923 3459 2082 3528 juxta
2113 3456 2486 3511 hmreticorum
2516 3455 2859 3525 opinionem,
2893 3454 2993 3509 soli
3016 3462 3142 3510 sunt
3161 3472 3295 3527 quos
3328 3454 3523 3512 fratres

1931 3554 2247 3618 sequuntur,
2317 3552 2443 3599 sunt
2520 3544 2628 3597 alii.
2707 3543 2817 3597 Sed
2896 3545 3048 3613 juxta
3138 3545 3519 3600 auctoritatem

1932 3636 2330 3706 Scripturarum
2362 3649 2557 3687 omnes
2588 3630 2677 3704 qui
2708 3632 2868 3701 primi
2899 3630 3109 3687 vulvam
3139 3634 3386 3703 aperiunt
3407 3633 3523 3689 sive

1930 3734 2129 3789 fratres
2160 3748 2259 3786 eos
2291 3730 2453 3801 aliqui
2484 3747 2578 3785 seu
2619 3730 2751 3784 nulli
2802 3739 3117 3801 sequantur,
3170 3730 3526 3803 primOgeniti

1929 3829 2219 3877 vocantur.
2252 3823 2504 3875 Attamen
2552 3835 2677 3873 cum
2722 3820 2988 3877 Dominus
3035 3819 3257 3890 speciali
3302 3821 3516 3876 ratione

1929 3910 2103 3981 possit
2158 3908 2562 3979 primogenitus
2618 3907 2794 3963 dictus
2865 3908 3113 3979 intelligi,
3186 3908 3346 3980 juxta
3417 3910 3523 3964 hoc

1929 4009 2073 4079 quod
2106 4008 2161 4062 in
2190 4007 2522 4078 Apocalypsi
2551 4006 2685 4061 dicit
2713 4007 2781 4061 de
2809 4022 2876 4062 eo
2903 4008 3143 4062 Joannes
3174 4022 3187 4060 :
3226 4028 3248 4055 α
3292 4006 3397 4075 Qui
3440 4014 3525 4061 est

1928 4099 2086 4152 testis
2119 4096 2297 4150 ﬁdelis
2325 4095 2721 4166 primogenitus
2753 4105 3111 4161 mortuorum,
3170 4103 3225 4150 et
3268 4096 3523 4165 princeps

1929 4200 2125 4256 regum
2155 4192 2314 4238 terra:
2372 4184 2572 4255 (Apoc.
2630 4188 2753 4252 1).»
2818 4185 2881 4237 Et
2929 4184 3213 4254 apostolus
3268 4183 3512 4237 Paulus:

1934 4304 1955 4328 ιι
1990 4283 2127 4335 Nam
2157 4294 2295 4351 quos
2342 4279 2598 4349 prescivit
2655 4287 2707 4333 et
2758 4281 3166 4350 praedestinavit
3214 4279 3526 4336 conformes

1927 4369 2048 4424 fieri
2076 4368 2345 4441 imagines
2378 4367 2494 4421 Filii
2526 4367 2629 4432 sui,
2657 4375 2715 4422 ut
2745 4368 2813 4422 sit
2860 4370 2979 4439 ipse
3025 4369 3424 4440 primogenitus
3468 4368 3527 4422 in

1927 4458 2114 4513 multis
2142 4456 2401 4510 fratribus
2429 4456 2618 4523 (Rom.
2650 4457 2791 4525 vm).
2829 4475 2852 4506 ι
2890 4457 3293 4530 Primogenitus
3343 4465 3426 4512 est
3472 4457 3528 4511 in

1927 4555 2113 4610 multis
2144 4554 2426 4619 fratribus,
2462 4551 2586 4624 quia
2621 4575 2644 4600 υ
2697 4561 2961 4625 quotquot
3005 4562 3331 4625 receperunt
3377 4568 3524 4623 eum,

202 4649 467 4714 umpora
495 4644 657 4692 natus
685 4650 752 4690 ex
780 4634 934 4688 Patre
964 4632 1111 4687 Deus
1162 4638 1265 4697 est,
1316 4630 1434 4701 ipse
1476 4629 1532 4685 in
1575 4629 1815 4700 plenitu-

1929 4646 2077 4702 dedit
2100 4645 2178 4700 eis
2202 4650 2521 4713 potestatem
2543 4640 2683 4696 ﬁlios
2700 4642 2798 4696 Dei
2820 4641 2938 4697 ﬁeri
2963 4646 3144 4707 (Joan.
3160 4647 3221 4713 ι).
3236 4666 3257 4692 n
3281 4643 3527 4712 Quorum

206 4730 337 4786 dine
370 4738 687 4797 temporum
716 4720 1056 4785 Emmanuel,
1089 4718 1145 4774 id
1166 4727 1253 4774 est
1272 4717 1559 4774 nobiscum
1581 4719 1747 4784 Deus,
1766 4718 1823 4773 in

209 4836 396 4893 utero,
430 4821 623 4878 matris
680 4818 854 4875 factus
904 4824 987 4872 est
1044 4817 1168 4888 quia
1224 4822 1424 4871 nostra:
1476 4814 1820 4887 fragilitatem

209 4925 457 4979 mm,
482 4911 537 4966 in
557 4909 815 4964 unitatem
836 4922 951 4962 sua:
971 4919 1223 4976 personae
1254 4904 1533 4975 suscipere
1570 4901 1824 4977 dignatus

211 5014 315 5075 est,
339 5000 573 5077 quando
592 5022 613 5048 α
642 4998 875 5054 Verbum
898 5009 1031 5050 caro
1056 4994 1260 5049 factum
1276 5001 1360 5048 est
1381 5001 1433 5047 et
1474 4993 1743 5047 habitavit
1770 4994 1824 5048 in

211 5102 378 5159 nobis
397 5100 591 5169 (Joan.
613 5096 673 5162 ι),
693 5117 713 5143 υ
741 5093 940 5149 mirum
955 5090 1211 5147 videlicet
1246 5091 1300 5144 in
1319 5089 1539 5144 modum
1561 5089 1827 5161 incipiens

214 5207 343 5249 esse
364 5186 520 5262 quod
550 5200 651 5241 nos
680 5198 889 5247 sumus,
935 5187 989 5235 et
1040 5194 1149 5234 non
1188 5178 1450 5233 desinens
1501 5193 1625 5233 esse
1680 5177 1826 5249 quod

214 5287 338 5336 erat
364 5296 378 5333 :
413 5276 499 5332 sic
528 5288 816 5329 assumens
844 5277 1101 5325 naturam
1129 5274 1388 5334 nostram,
1420 5273 1480 5321 ut
1519 5264 1663 5338 quod
1712 5274 1827 5320 erat

213 5380 336 5452 ipse
366 5391 485 5432 non
516 5373 801 5447 perderet.

295 5506 317 5530 (ι
339 5478 679 5551 Exsurgens
691 5482 871 5530 autem
893 5470 1095 5542 Ioseph
1117 5485 1150 5525 a
1171 5484 1361 5525 somno
1375 5467 1501 5524 fecit
1528 5468 1668 5523 sicut
1686 5483 1828 5539 prte-

217 5576 441 5643 ceperat
462 5564 512 5623 ei
529 5562 765 5637 angelus
782 5559 1019 5627 Domini,
1040 5567 1092 5614 et
1108 5559 1321 5630 accepit
1340 5557 1608 5629 conjugen
1643 5570 1822 5622 suam,

216 5678 272 5726 et
287 5683 399 5724 non
421 5661 801 5737 cognoscebat
821 5674 995 5714 eam.»
1016 5658 1239 5729 Accepit
1260 5673 1379 5712 eam
1400 5656 1468 5711 ad
1482 5672 1678 5711 nomen
1698 5671 1818 5710 con-

211 5765 367 5840 jugis
394 5765 468 5821 ob
488 5775 690 5818 causas
717 5773 852 5830 quas
873 5754 1245 5829 praediximus,
1266 5762 1320 5810 et
1340 5770 1445 5811 non
1460 5753 1831 5826 cognoscebat

215 5879 342 5920 eam
361 5864 425 5918 ad
446 5875 595 5932 opus
610 5855 907 5928 conjugale
920 5854 991 5913 ob
1005 5869 1208 5909 arcana
1228 5870 1350 5925 qua:
1366 5850 1649 5907 didicerat.
1672 5848 1830 5918 Quod

215 5961 261 6016 si
281 5959 400 6032 quis
413 5957 553 6018 huic
573 5962 777 6010 nostrae
797 5948 1123 6025 expositioni
1134 5948 1407 6009 obsistere
1430 5958 1482 6008 et
1501 5948 1831 6008 contendere

1931 4744 2083 4790 recte
2109 4730 2507 4804 primogenitus
2534 4728 2861 4800 appellatur,
2884 4732 3027 4801 quod
3060 4746 3252 4786 omnes
3282 4730 3529 4803 adoptio-

1932 4834 2018 4888 nis
2047 4832 2203 4896 iilios,
2237 4830 2398 4885 etiam
2426 4828 2549 4884 illos
2579 4828 2672 4899 qui
2702 4828 3093 4883 incarnationis
3122 4845 3239 4898 ejus
3285 4838 3532 4902 tempora

1931 4921 2206 4977 nascendo
2253 4924 2653 4990 praecesserunt
2702 4917 2966 4989 dignitate
3012 4918 3388 4990 prOgreditur.
3438 4918 3529 4973 Si-

1935 5011 2151 5082 quidem
2184 5014 2411 5081 possunt
2441 5007 2517 5061 illi
2549 5021 2671 5062 cum
2703 5007 2913 5061 Joanne
2945 5004 3295 5061 veracissime
3317 5008 3527 5062 testari.

1937 5106 2043 5175 Qui
2073 5108 2224 5177 prius
2250 5122 2351 5160 nos
2380 5104 2527 5160 venit
2557 5112 2681 5158 ante
2711 5119 2811 5157 nos
2843 5099 3015 5158 factus
3046 5111 3145 5166 est,
3180 5101 3236 5157 id
3276 5110 3357 5157 est
3405 5111 3531 5172 post

1936 5211 2037 5250 nos
2069 5194 2287 5266 quidem
2319 5193 2374 5247 in
2403 5192 2605 5247 mundo
2637 5192 2873 5264 genitus.
2908 5190 3016 5246 Sed
3068 5194 3264 5246 merito
3313 5190 3530 5246 virtutis

1937 5282 2333 5355 primogenitus
2362 5282 2603 5337 omnium
2628 5282 2751 5349 jure
2782 5287 2863 5335 est
2918 5288 3159 5344 vocatus,
3212 5284 3529 5352 quanquam

1937 5389 1990 5436 et
2018 5379 2075 5434 in
2102 5379 2221 5449 ipsa
2242 5377 2426 5432 divina
2449 5376 2733 5433 nativitate
2756 5394 2865 5432 non
2891 5375 3339 5432 inconvenienter
3357 5376 3533 5445 possit

1935 5466 2336 5541 primogenitus
2382 5464 2509 5532 dici,
2560 5464 2688 5537 quia
2733 5464 3047 5538 priusquam
3096 5474 3399 5521 creaturam
3443 5464 3531 5519 fa-

1938 5557 2132 5614 ciendo
2164 5555 2423 5627 gigneret
2450 5554 2709 5625 aliquem,
2741 5565 3073 5611 coaeternum
3102 5554 3205 5610 sibi
3236 5554 3406 5611 Pater
3427 5571 3532 5626 ge-

1939 5654 2054 5710 nuit
2084 5652 2297 5708 Filium.
2363 5652 2518 5705 Prius
2574 5654 2720 5705 enim
2781 5668 2939 5723 quam
2999 5652 3231 5707 verbum
3286 5650 3536 5706 veritatis

1939 5748 2253 5822 adoptionis
2287 5745 2429 5802 filios
2477 5746 2579 5801 sibi
2627 5746 2953 5802 redimendo
3002 5748 3253 5820 gigneret
3298 5745 3533 5819 aliquos,

1910 5856 2273 5927 ‘coazternum
2305 5843 2408 5899 sibi
2438 5840 2600 5899 Pater
2629 5845 2819 5919 genuit
2848 5840 3107 5900 Verbum.
3150 5844 3305 5901 Unde
3349 5843 3537 5913 ipsum

1941 5942 2177 6002 Verbum
2215 5943 2333 6015 ipse
2359 5934 2528 5997 Filius
2555 5939 2679 6009 Dei,
2713 5940 2830 6011 ejus
2860 5939 3114 5998 videlicet
3143 5938 3311 5997 virtus
3339 5946 3393 5994 et
3438 5954 3532 5993 sa-
