3924 6404
407 421 513 480 767

1518 411 1863 471 'WERNERI
1903 405 2188 464 ABBATIS
2229 405 2286 461 S.
2321 403 2543 460 BLASII

3612 397 3724 451 768

413 545 617 620 pientia
645 546 886 620 loquitur
917 565 929 602 :
961 549 1083 622 Ego
1111 563 1178 603 ex
1206 561 1304 602 ore
1333 541 1603 598 Altissimi
1634 535 1870 610 prodivi,
1895 533 2002 604 pri-
2032 531 2088 592 Α
2116 546 2185 586 ne
2231 547 2330 603 per
2384 529 2660 592 feminam,
2722 525 2820 582 sed
2875 541 2977 598 per
3033 523 3230 590 virum,
3283 519 3442 592 juxta
3497 535 3722 576 morem

420 636 696 708 mogenita
753 637 810 692 in
863 653 1082 694 omnem
1141 641 1468 692 creaturam.
1544 630 1692 684 Deus
1759 625 1828 680 de
1895 625 2010 679 Deo

419 732 576 779 natus
603 733 736 792 erat,
787 734 841 780 et
881 726 937 780 in
982 741 1049 780 ea
1090 739 1205 797 qua
1259 729 1479 778 creatus
1535 725 1619 774 est
1675 713 2014 770 humanitate

419 827 639 868 omnem
668 822 974 869 creaturam
1004 813 1256 884 praeibat.

499 955 521 980 «
551 933 620 986 Et
649 933 888 998 vocabis,
921 932 1114 1005 inquit,
1142 947 1340 987 nomen
1373 930 1492 998 ejus
1533 929 1740 983 Iesum.
1778 949 1800 973 η
1854 925 2017 980 Iesus

425 1021 710 1077 Haebraice
775 1021 971 1078 Latine
1024 1021 1282 1077 salutaris
1338 1021 1452 1074 sive
1505 1018 1742 1073 salvator
1798 1011 2016 1070 dicitur.

427 1110 598 1179 Cujus
649 1111 990 1166 vocationem
1047 1110 1284 1168 nominis
1341 1107 1622 1182 prophetis
1673 1105 1844 1174 liquet
1898 1115 2022 1156 esse

425 1199 808 1257 certissimam.
857 1199 1014 1256 Unde
1063 1217 1164 1255 sun
1213 1199 1328 1266 ,illa
1384 1211 1590 1268 magno
1645 1192 1870 1248 visionis
1905 1189 2027 1258 ejus

425 1287 702 1344 desiderio
731 1297 952 1345 cantata
983 1307 997 1344 :
1035 1313 1056 1338 α
1095 1289 1296 1344 Anima
1325 1295 1503 1342 autem
1551 1300 1675 1338 mea
1722 1277 2026 1338 exsultabit

427 1377 483 1433 in
513 1377 768 1444 Domino,
793 1386 847 1434 et
866 1379 1228 1434 delectabitur
1251 1393 1420 1448 super
1439 1372 1664 1429 salutari
1707 1385 1806 1425 suo
1850 1368 2024 1434 (1)εαί.

427 1466 644 1533 xxxxv).
684 1490 704 1514 η
735 1468 802 1521 Et
831 1467 1020 1522 iterum
1055 1486 1068 1522 :
1107 1488 1128 1518 α
1165 1467 1380 1522 Defecit
1407 1465 1462 1518 in
1491 1460 1720 1517 salutari
1740 1467 1832 1514 tuo
1851 1457 2030 1512 anima

429 1570 556 1610 mea
583 1557 756 1622 (Psal.
789 1557 1013 1626 cxvni).
1052 1579 1073 1602 »
1107 1556 1177 1611 Et
1207 1554 1375 1610 alibi:
1414 1575 1435 1600 ιι
1470 1553 1592 1623 Ego
1620 1556 1800 1604 autem
1832 1547 1888 1600 in
1921 1547 2030 1600 Do-

429 1644 578 1700 mino
604 1643 903 1714 gloriabor,
937 1645 1187 1716 gaudebo
1217 1645 1270 1698 in
1337 1645 1450 1698 Deo
1503 1642 1630 1694 Iesu
1690 1652 1814 1692 meo
1873 1633 2020 1704 (Ha-

434 1734 552 1788 bac.
585 1738 691 1799 ιιι).
729 1757 752 1782 η
785 1733 855 1787 Et
883 1735 1121 1790 maxime
1151 1733 1284 1788 illud
1318 1749 1330 1788 :
1367 1753 1388 1780 α
1421 1731 1592 1794 Deus,
1621 1728 1674 1781 in
1696 1723 1916 1781 nomine
1946 1731 2035 1776 tuo

436 1823 648 1877 salvum
682 1838 770 1878 me
805 1821 889 1877 fac
913 1823 1255 1892 (Psal.t.ut).
1285 1845 1306 1868 η
1337 1824 1412 1876 Ac
1441 1819 1487 1873 si
1519 1818 1724 1872 diceret
1752 1832 1764 1868 :
1788 1812 2036 1868 Nominis

2116 630 2416 701 Scriptura:
2456 625 2786 701 genealogis
2829 632 3124 691 taxarctur,
3171 639 3243 678 ne
3290 620 3631 692 lapideretur
3691 631 3732 673 ι

2117 719 2321 775 Iudaeis
2351 726 2408 773 ut
2437 717 2700 782 adultera,
2734 721 2792 769 ut
2819 713 2875 768 in
2906 713 3198 785 Egyptum
3231 710 3450 782 fugiens
3489 709 3730 764 haberet

2123 809 2220 864 viri
2251 807 2528 872 solatium,
2559 813 2618 860 ut
2643 812 2833 877 partus
2862 802 3130 857 celaretur
3159 799 3402 866 diabolo,
3429 798 3579 870 ,dum
3625 812 3724 868 pu-

2126 914 2204 961 tat
2231 921 2342 960 non
2370 905 2439 960 de
2463 904 2698 977 virgine,
2730 900 2832 956 sed
2861 899 2933 956 de
2961 914 3129 957 uxore
3159 897 3430 972 genitum,
3465 911 3533 950 ne
3580 894 3732 950 inte-

2125 1004 2348 1051 meratas
2381 993 2617 1066 Virginis
2645 991 3026 1048 adverteretur
3064 987 3314 1044 infamia.
3353 983 3544 1040 Maluit
3581 983 3732 1040 enim

2129 1083 2400 1140 Dominus
2429 1080 2724 1152 aliquosde
2739 1093 2840 1134 suo
2865 1077 3046 1150 potius
3081 1085 3225 1142 ortu,
3267 1089 3434 1148 quam
3479 1072 3734 1129 dubitare

2129 1181 2200 1236 de
2230 1179 2422 1235 matris
2451 1179 2679 1250 pudore,
2713 1191 2782 1231 ne
2813 1174 3120 1246 virginibus
3147 1171 3397 1230 velamen
3426 1170 3738 1226 excusatio-

2130 1270 2218 1324 nis
2247 1267 2418 1333 ﬁeret,
2448 1267 2593 1340 quod
2613 1263 2868 1320 infamata
2889 1263 2958 1318 sit
2980 1270 3154 1318 mater
3171 1259 3412 1326 Domini,
3436 1275 3506 1314 ne
3527 1256 3740 1314 dicenti

2137 1357 2368 1414 Domino
2397 1375 2412 1413 :
2453 1379 2475 1404 ιι
2508 1356 2632 1410 Non
2664 1352 2790 1409 veni
2815 1353 3032 1407 solvere
3059 1350 3269 1422 legem,
3301 1347 3405 1404 sed
3433 1346 3738 1418 adimplere

2136 1453 2356 1524 (Matth.
2391 1453 2466 1522 v),
2507 1475 2528 1500 ψ
2556 1449 2702 1506 ullus
2731 1448 3025 1518 objecerit:
3081 1445 3239 1516 Quod
3289 1460 3414 1502 cum
3461 1443 3602 1516 legis
3646 1441 3740 1496 iu-

2133 1543 2282 1615 juria
2310 1549 2466 1596 natus
2497 1540 2590 1608 sit,
2623 1547 2682 1593 ut
2709 1538 2865 1593 testis
2896 1535 3124 1607 pudoris
3167 1533 3396 1590 maritus
3443 1532 3745 1588 adhibere—

2141 1641 2246 1697 tur,
2278 1631 2369 1702 qui
2398 1628 2569 1702 possit
2598 1627 2784 1683 dolere
2816 1634 2870 1681 et
2923 1624 3205 1680 vindicare
3259 1621 3630 1694 approbrium,
3679 1618 3731 1673 si

2141 1745 2250 1786 non
2281 1733 2611 1799 agnosceret
2640 1730 3068 1788 sacramentum,
3117 1736 3187 1776 ne
3229 1719 3506 1775 videretur
3557 1715 3743 1772 Mariae

2143 1818 2360 1888 culpam
2381 1816 2706 1870 obumbrare
2736 1811 3050 1867 mendacio.
3102 1808 3346 1864 Causam
3394 1806 3537 1862 enim
3585 1820 3752 1860 men-

433 1911 512 1966 ttti
540 1911 794 1983 gloriam,
827 1912 918 1982 qui
949 1911 1162 1966 vocaris
1212 1911 1481 1974 Salvator,
1531 1906 1586 1960 in
1633 1921 1724 1959 me
1774 1901 2036 1957 salvando
2063 1885 2118 1946 B
2148 1885 2312 1962 tiendi
2343 1905 2672 1974 desponsata
2695 1917 2804 1955 non
2830 1899 3034 1964 habuit,
3055 1913 3180 1954 cum
3197 1894 3436 1966 conjugii
3457 1893 3752 1964 praemium

433 1998 692 2056 claritica.
723 1999 881 2054 Iesus
911 2015 1047 2070 ergo
1084 2014 1284 2054 nomen
1303 2005 1384 2052 est
1421 1994 1540 2050 Filii
1579 1992 1672 2064 qui
1713 2008 1777 2047 ex
1809 1989 2038 2060 Virgine

435 2096 597 2144 natus
625 2097 726 2157 est,
760 2089 961 2161 angelo
992 2094 1324 2159 exponente,
1361 2083 1681 2158 significans
1725 2075 1876 2152 quod
1923 2079 2040 2148 ipse

439 2177 650 2233 salvum
684 2176 847 2233 faciet
905 2177 1171 2248 papulnm
1229 2191 1391 2231 suum
1448 2189 1482 2228 a
1537 2170 1780 2244 peccatis
1831 2183 2040 2224 eorum.

441 2264 547 2334 Qui
575 2273 759 2321 autem
789 2266 962 2321 salvat
995 2282 1024 2320 a
1049 2265 1315 2337 peccatis,
1347 2263 1495 2318 idem
1525 2261 1713 2332 utique
1761 2273 1794 2314 a
1845 2271 2045 2312 corru-

440 2354 722 2426 ptionibus
755 2354 954 2410 mentis
985 2362 1038 2408 et
1069 2353 1319 2424 corporis
1355 2366 1476 2424 quae
1501 2349 1574 2404 ob
1603 2354 1822 2419 peccata
1869 2343 2044 2400 conti-

441 2451 637 2514 gerunt
664 2441 913 2496 salvabit.
946 2442 1200 2496 Christus
1232 2455 1362 2495 vero
1387 2437 1714 2494 vocabulum
1745 2442 1828 2490 est
1854 2447 2047 2488 sacer-

443 2531 587 2586 dotis
615 2530 703 2586 vel
753 2531 920 2600 regiae
969 2529 1276 2599 dignitatis.
1327 2529 1468 2582 Nam
1519 2533 1572 2581 et
1616 2523 1938 2579 sacerdotes
1983 2535 2050 2575 ac

445 2635 611 2692 reges
638 2620 694 2674 in
724 2619 846 2690 lege
875 2635 905 2672 a
935 2621 1246 2684 chrismate,
1279 2617 1337 2672 id
1367 2624 1451 2672 est
1477 2614 1732 2670 unctione
1761 2612 1866 2667 olei
1913 2625 2050 2665 san-

445 2719 542 2782 cti,
573 2716 993 2788 appellabantur
1021 2714 1607 2785 christi,signiﬁcantes
1623 2723 1750 2766 eum
1769 2709 1862 2781 qui
1885 2723 2052 2763 verus

450 2821 540 2861 rex
573 2814 626 2860 et
655 2805 902 2876 pontifex
933 2806 985 2859 in
1017 2805 1224 2859 mundo
1255 2817 1532 2874 apparens
1553 2809 1752 2855 unctus
1800 2803 1886 2853 est
1931 2796 2054 2852 oleo

450 2893 651 2949 laetitiae
682 2910 795 2963 prae
827 2893 1203 2965 participibus
1234 2892 1369 2946 suis.
1401 2894 1446 2945 Α
1475 2905 1580 2961 qua
1609 2888 1866 2944 unctione
1890 2886 1944 2940 id
1975 2893 2058 2940 est

453 2983 750 3038 chrismate
771 2982 888 3052 ipse
911 2983 1176 3037 Christus
1212 2989 1265 3036 et
1291 2981 1544 3050 ejusdem
1579 2977 1852 3034 unctionis
1894 2975 1948 3030 id
1977 2981 2062 3030 est

453 3072 646 3144 gratiae
672 3072 974 3142 spiritualis
1009 3070 1314 3141 participes
1358 3075 1486 3124 sunt
1533 3067 1819 3122 christiani
1859 3063 2058 3130 vocati,

454 3161 548 3231 qui
575 3177 672 3231 per
699 3160 753 3214 id
784 3161 928 3232 quod
960 3160 1220 3214 Salvator
1247 3167 1332 3213 est
1365 3173 1468 3212 nos
1496 3157 1710 3210 salvere
1739 3171 1772 3210 a
1798 3153 2058 3224 peccatis,

452 3337 542 3405 tri,
575 3353 675 3406 per
701 3337 756 3391 id
785 3337 930 3408 quod
951 3337 1061 3392 Rex
1084 3343 1168 3390 est
1191 3350 1418 3406 regnum
1444 3333 1603 3388 nobis
1629 3331 1798 3387 Patris
1815 3330 1896 3385 sui
1919 3331 2052 3385 dare

455 3425 713 3498 dignetur
743 3426 797 3480 in
824 3434 1118 3480 aeternum.

747 3595 918 3650 ITEM
949 3593 1334 3650 EXPOSITIO
1365 3595 1458 3649 DE
1493 3592 1761 3648 EODEM.

535 3778 557 3804 α
593 3755 794 3810 Christi
825 3755 1113 3826 generatio
1143 3756 1222 3810 sic
1251 3762 1366 3810 erat
1389 3753 1613 3812 (Matth.
1646 3756 1707 3824 ι).
1737 3775 1760 3802 ιι
1794 3752 2066 3822 Quaeritur

461 3861 562 3901 cur
600 3861 708 3900 non
740 3845 816 3900 ait
844 3845 972 3900 Iesu
1022 3844 1242 3911 Christi,
1291 3844 1391 3899 sed
1449 3843 1793 3900 solummodo
1847 3841 2064 3906 Christi,

471 3937 619 4006 quod
646 3933 844 4005 angelo
866 3951 990 3990 mox
1022 3933 1230 3989 dicturo
1259 3933 1524 3988 servavit.
1557 3931 1870 3994 Generatio,
1901 3931 1956 3984 id
1987 3937 2070 3985 est

464 4023 583 4093 ipse
627 4023 872 4078 Christus
902 4023 958 4078 in
987 4039 1148 4078 carne
1191 4029 1510 4094 generatus.
1563 4021 1656 4074 Ac
1709 4019 1754 4074 si
1815 4019 2066 4074 diceret:

464 4111 778 4178 Generatio,
810 4129 934 4184 quae
963 4121 1047 4166 est
1075 4111 1344 4174 Christus,
1379 4111 1459 4166 sic
1488 4118 1608 4165 erat
1655 4108 1844 4164 bifarie
1889 4107 2073 4178 expla-

471 4196 675 4264 nanda,
709 4195 862 4250 velut
889 4212 924 4251 a
950 4196 1200 4252 decursze
1229 4195 1578 4268 genealogiae
1627 4193 1768 4257 loco,
1813 4193 1907 4248 ubi
1952 4191 2024 4247 ait
2058 4205 2070 4240 ε

472 4307 494 4332 α
527 4283 702 4339 Iacob
731 4285 922 4354 genuit
947 4285 1154 4354 Ioseph
1185 4285 1360 4340 virum
1409 4283 1614 4348 Mariae,
1663 4282 1734 4338 de
1768 4299 1873 4353 qua
1919 4289 2076 4336 natus

465 4380 552 4426 est
572 4373 732 4426 Iesus
753 4375 849 4443 qui
873 4382 1097 4428 vocatur
1134 4373 1405 4428 Christus.
1438 4371 1644 4430 Omnes
1673 4387 1807 4445 ergo
1836 4385 2078 4443 genera-

474 4461 650 4516 tiones
669 4460 738 4514 ιιι)
760 4462 1040 4516 Abraham
1055 4479 1234 4534 usque
1255 4463 1326 4518 ad
1350 4462 1523 4517 David
1544 4461 1930 4533 generationes
1961 4475 2076 4536 XIV,

472 4558 526 4605 et
555 4567 585 4604 a
621 4550 796 4605 David
845 4567 1017 4622 usque
1071 4553 1140 4606 ad
1189 4551 1732 4622 transmigrationem
1788 4548 2077 4620 Babylonis

475 4640 865 4710 generationes
912 4655 1026 4708 xiv,
1078 4649 1130 4696 et
1172 4657 1208 4696 a
1253 4639 1741 4712 transmigratione
1791 4637 2078 4710 Babylonis

478 4745 652 4800 usque
677 4729 748 4784 ad
770 4729 1043 4784 Christum
1065 4729 1454 4802 generationes
1485 4745 1594 4784 xtv.
1642 4727 1932 4783 Generatio
1979 4741 2080 4780 au-

481 4827 588 4872 tem
625 4817 824 4873 Christi
855 4819 934 4875 sic
957 4827 1073 4874 erat
1093 4819 1299 4888 (ibid).
1328 4841 1350 4866 ιι
1381 4817 1558 4872 Prima
1576 4817 1812 4872 hominis
1841 4814 2082 4871 conditio

479 4917 584 4972 est,
609 4907 757 4981 quod
781 4907 954 4962 Adam
987 4908 1055 4962 de
1081 4915 1224 4963 terra
1247 4907 1548 4978 plasmatus
1575 4913 1658 4960 est
1682 4923 1696 4969 ;
1727 4904 1972 4960 secunda
2000 4910 2084 4960 est

479 4996 608 5070 quia
642 4996 841 5052 femina
878 4997 947 5052 de
978 4995 1148 5052 latere
1180 4997 1284 5050 viri
1314 5003 1505 5052 creata
1552 4999 1638 5050 est
1670 5012 1684 5058 ;
1732 4994 1891 5050 tertia
1947 5008 2083 5047 vero

479 5087 626 5158 quod
655 5095 815 5142 natus
843 5095 926 5140 est
956 5089 1140 5151 homo,
1162 5103 1226 5140 ex
1259 5083 1380 5141 viro
1410 5093 1464 5139 et
1492 5084 1715 5138 femina.
1749 5080 1948 5138 Christi
1982 5097 2084 5135 au-

479 5183 592 5234 tem
621 5175 916 5246 generatio
947 5175 1027 5231 sic
1056 5183 1194 5240 erat,
1230 5183 1286 5229 ut
1315 5174 1432 5229 sine
1479 5173 1598 5228 viro
1647 5179 1969 5228 nasceretur
2015 5171 2084 5225 de

481 5262 704 5331 femina,
735 5274 1040 5335 conceptus
1077 5281 1174 5335 per
1230 5263 1408 5334 ipsum
1464 5269 1732 5318 sanctum.
1797 5261 1976 5314 Prima
2032 5266 2086 5313 et

479 5357 720 5410 secunda
753 5353 1038 5427 generatio
1071 5361 1317 5408 ruerunt.
1348 5351 1531 5407 Tertia
1559 5351 1628 5408 de
1660 5349 1811 5405 ruina
1839 5363 2083 5420 genera-

481 5453 698 5500 verunt.
733 5447 798 5499 ln
829 5450 1023 5516 quarta
1042 5443 1277 5498 salutem
1309 5441 1656 5497 invenerunt.

561 5573 584 5596 α
621 5550 758 5606 Cum
807 5560 952 5606 esset
999 5550 1336 5620 desponsata
1377 5556 1556 5604 mater
1591 5549 1721 5602 Iesu
1767 5543 1933 5599 Maria
1986 5543 2086 5600 Io-

490 5637 625 5708 seph
659 5665 709 5704 u,
743 5646 796 5694 et
827 5639 1062 5710 reliqua.
1104 5641 1194 5694 Sic
1235 5648 1414 5692 autem
1456 5643 1574 5692 erat
1613 5634 1813 5690 Christi
1859 5647 2088 5706 genera-

487 5721 583 5789 tio,
619 5725 655 5780 il
687 5734 769 5781 est
799 5724 877 5779 sic
908 5727 977 5782 ad
1006 5727 1283 5782 Christum
1331 5726 1556 5795 pertinet
1601 5725 1718 5780 haec
1763 5722 2090 5796 genealogia

493 5841 515 5866 ιι
556 5821 690 5878 Cum
720 5830 868 5878 esset
899 5824 1252 5893 desponsata.
1299 5847 1319 5870 ιο
1355 5822 1450 5878 His
1481 5822 1662 5879 causis
1692 5836 1798 5877 non
1837 5820 1906 5876 de
1951 5821 2088 5874 sim-

491 5915 619 5982 plici
650 5917 888 5992 virgine,
920 5917 1020 5972 sed
1047 5917 1116 5974 de
1149 5919 1482 5991 desponsata
1511 5926 1672 5974 natus
1721 5925 1805 5974 est
1843 5915 2091 5972 Christus

2146 2012 2336 2076 partus
2364 2002 2434 2057 sit
2478 2000 2818 2062 feminarum,
2871 2013 2939 2052 ne
2979 1995 3185 2052 Herodi
3227 2003 3281 2050 et
3319 1992 3524 2048 Iudaeis
3570 2007 3748 2046 excu-

2150 2093 2308 2149 sandi
2336 2090 2676 2162 praeberetur
2697 2087 2935 2152 occasio,
2968 2084 3116 2157 quod
3146 2091 3331 2138 natum
3378 2097 3444 2136 ex
3481 2079 3748 2138 adulterio

2150 2185 2629 2254 persequerentur,
2661 2185 2716 2232 ut
2747 2173 2998 2230 ﬁdelibus
3027 2173 3334 2242 conjugatis
3363 2187 3425 2226 ex
3458 2168 3576 2240 pari
3606 2181 3749 2225 con-

2152 2297 2319 2336 sensu
2347 2273 2680 2336 continentia
2718 2274 3104 2335 insinuaretur,
3153 2279 3212 2326 ut
3258 2269 3362 2325 nisi
3409 2267 3746 2342 praevarica-

2154 2370 2287 2427 tioni
2339 2376 2484 2424 esset
2541 2364 2798 2428 obnoxia,
2860 2361 3098 2434 qualiter
3149 2361 3392 2414 humana
3456 2357 3751 2429 progenies

2155 2455 2499 2529 multiplicari
2519 2455 2636 2509 sine
2659 2451 2986 2523 virginitatis
3009 2449 3334 2505 detrimento
3360 2446 3620 2520 potuisset
3649 2444 3718 2499 de
3737 2475 3756 2486 -

2157 2565 2576 2613 monstraretur.
2619 2577 2641 2600 ιε
2677 2553 3034 2622 Desponsata,
3067 2571 3087 2595 ιι
3105 2547 3161 2603 id
3192 2555 3276 2602 est
3304 2544 3542 2600 nondum
3563 2549 3754 2612 nupta.

2161 2673 2183 2697 «
2220 2649 2390 2702 Mater
2417 2645 2562 2714 ejus.
2605 2665 2627 2690 η
2664 2642 2832 2695 Mater
2869 2639 3008 2707 ejus,
3054 2635 3247 2707 inquit,
3299 2649 3408 2690 non
3461 2647 3601 2688 uxor
3649 2631 3758 2688 I0-

2160 2735 2325 2808 scph.
2371 2757 2394 2782 α
2429 2733 2598 2788 Maria
2624 2729 2856 2800 Ioseph.
2903 2749 2925 2775 »
2974 2727 3033 2780 ln
3077 2725 3193 2796 ipsa
3244 2723 3416 2792 janua
3470 2720 3756 2775 amborum

2161 2841 2439 2907 ponuntur
2463 2829 2701 2895 nomina,
2729 2843 2850 2900 quae
2872 2824 2996 2879 facti
3030 2828 3360 2893 congruunt.
3389 2841 3412 2866 ι
3452 2821 3759 2888 Antequam

2163 2921 2548 2981 convenirent.
2591 2941 2612 2965 »
2651 2915 2968 2971 Proximum
2999 2912 3309 2983 nuptiarum
3341 2917 3554 2978 tempus
3583 2914 3760 2960 osten-

2168 3013 2267 3080 dit,
2300 3028 2409 3066 non
2457 3007 2602 3080 quod
2653 3010 2976 3076 sequeretur
3019 3011 3076 3054 ut
3127 3007 3321 3070 postea
3378 2993 3758 3062 convenirent,

2167 3111 2304 3166 sicut
2329 3107 2460 3164 dicit
2489 3103 2764 3160 Elvidius.
2807 3124 2827 3148 ι
2863 3101 3092 3155 Inventa
3147 3103 3231 3152 est
3264 3120 3284 3142 »ι
3346 3110 3379 3148 a
3429 3091 3577 3147 nullo
3631 3089 3758 3155 alio,

454 3179 548 3231 qut
575 3179 672 3231 per
699 3179 753 3214 ια
784 3179 928 3232 quoa
960 3179 1220 3214 διιιηιοι·
1247 3179 1332 3213 881.
1365 3179 1468 3212 nos
1496 3179 1710 3210 salvere
1739 3179 1772 3210 ιι
1798 3179 2058 3224 peccans,
2212 3205 2218 3211 ,
2261 3199 2270 3209 ,
2708 3192 2718 3202 .
2901 3189 2912 3200 .
2995 3187 3006 3198 .
3088 3187 3098 3198 .
3235 3185 3245 3195 .
3333 3182 3359 3236 ί,
3716 3179 3726 3189 .
3745 3196 3757 3206 1

451 3264 552 3320 per
582 3249 636 3302 id
667 3249 810 3318 quod
843 3248 1078 3318 pontifex
1105 3255 1187 3300 est
1216 3263 1320 3300 nos
1371 3245 1730 3302 reconciliare
1781 3244 1898 3297 Deo
1949 3243 2048 3296 l’a-
2087 3242 2136 3310 (ι
2169 3217 2275 3255 η¹⁵¹
2301 3215 2331 3298 .a
2361 3198 2524 3266 1056p
2529 3198 2582 3261 h’
2632 3209 2752 3292 qm.
2780 3188 3010 3244 manta“
3065 3187 3286 3242 meum
3357 3189 3524 3282 uti"?
3571 3194 3759 3234 “om

2074 3319 2079 3320 ,
2167 3303 2345 3320 nlﬂnnn
2392 3290 2614 3320 nnvni'nl
2700 3281 2789 3320 QII!
2845 3275 3110 3320 Μρηῑιριις
3166 3277 3516 3320 nrmlermlsﬂ.
3569 3267 3759 3320 multa.

2073 3267 2136 3324 δ”
2166 3287 2351 3346 omnia
2392 3290 2637 3340 noverat.
2699 3279 2790 3336 Sic
2843 3275 3110 3333 Mattheus
3166 3270 3516 3346 praetermisit
3569 3267 3759 3332 multa,

2168 3403 2287 3456 (pne
2319 3385 2490 3439 Lucas
2520 3378 2774 3446 narravit,
2823 3375 3058 3431 dicens:
3116 3395 3138 3420 α
3195 3373 3256 3424 In
3304 3383 3514 3432 mense,
3569 3363 3765 3436 inquit,

2169 3453 2322 3530 sexto
2353 3473 2554 3527 missus
2582 3476 2663 3524 est
2695 3465 2927 3538 angelus
2969 3459 3193 3517 Gabriel
3237 3473 3271 3514 a
3319 3459 3434 3512 Deo
3477 3455 3533 3510 in
3582 3453 3769 3508 civita-

2167 3573 2278 3620 tem
2310 3561 2550 3617 Galilaeae
2580 3557 2667 3613 cui
2697 3568 2897 3610 nomen
2927 3549 3220 3613 Nazareth,
3253 3546 3326 3602 ad
3359 3545 3626 3618 virginem
3668 3541 3770 3596 de-

2173 3669 2488 3734 sponsatam
2523 3657 2660 3724 viro,
2694 3654 2778 3709 cui
2810 3666 3008 3708 nomen
3051 3657 3168 3704 erat
3213 3645 3443 3716 Ioseph,
3493 3641 3561 3698 de
3609 3641 3770 3695 domo

2173 3752 2365 3809 David.
2391 3751 2459 3804 Et
2486 3761 2683 3802 nomen
2713 3740 2946 3813 virginis
2991 3737 3176 3794 Maria.
3228 3735 3299 3790 Et
3347 3735 3632 3806 ingressus
3679 3743 3772 3783 an-

2176 3843 2334 3916 gelus
2364 3838 2433 3893 ad
2461 3851 2579 3892 eam
2610 3831 2741 3888 dixit
2777 3849 2790 3884 :
2845 3832 2980 3898 Ave,
3031 3824 3209 3899 gratia
3255 3823 3438 3896 plena,
3500 3819 3767 3876 Dominus

2177 3914 2377 4006 tecum,
2419 3961 2440 3984 η
2477 3943 2582 3990 etc.
2616 3934 2768 4003 (Luc.
2801 3930 2878 3999 ι.)
2909 3925 3180 3981 Nimirum
3207 3923 3352 3978 enim
3383 3934 3556 3991 usque
3601 3916 3670 3972 ad
3718 3914 3772 3968 id

2180 4026 2558 4102 genealogiam
2589 4019 2808 4076 deduxit
2838 4025 2894 4072 ut
2936 4015 3144 4071 diceret
3187 4011 3394 4081 Ioseph
3440 4010 3615 4064 virum
3657 4005 3774 4059 Ma-

2183 4094 2294 4186 riae,
2329 4117 2396 4169 de
2424 4094 2534 4186 qua
2563 4119 2721 4166 natus
2751 4116 2835 4162 est
2869 4107 3050 4170 Iesus,
3083 4101 3176 4176 qui
3229 4107 3454 4155 vocatur
3497 4094 3766 4151 Christus.

2183 4218 2255 4273 Et
2283 4215 2407 4271 ideo
2436 4219 2758 4282 conceptum
2809 4206 2934 4277 ejus
2969 4217 3132 4276 quem
3169 4196 3576 4255 transcenderat
3621 4194 3776 4248 Lucae

2185 4304 2520 4363 narrandum
2552 4297 2794 4368 reliquit.
2839 4319 2860 4342 «
2897 4296 2958 4347 In
3005 4300 3188 4346 utero.
3233 4287 3422 4342 n-Non
3461 4285 3520 4338 in
3563 4291 3774 4337 uterum

2188 4394 2489 4464 accipiens,
2523 4390 2576 4443 id
2608 4395 2692 4443 est
2721 4401 2828 4440 non
2857 4381 3076 4438 aliunde
3097 4383 3400 4449 acceptum,
3436 4373 3534 4428 sed
3557 4371 3777 4426 interius

2191 4493 2442 4548 veniente
2469 4486 2675 4558 Spiritu
2707 4492 2896 4538 sancto
2915 4479 3256 4538 habitum,ut
3277 4472 3416 4529 illud
3443 4489 3456 4526 :
3505 4495 3528 4518 ει
3567 4469 3778 4524 Femina

2189 4577 2550 4644 circumdabit
2566 4575 2738 4629 virum
2756 4573 2892 4644 (Jcr.
2913 4570 3014 4637 ut).
3045 4592 3066 4616 ιν
3101 4597 3168 4607 —
3191 4565 3274 4620 De
3295 4561 3496 4634 Spiritu
3520 4566 3725 4613 sancto.
3753 4580 3773 4604 υ

2191 4669 2466 4744 Quaeritur
2494 4663 2538 4720 si
2568 4663 2783 4718 inventa
2805 4657 3057 4728 anseph
3083 4655 3292 4710 habens
3313 4651 3383 4706 de
3423 4647 3620 4722 spiritu
3649 4661 3778 4701 san-

2191 4780 2299 4836 eto,
2328 4783 2426 4824 cur
2459 4761 2734 4818 dimittere
2763 4773 2883 4812 eam
2913 4754 3101 4810 voluit.
3131 4750 3283 4816 Ideo,
3317 4747 3446 4820 quia
3473 4761 3574 4801 nec
3617 4751 3778 4798 totum

2193 4833 2366 4924 scivit,
2399 4871 2502 4910 nec
2537 4860 2706 4907 totum
2752 4845 3040 4916 ignoravit.
3091 4842 3336 4897 Noverat
3377 4837 3432 4892 in
3481 4842 3634 4890 utero
3679 4833 3778 4888 ha-

2192 4920 2431 5008 bentem,
2464 4957 2572 4997 non
2603 4941 2672 4995 de
2703 4935 2902 4994 carnali
2935 4930 3248 4995 concubitu,
3282 4925 3378 4982 sed
3411 4925 3479 4980 de
3523 4920 3779 4994 spirituali

2193 5045 2420 5100 virtute.
2459 5041 2541 5094 De
2573 5052 2678 5108 quo
2707 5048 2841 5087 vero
2871 5027 3194 5099 conceperit
3213 5021 3504 5098 ignorabat
3528 5037 3542 5074 :
3565 5017 3708 5088 quod
3733 5015 3779 5071 ei

2195 5133 2435 5203 aperitur
2466 5125 2620 5200 quasi
2650 5118 2934 5189 nescienti,
2967 5119 3097 5172 dum
3143 5113 3412 5170 inducitur
3455 5110 3524 5164 de
3567 5114 3772 5162 sancto.

2191 5222 2263 5278 Et
2293 5219 2528 5290 reliqua.

2268 5339 2405 5390 Item
2440 5329 2699 5404 qumritur
2755 5341 2854 5383 cur
2907 5322 3187 5378 Mattlireus
3242 5312 3587 5386 anticipavit,
3649 5307 3785 5381 quod

2201 5443 2332 5481 mox
2367 5399 2602 5492 angelus
2631 5425 2744 5472 erat
2778 5416 3048 5470 dicturus.
3097 5411 3213 5464 Hoc
3243 5405 3500 5462 nimirum
3549 5399 3672 5455 fecit
3693 5413 3789 5468 pro

2200 5520 2463 5595 spirituali
2495 5517 2740 5581 fervore,
2772 5523 2824 5566 et
2855 5527 2921 5565 ne
2952 5505 3174 5564 lectoris
3205 5504 3417 5558 animus
3451 5496 3788 5572 paucissimis

2198 5593 2323 5678 licet
2351 5617 2509 5674 lineis
2539 5615 2812 5669 dubitaret
2844 5617 2895 5664 et
2925 5617 2978 5662 ut
3013 5613 3065 5660 in
3097 5621 3192 5660 ore
3233 5603 3465 5657 duorum
3510 5597 3597 5653 vel
3643 5593 3787 5649 trium

2200 5719 2414 5776 testium
2448 5723 2552 5770 stet
2574 5727 2736 5768 omne
2751 5708 2974 5764 verbum
2997 5703 3186 5777 (Deut.
3231 5699 3400 5768 xvut).
3440 5720 3462 5746 κ
3485 5694 3688 5765 Ioseph
3715 5691 3790 5747 vir

2201 5818 2351 5888 ejus.
2398 5837 2418 5858 ο
2457 5813 2514 5868 in
2545 5811 2825 5881 Scriptura
2857 5819 3073 5876 sponsa:
3105 5816 3323 5865 uxores,
3374 5805 3428 5852 et
3468 5792 3652 5866 sponsi
3691 5789 3785 5846 viri

2200 5887 2293 5972 vel
2344 5911 2531 5968 mariti
2571 5909 2850 5966 dicuntur.
2905 5927 2926 5952 ‹‹
2972 5901 3106 5958 Cum
3155 5905 3304 5957 esset
3344 5897 3554 5967 justus.
3605 5915 3618 5942 ι
3668 5887 3791 5944 Cttm
