3924 6434
216 405 303 461 res
1269 425 1858 483 unrwnarxosus
1900 429 2005 486 ss.
2050 432 2348 489 ramum.
2382 467 2448 477 -
2486 438 2608 494 LIB.
2650 444 2689 495 ι.
3485 446 3587 515 πο

222 531 425 590 conscii
473 538 827 599 criminum
880 546 1105 601 obnoxii
1161 546 1270 605 sint
1324 557 1549 620 peccato
1595 551 1772 620 (Rom.
1819 554 1877 622 ι),
1914 559 1966 615 Α
1996 567 2298 611 cessuram.
2331 558 2645 631 Aliquando
2668 563 2999 639 imaginibus
3027 575 3209 630 cordis
3241 578 3594 639 oculisosten-

228 635 318 677 cur
366 624 627 700 Ioseph,
700 647 843 688 cum
903 634 1135 690 crimine
1185 636 1338 700 zelet,
1386 638 1565 706 justus
1606 648 1834 695 vocatur
1855 643 1883 694 ‘2

238 712 385 782 Ideo,
442 724 508 771 ut
552 716 854 776 idoneum
913 723 1032 792 ejus
1083 724 1451 779 testimonium
1506 728 1878 783 commendet.

246 802 376 859 inde
403 803 716 878 plerisque
779 810 1127 881 exemplariis
1182 812 1443 868 additur:
1481 837 1501 861 ι
1542 814 1674 869 Cum
1719 816 1881 872 homo

254 901 402 949 esset
452 896 670 964 justus,
708 921 733 944 π
798 907 861 952 ut
916 888 1167 955 ostendat
1230 901 1529 957 secundum
1589 904 1881 958 humanam

1991 661 2091 726 sis,
2130 663 2273 717 sicut
2330 666 2507 721 Jacob
2560 668 2855 729 demissam
2905 693 2936 731 e
2976 679 3116 735 (εαξΙο
3176 685 3374 740 scalam
3424 689 3582 758 (Gen.

1990 760 2160 827 xvm),
2221 767 2274 815 et
2340 762 2529 819 Petrus
2586 783 2684 821 vas
2732 770 2954 840 plenum
3011 778 3376 837 animantibus
3405 784 3459 839 in
3489 802 3584 843 ex-

1988 846 2122 900 stasi
2154 847 2363 904 viderat
2394 853 2548 940 (.4ct.
2588 858 2671 925 χ).
2734 859 3044 931 Aliquando
3104 867 3439 940 imaginibus
3466 883 3591 932 ante

252 991 520 1060 justitiam
552 994 774 1066 Ioseph
797 995 1012 1064 justum
1071 995 1263 1069 fuisse,
1304 998 1428 1071 quia
1472 1002 1879 1071 comparatione

253 1080 496 1149 justitiae
548 1082 661 1137 Dei
705 1099 809 1154 pro
849 1084 1020 1140 nihilo
1069 1085 1301 1141 ducitur.
1352 1088 1419 1141 Et
1450 1087 1574 1143 ideo
1604 1095 1753 1145 recte
1785 1105 1878 1144 se-

261 1171 448 1242 quitur
481 1187 495 1223 :
535 1193 558 1217 α
593 1171 787 1227 Nollet
809 1187 953 1228 eam.
992 1197 1012 1219 η
1046 1175 1170 1229 Non
1222 1175 1396 1230 solum
1438 1176 1598 1242 celat,
1640 1177 1735 1232 sed
1775 1193 1877 1234 nec

259 1260 427 1315 audet
456 1258 789 1333 contingere
820 1261 1086 1332 templum
1114 1263 1384 1320 Dominici
1414 1265 1681 1336 corporis.
1712 1268 1875 1322 Recte

249 1355 462 1424 justus,
510 1356 742 1425 iustitia
789 1358 1051 1428 templum
1090 1375 1199 1415 non
1246 1362 1562 1433 corrumpit.
1600 1386 1621 1408 «
1668 1363 1877 1417 Tradu-

254 1460 416 1500 cere.
459 1467 481 1491 η
519 1451 601 1499 Ac
632 1443 679 1498 si
713 1444 925 1500 diceret
953 1464 966 1500 :
996 1447 1177 1502 Nollet
1193 1447 1396 1504 ducere
1414 1465 1689 1519 sponsam,
1711 1466 1874 1522 quam

254 1531 594 1603 suspicatus
626 1540 712 1587 est
744 1548 869 1589 esse
895 1534 1224 1602 adulteram,
1269 1544 1326 1590 ut
1374 1537 1485 1604 alii,
1536 1538 1651 1593 sive
1683 1540 1872 1593 tradu-

253 1643 407 1684 cere
434 1629 502 1684 ad
534 1645 755 1700 pcenam
788 1647 950 1701 quam
979 1632 1188 1687 sciebat
1233 1650 1347 1688 non
1384 1634 1454 1688 ab
1485 1634 1705 1689 homine
1736 1651 1872 1691 con-

245 1717 507 1787 cepisse.
539 1718 919 1773 Traductionis
962 1720 1105 1775 enim
1156 1721 1374 1776 verbum
1407 1723 1606 1793 saepius
1646 1724 1700 1777 in
1730 1724 1873 1780 mala

249 1822 434 1877 quam
464 1805 520 1859 in
553 1806 701 1860 bona
725 1815 883 1877 parte
909 1807 1211 1863 invenitur.
1264 1808 1422 1878 Quod
1452 1811 1616 1866 etiam
1647 1810 1873 1868 Grazcus

247 1910 379 1950 non
410 1894 655 1950 absurde
686 1910 874 1951 sermo
899 1896 1186 1968 significat,
1237 1898 1544 1969 vapardeir,
1575 1900 1865 1971 mathysai,
1900 1907 1952 1967 Β
1981 1922 2236 1977 cordibus
2292 1894 2498 1981 εεοτεξδ
2554 1947 2589 1999 ρ

249 1992 316 2047 id
351 1998 449 2048 est
471 1992 783 2063 propalare,
818 1993 964 2065 quod
995 2003 1080 2049 est
1109 1994 1291 2066 palam
1320 1994 1506 2052 facere
1538 2005 1590 2052 et
1619 1998 1875 2054 omnibus

246 2089 460 2136 notum
495 2079 685 2137 facere
735 2090 1085 2154 conceptum.
1130 2107 1152 2131 α
1189 2082 1432 2140 Occulte.
1470 2105 1493 2135 ι
1524 2086 1607 2141 Ne
1644 2094 1739 2141 aut
1766 2103 1874 2157 pu-

250 2168 416 2225 blice
444 2168 673 2224 dimissa
703 2185 873 2225 uxore
902 2186 1019 2237 sua,
1054 2170 1217 2226 alieni
1266 2171 1441 2228 coitus
1472 2183 1682 2228 reatum
1714 2191 1877 2246 super

250 2267 721 2337 eaminduceret,
764 2276 857 2323 aut
901 2269 1115 2325 detenta
1162 2269 1402 2342 seipsum
1435 2271 1589 2342 quasi
1618 2271 1875 2327 adulterii

252 2356 558 2411 conscium
590 2372 745 2412 reum
806 2357 1186 2413 constitueret.
1221 2382 1242 2406 α
1279 2359 1583 2425 Dimittere,
1626 2384 1646 2407 »ι
1680 2360 1734 2414 id
1792 2369 1875 2415 est

254 2459 505 2499 uxorem
534 2459 649 2499 non
683 2444 908 2511 ducere,
941 2446 1055 2501 sive
1085 2461 1118 2501 a
1146 2463 1306 2517 poena
1336 2447 1586 2503 adulterii
1616 2449 1875 2503 innocen-

266 2539 395 2587 tem
434 2532 703 2589 liberare.
752 2534 898 2589 Ecce
951 2534 1127 2589 Adam
1186 2535 1430 2590 cmlestis
1486 2552 1623 2592 nova
1654 2538 1878 2607 Opponit

258 2620 577 2677 veteribus.
615 2621 791 2677 Priori
821 2622 939 2677 vice
968 2638 1033 2678 ex
1054 2622 1171 2678 solo
1201 2624 1326 2679 viro
1381 2623 1581 2679 femina
1610 2624 1750 2680 facta
1796 2632 1878 2680 est

263 2718 405 2774 sine
433 2723 638 2774 matre.
680 2717 938 2774 Secunda
966 2735 1097 2775 vero
1126 2720 1209 2775 vir
1231 2736 1297 2775 ex
1328 2721 1446 2776 sola
1469 2721 1689 2777 muliere
1717 2730 1876 2778 natus

262 2815 358 2862 est
388 2806 509 2862 sine
540 2806 754 2863 carnali
784 2814 955 2877 patre.
995 2808 1075 2861 Ex
1132 2807 1349 2863 feminis
1397 2808 1581 2865 decuit
1609 2824 1756 2865 nova
1786 2827 1877 2866 re-

259 2895 538 2965 demptio,
570 2909 598 2948 a
630 2894 831 2966 quibus
878 2895 1164 2966 praecessit
1192 2896 1416 2968 antiqua
1464 2898 1868 2967 praevaricatio.

257 2984 550 3039 Terrenus
581 2982 762 3038 Adam
820 2982 888 3038 de
940 2983 1256 3055 incorrupta
1284 2992 1437 3039 terra
1463 2986 1729 3041 formatus
1772 2995 1871 3042 est.

261 3070 562 3126 Secundus
583 3070 759 3125 Adam
788 3068 862 3125 de
891 3069 1207 3142 incorrupta
1242 3078 1295 3127 et
1325 3071 1670 3128 immaculata
1712 3085 1876 3130 carne

257 3164 505 3238 virginis
536 3165 738 3221 Mariae.

1988 948 2284 1006 corporeus
2312 938 2501 995 oeulos
2531 958 2595 996 ex
2625 960 2753 1001 aere
2801 953 3115 1021 assumptis,
3149 938 3283 1012 sicut
3312 962 3590 1019 Abraham

1987 1037 2095 1077 non
2122 1024 2298 1079 solum
2326 1027 2476 1093 vidit,
2510 1032 2607 1086 sed
2644 1041 2694 1088 et
2725 1034 2779 1088 in
2813 1038 3033 1094 domum
3088 1047 3315 1115 accepit,
3350 1058 3402 1102 et
3440 1050 3589 1107 insu-

1986 1127 2087 1181 per
2142 1114 2303 1167 etiam
2350 1116 2498 1184 pavit
2556 1120 2848 1191 aliquando
2905 1114 3235 1187 coelestibus
3275 1138 3587 1196 substantiis

1986 1201 2145 1267 (Gen.
2180 1202 2339 1269 xvm)
2372 1224 2390 1269 ;
2424 1205 2559 1259 sicut
2593 1208 2859 1279 baptizata
2893 1214 3124 1274 Domino
3154 1238 3257 1277 vox
3287 1226 3473 1280 sonuit
3499 1228 3586 1283 di-

1984 1309 2149 1350 cens:
2189 1320 2209 1343 «
2246 1299 2345 1355 llic
2366 1311 2448 1354 est
2470 1301 2634 1357 Filius
2657 1322 2813 1362 meus
2839 1311 3061 1379 (Matth.
3088 1316 3192 1376 In).
3222 1340 3244 1364 ι
3278 1319 3588 1392 Aliquando

1983 1394 2221 1449 torreuis
2249 1404 2303 1451 et
2331 1399 2646 1456 coelestibus
2676 1405 2819 1459 sicut
2848 1423 3031 1464 coram
3082 1413 3267 1484 Moyse
3295 1412 3349 1470 in
3395 1429 3587 1478 monte

1982 1479 2166 1552 ignem
2195 1485 2497 1558 rubumque
2524 1490 2751 1546 sociavit
2780 1496 2980 1565 (Exod.
3016 1501 3118 1567 ,n),
3168 1479 3481 1573 significans
3525 1527 3589 1567 se

1981 1568 2258 1626 doctorem
2290 1576 2481 1645 populi
2511 1576 2648 1643 fore,
2682 1582 2776 1652 qui
2807 1584 2946 1657 legis
2976 1568 3250 1645 ﬂammam
3280 1594 3582 1668 acciperet,

1982 1666 2034 1711 et
2064 1662 2242 1714 tamen
2273 1664 2484 1731 peccati
2517 1666 2729 1736 spinam
2761 1687 2870 1725 non
2903 1674 3261 1748 relinqueret,
3291 1662 3416 1737 sive—
3436 1662 3582 1755 quod

1983 1759 2059 1800 ex
2089 1745 2186 1801 illo
2215 1749 2414 1819 populo
2453 1752 2650 1820 exiret,
2684 1756 2774 1827 qui
2824 1758 3008 1830 ignem
3062 1745 3359 1823 divinitatis
3385 1745 3582 1828 in.hu-

1982 1848 2163 1888 manu:
2191 1845 2397 1893 naturae
2419 1840 2605 1909 spinas
2634 1846 2973 1915 imponeret.
3007 1851 3306 1924 Aliquando
3328 1858 3584 1917 humanis

2594 1932 2873 1989 oenitentia
2931 1936 3175 2010 inspirat,
3211 1952 3271 1998 ut
3298 1946 3585 2006 Zacharias

1983 2008 2062 2063 ait
2093 2029 2103 2064 :
2144 2033 2167 2058 ε
2200 2012 2267 2066 Et
2294 2013 2426 2069 dixit
2455 2017 2590 2072 mihi
2647 2022 2878 2092 angelus
2926 2008 3373 2101 qui‘loquebatur
3410 2036 3465 2091 in
3494 2055 3582 2095 me

1984 2106 2187 2203 (Stich.
2216 2108 2291 2203 nn)
2315 2151 2327 2165 .
2362 2133 2385 2203 ξ
2422 2113 2553 2166 Cum
2588 2132 2720 2171 vero
2737 2118 2825 2175 hic
2845 2121 3008 2177 beato
3033 2124 3234 2197 Joseph
3264 2134 3588 2203 apparuisse

1984 2192 2183 2248 dicitur
2213 2196 2461 2269 imagine
2513 2204 2663 2257 cordi
2717 2218 2936 2263 ostensa
2980 2192 3258 2282 apparuit.
3297 2192 3582 2293 ;.Joseph,

1983 2279 2056 2371 ﬁli
2091 2282 2282 2371 David.
2319 2310 2340 2333 η
2376 2287 2711 2347 Blandientis
2746 2294 2943 2351 aﬂ'ectu
2975 2279 3213 2371 loquitur
3241 2315 3427 2363 notum
3458 2279 3583 2367 eum

1984 2370 2299 2441 signiﬁcans
2331 2383 2389 2429 et
2415 2375 2758 2449 familiarem,
2792 2385 2949 2454 cujus
2979 2370 3178 2445 nomen
3207 2402 3264 2448 et
3292 2413 3466 2468 genus
3486 2400 3589 2456 de-

1984 2459 2248 2530 signatur.
2282 2463 2420 2521 Hinc
2449 2478 2673 2538 apparet
2703 2474 2842 2543 quod
2895 2490 2967 2530 ex
3041 2480 3232 2535 eadem
3265 2459 3403 2540 trvibu
3431 2496 3588 2545 erant

1983 2547 2185 2643 Joseph
2206 2558 2259 2605 et
2308 2554 2505 2611 Maria.
2544 2557 2703 2613 Juxta
2733 2560 2867 2617 illud
2897 2583 2915 2618 :
2948 2588 2968 2612 α
3031 2567 3210 2624 Nemo
3254 2574 3541 2643 copuletur
3570 2595 3585 2632 :

1983 2636 2087 2691 nisi
2111 2637 2185 2730 de
2215 2640 2356 2695 tribu
2387 2658 2484 2699 sua
2514 2646 2713 2715 (Exod.
2773 2652 2952 2722 xxvi).
2996 2677 3017 2701 ι»
3054 2658 3118 2710 In
3153 2675 3258 2730 quo
3288 2636 3586 2721 notandum

1985 2725 2130 2795 quod
2159 2743 2266 2783 non
2298 2736 2403 2785 tam
2436 2748 2600 2789 carne
2630 2753 2792 2807 quam
2826 2740 3020 2809 spiritu
3053 2725 3225 2801 tilium
3255 2747 3434 2807 David
3463 2770 3586 2810 eum

1984 2820 2137 2886 dixit,
2169 2831 2226 2877 ut
2248 2826 2451 2894 justum
2472 2830 2654 2887 virum
2683 2850 2747 2889 ex
2778 2853 2984 2908 genere
3044 2841 3177 2910 justi
3226 2859 3588 2922 propagatum

1982 2916 2086 2973 hoc
2116 2922 2381 2979 meruisse
2412 2925 2749 2986 declararet.
2794 2956 2816 2981 α
2870 2935 2999 2990 Noli
3045 2938 3263 3007 timere,
3302 2916 3588 3015 uﬁapparet

1984 3006 2127 3076 quod
2158 3024 2324 3064 causa
2357 3013 2573 3071 timoris
2621 3023 2933 3088 apparuerit
2961 3006 3255 3084 dimittere
3282 3006 3443 3098 eam,-
3461 3035 3587 3107 quia

1984 3093 2491 3192 timebatproﬁteri
2553 3106 2795 3176 speciale
2853 3112 3186 3185 conjugium.
3251 3118 3385 3175 Vide
3418 3093 3586 3192 quod

1983 3188 2135 3238 metu
2171 3184 2261 3241 ille
2293 3203 2400 3243 non
2444 3190 2513 3245 sit
2566 3196 2859 3262 coercitus,
2919 3184 3039 3269 quoi
3081 3205 3333 3275 accipere
3362 3184 3584 3266 uxorem

346 3275 371 3305 ι
414 3254 545 3309 Haec
568 3258 751 3310 autem
772 3269 842 3310 eo
870 3255 1165 3328 cogitante,
1192 3272 1319 3314 ecce
1339 3258 1569 3330 angelus
1593 3259 1827 3363 Domini.
1848 3281 1869 3309 »
1904 3281 1954 3345 C
1983 3272 2287 3341 prohibitus
2322 3285 2423 3344 est,
2459 3279 2554 3334 sed
2580 3281 2807 3351 jubetur
2836 3254 2904 3341 ne
2934 3254 3587 3363 adrsuain‘rpmnitentiam

256 3344 420 3399 Bono
449 3342 571 3398 viro
599 3351 651 3399 et
672 3343 845 3414 justo,
906 3344 1048 3399 bona
1076 3352 1129 3401 et
1152 3346 1301 3415 justa
1358 3347 1641 3420 cogitanti,
1697 3348 1875 3403 bonus

258 3440 320 3486 et
340 3432 525 3500 justus
554 3431 809 3504 apparuit
854 3432 1102 3488 nuntius.
1171 3433 1301 3490 Ideo
1314 3451 1418 3508 que
1451 3435 1668 3491 additur
1700 3459 1722 3481 «
1758 3436 1875 3491 Do-

256 3527 402 3583 mini
438 3551 461 3575 »
496 3527 565 3583 ad
605 3527 1018 3583 distinctionem
1076 3534 1459 3601 apostatarum
1517 3526 1865 3604 angelorum.

257 3615 429 3671 Hunc
457 3614 724 3687 angelum
756 3614 1069 3672 Gabrielem
1096 3617 1249 3673 multi
1278 3626 1494 3690 putant,
1523 3621 1681 3689 juxta
1716 3622 1875 3676 Lucae

261 3702 497 3760 ﬁdelem
541 3703 938 3771 narrationem,
1010 3721 1120 3761 non
1180 3706 1304 3778 quia
1358 3707 1476 3778 ipse
1533 3707 1600 3762 sit
1654 3708 1875 3763 nuntius

254 3791 562 3847 nativitatis
624 3791 887 3856 omnium,
964 3793 1094 3865 quia
1157 3793 1543 3865 interpretatur
1616 3795 1874 3852 fortitudo

261 3881 411 3949 Dei;
444 3888 500 3937 et
527 3880 762 3937 victoria
790 3880 1060 3937 bellorum
1108 3890 1192 3937 est
1221 3882 1270 3938 ei
1301 3884 1618 3940 commissa.
1654 3885 1719 3938 Et
1750 3885 1873 3940 ideo

262 3978 325 4033 in
356 3978 649 4033 nativitate
667 3977 891 4033 Joannis
944 3987 997 4034 et
1052 3979 1253 4035 Christi
1300 3982 1369 4036 ad
1425 3981 1749 4037 vincendum
1776 3982 1875 4036 ini-

266 4066 481 4124 micum
503 4066 839 4122 venientium
870 4076 1016 4124 recte
1050 4068 1300 4125 mittitur.
1345 4070 1513 4126 Recte
1543 4071 1612 4127 de
1641 4069 1873 4126 Domino

265 4179 497 4235 quoque
527 4163 793 4235 cogitanti
851 4172 1161 4236 opportuna
1215 4167 1500 4222 adhibetur
1545 4168 1870 4233 consolatio,

266 4261 417 4317 sicut
445 4268 501 4316 et
556 4260 771 4316 duobus
817 4259 873 4315 in
918 4261 1002 4316 via
1060 4262 1475 4319 ambulantibus
1505 4273 1756 4321 ostensus
1794 4276 1876 4321 est

266 4360 530 4415 Christus
560 4358 719 4431 (Luc.
754 4360 922 4428 xxiv).
948 4380 970 4411 ε
1000 4358 1058 4414 ln
1086 4360 1293 4415 somnis
1314 4362 1585 4432 apparuit.
1623 4387 1645 4412 η
1682 4365 1875 4419 Sermo

260 4453 577 4527 apparendi
605 4453 885 4510 insolitam
914 4472 1029 4510 rem
1050 4455 1349 4528 signiﬁcat.
1407 4459 1632 4514 Duobus
1688 4460 1871 4514 modis

264 4551 479 4608 locutio
509 4550 690 4606 divina
717 4550 1086 4625 distinguitur,
1121 4561 1214 4608 aut
1240 4570 1342 4625 per
1393 4555 1637 4626 angelos
1659 4564 1750 4610 aut
1775 4572 1876 4627 per

1984 3357 2135 3414 illam
2166 3362 2425 3435 accipere
2456 3377 2744 3438 paveséat.
2781 3373 2935 3429 Prius
2971 3376 3134 3432 timor
3183 3357 3498 3451 espellitur,
3530 3394 3589 3441 ut

1982 3453 2534 3553 libentius_d_icenda
2590 3476 2781 3537 postea
2838 3472 3148 3529 audiantur.
3194 3501 3216 3526 α
3277 3479 3585 3553 Conjugem

1984 3549 2153 3602 tuam.
2188 3569 2211 3594 »ι
2247 3548 2397 3606 Solet
2418 3553 2688 3625 scriptura
2719 3574 2956 3629 sponsas
2979 3564 3248 3636 conjuges
3272 3567 3362 3623 vel
3383 3548 3586 3627 uxores

1982 3655 2198 3698 vocare.
2232 3644 2362 3700 Sive
2418 3647 2541 3705 ideo
2588 3652 2757 3708 Maria
2811 3657 3007 3725 coujux
3065 3660 3286 3729 dicitur,
3321 3664 3447 3735 quia
3477 3667 3586 3722 sub

1982 3729 2176 3785 eodem
2199 3733 2335 3804 jugo
2361 3735 2631 3793 educandi
2664 3740 2999 3799 salvatorem
3037 3756 3182 3803 erat.
3226 3771 3249 3800 κ
3286 3729 3467 3821 Quod,
3498 3755 3587 3810 in-

1981 3820 2118 3889 quit,
2149 3829 2359 3889 natum,
2402 3849 2423 3872 u
2473 3842 2580 3883 non
2613 3830 2950 3889 extrinsecus
2988 3844 3071 3890 est
3101 3820 3461 3912 semiustum,
3486 3844 3584 3899 sed

1982 3905 2051 3961 de
2082 3909 2285 3979 Spiritu
2314 3922 2529 3969 sancto.
2571 3917 2672 3974 ilic
2728 3921 2962 3976 solvitur
3020 3927 3167 3996 quod
3196 3929 3401 4000 Joseph
3438 3905 3586 3988 scie-

1983 4002 2072 4091 rit,
2132 4006 2263 4075 quid
2308 4008 2657 4080 iguoraverit.
2715 4018 3142 4091 (AUGUSTINUS.)
3202 4023 3309 4079 Sed
3364 4040 3473 4081 non
3506 4029 3581 4083 ob

1981 4090 2088 4180 hoc
2136 4095 2365 4165 Spiritus
2425 4108 2581 4169 pater
2646 4104 2845 4159 Christi
2903 4090 3309 4169 existimandus
3360 4123 3462 4180 est,
3523 4124 3584 4171 ut

1983 4178 2133 4235 Deus
2153 4182 2313 4238 Pater
2328 4186 2568 4243 Verbum
2583 4193 2855 4263 genuerit;
2874 4194 3111 4265 Spiritus
3132 4216 3265 4257 vero
3279 4178 3556 4260 hominem
3569 4246 3583 4261 .

1984 4275 2091 4331 Sed
2122 4279 2249 4349 quia
2278 4280 2396 4352 ejus
2440 4285 2743 4345 ministerio
2800 4290 2990 4347 civitas
3036 4294 3241 4351 Christi
3286 4298 3586 4372 adimpleta

1983 4364 2075 4419 sit.
2121 4390 2142 4412 η
2180 4368 2360 4425 Pariet
2388 4382 2571 4429 autem
2600 4375 2792 4432 tilium.
2840 4401 2862 4427 ιι
2926 4382 3131 4439 Parere
3187 4393 3369 4442 tamen
3418 4364 3585 4452 faciet,

1983 4463 2101 4521 sine
2128 4468 2321 4526 dolore
2367 4473 2633 4544 pariendi,
2684 4477 2825 4535 sicut
2883 4482 3003 4538 sine
3044 4488 3260 4554 peccati
3309 4488 3586 4545 voluntate

1982 4552 2087 4609 fuit
2132 4570 2457 4631 conceptus.
2521 4564 2609 4619 Sic
2665 4552 3058 4626 monstrantur
3097 4583 3330 4644 quatuor
3377 4577 3586 4633 incerta

268 4647 652 4719 semetipsum.
686 4647 796 4703 Sed
828 4664 950 4705 cum
998 4665 1096 4720 per
1152 4650 1505 4722 semetipsum
1536 4653 1654 4707 sola
1684 4652 1868 4723 inspi-
1897 4636 1951 4698 D
1984 4652 2422 4730 uniuscujusque
2451 4666 2736 4720 nascentis
2770 4686 2781 4720 :
2819 4688 2841 4718 κ
2894 4668 3000 4736 Qui
3054 4672 3229 4741 pariet
3275 4673 3465 4741 filium,
3492 4676 3585 4748 qui

270 4746 494 4802 ratione
518 4744 729 4801 interna
756 4745 877 4801 sine
912 4745 1098 4802 verbis
1128 4754 1182 4802 et
1211 4746 1438 4818 syllabis
1493 4764 1591 4804 cor
1630 4748 1882 4815 docetur,

270 4842 402 4914 quia
457 4842 702 4898 auditum
759 4841 953 4912 aperit,
1014 4850 1069 4897 et
1126 4843 1334 4900 habere
1390 4844 1626 4900 sonitum
1675 4847 1875 4900 nescit.

275 4941 429 4996 Sicut
461 4940 687 5011 Spiritus
721 4939 969 5011 Philippo
1010 4939 1177 4996 dixit:
1212 4965 1233 4989 α
1270 4942 1443 5015 Junge
1474 4951 1525 4999 te
1554 4944 1622 4999 ad
1654 4959 1881 4999 currum

1991 4744 2272 4799 vocabitur
2297 4747 2482 4815 Jesus,
2514 4751 2605 4822 qui
2662 4752 2875 4809 salvum
2910 4756 3069 4812 faciet
3110 4760 3369 4831 populum
3394 4744 3577 4833 suum,

1986 4844 2046 4927 et
2074 4840 2318 4907 vocabis,
2351 4851 2463 4900 etc.
2507 4868 2530 4893 η
2564 4846 2612 4903 Ο
2656 4848 2883 4935 Joseph,
2936 4852 3159 4909 vocibus
3189 4859 3579 4926 prophetarum

1990 4948 2103 4988 non
2132 4938 2500 4995 contradicas.
2530 4942 2849 5000 Notandum
2888 4948 3033 5018 quod
3087 4950 3238 5018 juxta
3268 4953 3581 5012 Matthaeum

1988 5032 2057 5086 ad
2084 5032 2312 5106 Joseph,
2346 5037 2495 5105 juxta
2523 5040 2719 5096 Lucam
2777 5044 2849 5098 ad
2904 5044 3125 5100 Mariam
3158 5063 3354 5105 vocare
3383 5067 3583 5110 nomen

1987 5131 2143 5199 pueri
2178 5132 2500 5202 praedictum
2529 5136 2616 5205 sit,
2651 5138 2777 5209 quia
2803 5140 2962 5195 Jesus
2989 5141 3061 5197 ad
3105 5144 3343 5202 salutem
3373 5149 3582 5205 utrius-

1988 5243 2094 5297 que
2125 5245 2286 5285 sexus
2316 5232 2482 5289 venit.
2512 5234 2706 5290 Jesum
2737 5237 2980 5309 sequitur
3017 5243 3356 5316 etymologia
3394 5248 3578 5302 nomi-

1987 5323 2073 5379 nis
2101 5342 2224 5381 cum
2250 5328 2323 5382 ait
2354 5346 2367 5381 :
2405 5352 2428 5375 α
2480 5330 2603 5401 Ipse
2642 5332 2787 5388 enim
2846 5333 3062 5391 salvum
3120 5338 3282 5397 faciet
3317 5343 3582 5414 populum

1988 5437 2166 5480 suum.
2202 5444 2226 5475 ι
2260 5426 2402 5482 Vere
2430 5443 2562 5485 suus
2589 5430 2713 5502 quis
2744 5433 2862 5488 aliis
2891 5449 3016 5490 esse
3044 5438 3217 5507 possit
3244 5456 3274 5494 a
3304 5443 3574 5513 peccatis.

1987 5518 2187 5577 Contra
2214 5521 2432 5581 Iudaeos
2471 5508 2562 5597 qui
2608 5537 2795 5597 putant
2851 5532 3114 5602 populum
3165 5508 3353 5593 eorum
3382 5539 3451 5596 de
3489 5557 3583 5598 ca-

1982 5617 2342 5688 ptivitatibus,
2394 5636 2504 5677 non
2558 5624 2627 5680 de
2683 5627 2919 5697 peccatis
2974 5645 3076 5700 per
3123 5632 3389 5691 Christum
3446 5637 3586 5695 libe-

283 5037 449 5093 istum
480 5040 621 5107 (Act.
645 5038 796 5105 vni).
841 5060 863 5085 »ι
896 5038 1035 5097 Cum
1068 5054 1197 5094 vero
1225 5055 1326 5110 per
1353 5039 1613 5112 angelum
1652 5040 1736 5094 his
1768 5056 1884 5095 mo—

283 5134 388 5198 dis,
419 5133 718 5208 aliquando
745 5133 931 5189 verbis
966 5134 1084 5190 sine
1113 5134 1226 5190 ulla
1269 5135 1531 5207 imagine,
1561 5136 1700 5193 sicut
1728 5136 1884 5192 Chri-

286 5241 368 5288 sto
396 5233 599 5291 dicenti
633 5252 646 5287 :
689 5254 711 5278 α
747 5232 906 5287 Pater
933 5232 1177 5289 clariﬁca
1205 5232 1401 5288 Filium
1454 5242 1624 5300 tuum,
1662 5257 1684 5281 ιι
1717 5235 1883 5305 proti-

284 5349 383 5388 nus
428 5329 834 5403 respondetur:
872 5351 893 5377 α
955 5329 1286 5396 Clariﬁcavi,
1345 5340 1400 5387 et
1445 5331 1642 5388 iterum
1672 5332 1881 5387 clarifi-

281 5430 413 5487 cabo
440 5430 631 5501 (Joan.
665 5426 784 5496 xu).
819 5448 842 5475 ιι
874 5427 943 5482 Et
972 5427 1204 5500 reliqua.
1237 5427 1548 5500 Aliquando
1577 5428 1745 5484 rebus
1764 5428 1881 5484 sine

278 5528 476 5587 verbis.
503 5526 663 5583 Sicut
694 5523 948 5580 Ezechiel
992 5525 1199 5580 Electri
1249 5524 1488 5596 speciem
1522 5524 1654 5580 vidit
1682 5525 1736 5579 in
1763 5542 1879 5580 me-

273 5628 359 5685 dio
387 5623 542 5700 ignis
569 5618 801 5693 (Ezech.
834 5621 893 5689 ι),
924 5637 1026 5691 per
1044 5621 1187 5676 hanc
1217 5621 1423 5676 Christi
1452 5621 1879 5677 incarnationem

272 5724 584 5799 designans
612 5732 627 5786 ;
692 5713 979 5787 aliquando
1021 5717 1199 5774 verbis
1228 5724 1281 5772 et
1312 5718 1498 5784 rebus,
1539 5718 1677 5773 sicut
1704 5718 1878 5772 Adam
1984 5716 2237 5771 randum.
2269 5719 2416 5775 Nota
2445 5722 2590 5793 quod
2613 5723 2731 5792 ejus
2761 5733 2843 5781 est
2873 5726 3041 5796 salus,
3071 5738 3259 5788 nostra
3290 5749 3418 5791 vero
3457 5745 3588 5794 sunt

267 5820 734 5884 deambulantem
763 5816 1050 5870 Dominum
1078 5816 1134 5870 in
1160 5816 1413 5887 paradiso
1442 5825 1563 5887 post
1592 5814 1877 5870 meridiem
1982 5824 2235 5887 peccata.

263 5924 392 5987 vidit
420 5920 609 5993 (Gen.
645 5910 748 5983 ιιι),
781 5912 1097 5986 signiﬁcans
1143 5912 1321 5970 lucem
1350 5912 1593 5970 veritatis
1622 5928 1651 5966 a
1683 5928 1742 5967 se
1775 5926 1874 5967 re-
2747 5951 2816 5964 _
