3924 6420
448 332 549 396 771

1587 336 1938 405 WERNERI
1972 340 2264 404 ABBATIS
2300 346 2359 407 S.
2397 346 2622 411 BLASII

3635 377 3756 435 κίἿὲ

557 462 793 521 SERMO
859 463 954 519 DE
1014 462 1608 563 ΒιξξξρμξΑΤιοΝΕ
1679 465 1974 523 ΞΑΝΟΤΛΕ
2072 471 2128 538 Α
2157 470 2618 563 benedicerentur
2672 494 2866 538 omnes
2911 492 3132 555 gentes,
3187 487 3259 547 ita
3311 492 3752 563 prudentissima

1093 552 1349 608 MANE.

526 684 547 709 «ι
591 661 655 716 In
684 659 801 716 sole
829 658 1007 731 posuit
1033 659 1441 715 tabernaculum
1474 676 1653 726 suum,
1686 668 1741 717 et
1770 661 1888 734 ipse
1916 670 2046 718 tan-

451 764 615 821 quam
652 764 883 820 sponsus
931 747 1239 820 procedens
1294 748 1362 803 de
1416 748 1661 805 thalamo
1728 766 1830 806 suo
1861 749 2045 823 (Psal.

450 848 626 920 xviii).
665 871 687 897 ιι
722 849 831 903 Iste
862 862 1098 918 sponsus
1128 862 1253 903 cum
1275 847 1520 903 Verbum
1550 862 1680 905 caro
1714 847 1912 905 factum
1943 859 2047 917 est,

449 937 504 992 in
557 944 716 992 utero
772 934 1031 1009 virginali
1075 934 1374 991 thalamum
1430 936 1638 992 invenit
1689 946 1853 1012 atque
1893 937 2043 1011 inde,

446 1027 706 1081 humanae
762 1024 1089 1096 coniunctus
1148 1032 1377 1091 naturae,
1437 1031 1700 1099 tanquam
1747 1026 1820 1082 de
1848 1027 2048 1084 castis-

447 1116 584 1171 simo
632 1112 910 1187 processit
961 1112 1150 1181 cubili,
1208 1113 1431 1169 humilis
1482 1114 1864 1170 misericordia
1907 1115 2050 1173 infra

444 1229 634 1270 omnes
677 1209 836 1268 fortis
882 1211 1177 1281 majestate
1233 1226 1402 1284 supra
1458 1226 1674 1269 omnes.
1708 1212 1882 1282 Hujus
1923 1228 2051 1270 con-

436 1300 733 1372 iunctionis
794 1299 995 1356 Christi
1053 1308 1107 1356 et
1170 1300 1435 1355 Ecclesim
1498 1308 1903 1357 sacramentum
1964 1309 2049 1357 est

440 1390 755 1463 coniugium
813 1390 1130 1445 humanum.
1193 1388 1354 1458 Quod
1403 1389 1719 1461 coniugium
1780 1389 2052 1447 diﬂinitur

441 1495 565 1535 esse
621 1478 772 1535 solus
845 1494 1170 1546 consensus,
1231 1477 1300 1533 de
1354 1493 1589 1551 quorum
1661 1480 2047 1550 conjunctione

439 1568 647 1642 agitur.
712 1565 859 1623 Alibi
912 1568 1074 1622 etiam
1143 1566 1366 1623 dicitur.
1413 1590 1436 1615 α
1499 1567 1683 1624 Coitus
1746 1583 1860 1625 non
1914 1568 2047 1626 facit

436 1665 841 1721 matrimonium
872 1665 972 1721 sed
998 1662 1272 1722 voluntas.
1310 1688 1332 1713 ιι
1365 1665 1503 1722 Item
1537 1681 1551 1721 :
1589 1689 1610 1714 α
1653 1666 1778 1723 Non
1808 1664 2045 1722 deﬂora-

436 1754 511 1811 tio
536 1754 873 1829 virginitatis
920 1754 1052 1813 facit
1095 1753 1432 1828 coniugium,
1486 1752 1587 1811 sed
1636 1755 1816 1828 pactio
1840 1756 2040 1828 conju-

2157 559 2327 653 Yirgo
2355 564 2597 621 obedivit
2649 566 2766 628 Deo
2798 571 3011 643 iubenti
3064 592 3166 648 per
3212 559 3468 653 parentes
3523 601 3660 647 suos
3690 559 3749 647 ut

2159 648 2604 751 desponsa-retur,
2649 665 2703 713 et
2757 666 2945 717 tamen
3000 648 3302 724 certissime
3341 671 3587 742 credidit,
3621 675 3752 751 quia

2158 755 2259 810 per
2284 742 2687 814 providentiam
2718 746 2818 804 Dei
2847 751 3214 810 custodiretur
3256 756 3458 816 intacta
3495 760 3565 817 ab
3602 742 3755 826 omni

2157 827 2302 885 virili
2341 833 2739 923 commistione,
2799 837 2943 899 sicut
3000 849 3053 896 et
3105 843 3161 899 in
3211 843 3334 919 ipsa
3375 864 3432 904 re
3478 850 3752 923 completa

2157 926 2395 974 constat.
2457 922 2713 1013 Attamen
2768 942 2899 983 vere
2955 929 3155 1002 coniux
3203 932 3303 990 fuit
3346 946 3573 1013 propter
3604 922 3749 1001 con-

2157 1023 2379 1064 sensum
2422 1011 2725 1089 coniugalis
2767 1017 3066 1091 pactionis,
3119 1038 3230 1077 non
3264 1011 3490 1100 propter
3519 1044 3750 1089 consen-

2157 1122 2278 1161 sum
2317 1109 2552 1200 carnalis
2590 1112 3011 1184 coniunctionis.
3065 1118 3388 1195 Coniugium
3425 1126 3627 1200 quippe
3662 1138 3750 1191 est

2159 1208 2470 1254 consensus
2506 1197 2783 1276 legitimus
2824 1204 2894 1263 de
2928 1207 3317 1278 coniunctione
3355 1197 3584 1281 duarum
3616 1216 3748 1279 ido-

2155 1301 2380 1385 nearum
2417 1304 2793 1385 personarum,
2827 1294 2926 1350 sed
2964 1311 3074 1353 non
3111 1298 3180 1354 de
3217 1301 3598 1374 coniunctione
3623 1323 3747 1385 qua:

2155 1371 2215 1429 ﬁt
2252 1392 2354 1448 per
2385 1378 2618 1471 coitum,
2660 1381 2759 1436 sed
2788 1382 2858 1439 de
2887 1386 3270 1457 coniunctione
3302 1371 3426 1471 quae
3454 1392 3513 1453 ﬁt
3548 1395 3604 1451 in
3639 1371 3746 1454 de-

2156 1465 2527 1536 sponsatione.
2561 1469 2642 1525 Ex
2681 1471 2859 1542 prima
2916 1476 3124 1550 quippe
3170 1465 3606 1553 desponsationis
3634 1484 3745 1549 ﬁde

2153 1564 2418 1658 coniuges
2484 1566 2847 1641 appellantur.
2888 1571 3332 1652 (AUGUSTINUS).
3374 1578 3583 1653 Quibus
3625 1584 3748 1658 pla-

2151 1652 2326 1709 cuerit
2353 1669 2421 1709 ex
2457 1669 2752 1729 consensu,
2783 1659 2851 1715 ab
2879 1677 2979 1717 usu
2998 1663 3242 1721 carnalis
3257 1652 3739 1744 concupisceniite,

2147 1747 2205 1804 id
2236 1755 2324 1806 est
2351 1761 2673 1824 perpetuum
2701 1756 3000 1827 continere,
3032 1760 3175 1821 absit
3201 1770 3261 1823 ut
3296 1765 3572 1831 vinculum
3598 1770 3742 1835 inter

435 1843 600 1919 galis.
646 1864 669 1894 ι
702 1844 783 1905 Ex
813 1843 900 1898 his
930 1842 1277 1901 manifestum
1309 1852 1409 1913 est,
1445 1845 1574 1921 quia
1607 1843 1916 1901 commistio
1946 1860 2037 1901 se-
2065 1836 2120 1900 Β
2149 1836 2606 1939 illos_coniugale
2661 1854 2943 1921 rumpatur
2974 1850 2987 1905 i
3042 1848 3155 1909 imo
3210 1852 3428 1915 ﬁrmum
3464 1858 3589 1928 erit,
3630 1877 3742 1939 quo

436 1962 602 2001 xuum
631 1960 742 2001 non
773 1952 857 2001 est
884 1943 1221 2017 coniugium,
1255 1944 1352 1999 sed
1382 1961 1521 2016 opus
1550 1945 1814 2019 coniugii,
1837 1961 2037 2018 quam—

435 2035 519 2091 vis
551 2035 659 2091 Leo
689 2050 835 2106 papa
863 2034 1006 2089 dicat
1036 2049 1048 2088 :
1104 2058 1126 2080 «ι
1173 2034 1307 2093 Cum
1359 2034 1594 2089 societas
1624 2035 1932 2105 nuptiarum
1961 2035 2039 2091 ita

433 2122 503 2179 ab
535 2122 688 2181 initio
743 2123 1033 2179 constituta
1091 2121 1178 2183 sit.
1211 2130 1262 2176 ut
1319 2139 1430 2177 non
1475 2122 1543 2177 sit
1578 2133 1781 2198 printer
1809 2139 2036 2179 sexuum

433 2219 892 2291 coniunctionem,
951 2235 1073 2292 quae
1120 2218 1284 2275 habet
1340 2218 1396 2273 in
1451 2235 1511 2274 se
1572 2218 1770 2274 Christi
1825 2228 1878 2275 et
1922 2220 2037 2281 Ec-

442 2309 646 2376 etesiae,
680 2316 1106 2373 sacramentum,
1126 2306 1346 2362 dubium
1374 2323 1483 2362 non
1508 2311 1591 2363 est
1605 2324 1723 2365 eam
1750 2307 2035 2365 mulierem

431 2414 543 2465 non
598 2398 874 2469 pertinere
919 2396 991 2452 ad
1048 2395 1475 2463 matrimonium,
1532 2394 1588 2451 in
1646 2412 1754 2469 qua
1808 2396 2036 2453 docetur

431 2496 680 2569 nuptiale
708 2493 1035 2566 mysterium
1092 2509 1202 2551 non
1258 2492 1452 2549 fuisse.
1489 2515 1512 2541 ιι
1564 2494 1673 2550 Sed
1730 2493 1835 2553 nisi
1891 2509 2030 2551 con-

427 2585 710 2645 venienter
738 2583 881 2639 istud
918 2580 1271 2653 intelligatur,
1308 2580 1645 2638 contrarium
1674 2581 1888 2639 videtur
1915 2586 2030 2641 Au-

428 2672 650 2753 gustino
709 2672 801 2744 qui
857 2671 1056 2729 asserit
1103 2670 1262 2727 etiam
1325 2670 1623 2745 perfectius
1675 2686 1739 2729 ac
1784 2671 2030 2728 sanctius

430 2770 744 2845 coniugium
804 2768 948 2827 inter
996 2783 1093 2829 eos
1146 2784 1269 2824 esse
1327 2768 1419 2839 qui
1470 2784 1540 2825 ex
1580 2768 1855 2827 communi
1891 2784 2028 2827 con—

357 2854 372 2864 ’
432 2876 600 2920 sensu
655 2857 934 2914 abstinere
993 2873 1213 2928 semper
1253 2856 1321 2912 ab
1369 2856 1680 2925 huiusmodi
1728 2873 1893 2929 opere
1922 2857 2026 2914 de-

429 2956 739 3009 creverunt.
802 2947 866 3001 Et
920 2946 1050 3021 quia
1097 2945 1314 3018 quidam
1364 2960 1666 3003 consensus
1705 2963 1829 3003 esse
1886 2962 2023 3009 con-

419 3038 636 3113 iugium
684 3036 973 3103 afﬁrmant,
1020 3035 1280 3108 qumritur
1325 3035 1481 3104 cuius
1527 3035 1607 3090 rei
1633 3050 1935 3092 consensus
1958 3036 2026 3091 sit

425 3125 760 3199 coniugium.
802 3122 1037 3194 Quidam
1089 3122 1426 3197 respondent
1477 3137 1805 3178 consensum
1865 3139 2024 3180 com-

2148 1927 2328 2001 magis
2378 1945 2441 1985 ea
2488 1940 2650 2007 pacta
2704 1949 2865 1992 sacra
2926 1936 3162 1998 inierunt
3226 1959 3345 2013 qua)
3378 1947 3560 2009 carius
3598 1927 3739 2009 con-

2147 2015 2476 2091 cordiusque
2546 2021 2839 2091 servanda,
2895 2040 3005 2081 non
3061 2027 3379 2088 voluntariis
3447 2050 3740 2108 corporum

2147 2114 2396 2183 nexibus,
2456 2117 2556 2175 sed
2612 2119 2938 2183 voluntariis
2979 2125 3206 2185 nexibus
3261 2131 3589 2197 animorum.
3622 2136 3739 2197 Nec

2146 2219 2249 2277 que
2278 2203 2423 2262 enim
2476 2206 2743 2264 fallaciter
2794 2211 2865 2266 ab
2919 2214 3116 2287 angelo
3160 2217 3363 2281 dictum
3417 2230 3530 2283 est.
3573 2245 3594 2276 ι
3632 2227 3735 2289 ,1ο-

2144 2292 2301 2365 seph,
2364 2293 2476 2350 noli
2521 2296 2771 2369 accipere
2824 2300 3057 2361 Mariam
3132 2307 3425 2385 coniugem
3480 2315 3650 2375 tuam.
3706 2342 3727 2365 ι»

2144 2389 2361 2460 Coniux
2425 2404 2672 2487 vocatur
2704 2414 2783 2487 ex
2849 2400 3023 2473 prima
3100 2404 3539 2477 desponsationis
3597 2414 3728 2487 iide.

2143 2496 2305 2552 quam
2343 2497 2445 2541 nec
2482 2485 2774 2545 concubitu
2840 2502 3200 2565 cognoverat,
3261 2512 3371 2557 nec
3417 2499 3591 2561 trierat
3625 2485 3726 2563 eo?

2139 2568 2423 2643 gniturus.
2468 2572 2587 2631 Nec
2621 2575 2854 2647 perierat
2891 2595 2995 2636 nec
3013 2583 3251 2643 mendax
3279 2599 3558 2651 manserat
3588 2608 3730 2652 conv

2132 2657 2340 2730 iugalis
2378 2661 2696 2733 appellatio,
2736 2665 2830 2720 ubi
2868 2683 2973 2725 nec
3012 2669 3210 2739 fuerat,
3250 2690 3355 2738 nec
3400 2661 3581 2741 futura
3608 2690 3727 2743 erat

2135 2754 2244 2857 ulla
2282 2758 2472 2857 carnis.
2539 2762 3077 2857 commistioruErat
3142 2771 3343 2849 quippe
3413 2775 3507 2835 illa
3567 2778 3725 2857 virgo

2134 2844 2261 2943 ideo
2301 2847 2543 2943 sanctius
2590 2858 2665 2943 et,
2692 2853 2996 2943 mirabilius
3042 2844 3233 2928 iuncta
3269 2844 3369 2923 suo
3424 2865 3557 2936 viro,

2135 2933 2304 2995 etiam
2340 2934 2575 2997 fecunda
2622 2938 2741 2998 sine
2800 2941 2920 3001 viro
2957 2946 3117 3019 prole
3174 2949 3379 3027 dispar,
3417 2933 3724 3017 ﬁdeicom-

2132 3038 2250 3117 par,
2282 3033 2508 3117 promer
2537 3028 2684 3117 quod
2713 3027 2874 3089 ﬁdele
2915 3034 3233 3113 coniugium
3269 3050 3525 3117 perculsa
3561 3045 3721 3107 Chri-

2132 3110 2200 3165 sti
2239 3113 2402 3169 ambo
2439 3116 2627 3171 vocari
2664 3131 2999 3191 meruerunt,
3040 3110 3105 3179 et
3127 3141 3237 3182 non
3269 3110 3451 3191 solum
3486 3132 3577 3191 illa
3602 3151 3724 3195 ωε,-

421 3197 692 3273 mistidnis
750 3228 978 3268 sexuum
1014 3227 1141 3267 esse
1192 3210 1537 3284 coniugium.
1607 3211 1718 3269 Sed
1766 3210 2024 3282 obiicitur
2052 3197 2101 3265 C
2135 3206 2510 3295 leri_vel'1_1m
2576 3205 2735 3261 θιὶᾶω
2800 3207 2892 3265 ille
2940 3218 3103 3286 pater
3147 3214 3289 3291 erS.
3335 3219 3475 3281 sicut
3522 3224 3723 3295 oenjux

422 3303 568 3381 quod
597 3302 909 3377 coniugium
939 3299 1239 3374 perfectum
1286 3308 1370 3358 est
1418 3299 1581 3356 etiam
1630 3299 1775 3357 inter
1804 3315 1900 3357 eos
1930 3300 2025 3373 qui

419 3405 525 3461 hoc
611 3407 1049 3477 preposuerunt,
1129 3398 1273 3470 quod
1368 3397 1425 3452 in
1502 3407 1827 3472 perpetuum
1918 3399 2023 3456 ab-

421 3492 654 3551 stineant
709 3490 779 3547 ab
810 3489 913 3545 hoc
970 3503 1159 3559 opere.
1223 3487 1293 3549 Et
1354 3485 1522 3545 Maria
1579 3487 1778 3559 coniux
1816 3487 2023 3561 Ioseph

419 3588 648 3641 vocatur
687 3596 808 3651 quae
846 3586 1030 3633 tamen
1068 3576 1194 3651 ipsa
1232 3576 1740 3649 taSpondetangelo
1766 3597 1787 3637 ;
1815 3600 1837 3624 α
1863 3574 2019 3648 Quo-

419 3677 583 3737 modo
648 3674 742 3732 fiet
792 3673 936 3730 istud
1012 3672 1274 3745 quoniam
1332 3670 1511 3727 virum
1578 3688 1688 3731 non
1739 3688 2017 3745 cognosco

419 3768 578 3839 (Luc.
638 3765 732 3837 1)»
804 3761 1096 3835 Quomodo
1170 3759 1296 3817 ﬁeri
1359 3768 1538 3835 potest
1592 3770 1651 3816 ut
1686 3761 2013 3835 concipiam,

415 3856 747 3932 pariamque
781 3850 977 3923 ﬁlium,
1038 3865 1162 3922 quae
1218 3849 1274 3904 in
1314 3848 1638 3906 castimonia
1694 3850 2016 3924 virginitatis

416 3953 581 4013 vitam
610 3964 998 4009 consummare
1044 3946 1342 4020 disposui?
1368 3947 1458 4007 Ad
1498 3946 1643 4021 quod
1680 3947 1879 4007 iterum
1910 3964 2015 4021 ορ-

412 4042 647 4117 punitur.
685 4038 794 4097 Sed
822 4054 933 4094 non
974 4036 1162 4092 habuit
1208 4035 1543 4097 voluntatem
1573 4036 1808 4093 carnalis
1850 4035 2015 4109 huius

414 4127 758 4191 contubernii
819 4125 988 4187 beata
1039 4124 1249 4198 .Virgo.
1321 4121 1505 4195 Quare
1570 4125 1846 4185 consensit
1909 4127 2011 4185 de-

414 4217 665 4293 sponsari
692 4215 720 4270 ε)
759 4215 858 4273 Cui
926 4212 1223 4287 opponenti
1290 4212 1371 4269 sic
1435 4214 1779 4286 repondetur
1816 4229 1846 4269 a
1885 4214 2011 4288 qui-

411 4307 671 4371 busdam,
713 4302 871 4360 Aliud
910 4311 993 4358 est
1040 4301 1387 4374 desponsari,
1447 4301 1597 4358 aliud
1653 4311 1736 4359 est
1773 4303 2011 4365 commi-

412 4396 573 4463 sceri,
629 4393 770 4450 sicut
815 4390 967 4447 aliud
1016 4399 1103 4448 est
1157 4390 1497 4463 coniugium,
1554 4391 1703 4447 aliud
1750 4400 1834 4448 est
1871 4407 2010 4463 opus

408 4493 603 4568 ipsius,
645 4490 786 4547 sicut
843 4488 992 4543 aliud
1057 4495 1142 4543 est
1204 4488 1632 4561 presbyterium,
1699 4488 1848 4545 aliud
1885 4487 2008 4544 oﬂi-

2131 3288 2325 3349 matris
2390 3291 2532 3365 eius,
2598 3306 2891 3369 utrumque
2954 3288 3185 3370 mente,‘
3225 3322 3339 3367 non
3396 3288 3724 3377 carnefEt

2130 3392 2292 3475 omne
2322 3380 2635 3453 nuptiarum
2672 3384 2877 3445 bonum
2926 3386 3210 3462 impletum
3259 3402 3342 3457 est
3374 3395 3429 3457 in
3482 3399 3588 3459 illis
3622 3418 3720 3475 per

2129 3474 2374 3532 rentibus
2411 3477 2633 3547 Christi,
2675 3483 2884 3551 proles,
2924 3483 3081 3556 ﬁdes,
3125 3501 3543 3557 sacramentum.
3583 3474 3720 3561 Pro-

2125 3562 2242 3665 leni
2273 3566 2660 3665 cognoscimus
2696 3568 2875 3643 ipsum
2895 3573 3071 3635 Deum
3106 3579 3329 3650 Jesum;
3354 3580 3541 3656 ﬁdem.
3571 3588 3721 3665 quod

2125 3659 2339 3751 nullum
2404 3662 2760 3735 adulterium;
2829 3683 3253 3747 sacratnentum,
3313 3680 3444 3751 quia
3508 3659 3716 3747 nullum

2125 3747 2440 3848 divortium.
2490 3753 2634 3848 Sed
2665 3756 2951 3848 sciendum
3002 3763 3153 3837 quod
3211 3747 3415 3829 bonum
3451 3773 3712 3848 coniugii.

2122 3852 2236 3894 non
2285 3838 2466 3912 ipsum
2508 3844 2833 3915 coniugium
2886 3848 3220 3927 tripertitum
3287 3860 3373 3920 est
3427 3859 3490 3921 in

2123 3935 2325 4007 proles,
2377 3950 2798 4005 sacramentum.
2852 3944 3096 4017 Quorum
3154 3952 3394 4025 primum
3450 3960 3717 4025 munditia

2122 4025 2387 4113 coniugii,
2455 4030 2756 4093 secundum
2822 4033 3034 4097 fructus
3106 4039 3251 4110 eius,
3314 4046 3531 4111 tertium
3592 4058 3713 4113 sta-

2121 4112 2304 4213 bilitas
2330 4113 2497 4172 illius.
2535 4119 2771 4213 Namin
2833 4122 2940 4189 ﬁde
3006 4128 3320 4200 attenditur,
3376 4149 3450 4197 ne
3488 4147 3713 4213 prnpter

2118 4200 2406 4258 vinculum
2444 4206 2742 4285 coniugale
2808 4226 2930 4271 cum
3000 4215 3175 4274 altam
3233 4219 3321 4283 vel
3381 4200 3548 4289 altera

2118 4296 2424 4394 cumbatur,
2467 4299 2520 4394 in
2567 4304 2744 4377 prole,
2804 4315 2862 4361 ut
2913 4310 3212 4371 animatum
3269 4319 3617 4394 suscipiatur,
3657 4336 3712 4389 at

2119 4384 2381 4458 religiose
2425 4388 2707 4461 educetur,
2749 4394 2803 4450 in
2843 4405 3214 4469 sacramento,
3284 4413 3341 4462 ut
3395 4384 3708 4493 coniugium

2117 4495 2572 4573 nonuseparetur,
2631 4498 2686 4546 et
2740 4492 2999 4551 dimissus
3055 4506 3109 4555 et
3164 4498 3391 4564 dimissa
3442 4525 3515 4567 ne
3543 4527 3712 4573 causa

404 4592 548 4649 cium
587 4589 732 4663 eius.
754 4587 901 4641 Nam
943 4584 1237 4657 presbyter
1264 4588 1348 4640 est
1386 4600 1454 4641 ex
1494 4585 1835 4641 ordinatione
1864 4585 2003 4661 sola,

2133 4571 2480 4663 prolisalteri
2506 4578 2896 4653 coniungatur.
2927 4582 3086 4654 Quod
3131 4559 3311 4661 ipsum
3341 4559 3710 4661 bonumve-on:

405 4690 569 4746 etiam
598 4688 644 4742 si
673 4700 951 4759 nunquam
981 4683 1209 4739 missam
1239 4682 1504 4739 celebret.
1539 4683 1841 4757 Presbyter
1869 4699 2005 4763 ergo

403 4802 487 4855 est
525 4808 591 4851 ex
627 4794 921 4863 potestate,
974 4801 1086 4845 non
1138 4800 1212 4845 ex
1268 4794 1417 4845 actu.
1489 4785 1753 4843 Similiter
1804 4787 2004 4857 conj“.

402 4892 555 4973 gium
610 4886 858 4951 consistit
921 4883 980 4943 in
1042 4890 1332 4958 potestate,
1402 4899 1522 4959 quae
1559 4883 1856 4943 attrahitur
1904 4900 2005 4959 per

401 4985 879 5059 desponsationem
924 4989 977 5036 et
1024 4980 1333 5054 pactionem
1379 4978 1753 5054 coniugalem,
1794 4996 1904 5043 non
1945 4982 2004 5038 in

401 5085 566 5147 coitu.
624 5083 693 5141 Et
729 5080 869 5139 sicut
906 5077 1105 5151 aliquis
1158 5077 1432 5135 consentit
1469 5077 1540 5134 ad
1590 5078 1719 5146 hoc,
1767 5086 1826 5136 ut
1859 5096 2000 5153 pre-

401 5185 589 5257 sbyter
618 5180 926 5249 ordinetur,
983 5176 1111 5239 licet
1168 5176 1366 5237 habeat
1430 5176 1485 5235 in
1524 5177 1804 5241 voluntate
1850 5177 2000 5250 quod

397 5297 677 5357 nunquam
722 5278 965 5339 celebret
1014 5275 1259 5344 missam,
1319 5274 1459 5333 sicut
1515 5275 1716 5351 legitur
1768 5275 1836 5333 de
1869 5277 1999 5349 qui-

401 5381 659 5439 busdam:
720 5377 802 5435 sic
858 5376 1016 5432 beata
1071 5374 1227 5448 virgo
1280 5374 1454 5437 Maria
1517 5374 1678 5451 plena
1718 5375 1995 5437 voluntate

399 5477 667 5537 consentit
694 5475 803 5537 illis
854 5473 1108 5531 omnibus
1147 5489 1267 5545 quae
1322 5472 1379 5527 in
1430 5472 1856 5545 desponsatione
1903 5491 1995 5530 so.

397 5573 648 5639 lemniter
700 5570 820 5629 fieri
874 5570 1117 5631 debeant
1169 5569 1317 5627 circa
1361 5585 1440 5635 se,
1498 5569 1627 5628 licet
1679 5586 1848 5644 quam
1876 5572 1992 5630 Deo

397 5678 624 5731 voverat
650 5667 1042 5742 virginitatem,
1075 5682 1355 5741 nunquam
1394 5667 1601 5725 violare
1638 5669 1818 5727 vellet.
1847 5670 1987 5737 Nam

395 5770 538 5826 sicut
565 5767 841 5824 Abraham
869 5772 1090 5837 paratus
1135 5773 1251 5820 erat
1282 5765 1397 5821 Deo
1447 5766 1658 5836 iubenti
1699 5766 1989 5837 immolare

398 5866 567 5923 tilium
597 5881 778 5932 suum,
810 5879 875 5919 ex
906 5877 1013 5934 quo
1055 5868 1239 5920 tamen
1276 5862 1534 5932 sperabat
1576 5880 1765 5922 semen
1791 5864 1846 5920 in
1876 5882 1985 5938 quo

2107 4659 2273 4731 jugii,
2301 4661 2358 4715 id
2500 4679 2924 4741 sacramentum,
2956 4684 3038 4730 est
3084 4659 3507 4759 sacramentum,
3528 4659 3591 4746 id
3624 4702 3707 4750 est

2110 4764 2284 4844 sacra?
2314 4760 2393 4807 rei
2417 4760 2655 4850 signum,
2677 4760 2895 4850 scilicet
2949 4764 3329 4838 inseparabilis
3359 4777 3702 4847 conjunctio-

2109 4848 2217 4904 ms,
2301 4852 2426 4907 qua
2468 4844 2614 4897 inter
2664 4844 2944 4903 Christum
3016 4859 3072 4909 et
3140 4844 3481 4916 Ecclesium.
3558 4865 3707 4924 Inter

2109 4930 2258 5005 quod
2320 4939 2695 5010 unusquisque
2770 4944 2970 5002 habeat
3046 4963 3207 5009 suam
3281 4970 3523 5028 uxorem,
3588 4974 3702 5021 non

2104 5046 2260 5103 suae,
2324 5044 2384 5092 et
2436 5053 2780 5114 unaquaeque
2860 5058 3024 5100 suum
3099 5048 3296 5120 virum,
3361 5069 3470 5111 non
3535 5073 3692 5118 suos.

2104 5130 2177 5187 Et
2202 5132 2352 5204 quod
2380 5148 2566 5191 eorum
2596 5152 2804 5208 corpus
2841 5143 2925 5196 est
2974 5158 3165 5216 unum,
3207 5155 3259 5203 et
3285 5150 3497 5211 animus
3532 5171 3694 5229 unus,

2101 5243 2445 5293 sacramenta
2498 5245 2627 5293 sunt
2669 5236 2869 5297 Christi
2915 5251 2973 5299 et
3010 5242 3299 5318 Ecclesiae,
3332 5254 3420 5309 cui
3466 5272 3567 5314 nos
3592 5260 3699 5319 hoc

2102 5339 2156 5389 et
2201 5332 2260 5387 in
2306 5333 2489 5392 fatum
2544 5338 2831 5396 consociet
2882 5341 3004 5413 ipse
3059 5345 3328 5406 Dominus
3364 5357 3556 5412 noster
3590 5356 3695 5416 Je-

2099 5444 2199 5486 eue
2227 5431 2493 5502 Christus,
2525 5434 2619 5506 qui
2646 5434 2777 5492 vivit
2804 5446 2859 5494 et
2898 5450 3097 5514 regnat
3146 5445 3295 5503 Deus
3348 5466 3451 5522 per
3499 5457 3694 5515 omnia

2098 5529 2298 5585 stecula
2325 5532 2650 5589 saeculorum
2664 5574 2677 5588 .
2711 5538 2908 5593 Amen.

2100 5652 2376 5720 Quomodo
2398 5656 2842 5729 intelligendum
2858 5664 2934 5718 sit
2951 5667 3096 5737 quod
3112 5669 3394 5745 scriptum
3409 5678 3495 5730 est
3521 5700 3542 5726 ‹‹
3560 5694 3691 5738 con-

2428 5751 2627 5819 ceptus
2642 5754 2729 5805 ert
2748 5752 2816 5807 de
2835 5752 3054 5825 Spiritu
3083 5763 3304 5818 sancto.
3341 5778 3365 5816 ι

2164 5867 2307 5937 Dum
2335 5866 2763 5937 incarnationem
2817 5877 2939 5943 Filii
2994 5896 3117 5948 eum
3155 5883 3275 5959 ipso
3316 5886 3472 5963 Filio,
3524 5893 3688 5961 Pater
