3924 6388
168 375 266 430 773

1113 372 1698 430 DEFLORATIONES
1734 370 1837 430 SS.
1884 371 2188 430 PATRUM.
2231 405 2299 416 -—
2337 371 2464 430 LIB.
2537 409 2558 431 .

3382 371 3472 398 nol

3392 396 3482 433 “1r

163 500 324 555 simul
349 508 406 556 et
437 499 690 572 Spiritus
721 507 940 560 sanctus
967 507 1225 570 Operatus
1258 499 1346 566 sit,
1379 499 1574 556 merito
1603 498 1785 569 queri-
1813 505 1868 566 Α
1900 499 2077 556 solam
2109 497 2460 564 voluntatem,
2485 497 2637 569 quod
2654 498 2758 556 hoc
2779 497 3016 553 debitum
3047 515 3075 553 a
3095 507 3284 555 natura
3314 508 3489 555 extor-

167 600 253 643 tur
283 603 460 660 quare
491 589 549 642 ia
615 589 911 659 Scriptura
940 604 1094 642 sacra
1151 587 1504 658 singulariter
1553 587 1620 642 de
1651 586 1786 657 Spi-

168 679 271 731 ritu
319 687 520 732 sancto
580 686 890 747 conceptus
958 686 1312 730 memoratur.
1381 677 1509 731 llmc
1567 675 1787 746 quidem

173 765 309 822 sicut
357 773 412 820 et
470 775 688 821 caetera
745 780 865 837 quia
922 763 990 819 de
1048 764 1167 834 ipso
1221 765 1497 829 dicuntur,
1549 765 1789 819 humana

173 855 541 927 intelligentia
575 853 772 909 timide
801 853 1086 924 contingit,
1143 853 1242 907 sed
1273 853 1490 907 devotio
1518 851 1644 907 ﬁdei
1673 867 1790 906 am-

176 943 315 1015 plius
373 959 742 1014 praesumens
791 941 1086 997 secundum
1141 957 1336 1016 puram
1402 941 1790 998 conscientiam

171 1031 402 1086 fideliter
481 1031 751 1103 inquirit.
829 1028 1196 1098 Quaerendum
1276 1028 1457 1100 itaque
1522 1028 1789 1099 imprimis

171 1128 252 1174 est
305 1120 600 1191 quomodo
656 1117 888 1188 intelligi
947 1124 1198 1188 oporteat
1255 1117 1401 1188 quod
1451 1117 1654 1172 dictum
1709 1125 1792 1170 est

171 1208 388 1263 beatam
420 1208 659 1262 Mariam
699 1207 768 1262 de
798 1205 1000 1277 Spiritu
1052 1214 1238 1260 sancto
1280 1207 1597 1273 concepisse
1625 1205 1786 1265 (Luc.

171 1297 232 1367 ι).
273 1296 504 1352 Scimus
567 1311 810 1368 namque
863 1301 916 1349 et
961 1309 1152 1348 omnes
1182 1297 1290 1361 jam
1347 1293 1790 1364 frequentissimo

168 1401 269 1439 usu
299 1394 517 1440 naturae
551 1384 862 1450 didicimus,
883 1383 1030 1454 quod
1062 1398 1184 1438 cum
1215 1382 1413 1436 mulier
1441 1398 1474 1437 a
1505 1383 1619 1437 viro
1648 1398 1792 1437 con-

167 1483 386 1554 cepisse
445 1483 678 1548 dicitur,
730 1498 837 1537 non
896 1481 1044 1535 aliud
1100 1480 1202 1536 nisi
1267 1480 1618 1534 substantiam
1662 1495 1790 1535 car-

166 1582 253 1640 nis
284 1581 356 1642 ad
387 1579 783 1654 generandam
824 1593 1048 1634 carnem
1104 1593 1205 1647 per
1253 1576 1430 1631 carnis
1461 1577 1660 1631 coitum
1691 1593 1790 1630 su-

163 1678 415 1752 scepisse
448 1684 816 1736 memoratur.
850 1677 914 1732 Et
944 1678 1059 1730 hac
1090 1675 1305 1748 quidem
1335 1674 1512 1730 carnis
1541 1675 1789 1730 substan-

166 1766 257 1836 tia,
292 1767 365 1828 de
414 1783 594 1828 carne
647 1765 745 1820 viri
778 1781 873 1840 per
904 1764 1080 1840 ipsum
1136 1763 1315 1819 carnis
1345 1764 1547 1817 coitum
1606 1771 1790 1817 trans-

161 1865 306 1933 fusa,
350 1881 486 1926 eum
549 1881 714 1922 carne
756 1862 1000 1920 mulieris
1058 1877 1167 1917 una
1213 1877 1342 1918 caro
1373 1862 1601 1917 eﬂicitnr
1649 1869 1700 1916 et
1729 1861 1866 1926 idB

163 1955 314 2026 quod
373 1953 721 2014 nasciturum
752 1961 835 2008 est
882 1968 948 2008 ex
1005 1951 1280 2022 utriusque
1326 1950 1628 2004 substantia
1684 1967 1782 2005 ve-

160 2043 370 2105 raciter
411 2043 694 2114 originem
736 2057 958 2098 sumens
1012 2040 1083 2094 ab
1124 2039 1236 2105 illo,
1280 2056 1380 2111 per
1419 2038 1578 2093 istam
1619 2039 1782 2093 etiam

162 2133 232 2193 ab
293 2132 406 2194 ista
457 2139 794 2209 generetur.
859 2131 1008 2202 Ergo
1062 2128 1260 2184 mulier
1299 2143 1330 2182 a
1387 2127 1505 2182 viro
1545 2127 1783 2197 concipit

160 2237 286 2280 cum
314 2236 350 2278 a
397 2236 576 2281 carne
608 2219 713 2280 viri
766 2234 865 2289 per
894 2217 1091 2273 coitum
1123 2216 1305 2274 carnis
1337 2232 1529 2271 semen
1558 2215 1782 2286 suscipit

161 2309 230 2368 ad
273 2309 665 2382 genemndam
715 2323 956 2374 carnem,
990 2321 1091 2364 nec
1147 2305 1291 2360 aliud
1327 2304 1589 2375 concipit,
1623 2304 1783 2358 buam

162 2397 253 2456 ille
279 2407 371 2456 est
430 2412 467 2452 ει
500 2413 616 2471 quo
663 2394 909 2466 concipit
942 2412 955 2448 :
989 2402 1079 2450 aut
1106 2393 1221 2466 ipsa
1281 2410 1402 2464 qua:
1432 2391 1693 2464 concipit,
1728 2399 1781 2446 et

161 2486 310 2556 Quod
378 2485 630 2560 concipit
686 2485 791 2542 hoc
854 2483 1009 2554 parit.
1051 2481 1193 2552 Quid
1259 2497 1392 2554 ergo
1449 2482 1691 2534 dicemus
1757 2484 1780 2534 ?

163 2575 428 2645 Nunquid
479 2574 715 2648 Spiritus
751 2580 974 2628 sanctus
1002 2571 1070 2626 de
1119 2586 1217 2626 sua
1253 2569 1554 2624 substantia
1588 2585 1778 2624 semen

163 2665 359 2729 partus
418 2658 622 2716 infudit
667 2657 788 2717 alvo
847 2655 1086 2727 Virginis
1135 2659 1162 2708 ξ)
1194 2653 1479 2723 Quomodo
1524 2669 1657 2726 ergo
1687 2669 1779 2708 se-

165 2763 289 2806 man
348 2748 542 2806 carnis
599 2745 922 2806 ministrare
970 2743 1143 2816 potuit
1199 2742 1500 2798 substantia
1558 2743 1776 2813 spirita-

167 2835 232 2896 lis
258 2837 287 2889 ε)
315 2840 402 2894 An
433 2838 580 2893 forte
637 2851 827 2893 semen
859 2833 1041 2892 carnis
1099 2848 1205 2889 non
1238 2832 1336 2886 fuit
1391 2833 1533 2904 quod
1574 2848 1777 2888 conce-

168 2933 316 2994 ptum
366 2934 452 2982 est
522 2933 577 2980 et
622 2939 748 2980 caro
801 2922 905 2978 fuit
953 2921 1097 2992 quod
1127 2929 1311 2976 natum
1367 2930 1466 2975 est.
1511 2920 1651 2990 Quid
1689 2920 1777 2974 di-

165 3018 398 3074 cemus?
447 3013 740 3086 Quomodo
790 3011 960 3068 Maria
1010 3011 1079 3068 de
1129 3009 1341 3082 Spiritu
1391 3017 1583 3064 sancto
1641 3025 1778 3065 con-

169 3102 358 3172 cepit?
388 3104 462 3164 Et
503 3102 553 3160 si
583 3102 652 3158 de
696 3100 898 3172 Spiritu
956 3106 1145 3160 sancto
1176 3099 1447 3170 concepit,
1505 3098 1779 3170 quomodo

170 3198 405 3270 Spiritus
439 3208 665 3264 unctus
706 3200 863 3256 Pater
894 3197 1095 3256 Christi
1129 3213 1241 3252 non
1274 3196 1414 3252 fuit?
1437 3198 1566 3254 Haec
1595 3196 1778 3252 omnia

171 3303 372 3361 magna
453 3287 890 3355 consideratione
947 3286 1214 3358 indigent,
1279 3302 1348 3342 ne
1413 3287 1552 3342 forte
1607 3284 1663 3342 in
1722 3301 1779 3342 re

171 3376 395 3449 diﬁicili,
435 3386 492 3439 et
538 3376 702 3439 valde
755 3375 999 3436 timenda
1046 3383 1100 3434 et
1128 3375 1366 3432 obscura
1423 3390 1618 3430 sensus
1672 3374 1780 3430 hu-

172 3489 366 3531 manus
417 3475 625 3545 aliquid
688 3473 926 3544 amplius
964 3488 1065 3528 sua
1128 3470 1495 3543 possibilitate
1559 3488 1775 3543 prmsu-

173 3568 309 3620 mat.
355 3567 479 3626 Nec
532 3564 662 3620 ideo
717 3561 1074 3623 dubitandum
1131 3568 1215 3618 est
1256 3560 1320 3616 de
1349 3560 1455 3628 his,
1507 3561 1633 3632 quia
1670 3560 1775 3615 ob-

175 3667 333 3712 scura
370 3661 539 3717 aunt;
573 3667 677 3710 nec
742 3651 868 3708 ideo
906 3649 1116 3721 aliquid
1155 3657 1360 3706 temere
1399 3648 1775 3706 difﬁniendum

180 3755 298 3825 quia
363 3755 650 3813 credenda
687 3760 829 3808 sunt.
889 3751 1208 3820 Quaeramus
1247 3767 1400 3823 ergo,
1469 3750 1599 3822 quid
1637 3767 1776 3809 con—

178 3845 315 3915 cepit
351 3845 529 3902 Maria
555 3846 586 3896 Ὗ
643 3845 751 3897 Aut
804 3855 1026 3900 carnem
1066 3855 1176 3896 non
1231 3839 1499 3909 concepit,
1542 3847 1595 3895 et
1646 3855 1774 3898 car-

178 3954 297 3996 nem
340 3958 456 3998 non
499 3939 709 4014 genuit,
765 3946 856 3993 aut
908 3937 954 3998 si
1005 3952 1230 3994 carnem
1287 3937 1495 4008 genuit,
1553 3952 1776 3996 carnem

179 4029 454 4100 concepit.
520 4025 682 4094 Quod
727 4024 874 4080 enim
921 4023 1191 4094 concepit,
1234 4022 1338 4077 hoc
1394 4020 1606 4092 genuit.
1665 4021 1775 4082 Sed

182 4125 448 4194 quomodo
504 4138 726 4180 carnem
787 4121 1099 4176 ministrare
1167 4119 1342 4191 potuit
1397 4135 1506 4176 non
1563 4135 1694 4178 caro
1755 4133 1770 4188 ;

181 4220 265 4267 aut
307 4231 424 4271 non
468 4227 694 4269 carnem
746 4211 979 4284 gignere
1034 4225 1192 4266 caro.
1253 4209 1368 4266 Ista
1404 4207 1665 4278 perplexa
1692 4207 1775 4264 in-

182 4303 415 4372 quisitio,
449 4302 566 4357 sive
624 4300 900 4372 quaerendi
939 4299 1100 4365 ratio,
1141 4296 1600 4370 quemadmodum
1636 4312 1775 4352 sane

181 4397 231 4444 et
289 4397 671 4463 competenter
709 4388 938 4461 intelligi
993 4387 1177 4444 valeat
1221 4386 1662 4444 consideremus.
1713 4386 1776 4448 Et

181 4488 412 4556 primum
472 4488 692 4558 quidem
730 4487 784 4541 in
841 4502 904 4542 ea
943 4501 1047 4557 qua
1105 4484 1408 4540 secundum
1457 4483 1672 4539 solitam
1711 4498 1778 4539 ac

1893 604 2062 659 quere
2119 587 2336 658 possit;
2390 588 2485 642 sed
2525 603 2644 642 cum
2703 596 3010 660 spontanee
3067 589 3338 642 voluntate
3396 587 3492 642 fuit

1895 691 2172 746 persuasa,
2256 682 2386 730 tunc
2461 675 2712 729 nimirum
2792 674 2897 728 sibi
2971 675 3040 729 ad
3121 677 3354 731 invicem
3422 677 3486 731 ad

1895 780 2031 832 opus
2085 763 2574 818 consummandam
2630 779 2694 817 ex
2765 770 2998 834 utraque
3055 773 3204 834 parte
3258 765 3493 819 libenter

1895 860 2055 923 atque
2094 853 2334 922 graviter
2405 851 2667 908 occurrit.
2710 852 2850 906 Sane
2917 851 3178 922 quidquid
3232 853 3498 908 violenter

1895 941 2096 1000 volenti
2140 940 2429 1014 abripitur,
2475 941 2542 995 ad
2581 939 2844 1011 ejusmodi
2911 955 3090 995 causae
3127 939 3380 996 effectum
3417 945 3497 996 in-

1897 1044 2200 1100 congruum
2260 1045 2486 1098 prorsus
2549 1038 2710 1099 atque
2753 1027 3004 1083 inefﬁcax
3058 1029 3484 1086 demonstratur.

1899 1119 2028 1174 Sola
2067 1133 2198 1188 ergo
2242 1118 2462 1173 dilectio
2493 1125 2578 1172 est
2610 1135 2733 1188 quae
2789 1126 3035 1171 naturam
3064 1120 3410 1188 persuadere,
3443 1127 3498 1176 et

1899 1206 2177 1260 volentem
2235 1206 2638 1278 quodammodo
2670 1221 2871 1277 cogere
2901 1214 3078 1274 potest
3123 1206 3189 1260 ad
3221 1207 3494 1262 seminan-

1898 1300 2024 1353 dum
2057 1308 2303 1370 partum.
2344 1300 2610 1370 Equidem
2641 1299 2694 1353 in
2725 1299 2952 1354 muliere
2983 1315 3137 1354 amor
3157 1301 3275 1365 viri,
3295 1302 3347 1356 in
3375 1302 3493 1359 viro

1898 1397 2078 1443 autem
2133 1405 2285 1444 amor
2313 1389 2555 1444 mulieris
2612 1389 2666 1443 id
2697 1405 2860 1458 agere
2889 1389 3048 1453 solet,
3081 1397 3138 1443 ut
3167 1407 3288 1461 qua:
3318 1391 3369 1444 in
3403 1391 3491 1446 al-

1897 1493 2011 1539 tero
2043 1486 2216 1540 solum
2251 1486 2352 1539 sibi
2381 1496 2573 1540 natura
2606 1486 2874 1542 sufficiens
2903 1502 3013 1541 non
3043 1495 3143 1555 est,
3177 1488 3492 1544 alterutrum

1897 1574 2001 1628 sibi
2053 1592 2151 1644 per
2203 1575 2548 1630 dilectionem
2606 1575 2907 1641 subveniat,
2940 1582 3003 1630 ut
3049 1577 3193 1645 quod
3223 1577 3276 1631 in
3299 1586 3492 1633 neutra

1895 1679 1997 1733 per
2053 1679 2112 1718 se
2162 1665 2335 1733 potuit
2385 1663 2437 1716 in
2487 1673 2715 1735 utraque
2745 1679 2841 1734 per
2877 1679 2938 1719 se
2965 1680 3088 1720 cum
3111 1666 3277 1721 altera
3297 1668 3488 1736 possit.

1898 1751 2074 1821 Igitur
2103 1767 2288 1806 semen
2315 1751 2533 1806 humani
2563 1759 2752 1822 partus
2780 1767 2810 1805 a
2841 1753 2958 1807 sola
2995 1753 3221 1809 muliere
3251 1753 3492 1810 forman-

1898 1840 2026 1892 dum
2058 1840 2311 1910 concipit,
2355 1840 2498 1912 quod
2528 1839 2689 1893 simul
2727 1855 2758 1894 a
2787 1839 2909 1895 viro
2959 1849 3012 1896 et
3058 1842 3289 1900 muliere
3319 1846 3490 1899 semi-

1897 1935 2071 1982 natur.
2104 1928 2261 1996 Quod
2307 1929 2544 1999 quidem,
2575 1929 2716 1984 sicut
2765 1929 2879 1998 jam
2907 1929 3108 1985 dictum
3141 1939 3240 1999 est,
3284 1932 3339 1986 in
3368 1949 3492 1989 mu-

1891 2025 2022 2078 liere
2055 2043 2150 2094 per
2181 2041 2423 2079 amorem
2457 2027 2580 2090 viri,
2634 2033 2686 2080 et
2719 2027 2772 2080 in
2801 2027 2920 2081 viro
2950 2043 3050 2098 per
3077 2043 3316 2084 amorem
3365 2047 3491 2086 mu-

1891 2112 2038 2166 lieris
2078 2122 2271 2168 natura
2309 2123 2588 2184 operatur.
2629 2116 2857 2185 Propter
2904 2117 3048 2186 quod
3079 2117 3238 2171 etiam
3295 2118 3491 2174 mulier

1890 2227 1997 2264 non
2031 2211 2132 2265 nisi
2198 2228 2225 2264 a
2267 2213 2385 2267 viro
2429 2213 2721 2283 concipere
2769 2213 2981 2278 dicitur,
3015 2212 3140 2268 licet
3194 2222 3300 2269 tam
3331 2216 3398 2272 de
3430 2233 3490 2272 se

1892 2324 2050 2380 quam
2081 2308 2148 2363 de
2188 2309 2304 2363 viro
2336 2310 2636 2380 accipiatur
2667 2310 2810 2364 unde
2857 2310 3195 2368 fecundatur.
3231 2315 3293 2368 Et
3351 2326 3491 2372 recte

1891 2399 1959 2452 de
1987 2397 2102 2452 solo
2135 2397 2252 2452 viro
2283 2398 2539 2469 concipit,
2564 2415 2684 2469 quae
2709 2399 2760 2452 id
2784 2399 2932 2470 quod
2960 2401 3212 2472 concipit,
3237 2401 3290 2455 in
3320 2403 3491 2461 altero

1888 2484 2106 2556 quidem
2160 2485 2228 2539 de
2261 2501 2420 2541 carne
2478 2485 2576 2541 viri
2608 2485 2861 2552 sumitur,
2920 2487 2974 2540 in
3022 2487 3196 2543 altero
3229 2506 3358 2545 vero
3389 2509 3489 2562 per

1887 2588 2128 2627 amorem
2179 2572 2279 2629 viri
2328 2572 2682 2627 ministratur.
2738 2573 2861 2627 Non
2916 2573 3098 2645 itaque
3157 2575 3266 2630 hoc
3313 2577 3488 2634 solum

1889 2661 1957 2716 de
1982 2662 2100 2718 viro
2132 2663 2386 2733 concipit,
2419 2663 2564 2734 quod
2593 2663 2661 2717 de
2693 2662 2810 2716 viro
2831 2662 3046 2734 accipit,
3073 2665 3168 2719 sed
3199 2665 3304 2721 hoc
3332 2667 3491 2721 etiam

1888 2751 1958 2806 de
1988 2751 2102 2807 viro
2133 2751 2370 2821 concipit
2421 2751 2569 2823 quod
2618 2767 2679 2804 ex
2713 2767 2771 2806 se
2801 2751 2870 2805 de
2913 2767 3095 2807 amore
3128 2753 3230 2808 viri
3267 2755 3484 2826 accipit.

1888 2838 2003 2893 lloc
2038 2838 2455 2910 praetermittere
2513 2839 2774 2893 nolumus
2812 2847 3036 2910 propter
3076 2840 3182 2896 hoc
3220 2843 3363 2913 quod
3404 2843 3491 2897 di-

1889 2935 2034 2982 ctum
2093 2936 2176 2982 est
2228 2926 2443 2982 Mariam
2519 2926 2586 2980 de
2641 2925 2843 2996 Spiritu
2913 2936 3106 2984 sancto
3167 2930 3490 3002 concepisse

1889 3015 2056 3085 (Luc.
2098 3017 2158 3086 l).
2221 3015 2482 3085 Concepit
2533 3031 2668 3090 ergo
2701 3014 2870 3068 Maria
2927 3015 2994 3070 de
3026 3017 3226 3088 Spiritu
3275 3029 3487 3090 sancto,

1889 3129 2000 3168 non
2031 3113 2175 3184 quod
2205 3112 2273 3168 de
2305 3112 2604 3168 substantia
2635 3111 2873 3184 Spiritus
2899 3114 3072 3170 sancti
3101 3131 3286 3174 semen
3301 3127 3489 3188 partus

1803 3219 1856 3288 ς,
1886 3212 2178 3282 acceperit,
2213 3209 2312 3268 sed
2342 3228 2464 3283 quae
2485 3226 2584 3282 per
2614 3225 2857 3266 amorem
2890 3219 2942 3268 et
2961 3213 3333 3283 operationem
3365 3217 3490 3286 Spi-

1890 3310 2026 3366 ritus
2057 3309 2252 3376 sancti,
2326 3325 2392 3364 ex
2424 3324 2591 3366 carne
2620 3306 2850 3379 virginis
2882 3306 3071 3364 divino
3099 3310 3276 3379 partui
3303 3319 3494 3373 natura

1892 3406 2251 3463 substantiam
2309 3405 2656 3461 ministravit.
2705 3405 2840 3460 Nam
2901 3405 3025 3476 quia
3076 3406 3130 3462 in
3152 3409 3320 3466 corde
3377 3411 3496 3480 ejus

1890 3519 2044 3559 amor
2104 3502 2337 3573 Spiritus
2371 3501 2543 3557 sancti
2591 3500 2946 3573 singulariter
2983 3503 3226 3571 ardebat,
3285 3505 3410 3562 ideo
3439 3507 3496 3563 in

1889 3617 2055 3659 carne
2085 3603 2202 3670 ejus
2260 3601 2428 3657 virtus
2458 3599 2693 3670 Spiritus
2737 3599 2907 3655 sancti
2937 3600 3207 3660 mirabilia
3237 3601 3489 3662 faciebat.

1893 3699 2063 3770 Cujus
2094 3698 2313 3754 dilectio
2343 3697 2467 3769 quia
2497 3697 2551 3751 in
2581 3697 2747 3752 corde
2799 3697 2946 3752 illius
2975 3713 3083 3755 non
3117 3701 3361 3772 suscepit
3395 3719 3490 3758 so-

1891 3795 2034 3852 cium
2088 3795 2210 3864 ejus
2258 3793 2503 3868 Operatio
2558 3795 2613 3848 in
2670 3809 2834 3850 carne
2900 3794 3046 3849 illius
3096 3811 3204 3851 non
3255 3799 3494 3856 habebat

1890 3892 2218 3964 exemplum.
2247 3893 2361 3948 Hoc
2389 3891 2553 3962 igitur
2573 3890 2745 3946 solum
2780 3891 2950 3964 Virgo
2981 3894 3232 3964 concepit
3263 3897 3407 3966 quod
3425 3899 3494 3954 de

1892 4007 1991 4046 sua
2049 4007 2212 4046 carne
2250 4007 2351 4063 per
2410 4005 2651 4044 amorem
2718 3998 2771 4044 et
2809 3989 3189 4060 operationem
3255 3992 3494 4064 Spiritus

1891 4089 2065 4144 sancti
2095 4088 2340 4160 accepit:
2375 4087 2443 4144 de
2473 4103 2585 4160 quo
2619 4085 2782 4143 etiam
2825 4087 2941 4142 solo
2997 4087 3116 4144 sine
3146 4088 3374 4145 viriliter
3401 4109 3494 4150 se-

1890 4186 2059 4248 minis
2087 4185 2464 4244 commistione
2504 4183 2673 4238 ﬁlium
2739 4184 2952 4257 genuit.
2994 4187 3110 4243 Hoc
3154 4203 3284 4259 ergo
3323 4188 3493 4248 libido

1890 4282 2075 4342 carnis
2122 4282 2535 4355 conceptionem
2579 4289 2803 4352 operata
2861 4289 2943 4337 est
2981 4283 3034 4337 in
3103 4283 3336 4357 virgine,
3368 4303 3494 4361 quae

1890 4395 1999 4438 nec
2035 4379 2104 4438 de
2141 4394 2309 4438 carne
2350 4379 2454 4438 viri
2492 4395 2680 4436 semen
2737 4379 2970 4450 accepit,
3017 4397 3118 4438 nec
3147 4382 3215 4437 de
3265 4399 3358 4438 sua
3395 4400 3495 4459 per

1887 4490 2133 4534 amorem
2169 4477 2269 4534 viri
2299 4477 2564 4548 concepit,
2596 4477 2694 4532 sed
2722 4493 2821 4546 per
2847 4493 3096 4533 amorem
3128 4486 3179 4534 et
3211 4482 3494 4554 Operatio-

181 4577 430 4634 usitatam
487 4584 698 4632 natura:
781 4575 1153 4646 operationem
1222 4571 1503 4643 peragitur
1566 4587 1776 4628 conce-
1807 4575 1860 4644 D
1891 4590 2017 4630 nem
2048 4573 2280 4645 Spiritus
2310 4575 2500 4632 sancti.
2555 4575 2680 4632 Haec
2710 4574 2829 4646 ipse
2859 4574 3096 4646 Spiritus
3156 4585 3374 4632 sanctus
3406 4580 3494 4634 id-

182 4675 376 4745 ptlone,
419 4675 668 4744 ejusdem
731 4681 938 4727 naturae
977 4687 1114 4742 opus
1179 4671 1454 4742 quomodo
1491 4669 1773 4739 complea-

182 4779 260 4830 tur
287 4774 626 4829 intueamur.
693 4772 752 4824 In
782 4770 1094 4842 parentibus
1150 4769 1444 4824 carnaliter
1496 4781 1770 4838 generan-

183 4871 338 4940 tibus,
399 4879 456 4928 et
512 4886 616 4942 per
661 4868 842 4926 carnis
901 4868 1101 4924 coitum
1157 4867 1493 4922 nascituram
1547 4881 1772 4922 carnem

182 4984 240 5026 ex
293 4985 462 5027 carne
508 4965 915 5031 fabricantibus,
956 4964 1251 5036 utrobique
1291 4972 1478 5019 natura
1507 4964 1770 5018 substan—

181 5069 303 5129 tiam
371 5065 637 5128 ministrat
699 5061 879 5136 partui
943 5063 1199 5129 creando,
1260 5070 1316 5118 ut
1372 5079 1437 5118 ex
1491 5062 1773 5132 utriusque

179 5181 335 5226 carne
380 5163 644 5235 procedat
699 5169 751 5219 et
814 5160 958 5231 quod
1017 5158 1194 5216 solum
1262 5159 1316 5213 in
1393 5159 1551 5213 unius
1605 5173 1773 5214 carne

179 5239 457 5321 formanda
494 5269 577 5320 est
613 5275 769 5319 caro.
808 5259 1010 5314 Tamen
1067 5258 1170 5315 hoc
1209 5257 1441 5327 vectigal
1494 5257 1640 5330 quod
1677 5273 1774 5316 na-

179 5369 294 5418 tura
349 5359 510 5430 quasi
561 5357 804 5418 debitum
851 5355 1124 5430 quoddam
1164 5372 1231 5410 ex
1268 5355 1511 5412 instituto
1552 5356 1774 5411 Creato-

179 5460 252 5514 ris
287 5459 361 5520 ad
391 5456 658 5514 fabricam
711 5453 934 5515 humani
963 5453 1210 5526 corporis
1237 5452 1633 5512 exsolvendam
1663 5452 1776 5506 im-

180 5557 381 5628 pendit,
431 5556 509 5610 ita
555 5569 783 5625 prorsus
810 5552 930 5610 sine
967 5551 1078 5613 ulla
1118 5549 1462 5620 necessitate,
1495 5559 1584 5606 aut
1637 5565 1778 5605 eoa--

183 5655 355 5712 ctione
403 5653 476 5710 ab
548 5668 615 5708 ea
655 5649 974 5723 requiritur,
1026 5657 1082 5711 ut
1128 5649 1235 5710 nisi
1298 5649 1416 5712 sola
1459 5648 1772 5715 dilectione,

187 5761 234 5810 et
259 5761 317 5808 ut
363 5750 450 5806 sic
475 5749 708 5806 dixerim
750 5755 1047 5819 spontanee
1086 5746 1358 5807 voluntate
1412 5744 1481 5798 ad
1535 5743 1778 5802 tribuen-

185 5851 310 5910 dum
365 5850 424 5908 id
480 5863 593 5908 non
658 5845 972 5904 inclinetur.
1051 5842 1198 5906 Nihil
1248 5843 1391 5900 enim
1439 5850 1524 5900 est
1575 5849 1782 5914 praeter

1888 4672 2035 4728 circo
2067 4672 2222 4728 Pater
2253 4672 2520 4726 dicendus
2544 4678 2645 4740 est,
2669 4675 2790 4743 quia
2812 4672 2928 4740 ejus
2955 4688 3111 4726 amor
3136 4676 3496 4747 conceptione

1887 4768 2130 4840 Virginis
2181 4777 2436 4840 operatus
2454 4777 2556 4834 est,
2572 4767 2700 4841 quia
2712 4783 2813 4824 nec
2833 4768 2900 4822 de
2915 4784 3012 4826 sua
3027 4771 3266 4829 essentia
3285 4773 3498 4845 Virgini

1885 4883 2080 4926 semen
2109 4874 2300 4938 partus
2333 4865 2535 4934 tribuit,
2572 4865 2673 4924 sed
2703 4865 2810 4938 ipsi
2840 4865 2910 4924 de
2939 4881 3103 4922 carne
3118 4869 3335 4941 prepria
3365 4871 3493 4930 Vir-

1887 4963 2004 5036 gini
2034 4980 2136 5035 per
2163 4979 2402 5020 amorem
2455 4979 2612 5022 suum
2640 4970 2801 5034 atque
2863 4963 3111 5022 virtutem
3144 4966 3498 5024 substantiam

1885 5061 2234 5118 ministravit.
2266 5063 2518 5118 Christus
2547 5077 2682 5135 ergo
2746 5069 2800 5117 et
2847 5062 2919 5117 de
2949 5062 3170 5133 Virgine
3200 5072 3361 5120 natus
3416 5071 3504 5122 est

1887 5160 2015 5233 quia
2045 5161 2112 5215 de
2143 5174 2305 5215 carne
2337 5158 2577 5231 Virginis
2631 5159 2812 5215 carnis
2844 5159 3203 5216 subStantiam
3267 5165 3496 5234 accepit,

1891 5267 1948 5319 et
1985 5259 2054 5315 de
2093 5258 2292 5324 Spiritu
2353 5266 2546 5314 sancto
2585 5265 2884 5330 conceptus
2936 5265 3038 5327 est,
3071 5259 3198 5330 quia
3224 5260 3344 5332 ipsa
3373 5277 3499 5318 cum

1892 5356 2050 5430 virgo
2090 5372 2156 5411 ex
2195 5358 2311 5410 sola
2340 5370 2504 5409 carne
2537 5370 2637 5409 sua
2681 5355 2797 5410 sine
2849 5354 3170 5411 admistione
3200 5357 3378 5415 virilis
3412 5375 3498 5415 se-

1894 5453 2058 5510 minis
2089 5469 2188 5525 per
2244 5449 2481 5522 Spiritus
2515 5452 2684 5506 sancti
2717 5451 3091 5522 operationem
3148 5469 3499 5528 amoremque

1894 5551 2164 5623 concepit.
2190 5549 2327 5605 Hinc
2359 5555 2440 5606 est
2472 5548 2618 5622 quod
2650 5547 2829 5604 eidem
2868 5549 3080 5622 Virgini
3111 5551 3374 5624 pariturae
3397 5570 3498 5626 per

1899 5647 2155 5722 angelum
2200 5647 2394 5702 dicitur
2426 5662 2438 5701 :
2479 5669 2498 5696 ιι
2527 5645 2762 5716 Spiritus
2791 5654 3011 5702 sanctus
3044 5650 3405 5720 superveniet
3434 5650 3496 5726 in

1901 5755 1972 5810 te,
2016 5752 2070 5799 et
2104 5745 2271 5799 virtus
2311 5743 2578 5804 Altissimi
2625 5744 2975 5803 obumbrahit
3010 5745 3105 5799 tibi
3144 5747 3306 5818 (Luc.
3346 5750 3412 5819 ι),
3466 5773 3488 5796 υ

1902 5842 2133 5914 Spiritus
2162 5851 2378 5904 sanctus
2407 5858 2641 5915 namque
2683 5841 2894 5914 Virgini
2931 5844 3262 5916 supervenit,
3294 5853 3350 5900 ut
3393 5861 3496 5922 per
