3924 6422
478 401 582 456 ’7ἷ3
1418 406 1434 417 '
1621 392 1960 449 WERNERI
2003 392 2285 448 ABBATIS
2324 392 2382 448 S.
2424 392 2647 447 BLASII
3694 393 3793 446 776

490 527 607 595 ejus
646 522 1018 595 operationem
1077 536 1204 577 caro
1266 519 1464 575 Christi
1504 519 1571 574 de
1627 534 1794 575 carne
1850 516 2173 591 VirginisA
2205 516 2563 572 substantiam
2620 514 2802 573 carnis
2875 513 3208 584 ministrans,
3268 516 3475 574 carnali
3531 515 3799 589 concupi-

482 616 831 682 formaretur,
886 622 940 668 et
978 610 1148 668 virtus
1204 609 1472 664 Altissimi
1518 607 1862 664 obumbravit
1912 606 1962 661 ei
2017 620 2087 661 ne
2198 607 2407 663 scentia
2434 614 2704 663 ureretur.

1327 937 1458 1040 IN
1557 935 2362 1041 NATIVI'I‘ATE
2444 935 2934 1039 DOMINI.

1752 1149 2148 1215 Secundum
2216 1148 2495 1214 Lucam.

2197 1379 2330 1419 suos
2360 1363 2624 1420 scriberet
2647 1364 2706 1418 in
2736 1362 3055 1420 aeternitate.
3075 1362 3204 1431 Quo
3232 1370 3423 1420 contra
3441 1362 3510 1417 de
3541 1360 3796 1432 reprobis

2195 1453 2398 1508 dicitur
2429 1471 2443 1506 :
2474 1476 2495 1501 α
2531 1453 2826 1508 Deleantur
2853 1453 2923 1508 de
2949 1453 3091 1507 libro
3120 1451 3435 1520 viventium,
3467 1458 3518 1507 et
3549 1466 3673 1506 cum
3698 1448 3797 1521 ju-

546 1395 569 1423 α
598 1371 741 1427 Exiit
770 1371 1009 1428 edictum
1050 1386 1081 1425 a
1111 1371 1357 1426 Craesare
1395 1370 1662 1439 Augusto,
1713 1374 1771 1420 ut
1802 1363 2085 1420 describe-

480 1469 630 1519 retur
692 1461 984 1516 universus
1051 1459 1215 1522 orbis,
1265 1480 1287 1506 η
1331 1466 1436 1513 etc.
1496 1458 1658 1524 (Luc.
1722 1454 1806 1520 ιι.)
1861 1442 2085 1523 [Reum]

475 1551 644 1606 Juxta
684 1549 847 1605 ﬁdem
885 1548 1257 1614 historiarum,
1309 1554 1458 1600 tanta
1494 1560 1633 1616 pace
1671 1542 1923 1616 regnavit
1961 1544 2085 1596 Au-

471 1654 665 1718 gustus
721 1646 880 1701 annis
917 1645 1208 1700 duodecim
1253 1642 1400 1700 circa
1431 1650 1644 1712 tempus
1664 1640 1951 1694 dominica:
1979 1653 2083 1692 na-

467 1736 712 1803 tivitatis,
752 1743 809 1789 ut
847 1744 951 1789 tam
982 1732 1272 1788 forincesis
1303 1746 1469 1804 quam
1504 1729 1755 1785 civilibus
1779 1728 1936 1782 bellis
1967 1735 2082 1781 toto

471 1825 607 1879 orbe
637 1824 851 1894 sOpitis,
870 1831 925 1878 et
953 1822 1025 1877 ad
1053 1821 1289 1876 litteram
1312 1819 1644 1889 completum
1670 1818 1919 1873 videatur
1947 1815 2082 1870 illud

2195 1540 2296 1596 stis
2335 1557 2444 1596 non
2472 1541 2780 1597 scribantur
2810 1541 2993 1611 (Psal.
3017 1542 3234 1610 vam).

2265 1636 2493 1691 Factum
2541 1643 2624 1690 est
2651 1646 2835 1691 autem
2892 1652 3017 1692 cum
3066 1642 3251 1691 essent
3306 1633 3399 1701 ibi,
3434 1632 3641 1704 impleti
3673 1640 3800 1687 sunt

2193 1724 2313 1779 dies
2364 1732 2425 1779 ut
2482 1733 2728 1795 pareret,
2759 1733 2814 1780 et
2849 1724 3063 1796 peperit
3092 1722 3259 1778 ﬁlium
3292 1739 3445 1778 suum
3475 1720 3801 1793 primogeni-

2191 1830 2331 1877 tum.
2397 1824 2629 1892 (BEDA.)
2669 1823 2836 1888 Bene,
2871 1831 2979 1877 tum
3028 1830 3255 1894 propter
3306 1820 3575 1892 judicium
3625 1827 3797 1873 stem-

470 1912 895 1982 propheticum:
930 1910 1259 1964 conﬂabant
1319 1908 1542 1978 gladios
1598 1906 1653 1959 in
1709 1920 1985 1970 vomeres.
2028 1911 2081 1958 ει
2109 1897 2163 1957 Β
2193 1910 2352 1965 matis
2383 1912 2554 1982 regis,
2588 1920 2698 1966 tum
2732 1919 2960 1982 propter
3023 1910 3259 1965 nominis
3289 1925 3505 1965 sacrum
3534 1907 3798 1962 Dominus

465 2000 686 2055 lanceas
716 1998 770 2053 in
817 1998 1009 2054 falces.
1040 1999 1164 2053 Non
1211 1995 1417 2051 levabit
1453 2011 1590 2066 gens
1639 2002 1828 2049 contra
1858 2000 2077 2064 gentem

471 2089 718 2161 gladium
763 2089 899 2157 (lsa.
958 2086 1047 2159 nj.
1100 2110 1121 2133 ι»
1204 2086 1557 2140 l’acatissimo
1600 2092 1775 2137 autem
1836 2091 2081 2152 tempore

469 2179 714 2233 nascitur
744 2177 1012 2245 Christus,
1046 2175 1193 2247 quod
1228 2176 1374 2229 Deus
1406 2182 1521 2228 erat
1578 2173 1631 2226 in
1664 2171 1881 2226 Christo
1913 2187 2076 2224 mun-

465 2266 598 2321 dum
655 2265 1016 2321 reconcilians
1046 2264 1148 2317 sibi
1182 2263 1247 2332 (ΙΙ
1287 2266 1418 2319 Cor.
1467 2264 1541 2327 v).
1576 2261 1706 2315 llaec
1752 2260 1936 2331 itaque
1968 2274 2079 2329 pax

467 2371 633 2426 quam
663 2354 789 2410 fecit
818 2358 1094 2424 Augustus
1144 2350 1487 2423 signiﬁcabat
1519 2365 1709 2420 pacem
1770 2364 1929 2420 quam
1959 2350 2078 2403 Me-

467 2445 643 2499 diator
678 2451 866 2497 noster
896 2444 1135 2497 tacturus
1196 2447 1329 2504 erat,
1365 2447 1419 2495 et
1445 2455 1541 2509 per
1599 2453 1658 2492 se
1690 2442 1744 2492 et
1786 2454 1887 2508 per
1917 2435 2080 2492 disci-

467 2533 627 2604 pulos
657 2532 797 2586 inter
826 2532 997 2585 Deum
1026 2539 1081 2585 et
1128 2528 1407 2584 homines.
1448 2528 1827 2598 Opportunum
1859 2539 2078 2597 quoque

468 2620 589 2685 fuit,
619 2628 674 2674 ut
733 2618 1017 2673 tremenda
1045 2618 1273 2672 Romani
1321 2615 1556 2671 nominis
1586 2615 1784 2669 umbra
1813 2619 2076 2685 protege-

469 2716 658 2764 rentur
682 2707 934 2777 discipuli
966 2721 1294 2777 quocunque
1351 2705 1417 2758 ad
1446 2702 1853 2774 prmdicandum
1887 2710 2077 2757 trans-

470 2796 638 2852 irent.
684 2796 821 2850 Nam
890 2796 1033 2850 sicut
1070 2809 1104 2848 a
1168 2794 1385 2848 Caesare
1424 2792 1745 2865 exigebatur
1804 2790 2076 2863 professio

471 2901 669 2941 census
712 2884 778 2938 ab
816 2883 1081 2938 universo
1120 2883 1277 2950 orbe,
1340 2881 1420 2938 sic
1452 2898 1480 2935 a
1529 2880 1749 2935 Christo
1806 2880 2075 2952 exigenda

475 2983 592 3031 erat
631 2972 758 3027 ﬁdei
795 2971 1071 3043 professio
1127 2970 1181 3025 in
1221 2979 1333 3026 toto
1370 2970 1600 3025 mundo.
1652 2969 1805 3025 Unde
1861 2969 1999 3024 illud
2060 2968 2075 3025 ἐ

474 3064 727 3118 «Euntes
760 3060 812 3115 in
869 3061 1131 3115 mundum
1180 3059 1495 3114 universum
1547 3052 1842 3130 praedicate
1885 3058 2073 3112 Evan-

463 3147 664 3220 gelium
696 3146 844 3203 omni
873 3153 1142 3201 creatura:
1164 3145 1359 3213 (Marc.
1405 3146 1538 3210 xvi).
1574 3164 1599 3194 ι

2188 1999 2245 2053 in
2300 2000 2614 2055 Betlilehem
2646 2000 2886 2055 nascitur
2923 2014 2935 2054 :
2978 1999 3291 2055 Bethlehem
3335 2013 3572 2069 namque
3600 1996 3793 2052 domus

2183 2091 2356 2160 panis
2386 2088 2794 2159 interpretatur.
2825 2090 3219 2158 (Gancomus.)
3250 2088 3319 2143 Et
3347 2086 3418 2141 ibi
3447 2087 3602 2158 panis
3633 2084 3796 2141 vivus

2191 2178 2283 2246 qui
2313 2178 2382 2232 de
2420 2177 2564 2232 coelo
2595 2178 2880 2232 descendit
2920 2186 3147 2248 apparet
3172 2178 3227 2231 in
3258 2191 3444 2240 carne,
3467 2174 3558 2247 qui
3589 2173 3795 2229 electo-

2190 2281 2312 2319 rum
2363 2275 2580 2321 mentes
2639 2266 2851 2321 interna
2911 2265 3158 2321 reficiens
3227 2264 3504 2319 satietate.
3542 2259 3795 2330 Quotidie

2193 2354 2464 2409 Dominus
2518 2354 2572 2408 in
2621 2354 2902 2408 Nazareth
2934 2355 3260 2425 concipitur,
3308 2362 3357 2408 et
3388 2352 3442 2406 in
3483 2350 3794 2407 Bethlehem

2190 2443 2454 2510 nascitur,
2489 2458 2613 2498 cum
2666 2443 2895 2515 quilibet
2924 2441 3102 2498 ﬁdelis
3165 2441 3323 2497 verbi
3350 2440 3483 2496 flore
3539 2444 3794 2508 suscepto

2193 2533 2417 2586 domum
2451 2549 2511 2587 se
2550 2541 2771 2587 aeternae
2802 2532 2954 2603 pacis
2985 2530 3177 2587 efﬁcit.
3213 2531 3427 2601 (Βιειιλ.)
3459 2526 3711 2598 Quotidie
3740 2526 3799 2580 in

2190 2620 2374 2676 animo
2405 2620 2748 2676 credentium
2772 2620 2928 2691 quasi
2961 2620 3014 2675 in
3045 2628 3197 2674 utero
3226 2616 3479 2689 virginali
3510 2631 3606 2686 per
3634 2613 3798 2669 ﬁdem

2187 2710 2512 2780 concipitur,
2545 2727 2644 2781 per
2673 2710 2950 2780 baptisma
2973 2708 3239 2782 gignitur.
3265 2704 3520 2775 Quotidie
3547 2702 3798 2759 Ecclesia

2188 2798 2347 2871 quasi
2367 2799 2465 2853 Dei
2512 2798 2765 2853 Gentirix
2782 2798 3078 2853 comitatur
3099 2811 3254 2850 suum
3276 2796 3574 2858 doctorem,
3594 2800 3653 2846 ut
3675 2793 3793 2846 Ma-

2188 2889 2271 2943 ria
2308 2887 2514 2958 Joseph
2546 2887 2613 2942 de
2636 2885 2640 2888 ⁴
2662 2887 2816 2942 ruina
2866 2885 3157 2941 mundana:
3186 2882 3617 2940 conversationis
3645 2880 3794 2951 quod

2189 2975 2419 3031 Galiltea
2458 2984 2634 3043 sonat,
2664 2976 2971 3030 ascendens
3027 2974 3081 3028 in
3112 2973 3384 3028 civitatem
3434 2970 3587 3038 Juda,
3623 2968 3679 3023 id
3707 2976 3792 3023 est

2187 3063 2549 3120 confessionis
2572 3072 2622 3119 et
2653 3063 2848 3125 laudis.
2883 3070 3198 3133 aeternoque
3229 3060 3367 3132 Regi
3413 3073 3636 3115 censum
3664 3072 3791 3128 per-

2187 3153 2351 3209 solvit
2374 3153 2697 3209 devotionis.
2759 3151 2891 3221 Quae
2920 3149 3170 3206 Ecclesia
3194 3149 3251 3203 in
3282 3147 3589 3219 exemplum
3617 3146 3790 3201 beata:

533 3237 668 3291 Haec
695 3233 995 3305 descriptio
1022 3233 1201 3304 prima
1240 3232 1387 3290 facta
1417 3240 1498 3288 est
1541 3248 1576 3288 a
1602 3234 1840 3305 praeside
1901 3234 2075 3307 Syriae
2101 3249 2153 3312 ρ
2181 3242 2381 3310 Mariae,
2416 3242 2507 3296 alii
2549 3249 2634 3296 est
2663 3241 2816 3313 quasi
2847 3240 3196 3310 desponsata,
3230 3237 3329 3292 sed
3360 3237 3431 3292 ab
3456 3236 3566 3291 alio
3596 3234 3788 3291 fecun-

463 3324 687 3396 Cyrino.
732 3346 755 3371 α
792 3323 857 3377 Ει
882 3322 1029 3376 ibant
1060 3337 1250 3377 omnes
1280 3329 1338 3376 ut
1367 3320 1762 3392 proﬁterentur
1792 3322 1993 3396 singuli
2022 3326 2083 3382 in

467 3428 622 3469 snam
649 3412 952 3469 civitatem.
996 3432 1018 3458 υ
1040 3411 1157 3465 Nec
1180 3409 1483 3481 descriptio
1502 3410 1680 3481 prima
1698 3411 1902 3467 dicitur
1912 3429 2087 3484 quan-

463 3511 578 3556 tum
604 3501 671 3556 ad
721 3509 935 3571 tempus
966 3499 1187 3570 Cyrini;
1219 3514 1347 3553 nam
1394 3508 1558 3555 antea
1613 3515 1758 3570 saepe
1784 3500 2085 3573 descriptae

469 3599 690 3656 fuerunt
739 3599 1016 3670 pleraque
1046 3604 1231 3668 partes
1281 3605 1571 3653 terrarum.
1606 3598 1839 3668 Cyrinus
1891 3614 1924 3653 a
1953 3600 2080 3656 Cte-

465 3705 591 3745 sare
626 3688 828 3743 missus
851 3687 946 3756 jus
983 3687 1115 3741 dare
1154 3686 1429 3756 gentibus,
1461 3694 1516 3742 et
1571 3702 1772 3742 censor
1809 3690 2070 3759 patrimo-

466 3779 682 3834 niorum
713 3776 922 3832 futurus
971 3776 1186 3846 Syriam
1214 3775 1381 3831 venit.
1415 3776 1483 3830 Et
1535 3775 1663 3848 quia
1691 3776 1885 3832 Iudaea
1919 3779 2079 3849 quasi

475 3866 765 3922 umbilicus
811 3866 975 3920 totius
1023 3874 1186 3921 terrae
1216 3873 1317 3931 est,
1359 3880 1566 3919 census
1609 3865 1846 3936 primum
1878 3866 1935 3921 in
1965 3884 2079 3923 me-

472 3956 564 4012 dio
616 3963 779 4011 terrae
808 3954 1060 4026 exigitur,
1091 3960 1149 4007 ut
1202 3953 1330 4008 inde
1359 3961 1550 4024 postea
1606 3970 1782 4027 usque
1811 3955 1882 4011 ad
1937 3948 2075 4012 fines

469 4044 622 4099 orbis
677 4042 1007 4114 requiratur.
1085 4042 1187 4097 Hic
1243 4042 1481 4114 primum
1552 4043 1692 4099 facta
1745 4052 1834 4100 est
1887 4045 2075 4102 Judma

461 4138 811 4212 stipendiaria
838 4137 1099 4194 Romanis
1127 4155 1140 4202 ;
1172 4137 1474 4208 imperante
1521 4140 1768 4211 Augusto
1799 4146 1852 4196 et
1879 4141 2074 4211 praesi-

454 4229 621 4285 dente
679 4226 874 4298 Cyrino
930 4226 1081 4281 ibant
1129 4242 1322 4283 omnes
1394 4228 1464 4283 ad
1517 4227 1958 4299 descriptionem,
2012 4244 2071 4291 ut

456 4322 661 4395 singuli
690 4321 743 4376 in
778 4337 934 4376 suam
981 4321 1259 4378 civitatem
1289 4322 1502 4378 reversi
1554 4321 1948 4393 proﬁterentur
1972 4325 2069 4382 de-

458 4420 632 4476 bitum
670 4436 894 4477 census.
933 4420 1021 4476 Sic
1080 4436 1216 4493 ergo
1245 4436 1395 4477 nunc
1423 4420 1726 4492 imperante
1764 4422 1980 4480 Christo
2010 4433 2066 4480 et

457 4518 685 4590 praemio
715 4516 1027 4589 pollicente,
1059 4534 1161 4589 per
1204 4518 1463 4575 doctores
1494 4519 1759 4576 Ecclesiae
1788 4523 2061 4593 praesides

2194 3332 2340 3398 data,
2372 3331 2498 3385 dum
2524 3330 2704 3401 jungit
2746 3327 2987 3400 pontiﬁci
3017 3326 3299 3399 proposito
3326 3325 3447 3391 sibi,
3468 3323 3568 3380 sed
3594 3338 3789 3379 cumu—

2191 3420 2338 3477 latur
2373 3420 2568 3476 virtute
2611 3418 2845 3490 Spiritus
2892 3416 3089 3473 sancti.
3133 3416 3255 3472 Und
3302 3415 3443 3470 bene
3460 3413 3663 3483 Ioseph
3689 3429 3791 3469 au-

2176 3516 2321 3566 ctus
2351 3509 2758 3579 interpretatur,
2791 3506 3041 3562 indicans
3060 3503 3133 3559 nil
3167 3504 3350 3559 valere
3378 3500 3688 3557 instantiam
3715 3500 3792 3556 lo-

2195 3598 2412 3671 quentis
2440 3595 2690 3668 magistri
2719 3595 2837 3650 sine
2882 3601 3178 3665 augmento
3205 3591 3426 3663 superni
3465 3588 3781 3659 jnvaminis.

2192 3687 2363 3742 Natus
2396 3685 2575 3757 itaque
2606 3684 2873 3739 Dominus
2927 3690 3011 3738 est
3040 3681 3341 3738 secundum
3384 3693 3624 3748 carnem,
3653 3685 3708 3733 et
3737 3685 3792 3732 tu

2191 3776 2491 3832 secundum
2523 3774 2771 3844 spiritum
2801 3771 3075 3828 nasceris.
3104 3770 3265 3838 Quod
3296 3770 3441 3825 enim
3470 3783 3579 3823 non
3601 3783 3666 3822 ex
3696 3782 3794 3822 vo-

2189 3864 2395 3920 luntate
2421 3863 2601 3918 carnis
2630 3862 2754 3928 viri,
2785 3861 2885 3916 sed
2915 3875 2979 3916 ex
3034 3858 3236 3930 Spiritu
3267 3865 3459 3915 sancto
3488 3864 3654 3912 natus
3687 3863 3791 3920 est,

2188 3961 2606 4034 generationem
2666 3957 2921 4031 signavit,
2973 3972 3135 4029 quam
3174 3956 3361 4029 utique
3414 3954 3637 4010 daturus
3677 3959 3796 4008 erat

2188 4068 2256 4107 ex
2297 4050 2520 4121 Spiritu.

2264 4171 2286 4197 ι
2319 4149 2386 4202 Et
2414 4148 2610 4218 pannis
2638 4162 2761 4201 eum
2791 4144 3030 4209 insolvit,
3065 4150 3119 4199 et
3165 4141 3447 4198 reclinavit
3476 4140 3531 4195 in
3582 4155 3789 4211 praese-

2168 4237 2278 4308 ‘pio
2307 4235 2436 4309 quia
2463 4249 2572 4291 non
2602 4244 2717 4291 erat
2743 4234 2793 4291 ei
2820 4234 2976 4291 locus
3005 4233 3062 4287 in
3090 4230 3425 4287 diversorio.
3460 4252 3482 4277 η
3515 4230 3637 4284 Non
3668 4235 3793 4283 erat

2181 4324 2339 4382 locus
2380 4326 2435 4380 in
2466 4324 2789 4381 diversorio.
2830 4324 2965 4378 Erat
3008 4321 3155 4377 enim
3181 4318 3560 4376 difﬁcillimum
3589 4333 3789 4374 vacan-

2178 4425 2268 4471 tes
2303 4414 2543 4486 reperire
2572 4413 2769 4469 domos
2798 4418 3021 4483 propter
3048 4418 3378 4466 conventum
3406 4423 3473 4464 ac
3518 4405 3794 4477 frequent-

2179 4506 2313 4561 tiam
2353 4503 2841 4579 Judaeorumuquos
2882 4500 2938 4555 in
2968 4514 3135 4554 unum
3192 4496 3383 4553 eadem
3413 4504 3542 4551 tunc
3590 4493 3799 4549 descri-

459 4632 683 4673 censum
708 4614 933 4684 justitiaz
974 4614 1345 4687 proﬁteamur,
1372 4617 1560 4687 jugem
1614 4618 1734 4687 ejus
1766 4591 1911 4691 quod
1940 4619 2062 4675 leve
2093 4610 2151 4673 D
2184 4602 2391 4675 ptionis
2423 4615 2585 4658 causa
2619 4599 2944 4671 collegerat.
2976 4594 3372 4663 (GRBGORIUS.)
3397 4593 3500 4658 Qui
3531 4591 3795 4646 mundum

426 4723 540 4771 ‘est
567 4713 1303 4779 subeamus,etiuveniemus
1332 4714 1577 4785 requiem
1630 4716 1916 4772 animabus
1963 4733 2063 4773 no-

458 4804 584 4860 stris
637 4803 866 4875 (Matth.
907 4802 1007 4872 xi).
1049 4802 1254 4858 Caesari
1291 4803 1610 4858 solvebatur
1631 4803 1912 4882 denarius,
1956 4807 2050 4879 qui

457 4894 651 4950 decem
680 4907 935 4949 nummos
988 4890 1265 4960 habebat;
1294 4892 1382 4963 qui
1417 4892 1580 4946 etiam
1609 4895 1831 4950 nomine
1862 4894 2060 4951 Caesa-

454 4984 529 5039 ris
557 4983 895 5039 titulabatur.
930 4981 1004 5035 Et
1031 4996 1133 5036 nos
1161 4980 1453 5037 oﬂ‘eramus
1493 4982 1612 5052 regi
1643 4991 1830 5038 nostro
1878 4985 2061 5042 Deca-

450 5072 641 5145 logum
662 5070 803 5144 legis
831 5071 888 5124 in
918 5084 1027 5142 quo
1054 5069 1262 5125 vultum
1325 5071 1497 5141 regis,
1528 5071 1584 5125 id
1613 5080 1697 5127 est
1722 5072 2061 5143 agnitionem

452 5160 701 5217 veritatis
730 5159 857 5230 ejus
882 5157 1225 5214 inveniemus
1257 5177 1272 5213 :
2030 5218 2039 5231 ,

531 5274 552 5297 ιι
586 5248 850 5306 Ascendit
896 5254 1077 5303 autem
1127 5248 1335 5318 Ioseph
1380 5262 1413 5302 a
1448 5249 1675 5306 Galilaea
1722 5251 1792 5307 de
1837 5251 2061 5309 civitate

430 5337 721 5401 _Nazareth
750 5338 809 5391 in
838 5336 1073 5392 Judeam
1102 5336 1157 5390 in
1205 5336 1477 5393 civitatem
1504 5339 1681 5394 David
1736 5357 1861 5413 quae
1891 5356 2061 5397 voca-

456 5432 540 5479 tur
594 5426 930 5492 Bethlehem,
964 5441 1031 5480 eo
1087 5425 1233 5497 quod
1264 5436 1410 5481 esset
1438 5427 1506 5483 de
1554 5427 1719 5484 domo
1767 5438 1821 5484 et
1851 5428 2062 5485 familia

424 5578 429 5581 τ
460 5511 653 5577 David,
688 5523 744 5569 ut
800 5511 1151 5585 proﬁteretur
1180 5531 1301 5570 cum
1361 5515 1533 5571 Maria
1560 5517 1892 5588 desponsata
1948 5519 2061 5575 sibi

452 5615 617 5657 uxore
639 5612 980 5673 praegnante.
1019 5626 1040 5650 η
1076 5604 1454 5674 (Gasoonws)
1475 5628 1496 5651 ‹-
1519 5606 1662 5661 Alibi
1690 5607 1902 5678 concipi
1922 5606 2058 5663 alibi

450 5698 601 5753 nasci
629 5698 801 5754 voluit
856 5698 1141 5767 Dominus,
1174 5708 1232 5755 ut
1286 5700 1590 5757 insidiantis
1620 5703 1855 5760 Herodis
1894 5703 2054 5761 furo-

447 5809 565 5849 rem
619 5794 830 5850 facilius
868 5796 1147 5850 evaderet.
1197 5796 1489 5853 Nascituro
1534 5800 1768 5855 Domino
1810 5802 2053 5857 mundus

449 5888 792 5959 describitur,
832 5891 962 5962 quia
991 5891 1083 5948 ille
1116 5893 1413 5963 apparebat
1444 5895 1496 5948 in
1523 5911 1691 5952 carne
1722 5896 1812 5967 qui
1840 5899 2049 5956 electos

2180 4692 2338 4747 vario
2367 4690 2528 4746 vestit
2562 4696 2779 4745 ornatu.
2832 4686 3032 4743 vilibus
3070 4684 3329 4748 induitur,
3361 4690 3420 4737 ut
3446 4681 3634 4736 stolam
3682 4680 3793 4735 im-

2179 4778 2531 4836 mortalitatis
2586 4776 2981 4847 reciperemus.
3046 4774 3240 4828 Manus
3296 4770 3576 4841 pedesque
3627 4768 3787 4824 cunis

2180 4868 2576 4939 astringuntnr,
2610 4874 2668 4920 ut
2696 4872 2895 4921 nostra:
2921 4879 3116 4918 manus
3147 4862 3217 4917 ad
3257 4860 3397 4915 bene
3449 4857 3789 4929 operandam

2170 4968 2463 5039 pedesque
2481 4965 2537 5019 in
2575 4964 2719 5018 viam
2750 4962 2901 5033 pacis
2925 4960 3258 5032 dirigantur.
3294 4960 3356 5011 In
3413 4953 3676 5028 praesepio
3707 4970 3788 5009 re~

2177 5057 2413 5113 clinatur
2441 5062 2500 5110 ut
2532 5051 2721 5108 ﬁdeles
2750 5066 2963 5116 omnes,
2996 5056 3185 5104 sancta
3222 5045 3480 5103 videlicet
3506 5042 3780 5109 animalia,

2180 5146 2367 5203 carnis
2395 5160 2509 5198 suae
2540 5143 2817 5197 frumento
2844 5138 3099 5195 reﬁceret
3119 5136 3213 5209 qui
3243 5136 3403 5206 panis
3432 5140 3514 5189 est
3550 5130 3782 5203 angelo-

2179 5251 2324 5290 rum.
2356 5233 2415 5287 In
2446 5238 2680 5305 angusto
2734 5228 2967 5300 przesepi
2997 5227 3307 5284 continetur
3333 5230 3393 5279 ut
3414 5238 3513 5277 nos
3542 5237 3642 5292 per
3669 5234 3783 5276 cre-

2176 5323 2331 5379 lestis
2361 5320 2517 5395 regni
2549 5318 2754 5393 gaudia
2784 5318 2992 5373 dilatet.
3050 5315 3180 5371 Non
3221 5314 3273 5368 in
3306 5313 3470 5367 domo
3497 5316 3781 5380 parentum

2176 5420 2339 5467 natus
2367 5419 2448 5467 est
2478 5408 2763 5474 Dominus,
2821 5414 2876 5461 ut
2908 5406 3222 5460 ostenderet
3251 5401 3378 5475 quia
3430 5412 3529 5470 per
3556 5395 3779 5452 humili-

2177 5510 2343 5557 tatem
2403 5503 2739 5567 assumptam
2773 5493 2929 5565 quasi
2980 5493 3034 5547 in
3064 5492 3245 5548 alieno
3292 5488 3640 5555 nascebatur,
3670 5501 3780 5540 non

2177 5597 2479 5656 secundum
2508 5601 2849 5667 potestatem,
2891 5590 2989 5646 sed
3038 5591 3340 5646 secundum
3368 5592 3616 5640 naturam
3673 5580 3779 5636 hu—

2173 5696 2483 5755 manitatis.
2518 5694 2659 5749 Nam
2701 5691 2771 5747 de
2802 5683 3077 5762 potestate
3106 5689 3227 5758 ejus
3274 5687 3533 5758 scriptum
3594 5694 3678 5741 est
3719 5685 3775 5741 in

2170 5795 2438 5867 propheta
2471 5809 2484 5844 :
2523 5814 2545 5837 α
2578 5789 2650 5845 Et
2677 5787 2800 5859 quia
2829 5785 3011 5841 omnis
3041 5798 3170 5841 caro
3199 5784 3383 5840 fenum
3412 5784 3547 5850 (lsa.
3587 5783 3703 5850 XL),
3752 5804 3772 5827 ι

2170 5896 2345 5951 factus
2402 5891 2566 5945 homo
2595 5888 2764 5942 Deus.
2808 5883 3013 5940 Fanum
3068 5890 3313 5939 nostrum
3371 5879 3523 5936 vertit
3553 5878 3607 5933 in
3670 5876 3775 5933 fru-
