3956 6416
361 393 451 448 19!
1259 394 1318 447 V.
1361 392 1690 451 GUIBEllTI
1732 393 2029 451 ABBATIS
2066 395 2120 447 S.
2167 394 2407 449 MARIJE
2448 395 2537 449 DE
2577 392 2965 448 NOVIGENTO
3787 395 3876 444 192

368 524 561 580 dirimi
609 525 882 595 patimur.
932 527 1041 592 lbi,
1083 524 1223 594 quia
1251 523 1428 580 locale
1467 525 1713 580 verbum
1750 531 1853 590 est,
1896 523 2060 579 bonae
2097 520 2147 575 Α
2180 522 2301 578 haec
2348 522 2470 592 ipsa
2514 522 2652 578 vitia
2693 531 2747 576 et
2794 522 2853 576 iu
2915 520 3150 591 psalmis
3195 528 3251 576 et
3299 521 3638 590 Evangelia,
3706 526 3878 588 portae

370 613 689 669 voluntatis
718 620 931 670 statum
961 612 1266 684 signiﬁcat,
1303 613 1427 669 sine
1471 627 1590 684 qua
1620 613 1707 668 bis
1736 613 2064 668 cohabitare

369 702 502 774 quis
533 710 802 772 nequeat.

443 791 617 846 Vsus.
661 794 749 858 55,
795 795 880 844 56.
919 820 989 832 -
1027 792 1266 860 Surgens
1317 797 1495 845 autem
1541 807 1695 844 mane
1743 791 1948 844 loculus
1986 795 2062 844 est

366 895 505 950 puer
550 897 563 934 :
635 883 852 935 Dimitte
898 897 998 947 mc,
1050 887 1108 933 ut
1163 879 1360 934 cadam
1407 879 1481 932 ad
1537 879 1812 931 dominum
1867 893 2059 931 meum.

370 971 778 1037 Responderunt
827 973 1028 1035 fratres
1061 969 1198 1038 ejus,
1253 973 1303 1022 et
1357 974 1573 1022 mater:
1620 969 1836 1021 Maneat
1879 967 2063 1035 puella

370 1059 561 1112 saltem
597 1058 771 1112 decem
810 1058 1002 1113 diebus
1044 1057 1195 1127 apud
1225 1072 1337 1122 nos,
1370 1063 1418 1109 et
1455 1061 1638 1124 postca
1667 1057 2058 1123 proﬁciscetur.

369 1147 559 1211 Nolite,
600 1150 702 1213 ait,
754 1163 834 1199 me
876 1149 1122 1210 retinere,
1179 1148 1310 1214 quia
1349 1143 1556 1196 direxit
1612 1143 1862 1196 dominus
1915 1144 2064 1196 ciam

369 1250 561 1288 meam.
609 1235 744 1287 Puer
796 1249 952 1287 mane
998 1234 1205 1302 surgit,
1258 1246 1389 1287 cum
1439 1231 1630 1286 debita
1677 1230 1982 1286 sedulitate
2028 1245 2062 1286 a

369 1323 576 1378 mentis
609 1321 851 1377 infantia
883 1322 941 1376 in
984 1321 1148 1376 virile
1191 1320 1368 1375 robur
1403 1319 1636 1374 virtutis
1675 1318 1914 1374 affectus
1951 1318 2063 1374 elli-

365 1424 475 1466 cax
513 1425 572 1466 se
616 1410 872 1480 proripit.
915 1410 1077 1464 Mane
1119 1423 1222 1480 pro
1261 1408 1564 1464 sedulitate
1608 1407 1741 1477 poni
1786 1409 1939 1462 testis
1977 1414 2062 1462 est

369 1498 624 1569 psalmus
676 1514 689 1553 :
748 1502 908 1554 Mane
968 1501 1143 1553 oratio
1201 1513 1319 1551 mea
1383 1499 1673 1566 praveniet
1747 1501 1794 1550 te
1883 1497 2057 1564 (Psal.

365 1603 615 1655 Lxxxvn,
655 1589 758 1658 ii).
796 1589 861 1643 Et
893 1606 908 1641 :
943 1589 1242 1654 Castigatio
1281 1602 1399 1639 mea
1447 1588 1503 1638 in
1552 1587 1839 1639 matutinis
1879 1586 2058 1652 (Psal.

365 1690 538 1742 Lxxu,
591 1677 691 1742 14).
743 1678 1029 1741 Dimittite,
1073 1676 1153 1730 ait
1201 1679 1261 1727 ut
1318 1673 1518 1728 cadam
1561 1674 1635 1727 ad
1665 1674 1960 1739 dominum,
2007 1673 2062 1727 id

365 1771 449 1818 est
505 1771 709 1819 vestra:
758 1762 1058 1818 infusionis
1101 1762 1361 1818 ubertate
1411 1776 1565 1816 meas
1605 1761 1837 1816 dilatate
1886 1775 2064 1830 angu-

364 1852 522 1919 stias,
557 1860 620 1907 ut
650 1851 1010 1908 dominatrici
1037 1851 1298 1907 omnium
1329 1851 1538 1907 rationi
1577 1850 1920 1920 conjungar.
1956 1849 2061 1904 Sed

365 1940 568 1996 matris
600 1940 914 2006 charitatis,
956 1947 1410 2008 caaterorumque
1451 1938 1731 1993 bonorum
1763 1937 2062 2006 respondet

363 2027 618 2095 effectus,
652 2029 738 2084 vel
773 2029 948 2082 decem
979 2028 1166 2082 diebus
1215 2027 1370 2097 apud
1417 2041 1474 2082 se
1515 2040 1745 2081 manere
1787 2025 2057 2096 puellam,

363 2130 466 2188 per
497 2117 925 2172 universitatem
959 2115 1158 2186 utique
1193 2115 1388 2186 [hujus
1431 2113 1723 2184 temporis,
1779 2114 1932 2185 quod
1973 2129 2060 2169 se-

364 2211 516 2274 ptem
547 2205 749 2261 diebus
785 2205 999 2276 agitur,
1047 2203 1223 2260 trium
1255 2219 1385 2275 quae
1431 2203 1717 2273 praecipue
1757 2203 2060 2260 molestant

362 2308 494 2350 cum
547 2309 658 2350 usu
702 2293 986 2350 virtutum
1027 2294 1409 2350 exercendam
1469 2292 1798 2362 patientiam
1843 2292 2057 2362 cogita-

367 2381 538 2438 tionis
592 2383 822 2447 scilieet,
875 2382 1198 2447 locutionis,
1262 2390 1317 2437 et
1374 2382 1580 2450 operis,
1637 2390 1699 2437 ut
1757 2396 1889 2436 cum
1938 2381 2058 2436 haec

365 2470 657 2540 religionis
713 2472 845 2542 jure
919 2469 1244 2540 defregerit,
1309 2470 1690 2539 proﬁciscitur
1753 2468 1825 2524 ad
1875 2469 2052 2534 lsaac,

363 2557 563 2628 gaudii
597 2559 796 2614 aeterni
839 2559 1113 2629 jubilum.
1163 2559 1446 2613 Denarius
1483 2565 1675 2612 autem
1729 2571 1801 2612 ex
1841 2565 2054 2626 septem

361 2653 417 2702 et
468 2647 654 2702 tribus
712 2655 951 2703 constat.
1023 2647 1233 2714 Quare,
1297 2646 1398 2714 ait,
1447 2660 1482 2700 a
1537 2654 1726 2701 vestra
1779 2646 2056 2716 parcitate

363 2734 654 2800 cohibeor,
699 2737 799 2806 qui
835 2736 957 2806 jam
1007 2736 1217 2792 futurae
1257 2734 1582 2791 directionis
1632 2749 1767 2790 meae
1813 2736 2051 2805 gloriam

341 2821 717 2893 speculando
749 2832 1036 2893 praegusto
1053 2823 1080 2878 ?

437 2911 608 2967 Vnus.
643 2915 732 2977 57,
765 2915 853 2978 58,
892 2916 977 2978 59,
1009 2915 1096 2966 60.
1147 2943 1214 2952 -
1255 2913 1526 2973 Vocemus.
1561 2911 1855 2982 inquiunt,
1899 2915 2054 2982 puel-

363 3001 494 3065 lam,
549 3003 599 3052 et
637 3015 942 3069 quaeramus
975 3003 1149 3070 ipsius
1195 3001 1542 3054 voluntatem.
1587 3002 1824 3068 Cumque
1863 3008 2054 3056 vocata

2171 612 2370 668 mortis
2408 613 2576 681 (Psal.
2615 625 2726 679 ενι,
2775 610 2860 682 t8)
2898 618 2952 666 et
2993 618 3168 680 portze
3209 618 3492 666 vocantur
3552 610 3879 666 inferorum

2174 701 2390 768 (Matth.
2431 715 2543 768 xvi,
2583 700 2687 769 l8).

2245 787 2413 844 Visus.
2448 792 2534 844 6i.
2576 817 2644 830 —
2684 791 2862 856 Igitur
2893 789 3140 855 Rebecca,
3185 795 3233 841 et
3263 790 3456 857 puellae
3485 787 3603 859 ejus
3636 791 3881 842 ascensis

2171 880 2385 932 camelis
2417 884 2608 932 secuta:
2644 883 2771 932 sunt
2816 881 3014 932 virum.
3069 879 3178 942 Qui
3214 880 3449 943 festinus
3491 879 3884 932 revertebatur

2171 965 2246 1018 ad
2288 966 2566 1020 dominum
2613 981 2789 1020 suum.
2839 966 3079 1020 Rebecca
3135 967 3354 1036 puellas
3405 967 3576 1022 habet
3615 965 3881 1029 comites,

2171 1055 2307 1125 quia
2351 1055 2636 1125 patientiae
2670 1070 2773 1110 nec
2821 1055 3054 1110 humilis
3092 1055 3460 1122 verecundia,
3505 1069 3702 1125 neque
3749 1055 3884 1108 sim-

2170 1144 2333 1212 plicis
2381 1144 2772 1213 temperantiae
2842 1143 3052 1199 desunt
3099 1144 3490 1212 cogitationes.
3544 1144 3889 1199 Ascendunt

2171 1233 2435 1300 camelos,
2467 1242 2521 1288 et
2552 1241 2884 1301 sequuntur
2910 1233 3115 1298 virum,
3139 1246 3271 1287 cum
3305 1232 3614 1288 humilium
3647 1232 3883 1299 fastigio

2169 1319 2455 1376 virtutum
2507 1321 2719 1391 pariter
2760 1320 3114 1387 innituntur,
3159 1328 3215 1376 et
3265 1321 3583 1390 appetitum
3632 1320 3887 1375 cmlcstis

2172 1410 2305 1467 boni
2345 1411 2513 1480 quasi
2553 1411 2756 1466 ducem
2798 1410 3130 1479 virumque,
3172 1424 3290 1478 quo
3323 1423 3546 1479 semper
3575 1408 3887 1464 fecunden-

2173 1507 2287 1563 tur,
2334 1507 2688 1568 sequuntur.
2756 1498 2810 1553 Is
2854 1498 3054 1553 festiue
3093 1499 3168 1550 ad
3211 1498 3486 1551 dominum
3524 1498 3880 1569 regreditur,

2172 1588 2311 1657 quia
2348 1601 2419 1641 ex
2461 1595 2670 1641 natura
2709 1585 2957 1650 virtutis,
2998 1598 3064 1638 ac
3108 1584 3153 1638 si
3200 1584 3349 1652 ignis
3387 1584 3458 1638 ad
3496 1584 3753 1646 excelsa,
3797 1583 3882 1649 [ad

2171 1689 2304 1731 eum
2351 1689 2384 1729 a
2427 1691 2543 1745 quo
2581 1675 2756 1730 datur
2812 1673 3120 1729 insatiabili
3162 1673 3452 1743 appetitus
3496 1686 3697 1728 amore
3746 1687 3882 1727 con-

2173 1763 2414 1818 veritur.

2246 1851 2418 1907 VERS.
2452 1854 2540 1918 62,
2582 1854 2648 1905 63
2705 1881 2773 1890 —
2808 1854 2883 1906 Eo
2917 1855 3150 1918 tempore
3177 1851 3335 1905 Isaac
3361 1849 3754 1903 deambulabat
3788 1863 3885 1916 per

2171 1942 2318 1994 viam
2361 1956 2478 2008 qua:
2506 1940 2653 1994 ducit
2699 1940 2774 1993 ad
2816 1944 3057 2008 puteum,
3092 1939 3245 2006 cujus
3295 1954 3483 1992 nomen
3535 1940 3786 1994 Viventis
3837 1942 3883 1989 et

2179 2028 2442 2082 Videntis.
2469 2028 2762 2082 Habitabal
2793 2031 2934 2080 enim
2967 2029 3024 2079 in
3057 2032 3203 2079 terra
3231 2027 3468 2079 australi
3500 2041 3513 2078 :
3547 2031 3598 2078 et
3626 2039 3883 2092 egressus

2167 2117 2354 2183 fuerat
2385 2116 2458 2169 ad
2483 2117 2856 2170 meditandum
2889 2118 2946 2169 in
2973 2131 3106 2184 agro
3137 2116 3402 2168 inclinata
3417 2115 3537 2182 jam
3565 2113 3675 2167 die.
3714 2118 3880 2170 Cum-

2169 2221 2270 2272 que
2299 2206 2523 2258 levasset
2552 2207 2730 2258 oculos
2758 2220 2902 2269 suos,
2936 2204 3078 2258 vidit
3109 2205 3334 2257 camelos
3365 2208 3631 2256 venientes
3656 2203 3875 2271 procul.

2169 2293 2288 2348 Hac
2316 2293 2490 2348 animi
2524 2300 2853 2361 tempestate
2887 2293 3030 2346 votis
3063 2292 3301 2362 ubique*
3327 2291 3687 2348 ferventibus
3721 2293 3876 2344 Isaac

2163 2399 2266 2450 per
2296 2387 2441 2434 tium
2471 2381 2803 2436 dcatnbulat
2841 2397 2960 2450 quae
2989 2382 3141 2434 ducit
3171 2381 3244 2434 ad
3274 2387 3516 2450 puteum,
3558 2380 3700 2436 dum
3750 2395 3878 2448 spes

2164 2474 2396 2540 superni
2448 2469 2643 2539 gaudii
2676 2484 2775 2538 per
2799 2484 2934 2525 eum
2977 2469 3078 2539 qui
3114 2470 3208 2524 via
3254 2470 3325 2524 ad
3354 2484 3414 2524 se
3441 2469 3725 2524 euntibus
3769 2477 3871 2534 est,

2165 2559 2482 2626 gradiendo
2516 2559 2736 2628 prolicit
2765 2558 2836 2612 ad
2867 2557 2995 2628 ejus
3030 2557 3211 2628 ipsius
3237 2557 3646 2628 cognitionem,
3673 2557 3785 2627 qui
3823 2565 3876 2612 et

2165 2647 2285 2717 ipse
2320 2655 2542 2715 puteus,
2594 2647 2648 2702 id
2683 2654 2767 2702 est
2811 2646 3190 2716 profunditas,
3237 2654 3324 2701 est
3362 2645 3654 2715 sapientiae
3699 2647 3876 2701 totius

2163 2745 2218 2792 et
2256 2735 2506 2791 scientia:
2548 2737 2975 2801 thesaurorum,
3020 2735 3175 2804 cujus
3222 2749 3336 2790 non
3369 2750 3557 2788 nomen
3602 2737 3872 2799 Viventis,

2161 2831 2218 2882 et
2247 2839 2377 2880 cum
2399 2838 2506 2880 sua
2522 2832 2576 2880 et
2598 2824 2878 2894 generalis
2905 2825 3161 2880 omnium
3194 2824 3266 2880 sit
3289 2824 3424 2892 vita,
3457 2838 3667 2880 nomen
3700 2825 3876 2880 habet

2161 2913 2334 2969 etiam
2382 2914 2647 2978 Videntis,
2687 2912 2936 2980 seipsum
2988 2912 3196 2968 scilicet
3244 2913 3343 2983 qui
3387 2916 3471 2968 est
3503 2913 3625 2968 vita
3676 2914 3874 2969 videre

2160 3010 2216 3058 et
2244 3002 2386 3057 alios
2441 3002 2712 3059 facientis.
2772 3003 2836 3056 In
2887 3003 3124 3056 australi
3170 3015 3422 3071 namque
3467 3007 3634 3066 terra,
3682 3001 3742 3056 id
3791 3010 3871 3056 est

361 3090 609 3151 venisset,
643 3091 906 3143 sciscitati
944 3093 1086 3152 sunt,
1120 3088 1351 3143 dicentes
1381 3104 1394 3142 :
1433 3090 1524 3142 Vis
1557 3090 1638 3142 ire
1681 3103 1802 3142 cum
1845 3089 2053 3142 homine
2090 3090 2131 3148 C
2163 3091 2218 3145 in
2247 3091 2566 3160 spiritualis
2599 3090 2840 3145 fervoris
2877 3103 2944 3144 ac
2979 3090 3280 3146 soliditatis
3303 3090 3508 3161 gratia,
3553 3091 3864 3155 habitabat,

363 3179 505 3232 isto?
557 3179 686 3243 Quae
710 3181 791 3232 ait
823 3194 837 3232 :
880 3179 1106 3232 Vadam.
1144 3181 1476 3232 Dimiserunt
1507 3193 1639 3241 eam,
1683 3183 1739 3232 et
1790 3180 2056 3232 nutricem

363 3267 500 3335 ejus,
551 3282 869 3337 servumque
933 3268 1233 3331 Abraham,
1299 3272 1348 3321 et
1396 3270 1609 3321 comites
1661 3265 1802 3336 ejus,
1854 3269 2052 3335 imprc-

365 3361 547 3410 cantes
599 3371 864 3426 prospera
911 3357 1086 3410 sorori
1131 3370 1262 3419 sua,
1317 3359 1482 3422 atque
1533 3355 1768 3408 dicentes
1803 3370 1816 3407 :
1891 3356 2058 3409 Soror

359 3448 548 3499 nostra
589 3459 662 3509 es,
712 3459 920 3499 crescas
964 3445 1026 3497 in
1058 3445 1205 3498 mille
1251 3444 1447 3506 millia,
1482 3449 1533 3498 et
1573 3443 1850 3511 possideat
1880 3459 2057 3498 semen

361 3537 515 3586 tuum
570 3538 758 3602 portas
793 3533 1136 3586 inimicorum
1173 3545 1410 3585 suorum.
1463 3531 1750 3587 Vocamus
1797 3532 2053 3600 puellam,

359 3633 494 3676 cum
529 3619 730 3675 matris
761 3626 815 3675 et
845 3619 1112 3686 fratrum,
1147 3619 1466 3674 secundum
1506 3618 1659 3688 quod
1692 3618 1906 3674 dictum
1949 3626 2052 3686 est,

360 3707 598 3777 aspirati
651 3707 885 3762 consilio
944 3714 1198 3762 nostram
1246 3719 1322 3761 an
1378 3719 1744 3775 perseverare
1795 3706 1931 3762 velit
1997 3708 2054 3762 in

359 3794 682 3852 sanctitatis
724 3794 918 3852 studio
952 3795 1329 3865 disquirimus
1377 3794 1800 3850 conscientiam.
1853 3797 2056 3850 Vocata

360 3881 613 3948 advenit,
647 3897 777 3937 cum
810 3883 1048 3939 rationis
1084 3883 1477 3938 concionantis
1502 3882 1722 3953 judicio
1753 3890 1868 3938 tota
1906 3884 2054 3939 assi-

359 3971 476 4027 stit.
530 3971 836 4028 Desideriis
893 3972 1070 4043 igitur
1113 3972 1439 4028 cmlestibus
1484 3979 1538 4027 et
1582 3971 1680 4026 Dei
1731 3972 1951 4042 gratiar,
1999 3978 2054 4027 et

359 4059 656 4116 charitatis
709 4061 940 4116 allectui
997 4060 1160 4131 plene
1207 4059 1555 4130 respondens
1607 4060 1788 4124 fratri,
1843 4059 2053 4116 scilicet

361 4149 578 4215 Laban,
623 4149 907 4218 Bathueli,
956 4157 1012 4206 et
1050 4150 1241 4215 matri,
1281 4163 1536 4215 servum,
1583 4153 1684 4204 99
1723 4150 1778 4205 id
1817 4157 1903 4206 est
1942 4149 2053 4218 pie-

361 4237 492 4292 tatis
517 4236 786 4306 sequitur
815 4237 1153 4306 appetitum,
1197 4245 1252 4291 et
1293 4236 1348 4290 in
1381 4237 1762 4306 amplitudine
1798 4246 2052 4294 contem—

359 4323 623 4393 plationis
661 4323 956 4379 dilatanda
990 4324 1245 4390 laxatur,
1279 4340 1411 4381 cum
1447 4326 1671 4382 nutrice
1709 4341 1835 4394 sua,
1887 4325 2050 4382 vide—

2164 3189 2362 3235 auster
2382 3179 2536 3235 enim
2559 3179 2782 3234 calidus
2802 3187 2885 3233 est
2908 3187 3114 3234 ventus
3143 3193 3318 3248 quem
3343 3193 3589 3248 sponsus
3617 3180 3675 3234 in
3709 3179 3865 3236 Can-

2160 3268 2289 3324 ticis
2338 3269 2408 3322 ad
2455 3267 2751 3338 perﬂanda
2797 3274 3058 3322 aromata
3102 3282 3209 3322 sua
3245 3267 3528 3323 sollicitat.
3562 3267 3749 3338 (Cant,
3792 3283 3864 3332 tv,

2166 3357 2274 3422 16).
2326 3356 2430 3412 Sed
2465 3365 2585 3426 post
2619 3355 2934 3424 spiritualis
2963 3356 3359 3411 excellentiam
3393 3371 3598 3412 sensus
3633 3357 3711 3410 ad
3752 3373 3862 3410 me-

2163 3445 2454 3499 ditandum
2493 3449 2551 3498 in
2596 3460 2730 3512 agro
2758 3447 2944 3508 fuerat
2982 3459 3247 3510 egressus,
3293 3443 3432 3499 dum
3483 3444 3556 3500 ad
3585 3445 3868 3516 discepta-

2163 3533 2375 3588 tionem
2406 3532 2737 3601 passionnm
2759 3529 3034 3598 corporis,
3065 3531 3221 3598 quod
3251 3529 3378 3599 agri
3402 3544 3558 3586 more
3578 3531 3750 3586 nobis
3779 3546 3868 3586 ex-

2161 3613 2461 3676 colendum
2500 3628 2604 3684 est,
2639 3619 2959 3674 necessario
2990 3618 3313 3674 sublimitas
3342 3619 3652 3674 deducitur
3691 3619 3866 3675 intel-

2163 3708 2360 3764 lectus.
2407 3708 2714 3779 Egreditur
2751 3709 2809 3761 in
2847 3722 2980 3775 agro
3016 3707 3090 3760 ad
3130 3707 3527 3774 meditandum,
3562 3708 3651 3764 vel
3691 3709 3870 3778 juxta

2160 3798 2427 3867 quaedam
2463 3796 2832 3865 exemplaria,
2867 3795 2942 3849 ad
2972 3795 3303 3861 metandum,
3345 3810 3478 3851 cum
3505 3796 3574 3852 de
3608 3797 3867 3853 thalamo

2160 3885 2399 3942 internae
2429 3884 2852 3954 speculationis,
2885 3883 2957 3938 ad
2998 3883 3422 3939 meditationem
3453 3884 3682 3956 cogitur
3707 3900 3869 3941 mens

2156 3975 2422 4044 supernis
2451 3974 2671 4028 imbuta
2701 3971 2930 4042 gaudiis
2946 3986 3102 4028 cura;
3133 3973 3394 4038 actualis,
3429 3979 3532 4028 aut
3561 3973 3634 4028 ad
3671 3973 3864 4044 praeﬁ-

2159 4063 2432 4134 gendum,
2477 4062 2581 4117 sibi
2617 4070 2798 4117 metas
2837 4074 3121 4129 corporeae
3151 4060 3526 4116 restrictionis
3577 4063 3866 4133 compellit

2158 4149 2418 4206 animum
2466 4149 2671 4205 subita
2707 4149 2962 4204 molestia
2994 4147 3343 4204 temtationis.
3396 4149 3556 4214 Quod
3600 4149 3662 4206 tit
3698 4152 3861 4206 incli-

2157 4243 2291 4292 nata
2315 4239 2436 4306 jam
2468 4237 2572 4299 die,
2619 4237 2675 4292 id
2703 4245 2787 4292 est
2815 4237 3111 4293 subtracta
3141 4236 3440 4307 paulisper
3468 4238 3682 4294 divinae
3713 4255 3858 4295 con-

2161 4325 2544 4396 templationis
2585 4325 2729 4381 luce.
2783 4325 2888 4381 Sed
2932 4327 3086 4380 Isaac
3125 4326 3278 4380 levat
3334 4327 3535 4392 oculos,
3579 4327 3858 4398 videtque

357 4411 488 4500 licet
529 4411 908 4481 providentia,
949 4427 1080 4481 quae
1110 4427 1181 4468 ne
1220 4414 1358 4481 quid
1401 4414 1572 4469 nimis
1611 4415 1707 4470 fiat
1738 4429 2049 4484 procurare
2088 4446 2132 4500 ο
2156 4415 2346 4484 procul
2373 4415 2620 4481 camelos,
2653 4413 2794 4470 dum
2821 4427 3027 4469 rursus
3056 4427 3090 4467 a
3116 4413 3360 4483 propriae
3404 4429 3577 4470 sensu
3628 4414 3857 4487 fragili-

357 4499 579 4567 debeat,
633 4507 688 4555 et
735 4500 808 4556 ab
851 4516 1089 4557 excessu
1136 4509 1356 4572 arceat;
1408 4519 1728 4573 servumque
1784 4505 2046 4568 Abi-aha,

356 4587 674 4658 appetitum
719 4589 919 4659 utique
961 4589 1277 4645 intellectui
1313 4591 1702 4662 undecunque
1743 4593 2050 4648 subactum

353 4691 488 4733 cum
518 4677 804 4747 spirituali
837 4678 1121 4734 virtutum
1152 4678 1382 4734 comitia
1413 4679 1585 4736 libere
1615 4682 1881 4751 progredi
1911 4695 2052 4753 gau-

353 4765 507 4833 dent,
551 4769 923 4836 imprecantes,
965 4767 1120 4836 quod
1159 4775 1245 4823 est
1286 4769 1590 4838 imprecari
1634 4769 1902 4825 facientes
1940 4770 2047 4826 sibi

355 4853 460 4923 ipsi
518 4856 791 4922 animam,
843 4855 1099 4912 studium
1156 4856 1394 4912 meliora
1446 4858 1702 4927 gerendi,
1765 4858 1874 4914 sibi
1926 4859 2048 4930 jam

355 4956 627 5013 germane
669 4943 1058 5014 conjunctam.
1115 4946 1280 5000 Soror
1324 4951 1510 4999 nostra
1557 4961 1628 5000 es.
1675 4948 1757 5001 Ac
1804 4947 1850 5002 si
1891 4947 2048 5004 dice-

355 5036 518 5086 rent:
568 5031 654 5085 Ex
699 5031 880 5087 divini
918 5031 1327 5087 communione
1373 5033 1648 5102 germinis
1705 5033 1882 5090 habes
1927 5049 2050 5091 esse

353 5117 543 5173 virtus
581 5118 914 5186 nobiscum;
959 5118 1233 5188 patientia
1271 5119 1423 5176 enim
1459 5120 1567 5176 nisi
1610 5135 1710 5190 pro
1743 5121 1854 5177 Deo
1891 5123 2047 5178 stoli-

353 5205 502 5262 ditas
536 5213 640 5272 est,
675 5205 1063 5262 nobilitaberis
1103 5206 1452 5265 fecunditate
1479 5209 1784 5266 virtutum.
1819 5211 2048 5267 Crescas

353 5298 413 5350 in
440 5295 586 5348 mille
621 5295 822 5363 millia,
856 5297 1248 5364 promovearis
1281 5297 1494 5354 scilicet
1537 5298 1874 5368 perfectione
1907 5299 2048 5370 ;om-

352 5380 618 5452 nimoda;
661 5382 766 5438 hoc
807 5384 961 5438 enim
997 5383 1106 5439 ista
1151 5386 1531 5442 numerositas
1563 5395 1744 5454 sonat,
1785 5395 1840 5443 et
1871 5403 2050 5444 semen

354 5471 505 5527 bona
559 5471 754 5541 procul
809 5471 985 5527 dubio
1055 5487 1228 5542 opera
1289 5481 1390 5529 tua
1447 5475 1794 5544 possideant.
1849 5476 1904 5532 id
1965 5485 2050 5534 est

353 5559 672 5631 subjugent
714 5565 906 5629 portas
942 5562 1289 5616 inimicorum
1326 5577 1569 5628 suorum,
1611 5562 1752 5618 vitia
1798 5563 2047 5632 profecto

352 5661 454 5718 per
473 5662 604 5718 quae
637 5647 886 5704 intratur
915 5649 986 5704 ad
1017 5650 1302 5705 consortia
1330 5649 1713 5716 diabolorum,
1745 5651 1846 5720 qui
1875 5651 2047 5706 etiam

351 5735 548 5808 vulgo,
581 5737 1028 5794 antonomastice
1066 5745 1345 5794 notantur
1377 5737 1609 5794 nomine
1636 5737 2047 5811 inimicorum;

2158 4504 2291 4559 tatis
2334 4503 2404 4557 ad
2436 4502 2647 4558 divinae
2682 4501 3078 4557 celsitudinem
3114 4501 3427 4558 suscitatur
3465 4501 3724 4568 visionis,
3757 4502 3855 4558 ubi

2159 4591 2432 4647 rediviva?
2479 4590 2904 4660 contemplatur
2946 4590 3072 4660 jam
3108 4589 3336 4659 regredi
3381 4589 3562 4645 robur
3597 4589 3851 4646 virtutis.

2157 4681 2393 4736 Camelos
2423 4687 2638 4744 autem,
2671 4679 2913 4733 virtutes
2951 4677 3218 4743 dicimus,
3252 4685 3307 4733 et
3346 4678 3488 4748 quia
3529 4677 3853 4742 ruminant,

2157 4775 2212 4824 et
2241 4768 2378 4837 quia
2416 4782 2450 4822 a
2481 4767 2784 4832 curvitate,
2820 4765 2876 4820 id
2913 4773 2997 4821 est
3031 4765 3354 4822 humilitate
3391 4773 3696 4834 vocantur,
3733 4774 3789 4822 et
3815 4764 3856 4820 si

2157 4855 2442 4925 ungulam
2489 4855 2725 4926 quidem
2778 4869 2894 4910 non
2953 4853 3201 4920 findunt,
3253 4853 3612 4909 discretionis
3665 4861 3858 4910 tamen

2157 4945 2387 5015 signum
2419 4957 2492 4999 ex
2525 4942 2683 5013 gibbi
2713 4943 2802 4997 sui
2833 4942 3138 5011 partitione
3169 4941 3499 5011 praeferunt.

2231 5031 2401 5088 Vsus.
2461 5032 2548 5097 64,
2607 5034 2695 5096 65,
2755 5033 2842 5084 66.
2903 5059 2974 5069 —
3015 5029 3241 5084 Rebecca
3299 5044 3529 5098 quoque,
3579 5033 3858 5098 conspecto

2155 5123 2312 5177 Isaac
2365 5119 2640 5174 descendit
2697 5119 2762 5172 de
2798 5119 3016 5182 camelo,
3067 5122 3118 5170 et
3166 5121 3247 5171 ait
3294 5117 3370 5170 ad
3403 5133 3675 5186 puerum:
3726 5119 3856 5184 Quis

2155 5215 2234 5265 est
2265 5211 2354 5263 ille
2375 5209 2546 5276 homo,
2589 5211 2686 5277 qui
2711 5211 2857 5262 venit
2904 5223 3002 5277 per
3031 5222 3227 5273 agrum
3259 5209 3316 5260 in
3355 5223 3634 5262 occursum
3660 5207 3856 5262 nobis?

2153 5299 2279 5368 Ipse
2325 5302 2426 5365 est,
2479 5299 2680 5368 inquit,
2732 5297 2982 5350 dominus
3035 5309 3197 5349 meus.
3249 5297 3331 5348 At
3376 5296 3467 5348 ille
3512 5296 3698 5350 tollens
3755 5297 3853 5349 cito

2149 5388 2384 5456 pallium
2412 5388 2623 5455 operuit
2653 5400 2726 5441 se.
2780 5385 2976 5440 Servus
3020 5388 3200 5437 autem
3241 5390 3433 5438 cuncta
3474 5400 3594 5454 quae
3618 5387 3851 5452 gesserat

2154 5477 2407 5530 narravit
2445 5475 2616 5528 Isaac.
2668 5474 2896 5529 Rebecca
2949 5472 3304 5542 conspiciens
3349 5473 3526 5540 Isaac,
3578 5473 3853 5528 descendit

2155 5563 2221 5619 de
2249 5563 2466 5627 camelo,
2495 5561 2635 5617 dum
2679 5560 2954 5632 patientia
2984 5561 3203 5617 visione
3247 5560 3452 5617 intima
3495 5563 3848 5633 perpendens

2155 5665 2331 5721 super
2376 5649 2646 5716 caelestia,
2697 5663 2865 5705 omne
2907 5649 2967 5705 in
3009 5664 3068 5706 se
3113 5649 3235 5720 ipsa
3286 5649 3518 5706 virtutis
3557 5651 3848 5724 fastigium

2155 5739 2390 5812 propria
2442 5737 2822 5795 aestimatione
2882 5737 3114 5808 deponit
3180 5752 3298 5795 non
3350 5752 3476 5796 esse
3543 5741 3852 5813 condignas
