3924 6452
141 403 240 461 7'77

1100 411 1690 473 DEFLORATIONES
1721 415 1818 474 SS.
1853 419 2167 480 PATRUM.
2205 453 2272 472 -φ
2310 420 2446 480 LIB.
2486 424 2509 480 I

3341 439 3447 494 778

143 537 388 586 mentum
420 532 517 604 qui
549 532 625 590 de
659 535 958 607 semetipso
995 537 1069 590 ait
1111 555 1122 590 :
1169 563 1189 584 α
1228 538 1344 593 Nisi
1360 555 1590 611 granum
1619 541 1737 598 fru-
1771 544 1827 607 Α
1860 551 2106 617 comas.)
2136 548 2403 617 Quoniam
2421 553 2697 622 peccando
2719 558 2961 614 extranei
3000 576 3236 628 eramus,
3267 577 3300 617 ιι
3330 563 3446 620 Deo

141 629 305 683 menti
335 631 551 686 cadens
584 632 645 686 in
677 641 881 688 terram
915 643 1192 690 mortuum
1225 635 1382 691 fuerit
1428 638 1604 708 ipsum
1648 655 1744 695 so-

141 720 247 772 lum
272 729 457 774 manet
491 723 691 788 (Joan.
727 723 844 793 xu).
879 743 901 772 δ
937 723 1088 780 Unde
1118 734 1169 780 et
1199 735 1354 781 natus
1384 727 1438 781 in
1479 728 1744 800 praesepio

137 807 451 864 reclinatur.
491 809 811 867 Recliuavit
852 829 1087 881 puerum
1132 823 1330 870 mater.
1387 816 1596 888 Joseph
1643 834 1741 872 au-

137 915 235 962 tem
268 923 377 962 non
437 907 691 963 audebat
745 910 1010 980 attingere
1067 928 1230 982 quem
1290 912 1498 968 sciebat
1553 915 1623 969 de
1681 931 1741 971 se

134 1010 238 1050 non
269 1011 395 1050 esse
427 1005 793 1067 generatum.
825 998 1162 1068 Quicumque
1193 1017 1254 1055 es
1286 1016 1514 1072 pauper,
1554 1003 1739 1073 accipe

132 1084 601 1140 consolationem.
633 1087 838 1157 Josepb
879 1096 931 1142 et
970 1089 1142 1143 Maria
1188 1099 1362 1145 mater
1389 1091 1604 1146 Domini
1626 1107 1737 1147 non

133 1183 324 1237 habent
364 1183 685 1250 servulum,
728 1200 838 1239 non
893 1186 1165 1254 ancillam,
1226 1204 1333 1244 non
1384 1188 1735 1257 jumentum;

133 1272 230 1340 ipsi
260 1280 389 1326 sunt
418 1272 640 1327 domini
671 1280 726 1326 et
758 1273 962 1327 famuli.
991 1275 1113 1329 Non
1143 1276 1307 1330 audet
1334 1286 1627 1347 paupertas
1665 1278 1736 1331 ti-

134 1359 276 1414 mida
299 1360 448 1414 inter
472 1361 679 1416 divites
702 1363 985 1417 accedere.
1020 1365 1074 1416 lu
1113 1363 1475 1420 diversorium
1517 1366 1735 1431 vadunt,

130 1457 370 1512 nascitur
400 1457 458 1512 in
504 1457 728 1514 stabulo
768 1459 856 1528 qui
900 1459 969 1514 de
1017 1467 1257 1516 stercore
1299 1461 1515 1532 inapem
1563 1463 1729 1518 levat.

132 1546 187 1598 In
218 1553 470 1600 stercore
500 1546 611 1600 Job
640 1547 868 1602 sedebat
896 1556 949 1602 et
979 1556 1166 1618 postea
1195 1559 1483 1604 coronatus
1514 1560 1614 1616 est,
1634 1560 1744 1607 etc.

205 1677 223 1698 ι
264 1653 329 1706 Ει
357 1661 624 1722 pastores
648 1662 802 1708 erant
849 1654 901 1708 in
943 1655 1164 1726 regione
1213 1657 1404 1712 eadem
1450 1657 1743 1729 vigilantes

127 1749 178 1795 et
207 1742 599 1798 custodientes
631 1744 849 1815 vigilias
880 1745 1058 1799 noctis
1087 1761 1252 1815 super
1269 1762 1496 1817 gregem
1545 1763 1732 1802 suum.

127 1839 189 1892 Et
221 1855 354 1894 ecce
391 1841 640 1912 angelus
676 1841 890 1896 Domini
921 1844 1068 1896 stetit
1093 1843 1245 1910 juxta
1276 1843 1418 1906 illos,
1441 1851 1495 1898 et
1515 1843 1740 1899 claritas

129 1926 221 1981 Dei
251 1928 633 1983 circumfulsit
665 1929 809 1984 illos.
850 1954 871 1977 η
906 1931 1046 1985 Nato
1080 1931 1308 1986 Domino
1338 1940 1582 2002 pastores
1605 1933 1741 2002 vigi-

121 2014 254 2080 lant,
307 2033 671 2090 gregemque
717 2034 871 2072 suum
927 2019 1239 2074 custodiunt
1301 2029 1358 2073 ιιι
1418 2021 1743 2075 ostendatur

122 2112 316 2168 adesse
347 2122 580 2184 tempus
609 2115 758 2186 quod
787 2114 903 2185 ipse
941 2115 1071 2169 olim
1116 2116 1447 2186 promiserat
1503 2116 1694 2172 dicens
1728 2132 1740 2167 :

131 2227 150 2249 σι
190 2203 335 2258 Ecce
367 2219 483 2274 ego
517 2204 638 2274 ipse
671 2204 940 2273 requiram
971 2220 1106 2259 oves
1137 2220 1302 2273 meas,
1329 2215 1380 2259 et
1403 2206 1633 2260 visitabo
1650 2222 1744 2260 eas

126 2291 264 2345 aicut
295 2292 496 2346 visitat
528 2299 724 2362 pastor
754 2309 984 2365 gregem
1016 2309 1171 2348 suum
1201 2295 1422 2362 (Ezech.
1469 2296 1677 2364 xxxiv).
1717 2319 1738 2342 η

130 2389 227 2443 Per
253 2405 495 2461 gregem
521 2389 778 2461 populus,
813 2407 916 2459 per
945 2399 1159 2445 noctem
1190 2391 1471 2457 saeculum,
1502 2407 1605 2462 per
1638 2407 1742 2463 pa-

127 2485 302 2532 stores
357 2477 749 2550 significantur
797 2479 1112 2534 sacerdotes
1158 2479 1446 2535 animabus
1493 2481 1743 2552 pervigili

128 2581 258 2621 cura
288 2567 602 2639 provisuri.
649 2567 896 2640 Angelus
953 2582 1074 2624 cum
1122 2575 1271 2624 tanto
1318 2569 1523 2625 lumine
1571 2585 1743 2640 appa-

133 2681 279 2733 rens,
312 2667 469 2738 quod
502 2666 562 2720 iu
591 2673 702 2720 tota
731 2665 1069 2721 Testamenti
1102 2667 1312 2721 Veteris
1336 2668 1479 2722 serie
1510 2683 1617 2722 non
1653 2668 1741 2721 in-

130 2755 366 2820 venitur,
400 2755 643 2826 mystice
672 2755 994 2825 praemonuit
1024 2755 1169 2826 quod
1207 2758 1498 2826 Apostolus
1551 2764 1744 2828 postea

129 2852 310 2914 aperte
341 2844 483 2900 dixit
517 2861 530 2899 :
572 2868 593 2890 ει
633 2844 753 2899 Nox
784 2844 1086 2914 praecessit,
1135 2844 1255 2900 dies
1303 2853 1482 2901 autem
1532 2860 1742 2917 appro-

128 2941 410 3010 pinquabit
440 2942 634 3013 (Rom.
679 2941 824 3010 xm).
865 2964 885 2988 η

196 3071 216 3095 ι
251 3047 323 3102 Ει
350 3048 662 3103 timuerunt
694 3048 887 3104 timore
918 3063 1145 3120 magno.
1179 3049 1248 3103 Et
1275 3049 1408 3103 dixit
1437 3049 1543 3104 illis
1573 3064 1742 3121 ange-

129 3135 250 3190 lus:
303 3137 496 3192 Nolite
551 3137 762 3193 timere.
812 3138 952 3193 Ecce
1009 3137 1153 3192 enim
1213 3137 1530 3210 evangelizo
1587 3138 1743 3193 vobis

130 3225 393 3296 gaudium
428 3241 726 3296 magnum,
760 3226 902 3296 quod
933 3227 1039 3280 erit
1069 3226 1215 3280 omni
1246 3225 1471 3296 populo,
1496 3226 1623 3297 quia
1647 3242 1741 3280 na-
1770 3238 1818 3300 Ο

129 3331 210 3377 tus
231 3331 319 3378 est
350 3323 523 3379 vobis
560 3322 721 3377 hodie
753 3321 1026 3387 Salvator,
1061 3322 1150 3392 qui
1195 3331 1274 3378 est
1325 3323 1575 3378 Christus
1629 3325 1741 3379 Do-

129 3413 324 3478 minus,
349 3413 403 3467 in
423 3411 658 3467 civitate
685 3411 887 3466 David.
915 3436 937 3460 ιι
973 3410 1134 3465 Omni
1157 3411 1361 3482 populo
1386 3411 1650 3478 ﬁdelium,
1673 3413 1742 3468 de

130 3501 332 3556 cunctis
364 3499 786 3556 diversitatibus
823 3500 1069 3571 gentium
1117 3500 1530 3572 congregando,
1576 3509 1741 3556 arter-

131 3614 253 3652 num
274 3599 545 3670 gaudium
589 3597 894 3652 nuntiatur.
948 3599 1082 3653 Cum
1127 3613 1232 3653 nox
1282 3606 1445 3664 esset,
1489 3613 1606 3653 non
1667 3599 1740 3654 ait

130 3687 381 3760 angelus,
415 3689 526 3744 hac
556 3696 737 3752 nocte,
785 3686 885 3741 sed
912 3686 1094 3754 hodie,
1127 3686 1253 3758 quia
1293 3703 1552 3758 magnum
1595 3703 1739 3758 gau-

137 3775 279 3830 dium
313 3776 643 3844 nuntiabat;
677 3775 768 3830 ubi
807 3783 989 3830 autem
1036 3775 1212 3830 tristia
1259 3784 1523 3848 geruntur
1569 3776 1741 3831 noctis

139 3875 340 3929 mentio
373 3874 523 3929 solet.
552 3871 693 3941 fieri,
726 3881 782 3927 ut
813 3873 888 3926 ibi
924 3889 936 3926 :
995 3896 1015 3919 α
1073 3871 1389 3926 scandalum
1437 3872 1536 3928 hac
1578 3881 1740 3927 nocte

133 3962 418 4030 patiemini
446 3962 686 4033 (Matth.
729 3963 897 4031 xxvr).
937 3985 958 4008 η
1004 3992 1068 4000 —
1123 3984 1144 4006 α
1194 3961 1263 4014 Ει
1313 3959 1422 4016 hoc
1468 3961 1622 4015 vobis
1664 3959 1740 4014 si-

139 4067 302 4122 gnum
339 4071 351 4107 :
391 4051 697 4106 Invenietis
729 4049 991 4105 infantem
1016 4049 1212 4121 pannis
1248 4049 1543 4105 involutum
1564 4056 1615 4104 et
1644 4065 1739 4120 po-

131 4149 283 4202 situm
311 4150 368 4203 in
398 4149 702 4220 praesepio.
749 4169 770 4199 ι
807 4149 1036 4219 Signum
1086 4147 1278 4203 salutis
1336 4155 1418 4201 est
1465 4145 1735 4216 ﬁdelibus,

136 4237 424 4293 humilitas
457 4237 780 4304 Salvatoris,
814 4253 934 4308 quae
967 4244 1047 4292 est
1079 4236 1325 4307 opposita
1355 4235 1619 4306 superbia:
1647 4252 1743 4307 per

131 4342 286 4394 quam
317 4343 504 4382 mors.

199 4457 220 4481 α
253 4435 321 4488 Ει
350 4433 538 4488 subito
569 4431 709 4488 facta
739 4439 821 4488 est
847 4446 972 4487 cum
1005 4429 1206 4503 angelo
1249 4430 1539 4485 multitudo
1586 4430 1737 4484 mili-

133 4522 214 4576 tia:
244 4523 491 4579 caelestis
520 4521 858 4576 laudantium
887 4521 1057 4575 Deum
1090 4528 1141 4574 et
1172 4520 1468 4574 dicentium
1495 4535 1507 4574 :
1547 4519 1734 4576 Gloria

132 4609 183 4662 in
211 4609 496 4665 altissimis
526 4610 662 4676 Deo,
693 4619 746 4664 et
791 4609 844 4663 in
885 4615 1031 4664 terra
1076 4624 1178 4680 pax
1222 4607 1533 4663 hominibus
1575 4608 1732 4664 bonae
1758 4601 1810 4660 D

134 4707 448 4764 voluntatis.
490 4731 510 4754 α
564 4707 686 4762 Uno
735 4705 1148 4777 evangelizante
1188 4705 1406 4777 angelo,
1446 4705 1732 4762 multitudo

140 4794 189 4849 in
219 4811 527 4853 consonam
569 4795 784 4850 laudem
832 4795 1154 4866 prorumpit.
1215 4802 1268 4849 et
1322 4793 1560 4850 officium
1615 4794 1730 4848 Deo

149 4884 469 4956 impendens
518 4893 573 4938 et
628 4899 726 4938 nos
782 4884 1092 4949 instituens,
1149 4891 1201 4937 nt
1259 4883 1468 4952 quoties
1523 4897 1729 4938 sacram

139 4981 508 5037 eruditionem
542 4997 607 5035 ex
659 4981 844 5036 fratris
899 4997 996 5036 ore
1050 4980 1325 5046 audimus,
1373 4980 1488 5034 Deo
1540 4978 1729 5035 laudes

136 5071 315 5133 corde,
349 5087 446 5126 ore
477 5079 528 5125 et
557 5085 721 5140 opere
752 5069 1064 5124 reddamus.
1114 5069 1266 5124 Unde
1314 5067 1516 5123 militiae
1563 5067 1728 5123 coele-

137 5158 228 5212 stis
258 5160 474 5216 dictum
506 5166 590 5214 est
619 5159 742 5230 quia
770 5159 848 5212 illi
880 5157 1196 5223 militabant,
1231 5157 1321 5226 qui
1371 5165 1563 5212 contra
1615 5173 1726 5210 ma-

140 5254 314 5327 lignos
347 5255 579 5328 spiritus
608 5256 675 5310 ad
718 5256 941 5311 tutelam
989 5262 1228 5310 nostram
1266 5253 1586 5327 angelorum
1634 5269 1723 5309 or-

133 5342 342 5401 dinabat
389 5345 686 5400 exercitus.
743 5343 882 5413 Quia
927 5359 1054 5400 vero
1112 5345 1258 5398 Deus
1305 5351 1359 5397 et
1410 5343 1573 5398 homo
1626 5359 1720 5398 na-

135 5439 215 5488 tus
266 5443 372 5501 est,
425 5433 738 5489 hominibus
794 5449 920 5504 pax,
979 5441 1033 5488 et
1088 5433 1201 5488 Deo
1256 5431 1432 5505 gloria
1487 5430 1714 5498 canitur,

131 5531 223 5600 qui
251 5531 320 5585 ab
351 5529 570 5602 angelis
597 5545 700 5600 pro
730 5538 918 5586 nostra
943 5528 1316 5600 redemptione
1352 5525 1707 5599 gloriﬁcatur.

128 5616 194 5673 Et
221 5621 350 5689 quia
378 5635 561 5688 neque
589 5618 782 5684 Judaei,
813 5635 989 5688 neque
1019 5617 1250 5690 gentiles
1272 5632 1463 5688 pacem
1479 5615 1712 5683 habent;

131 5730 149 5753 ε
175 5723 279 5764 non
310 5718 394 5765 est
415 5708 564 5764 enim
587 5723 688 5778 pax
709 5708 908 5777 impiis,
933 5706 1063 5763 dicit
1085 5705 1665 5772 Domir.us(lsa.1.vn);
1688 5730 1709 5752 .

127 5793 239 5852 ideo
260 5797 622 5854 determinate
649 5796 870 5861 dicitur,
893 5820 914 5843 σι
947 5794 1264 5851 hominibus
1285 5795 1439 5848 bonae
1458 5792 1712 5848 volunta-

123 5885 202 5955 tis,
240 5911 259 5934 υ
287 5889 378 5961 qui
411 5885 630 5942 scilicet
660 5893 845 5940 natum
875 5885 1150 5941 Christum
1179 5883 1501 5954 suscipiunt.
1525 5881 1708 5951 (Gna-

425 6011 696 6076 Pamon.
725 6007 965 6076 CLVII.

1773 1886 1822 1945 Β
1853 1914 2014 1976 (Luc.
2057 1914 2124 1983 ι).

1852 643 2146 724 extraneos
2166 654 2270 693 nos
2298 640 2482 712 angeli
2508 641 2860 712 deputabant.
2894 647 3006 704 Sed
3039 650 3161 719 quia
3187 666 3447 724 recogno-

1854 723 2026 779 vimus
2058 741 2247 798 regem
2284 737 2551 797 nostrum,
2614 745 3056 801 recognoverunt
3108 755 3208 795 nos
3261 723 3445 812 angeli

1850 812 2000 868 cives
2025 829 2182 869 suos.
2237 816 2307 870 Et
2356 817 2505 874 timet
2558 821 2786 892 angelus
2841 823 2910 878 ab
2964 827 3203 882 humana
3258 835 3446 885 natura

1850 901 2070 957 adorari
2101 920 2264 975 quam
2291 904 2342 960 in
2385 923 2482 963 suo
2516 926 2646 979 rege
2695 910 3002 969 considerat
3036 932 3048 968 :
3096 916 3223 974 hinc
3260 917 3357 973 Lot
3393 926 3449 974 et

1848 989 2010 1045 Josue
2041 1007 2149 1046 non
2180 994 2433 1062 prohibiti
2467 1007 2588 1051 sunt
2617 998 2853 1056 adorare
2891 1003 3142 1073 angelos.
3198 1005 3439 1061 Joannes

1849 1095 1976 1134 vero
2006 1080 2060 1134 in
2090 1083 2419 1154 Apocalypsi
2450 1087 2753 1156 prohibitus
2805 1097 2914 1145 est.
2961 1115 2982 1140 α
3040 1092 3193 1159 Vide,
3244 1093 3438 1166 inquit,

1846 1184 1914 1222 ue
1944 1167 2161 1235 feceris,
2181 1186 2481 1228 conservus
2503 1175 2645 1230 enim
2669 1185 2791 1232 tuus
2807 1194 2962 1234 suum
2983 1189 3037 1236 et
3059 1180 3280 1237 fratrum
3313 1192 3432 1239 tuo-

1849 1271 1962 1310 rum
1986 1259 2173 1330 (Apoc.
2206 1262 2358 1331 xxu).
2397 1286 2418 1307 ιι
2455 1263 2520 1317 Ει
2563 1263 2763 1320 factum
2811 1276 2894 1322 est
2951 1277 3007 1325 ut
3064 1270 3436 1328 discesserunt

1845 1343 1914 1398 ab
1947 1346 2026 1400 eis
2053 1346 2234 1419 angeli
2267 1348 2321 1404 in
2351 1349 2575 1407 coelum.

2266 1527 2435 1582 ITEM
2473 1529 2547 1585 IN
2586 1528 2832 1587 EODEM
2871 1533 3019 1589 DIE.

1927 1671 1948 1694 ι
1987 1647 2235 1703 Pastores
2264 1648 2631 1722 loquebantur
2663 1654 2733 1709 ad
2762 1657 2995 1713 invicem
3031 1677 3046 1716 :
3077 1659 3442 1721 Transeamus

1853 1752 2027 1824 usque
2053 1737 2387 1805 Bethlehem,
2421 1750 2473 1795 et
2532 1742 2814 1799 videamus
2862 1746 2964 1802 hoc
3018 1750 3242 1805 verbum
3300 1755 3447 1824 quod

1855 1823 2052 1880 factum
2083 1834 2186 1892 est,
2219 1829 2362 1896 quod
2408 1829 2534 1884 fecit
2582 1831 2851 1888 Dominus
2898 1843 2951 1890 et
2999 1839 3238 1893 ostendit
3286 1842 3443 1898 nobis

2245 1916 2372 1971 Non
2419 1918 2678 1974 dixerunt
2725 1921 3004 1978 videamus
3049 1942 3298 1995 puerum,
3345 1929 3444 1986 sed

1855 2011 2089 2066 Verbum
2125 2032 2139 2078 ;
2168 2029 2231 2070 ac
2262 2015 2310 2068 si
2342 2015 2580 2072 dicerent
2615 2035 2629 2072 :
2665 2020 2901 2075 Verbum
2933 2032 3051 2078 erat
3077 2024 3131 2079 in
3176 2026 3446 2100 principio

1852 2107 1904 2153 et
1936 2098 2135 2156 factum
2167 2111 2248 2157 est
2263 2118 2396 2160 caro
2418 2106 2599 2172 (Joan.
2632 2107 2690 2176 l).
2725 2108 2882 2177 Quod
2923 2111 3210 2179 Dominus.
3261 2116 3315 2170 id
3355 2098 3446 2175 est

1855 2189 2030 2255 Pater,
2063 2198 2115 2244 et
2146 2190 2321 2262 ipsum
2354 2193 2612 2261 Verbum,
2655 2204 2708 2251 et
2756 2197 2990 2268 Spiritus
3029 2211 3251 2260 sanctus
3294 2205 3442 2274 fecit,

1851 2277 1904 2332 id
1936 2288 2015 2332 est
2044 2278 2309 2334 incarnari
2340 2281 2638 2350 constituit,
2689 2292 2742 2339 et
2797 2285 2877 2342 sic
2931 2287 3130 2345 factum
3189 2295 3444 2366 ostendit,

1852 2367 1994 2435 quod
2025 2367 2077 2421 in
2107 2367 2305 2425 deitate
2335 2370 2505 2426 videri
2533 2387 2642 2427 non
2673 2382 2882 2444 poterat
2909 2378 2938 2431 ?

1927 2497 1948 2521 ο
1987 2475 2054 2529 Ει
2084 2484 2345 2531 venerunt
2373 2477 2718 2546 festinantes,
2752 2490 2803 2537 et
2836 2482 3156 2542 invenerunt
3202 2489 3444 2557 Mariam,

1851 2570 1902 2617 et
1931 2563 2160 2635 Joseph,
2189 2573 2242 2620 et
2269 2565 2528 2622 infantem
2557 2569 2790 2638 positum
2823 2571 2877 2625 in
2906 2575 3198 2646 praesepio.
3241 2577 3450 2635 Viden-

1852 2659 1932 2705 tes
1962 2661 2141 2706 autem
2172 2662 2548 2724 cogroverunt
2575 2656 2644 2712 de
2673 2658 2836 2714 verbo
2883 2661 3029 2732 quod
3079 2663 3284 2720 dictum
3331 2674 3448 2723 erat

1851 2739 1956 2794 illis
1987 2741 2056 2796 de
2084 2758 2254 2812 puero
2285 2743 2410 2799 hoc.
2457 2767 2478 2791 ιο
2512 2745 2773 2802 Nonnulli
2806 2759 3118 2818 quaerentes
3149 2752 3445 2822 Christum,

1851 2843 1960 2883 non
2012 2829 2318 2897 inveniunt,
2370 2833 2498 2902 quia
2540 2833 2818 2892 desidiose
2867 2847 3142 2908 quarunt.
3195 2843 3450 2900 Pastorea

1851 2924 2031 2973 autem
2062 2917 2408 2986 invenerunt,
2438 2920 2562 2991 quia
2593 2921 2701 2980 fide
2732 2941 2839 2980 non
2887 2924 3014 2982 ﬁcta
3051 2939 3441 2988 cucurrerunt.

1851 3006 1940 3062 Sic
1980 3006 2242 3063 Ecclesiae
2271 3016 2542 3079 pastores,
2581 3011 2691 3068 imo
2722 3013 2945 3082 quilibet
2974 3014 3186 3085 ﬁdeles,
3237 3019 3451 3077 caelesti

1851 3104 2096 3160 doctrina
2128 3105 2327 3172 allecti,
2363 3107 2520 3176 quasi
2545 3117 2729 3180 portas
2761 3112 3073 3170 Bethlehem
3124 3117 3440 3188 subeuntes,

1852 3193 2126 3264 reperiunt
2152 3194 2458 3250 Ecclesiam
2499 3197 2833 3255 Catholicam
2877 3203 3035 3274 quasi
3085 3204 3336 3278 Mariam,
3388 3219 3444 3264 et

1851 3290 2049 3337 coetum
2079 3281 2358 3338 doctorum
2392 3285 2541 3353 quasi
2561 3287 2786 3359 Joseph,
2820 3299 2980 3361 atque
3026 3293 3285 3350 humilem
3325 3297 3444 3352 Me-

1849 3369 2072 3426 diatoris
2100 3371 2398 3427 adventum
2431 3373 2731 3446 Scriptura:
2750 3378 2968 3451 paginis
2992 3379 3275 3451 insertum,
3295 3385 3450 3454 quasi

1850 3459 1903 3512 in
1934 3459 2220 3531 praesepio.
2246 3461 2506 3517 Videntes
2526 3479 2756 3534 puerum
2778 3478 3157 3540 cognoverunt
3187 3472 3256 3528 de
3277 3473 3452 3530 verbo

1851 3548 1995 3617 quod
2032 3548 2231 3605 dictum
2264 3558 2398 3617 erat,
2430 3559 2483 3606 et
2522 3567 2627 3607 nos
2675 3570 2776 3624 per
2820 3554 2984 3612 fidem
3035 3559 3443 3631 Incarnationis,

1851 3636 2132 3692 veniemus
2159 3638 2224 3692 ad
2255 3639 2487 3710 gloriam
2520 3641 2680 3696 Verbi
2710 3646 3097 3703 contuendam.
3129 3648 3446 3708 Notandum

1851 3725 1975 3795 quia
2002 3725 2135 3797 ipsae
2169 3742 2259 3782 res
2311 3728 2588 3784 interdum
2635 3730 2818 3802 dignae
2868 3733 3017 3790 dictu
3061 3744 3221 3809 atque
3279 3740 3450 3798 relatu

1852 3814 2015 3870 verba
2047 3824 2333 3872 vocantur.
2367 3817 2528 3874 Unde
2559 3818 2613 3872 in
2647 3819 2787 3876 Isaia
2825 3838 2838 3874 :
2877 3841 2900 3872 α
2934 3823 3056 3879 Νοιι
3077 3823 3176 3880 fuit
3198 3827 3448 3896 verbum,

1850 3912 1903 3967 id
1933 3920 2016 3967 est
2047 3929 2133 3968 res
2164 3913 2331 3986 digna
2360 3915 2601 3982 nomine,
2637 3917 2781 3988 quod
2814 3933 2922 3973 non
2951 3921 3270 3979 ostenderet
3306 3925 3451 3983 Eze-

1849 4000 1998 4056 chias
2031 4001 2296 4056 Chaldaeis
2337 4003 2469 4068 (Ita.
2513 4008 2721 4075 xxxix).
2765 4031 2786 4055 ι»
2833 4007 3090 4065 Similiter
3128 4010 3314 4068 dicunt
3362 4013 3452 4071 hic

1849 4094 2094 4157 pastores
2128 4103 2141 4140 :
2174 4087 2465 4142 Videamus
2489 4089 2592 4145 hoc
2627 4091 2864 4146 Verbum
2905 4094 3048 4163 quod
3103 4094 3302 4152 factum
3344 4107 3446 4166 est,

1848 4175 1903 4230 id
1932 4184 2022 4229 est
2056 4175 2216 4230 istam
2248 4192 2364 4231 rem
2396 4177 2562 4233 verbo
2609 4180 2941 4237 narrationis
2979 4183 3230 4258 dignam,
3279 4202 3444 4258 quam

1847 4261 1974 4319 fecit
2003 4264 2126 4336 ipse
2148 4265 2414 4320 Dominus
2437 4266 2970 4338 excellentissimam,
3013 4280 3066 4328 et
3122 4274 3448 4346 signiﬁcavit

1846 4353 2004 4408 nobis
2032 4369 2132 4424 per
2164 4354 2414 4426 angelos.
2445 4355 2548 4410 Ubi
2580 4373 2712 4413 vero
2741 4358 2935 4416 dicitur
2969 4379 2981 4415 :
3019 4385 3041 4410 ι
3075 4373 3446 4436 cognoverunt

1845 4442 1915 4498 de
1946 4442 2114 4498 verbo
2143 4443 2290 4515 quod
2343 4443 2545 4500 dictum
2597 4454 2734 4515 erat,
2772 4471 2794 4496 η
2842 4449 3030 4522 accipe
3070 4452 3299 4510 verbum
3343 4469 3442 4527 pro

1843 4529 2135 4590 locutione.

1918 4661 1940 4687 ι
1975 4641 2041 4694 Ει
2071 4655 2261 4696 omnes
2290 4640 2381 4712 qui
2403 4641 2688 4697 audierant
2716 4642 2888 4700 mirati
2917 4653 3043 4701 sunt
3070 4646 3139 4703 de
3182 4648 3268 4705 his
3314 4667 3436 4721 quas

1839 4727 1984 4784 dicta
2017 4738 2171 4785 erant
2200 4746 2229 4784 a
2259 4730 2570 4801 pastoribus
2600 4731 2669 4787 ad
2698 4731 2866 4804 ipsos.
2904 4758 2925 4784 η
2961 4735 3229 4792 Mirantur
3264 4746 3322 4796 et
3360 4741 3428 4796 de

1838 4818 2099 4888 mysterio
2128 4819 2542 4888 Incarnationis,
2574 4828 2628 4876 et
2654 4820 2723 4877 de
2752 4830 3035 4892 pastorum
3081 4828 3428 4886 attestatione

1837 4913 2005 4974 tanta,
2040 4907 2132 4979 qui
2162 4907 2338 4964 fucate
2367 4907 2551 4964 audita
2580 4910 2878 4975 nescirent,
2911 4912 3010 4968 sed
3065 4913 3299 4987 simplici
3346 4920 3426 4974 fa-

1836 4995 2033 5050 cundia
2063 4996 2234 5052 verba
2262 4996 2644 5068 praedicarent.
2681 4998 2770 5054 Sic
2808 4999 3091 5068 Dominus,
3141 5018 3249 5059 non
3291 5006 3423 5061 rhe—

1837 5090 2002 5150 tores,
2020 5084 2115 5138 sed
2152 5085 2454 5154 piscatores
2474 5086 2545 5141 ad
2578 5089 3058 5160 evangelizandum
3100 5091 3416 5151 destinavit.

1833 5171 1921 5227 Sic
1943 5179 1996 5227 et
2022 5171 2075 5226 in
2107 5173 2288 5228 Veteri
2318 5176 2662 5232 Testamento
2689 5192 2800 5232 sum
2832 5177 3256 5248 dispensationis
3283 5199 3423 5238 nun-

1833 5262 1956 5327 tios,
1987 5269 2238 5332 pastores
2259 5263 2530 5318 ordinavit
2555 5281 2566 5316 :
2599 5264 2724 5321 ideo
2752 5281 2859 5322 non
2881 5275 2963 5322 est
2975 5269 3420 5340 parvipendenda

1829 5358 2102 5421 pastorum
2135 5351 2428 5406 attestatio.

1903 5462 1924 5486 ι
1961 5438 2132 5493 Maria
2160 5446 2342 5492 autem
2372 5441 2737 5497 conservabat
2764 5443 2948 5499 omnia
2965 5447 3138 5502 verba
3153 5447 3268 5506 hac
3288 5466 3420 5506 con-

1826 5527 2006 5582 ferens
2036 5526 2090 5580 in
2117 5525 2283 5582 corde
2311 5542 2431 5581 suo.
2471 5552 2492 5576 u
2526 5529 2697 5584 Maria
2725 5546 2837 5586 non
2870 5532 3047 5589 minus
3077 5551 3175 5593 ore
3213 5539 3417 5608 pudica

1825 5631 1989 5688 quam
2018 5629 2247 5686 corpore
2275 5614 2434 5671 tacita
2463 5616 2672 5671 confert
2689 5633 2754 5674 ea
2781 5636 2905 5691 quae
2934 5622 3150 5681 viderat
3182 5625 3326 5682 circa
3355 5645 3415 5686 se

1823 5714 1966 5770 acta,
1999 5711 2050 5759 et
2081 5719 2203 5775 quae
2232 5702 2436 5772 legerat
2472 5703 2524 5758 in
2553 5703 2856 5775 Scripturis
2898 5711 3133 5783 agenda.
3182 5714 3416 5789 Legerat

1821 5794 1874 5848 in
1901 5792 2086 5849 Isaia:
2126 5816 2146 5838 α
2193 5793 2335 5847 Ecce
2384 5792 2539 5862 virgo
2587 5794 2853 5864 concipiet
2911 5803 2968 5852 et
3015 5801 3189 5871 pariet
3238 5803 3411 5860 filium

1819 5883 1952 5951 (Im.
1985 5883 2114 5942 vn).
2160 5905 2181 5926 ι»
2218 5880 2450 5951 Legerat
2483 5897 2494 5932 :
2533 5903 2554 5926 ιι
2593 5881 2696 5935 Bos
2723 5885 2982 5954 cognovit
3031 5904 3409 5960 possessorem

2931 6008 3014 6072 25
