3924 6398
437 362 539 439 πο

436 499 622 552 suum,
654 489 707 538 et
735 479 916 536 asinus
961 491 1204 552 praesepe
1249 473 1454 530 domini
1483 470 1565 527 sui
1585 472 1716 542 (Ira.
1749 471 1815 542 l).
1867 491 1890 517 ιι
1936 468 2034 522 Vi-
2064 468 2120 528 A

440 579 692 637 debat'in
722 576 985 651 praesepio
1006 575 1105 630 Dei
1137 572 1356 639 Filium,
1400 586 1556 626 suum
1585 568 1800 634 Filium,
1833 565 2050 620 unicum

443 670 641 727 Filium
669 668 998 740 vagientem.
1047 661 1275 744 Videbat
1329 677 1385 714 se
1430 657 1496 712 de
1544 657 1706 728 stirpe
1755 654 1926 709 David
1975 670 2054 708 or-

447 769 581 826 tam,
615 755 682 814 de
717 756 919 829 Spiritu
967 742 1153 809 sancto
1195 750 1258 804 'in
1306 748 1571 804 Nazareth
1617 744 1946 813 concepisse,
1998 742 2053 796 in

445 855 756 912 Bethlehem
814 852 1108 925 peperisse,
1162 864 1390 919 quorum
1441 845 1684 901 omnium
1751 839 2056 896 testimonia

448 947 502 1000 in
531 943 822 1016 prophetia
852 943 1083 1016 legerat.
1118 941 1407 1007 Comparat
1437 951 1568 1007 ergo
1617 932 1780 991 verba
1819 931 2053 1000 prophe-

444 1059 615 1107 tarum
646 1045 820 1120 factis,
857 1052 912 1100 et
941 1045 994 1098 in
1025 1043 1280 1098 omnibus
1330 1037 1494 1094 habet
1541 1042 1860 1109 argumenta
1903 1031 2048 1088 fidei.

443 1148 497 1212 Si
531 1147 703 1222 Maria
729 1161 767 1202 a-
788 1142 1100 1224 pastoribus
1121 1139 1328 1206 didicit,
1351 1137 1623 1192 discamus
1661 1142 1712 1188 et
1743 1148 1842 1190 nos
1883 1148 1914 1186 a
1958 1146 2052 1186 sa-

439 1220 765 1304 cerdotibus.
791 1220 916 1288 «'Et
941 1230 1144 1288 reversi
1169 1236 1294 1284 sunt
1325 1234 1568 1298 pastores
1607 1220 1972 1295 gloriﬁcantes
1999 1227 2054 1274 et

443 1325 726 1380 laudantes
753 1325 930 1378 Deum
963 1322 1018 1375 in
1050 1318 1306 1376 omnibus
1335 1331 1456 1390 qua-
1487 1313 1768 1368 audierant
1795 1318 1850 1365 et
1891 1309 2049 1367 vide-

447 1431 587 1492 rant,
620 1422 761 1478 sicut
791 1419 992 1474 dictum
1025 1425 1102 1472 est
1129 1416 1199 1472 ad
1226 1415 1367 1469 illos.
1405 1435 1426 1459 υ
1462 1413 1538 1466 De
1569 1410 1653 1464 his
1695 1425 1814 1479 quae
1861 1407 2052 1462 audie-

438 1521 559 1568 rant
590 1511 660 1566 ab
693 1509 905 1582 angelis
935 1506 1231 1574 laudabam
1259 1505 1454 1570 Deum,
1486 1508 1537 1560 et
1566 1501 1632 1554 de
1672 1498 1754 1552 his
1803 1513 1922 1568 quae
1962 1496 2047 1550 vi-

437 1603 628 1657 derant
648 1601 703 1655 in
725 1599 1038 1654 Bethlehem
1061 1593 1442 1668 gloriﬁeabant
1489 1606 1632 1645 eum.
1681 1587 1789 1643 Sed
1833 1595 1880 1641 et
1925 1601 2048 1640 ma-

437 1694 591 1772 gistri
631 1695 992 1773 spiritualium
1052 1706 1283 1764 gregum
1349 1687 1512 1743 modo
1576 1683 1814 1738 ﬁdelium
1881 1689 2051 1736 castra

438 1769 685 1856 lustrant,
720 1783 1003 1858 probitatis
1033 1780 1282 1850 exempla
1313 1775 1624 1848 quaerendo,
1656 1772 1818 1828 modo
1849 1769 1916 1825 ad
1948 1787 2050 1842 pa-

437 1875 642 1938 storale
673 1871 916 1931 ofﬁcium
947 1871 1171 1935 redeunt
1223 1866 1488 1923 docendo.
1540 1867 1808 1920 Praeterea
1843 1868 2052 1938 notan-

441 1976 592 2042 dum,
627 1989 792 2044 quare
827 1971 992 2026 Filius
1020 1969 1213 2022 missus
1243 1973 1322 2020 est
1347 1963 1528 2036 potius
1556 1977 1717 2032 quam
1767 1960 1922 2013 Pater
1968 1955 2053 2012 vel

446 2062 681 2136 Spiritus
710 2067 945 2116 sanctus.
979 2057 1108 2136 ideo
1138 2055 1306 2111 Filius
1354 2051 1548 2108 missus
1597 2057 1694 2120 est,
1744 2064 1854 2102 non
1897 2046 2054 2100 Pater

441 2135 797 2226 atitispiritus
825 2135 1060 2214 sanctus,
1097 2145 1223 2215 quia
1259 2137 1644 2197 inconveniens
1686 2145 1798 2192 erat
1843 2144 1900 2190 ut
1941 2135 2051 2190 Pa-

443 2261 522 2318 ter
549 2249 620 2305 ab
651 2249 758 2307 alio
797 2247 1096 2316 mitteretur
1124 2241 1215 2312 qui
1247 2257 1354 2296 non
1385 2245 1500 2292 erat
1527 2237 1594 2292 ab
1625 2236 1750 2290 alio.
1803 2233 1860 2288 Si
1908 2233 2052 2288 enim

445 2341 514 2396 ab
545 2339 652 2396 alio
683 2337 1002 2402 mitteretur,
1040 2331 1108 2388 ab
1132 2331 1224 2386 illo
1256 2329 1438 2384 venire
1469 2327 1691 2382 haberet
1719 2341 1751 2378 a
1781 2339 1886 2393 quo
1933 2323 2054 2376 mit-

444 2436 665 2492 teretur,
698 2431 920 2482 etesset
961 2421 1038 2476 illi
1086 2419 1236 2490 quasi
1285 2416 1554 2487 quoddam
1606 2413 1932 2485 principium
1984 2409 2054 2464 ab

442 2524 540 2600 illp
573 2543 605 2586 a
636 2540 744 2598 quo
775 2521 1095 2578 mitteretur.
1127 2518 1421 2588 Propterea
1449 2529 1580 2586 ergo
1627 2493 1784 2566 Pater
1830 2509 1898 2564 ab
1945 2508 2050 2562 alio

446 2597 587 2672 mitti
616 2597 726 2669 nun
753 2611 938 2677 habet,
971 2608 1096 2679 quia
1123 2606 1192 2662 ab
1223 2605 1328 2660 alio
1373 2620 1489 2658 esse
1535 2617 1642 2656 non
1688 2599 1875 2655 habet.
1933 2597 2055 2652 Mis-

453 2722 542 2762 sus
571 2710 652 2759 est
679 2708 858 2758 autem
891 2697 1124 2770 primum
1154 2694 1340 2760 Filius,
1372 2693 1461 2762 qui
1506 2707 1539 2746 a
1580 2689 1696 2745 solo
1741 2687 1904 2742 Patre
1952 2694 2050 2754 est,

452 2779 649 2860 deinde
681 2799 843 2862 etiam
877 2796 1107 2869 Spiritus
1135 2800 1370 2856 sanctus,
1403 2789 1496 2860 qui
1525 2797 1603 2843 est
1632 2805 1663 2847 a
1693 2787 1846 2842 Patre
1878 2793 1929 2839 et
1961 2785 2054 2840 Fi-

445 2886 542 2951 lio.
577 2889 816 2946 Primum
865 2885 1032 2953 Filius
1075 2883 1222 2939 venit
1268 2888 1324 2935 ut
1378 2879 1732 2940 liberarentur
1784 2875 2029 2930 homines

443 2975 634 3037 Postea
655 2973 887 3049 Spiritus
921 2981 1136 3031 sanctus
1182 2970 1329 3028 venit
1372 2976 1431 3023 ut
1475 2966 1723 3022 homines
1770 2961 2052 3021 beatiﬁca-

446 3085 651 3132 rentur.
687 3073 925 3129 Primum
957 3071 1048 3126 ille
1079 3085 1110 3125 a
1138 3068 1282 3124 malo
1313 3064 1580 3132 liberavit,
1611 3069 1804 3134 postea
1840 3061 1938 3116 iste
1984 3059 2054 3114 ad

1579 344 1920 402 WERNERI
1959 341 2244 412 ABBATIS
2285 341 2342 400 S.
2383 338 2601 396 BLASII

3643 335 3752 392 780

2365 465 2518 544 Quod
2547 465 2698 522 solus
2727 463 2906 520 Filius
2925 477 3159 520 carnem
3188 459 3525 534 susceperit.

2229 603 2388 672 Quod
2415 603 2561 660 solus
2590 601 2754 656 Filius
2781 615 3000 656 carnem
3045 596 3336 668 susceperit
3383 595 3453 651 ab
3489 595 3614 654 hinc
3658 593 3754 648 vi-

2159 699 2396 754 dendum
2426 699 2544 754 erit.
2577 697 2682 755 Sed
2715 698 2855 753 forte
2879 696 3048 766 aliqui
3089 701 3244 752 erunt
3289 692 3380 764 qui
3423 691 3606 748 dicant
3635 709 3648 744 :
3695 689 3758 745 Si

2160 788 2539 859 inseparabilis
2577 795 2700 844 sunt
2753 802 2920 856 opera
2965 783 3254 852 Trinitatis,
3309 796 3440 854 ergo
3493 779 3762 850 quidquid

2161 877 2289 932 facit
2317 877 2498 943 Filius,
2532 877 2660 932 fecit
2686 877 2860 932 Pater.
2895 875 2949 930 Si
2980 881 3159 929 autem
3190 887 3352 928 omne
3398 869 3542 940 quod
3587 868 3760 924 Filius

2161 974 2308 1043 facit,
2339 975 2470 1030 facit
2497 983 2551 1028 et
2577 975 2733 1030 Pater
2771 974 2956 1041 (Joan.
3009 970 3088 1042 v),
3139 985 3292 1042 ergo,
3339 968 3383 1024 si
3431 967 3599 1024 Filius
3637 983 3759 1022 car-

2159 1081 2286 1120 nem
2315 1063 2620 1132 assumpsit,
2677 1070 2732 1117 et
2785 1061 2944 1118 Pater
2995 1075 3214 1117 carnem
3267 1057 3569 1127 assumpsit,
3628 1055 3764 1126 quia

2161 1153 2324 1208 Filius
2353 1153 2468 1210 sine
2498 1153 2654 1208 Patre
2698 1167 2914 1207 carnem
2971 1163 3246 1205 assumere
3299 1162 3408 1204 non
3461 1144 3653 1216 potuit,
3713 1144 3760 1200 si

2159 1251 2291 1306 nihil
2322 1252 2437 1306 sine
2472 1251 2628 1304 Patre
2657 1249 2836 1306 facere
2883 1247 3073 1319 potuit.
3115 1245 3223 1302 Sed
3265 1244 3352 1300 hic
3396 1243 3570 1314 primo
3619 1257 3763 1298 con-

2158 1340 2502 1396 siderandum
2559 1346 2660 1407 est,
2721 1338 2866 1407 quia,
2921 1352 3046 1392 cum
3101 1333 3295 1390 dicitur
3347 1333 3524 1388 facere
3595 1331 3770 1386 Filius

2158 1445 2319 1484 omne
2349 1429 2494 1498 quod
2517 1429 2674 1482 Pater
2712 1426 2858 1492 facit,
2893 1426 2960 1479 de
3008 1425 3098 1480 illa
3146 1422 3399 1478 nimirum
3448 1420 3768 1492 operatione

2159 1525 2566 1598 intelligendum
2599 1533 2678 1579 est
2706 1541 2813 1594 qua
2842 1531 3141 1578 creaturam
3170 1537 3322 1576 suam
3351 1518 3550 1585 condit,
3580 1526 3640 1574 et
3674 1533 3768 1574 re-

2158 1616 2258 1687 git,
2291 1623 2344 1669 et
2372 1614 2611 1686 disponit
2641 1612 2888 1668 conditor
2915 1619 2970 1666 et
2996 1610 3183 1680 opifex
3209 1610 3374 1665 Deus.
3405 1610 3466 1664 In
3497 1622 3601 1678 qua
3629 1622 3766 1678 ope-

2157 1705 2366 1759 ratione
2401 1705 2555 1758 Pater
2595 1710 2649 1758 et
2697 1701 2861 1758 Filius
2907 1707 2958 1755 et
3007 1699 3236 1770 Spiritus
3282 1705 3494 1753 sanctus
3538 1695 3767 1751 omnino

2164 1801 2401 1872 separari
2430 1817 2537 1856 non
2566 1807 2808 1869 possunt,
2845 1797 2973 1870 quia
3020 1797 3076 1852 in
3131 1796 3326 1850 deitate
3382 1809 3490 1849 una
3541 1793 3598 1848 in
3653 1808 3766 1863 qua

2164 1899 2216 1945 el
2245 1907 2342 1962 per
2371 1907 2533 1960 quam
2564 1895 2858 1960 operantur
2885 1902 3051 1940 unum
3081 1892 3227 1940 sunt.
3281 1885 3410 1940 Haec
3455 1890 3633 1938 autem
3680 1881 3765 1936 id-

2161 1981 2306 2036 circo
2352 1981 2419 2034 de
2468 1978 2658 2034 divina
2703 1976 3019 2049 operatione
3067 1973 3468 2045 distinguimus,
3517 1987 3583 2026 ne
3642 1970 3765 2042 quis

2161 2085 2346 2132 contra
2375 2075 2429 2130 id
2461 2075 2602 2146 quod
2633 2074 2834 2130 dictum
2863 2081 2944 2129 est
2975 2092 2986 2128 :
3024 2094 3046 2120 α
3083 2071 3279 2127 Omnia
3325 2087 3444 2141 quae
3493 2068 3620 2124 facit
3659 2069 3762 2123 Pa-

2160 2173 2258 2232 ter,
2293 2168 2406 2220 ιιειξε
2437 2171 2490 2219 et
2519 2164 2684 2230 Filius
2728 2151 2875 2229 facit,
2912 2185 2933 2210 υ
2995 2158 3377 2232 opponendum
3433 2165 3582 2229 putet
3635 2157 3768 2228 quia,

2161 2257 2316 2310 Pater
2343 2255 2539 2327 gignit,
2563 2252 2705 2323 quod
2738 2252 2901 2306 Filius
2929 2267 3038 2306 non
3077 2249 3224 2317 facit,
3273 2255 3326 2302 et
3367 2247 3528 2302 Filius
3569 2246 3760 2319 gigni-

2163 2361 2261 2418 tur,
2294 2352 2437 2422 quod
2461 2352 2616 2407 Pater
2637 2365 2742 2404 non
2767 2349 2912 2404 facit.
2957 2347 3016 2403 Si
3053 2345 3198 2401 enim
3231 2345 3396 2401 Filius
3433 2345 3569 2400 sicut
3604 2345 3765 2399 Pater

2159 2443 2428 2514 gigneret,
2462 2441 2618 2494 Pater
2656 2447 2812 2506 esset,
2845 2446 2898 2492 et
2926 2437 2969 2491 si
3001 2437 3156 2492 Pater
3182 2435 3319 2490 sicut
3362 2433 3524 2488 Filius
3567 2433 3763 2505 gigne-

2160 2539 2324 2597 retur,
2351 2529 2516 2584 Filius
2535 2535 2692 2582 esset.
2716 2529 2902 2596 Itaque
2925 2540 2993 2582 ne
3015 2523 3150 2594 quis,
3181 2530 3460 2594 propterea
3492 2521 3616 2591 quia
3662 2521 3759 2576 Fi-

2161 2628 2261 2682 lius
2288 2643 2395 2682 non
2424 2625 2620 2697 gignit,
2644 2624 2789 2694 quod
2808 2624 2964 2678 Pater
3001 2621 3146 2688 facit,
3188 2620 3517 2675 existimaret
3563 2617 3758 2673 Filium

2160 2733 2269 2772 non
2299 2716 2476 2771 facere
2505 2729 2858 2784 quaecumque
2887 2713 3044 2767 Pater
3073 2710 3217 2778 facit,
3249 2709 3476 2765 dicimus
3504 2707 3628 2778 quia
3655 2709 3760 2763 hoc

2161 2805 2227 2860 de
2257 2805 2350 2860 illa
2371 2803 2682 2875 operatione
2713 2799 3124 2874 intelligendum
3153 2806 3232 2854 est
3277 2813 3384 2868 qua
3428 2797 3512 2856 vel
3553 2804 3761 2852 creatu-

2161 2919 2276 2958 ram
2307 2908 2582 2972 operatur,
2612 2907 2670 2954 ut
2697 2898 2839 2970 quod
2861 2913 2970 2954 non
2995 2905 3112 2952 erat
3137 2912 3254 2952 esse
3285 2895 3521 2968 incipiat,
3570 2895 3656 2950 vel
3703 2895 3756 2948 in

2160 2999 2404 3048 creatura
2433 2997 2705 3062 operatur,
2737 2987 2959 3057 utquod
2992 2987 3192 3040 factum
3243 2992 3321 3040 est
3375 2985 3430 3038 in
3486 2999 3551 3038 eo
3614 2981 3758 3053 quod

2161 3082 2359 3135 factum
2387 3086 2461 3134 est
2477 3077 2746 3133 subsistat.
2771 3075 2853 3130 Ibi
2875 3075 3019 3130 enim
3059 3082 3168 3131 tota
3205 3073 3440 3128 Trinitas
3487 3072 3760 3143 insepara-

449 3167 596 3248 1’9‘”
652 3161 963 3248 τθνοθδνίίέ
1008 3155 1383 3248 ¹¹¹θη²ἳ¹⁵⁵ίυ1ίί
1437 3149 2051 3248 ίί¹ἓ9ί¹ἓίέῗὲἓέ¹θ¹³³ωᾼυδν
2083 3182 2134 3246 c
2163 3178 2342 3233 biliter
2370 3183 2638 3248 operatur,
2673 3173 2765 3228 ubi
2797 3189 2894 3232 nec
2925 3173 3081 3227 Pater
3109 3187 3140 3226 a
3183 3171 3336 3240 Filio,
3387 3186 3486 3225 nec
3531 3169 3696 3224 Filius
3724 3185 3756 3222 a

445 3241 543 3310 iste
570 3251 804 3313 reddidit
833 3247 978 3322 quod
1009 3246 1432 3319 perdideramus.
1489 3240 1644 3297 Venit
1681 3239 1845 3294 Filius
1890 3245 2051 3292 natu-

443 3353 572 3413 ralis
605 3351 800 3407 missus
829 3365 862 3403 a
895 3347 1048 3402 Patre
1097 3351 1158 3400 ut
1203 3340 1541 3413 adOptandos
1585 3339 1640 3394 in
1683 3336 2054 3392 bmreditatem

443 3447 680 3508 vocaret,
721 3446 778 3493 et
813 3450 1138 3492 consensum
1194 3447 1351 3487 suum
1406 3437 1467 3485 ut
1519 3427 1694 3500 gratia
1751 3423 2056 3496 adoptionis

445 3528 846 3602 comprobaret.
881 3527 1072 3595 Neque
1102 3521 1245 3578 enim
1277 3521 1390 3574 sine
1421 3533 1685 3575 consensu
1714 3515 1835 3572 Filii
1871 3531 1904 3570 a
1953 3513 2058 3569 Pa-

450 3639 528 3688 tre
557 3627 721 3687 alieni
749 3625 804 3681 in
836 3623 1208 3680 hmreditatem
1237 3616 1468 3688 ducendi
1516 3622 1684 3670 erant.
1739 3613 1881 3668 Misit
1925 3627 2058 3683 ergo

451 3721 608 3794 Pater
637 3731 736 3790 pro
761 3713 906 3788 filiis,
941 3711 1091 3771 venit
1117 3707 1284 3766 Filius
1336 3723 1436 3777 pro
1493 3704 1764 3774 fratribus,
1824 3701 1952 3773 quia
2004 3701 2060 3754 in

453 3809 610 3873 Patre
637 3813 690 3863 et
705 3804 854 3874 ,Filio
885 3799 1222 3873 paternitatis
1261 3805 1315 3851 et
1361 3793 1636 3853 titiationis
1680 3808 1878 3847 nomen
1922 3806 2060 3846 con-

459 3913 584 3980 stat,
615 3911 674 3960 ut
701 3901 826 3972 Filii
854 3913 1055 3972 nomen
1099 3894 1396 3968 adoptandi
1446 3892 1804 3965 perciperent,
1861 3896 1912 3946 et
1967 3903 2064 3958 per

454 3977 607 4071 ilium
635 3991 790 4062 cujus
819 3997 934 4046 erat
959 3996 1013 4044 et
1039 3987 1110 4048 ab
1137 3986 1228 4043 illo
1259 4002 1296 4042 a
1319 3999 1425 4054 quo
1457 3989 1589 4038 erat.
1640 3981 1795 4035 Venit
1839 3977 2061 4048 sapien-

457 4067 553 4155 tia,
581 4089 640 4142 ut
666 4080 836 4150 hostis
873 4077 1082 4134 ratione
1129 4075 1450 4140 vinceretur,
1499 4077 1556 4126 et
1600 4078 1655 4126 ut
1699 4067 2066 4124 habitaculum

457 4197 616 4245 sum
636 4181 762 4251 ipsa
789 4175 1106 4244 vindicaret,
1139 4171 1284 4244 quod
1331 4169 1538 4226 malitia
1579 4165 1912 4240 possidebat.
1963 4164 2068 4233 Qui

467 4271 616 4334 uim
644 4267 840 4324 astutia
861 4265 1080 4331 vicerat,
1107 4262 1313 4334 justum
1343 4259 1446 4315 fuit
1477 4266 1538 4314 ut
1581 4273 1690 4314 non
1735 4255 2066 4318 fortitudine,

463 4360 567 4419 sed.
591 4355 878 4430 pmdentia
905 4354 1230 4418 vinceretur,
1261 4357 1319 4406 ut
1348 4349 1406 4404 in
1431 4347 1623 4404 eodem
1655 4346 1710 4402 in
1737 4361 1842 4415 quo
1889 4361 1946 4399 se
1990 4343 2071 4400 vi“

461 4465 578 4514 ator
615 4461 860 4512 erexerat
902 4451 1076 4522 victus
1128 4455 1470 4505 sterneretur.
1532 4445 1725 4501 Factus
1779 4451 1860 4499 est
1911 4441 2074 4496 Filius

2165 3269 2337 3332 Patre,
2364 3284 2460 3320 nec
2483 3264 2711 3336 Spiritus
2733 3271 2946 3318 sanctus
2975 3262 3044 3316 ab
3074 3269 3300 3330 utroque
3347 3259 3401 3313 in
3449 3257 3760 3328 operatione

2163 3362 2458 3428 separatur.
2509 3355 2570 3407 In
2616 3367 2782 3424 opere
2828 3351 3028 3422 quippe
3071 3348 3312 3420 operatio
3354 3347 3570 3418 proprie
3611 3345 3758 3401 desi—

2163 3459 2378 3527 gnatur.
2413 3453 2553 3507 Nam
2585 3449 2638 3504 in
2669 3466 2733 3506 eo
2764 3449 2906 3520 quod
2945 3449 3144 3504 factum
3188 3463 3295 3503 non
3325 3453 3423 3512 est,
3483 3443 3626 3516 quod
3681 3451 3762 3499 est

2167 3545 2311 3598 Deus
2341 3558 2450 3596 non
2483 3540 2608 3595 facit
2638 3540 2772 3610 ipse,
2807 3537 2902 3592 sed
2942 3544 3145 3593 tantum
3196 3542 3294 3591 est.
3351 3537 3415 3589 In
3471 3549 3536 3590 eo
3583 3541 3758 3589 autem

2168 3631 2312 3704 quod
2342 3631 2540 3686 factum
2571 3635 2668 3698 est,
2701 3627 2768 3683 ab
2797 3625 2890 3682 illo
2919 3626 3101 3696 utique
3131 3625 3327 3680 factum
3357 3629 3436 3678 est
3464 3639 3497 3678 a
3525 3635 3630 3694 quo
3675 3623 3761 3677 fa-

2170 3739 2314 3788 ctum
2349 3737 2430 3784 est
2457 3743 2620 3784 omne
2664 3725 2808 3797 quod
2855 3724 3054 3780 factum
3101 3731 3198 3778 est.
3248 3722 3346 3778 Hic
3393 3737 3523 3794 ergo
3581 3720 3762 3776 omnia

2171 3836 2291 3889 qua:
2323 3817 2450 3873 facit
2479 3818 2655 3884 Pater,
2689 3822 2740 3870 et
2769 3814 2934 3869 Filius
2963 3812 3090 3868 facit
3117 3811 3362 3868 similiter
3389 3809 3570 3881 (Joan.
3602 3811 3680 3880 v).
3703 3811 3763 3863 In

2175 3912 2273 3964 hac
2305 3908 2484 3978 itaque
2514 3905 2846 3977 Operatione,
2881 3903 3006 3973 quia
3047 3901 3222 3958 carnis
3269 3899 3560 3971 assumptio
3609 3899 3762 3957 inve-

2173 4005 2331 4074 nitur,
2369 4000 2642 4074 quomodo
2673 3999 2772 4055 soli
2803 3998 2936 4054 Filio
2965 3995 3250 4054 conveniat
3278 4003 3331 4050 et
3357 4011 3464 4050 non
3496 3995 3632 4050 Patri
3663 4011 3765 4050 non

2177 4092 2622 4149 inconvenienter
2678 4087 2950 4160 quaeritur.
3012 4088 3146 4142 Cum
3202 4084 3346 4139 enim
3402 4083 3594 4138 dicitur
3647 4083 3770 4154 quia

2179 4183 2344 4240 Filius
2394 4196 2612 4238 carnem
2657 4177 2960 4248 assumpsit,
3022 4191 3157 4249 opus
3211 4172 3392 4244 utique
3446 4171 3770 4245 signiﬁcatur

2179 4279 2322 4352 quod
2351 4277 2516 4334 Filius
2546 4275 2694 4345 facit,
2737 4291 2770 4330 a
2817 4289 2922 4344 quo
2961 4288 3124 4342 opere
3170 4271 3214 4324 si
3254 4271 3409 4326 Pater
3453 4269 3764 4338 excluditur,

2177 4383 2288 4422 non
2316 4364 2500 4421 omnia
2547 4378 2668 4434 quae
2723 4360 2851 4416 facit
2905 4358 3089 4423 Filius,
3145 4357 3303 4412 Pater
3354 4363 3626 4426 operatur.
3687 4357 3765 4409 An

2180 4456 2316 4511 forte
2346 4453 2472 4526 quia
2500 4451 2701 4506 dictum
2732 4465 2839 4504 non
2869 4455 2966 4513 est,
3017 4444 3203 4502 omnia
3247 4459 3370 4515 qum
3410 4443 3534 4500 fecit
3587 4443 3765 4510 Filius,

462 4556 561 4612 Dei
591 4553 732 4609 titius
759 4549 1016 4616 hominis,
1048 4556 1107 4604 ut
1133 4547 1273 4604 ﬁlios
1297 4543 1578 4601 hominum
1607 4541 1745 4597 ﬁlios
1773 4541 1873 4596 Dei
1915 4539 2066 4596 face-
2095 4547 2150 4610 D
2183 4555 2338 4610 pater
2367 4551 2511 4620 fecit,
2543 4548 2638 4604 sed
2670 4561 3021 4619 quaecumque
3047 4545 3206 4599 Pater
3233 4542 3380 4614 fac-it,
3423 4543 3538 4598 haec
3583 4549 3635 4596 et
3684 4541 3768 4597 Fi-

463 4653 564 4713 ret,
587 4652 643 4700 et
663 4659 736 4700 ne
754 4641 874 4698 Filii
893 4654 1096 4698 nomen
1118 4636 1187 4694 ad
1217 4637 1440 4694 alteram
1482 4631 1727 4690 transiret
1758 4645 2066 4700 personam,

465 4755 522 4802 et
543 4752 723 4801 essent
751 4743 815 4797 in
843 4739 1104 4796 Trinitale
1129 4737 1238 4794 duo
1265 4735 1383 4803 ﬁlii,
1417 4741 1471 4790 et
1499 4731 1917 4788 confunderetur
1956 4729 2072 4784 Tri-

468 4834 651 4892 nitatis
678 4829 954 4888 discretio.
989 4827 1047 4883 Si
1092 4825 1241 4882 enim
1285 4826 1441 4879 Pater
1485 4837 1702 4878 carnem
1746 4818 2070 4889 assumpsis-

464 4933 566 4994 set,
599 4923 744 4979 idem
771 4920 892 4991 ipse
922 4925 977 4974 et
1005 4918 1162 4972 Pater
1187 4922 1242 4970 et
1284 4912 1452 4968 Filius
1495 4918 1639 4966 esset
1670 4928 1682 4964 :
1741 4909 1899 4963 Pater
1953 4907 2072 4963 Filii

469 5035 631 5094 quem
663 5019 854 5093 genuit
879 5032 952 5072 ex
979 5015 1296 5081 aeternitate,
1331 5020 1383 5068 et
1421 5011 1587 5067 Filius
1639 5009 1828 5064 matris
1881 5023 1914 5062 a
1968 5023 2074 5077 qua

467 5112 685 5186 genitus
711 5117 852 5164 esset
876 5120 943 5162 ex
976 5113 1246 5177 tempore.
1282 5102 1342 5158 Si
1371 5113 1552 5156 autem
1583 5099 1813 5171 Spiritus
1857 5106 2076 5152 sanctus

468 5215 688 5258 carnem
719 5195 1088 5268 assumpisset,
1120 5193 1228 5248 duo
1279 5189 1399 5246 Filii
1445 5189 1502 5245 in
1545 5188 1818 5244 Trininate
1865 5194 2064 5243 essent.

466 5299 613 5355 Alter
637 5297 806 5353 Filius
834 5293 1008 5350 Patris
1063 5291 1178 5346 sine
1234 5297 1427 5357 matre,
1483 5287 1618 5343 alter
1672 5285 1838 5342 Filius
1892 5285 2078 5352 matris

468 5383 581 5438 sine
613 5389 784 5454 patre.
815 5381 898 5436 Ne
929 5392 1062 5450 ergo
1093 5373 1603 5431 incommunicabile
1633 5387 1833 5428 nomen
1861 5367 2075 5425 divide-

469 5489 632 5551 retur,
663 5481 832 5538 Fitius
859 5479 1008 5536 solus
1037 5494 1253 5533 carnem
1285 5475 1536 5547 s’uscepit,
1568 5481 1627 5530 ut
1655 5491 1791 5529 unus
1834 5479 1886 5530 et
1931 5472 2074 5528 idem

473 5579 609 5626 esset
633 5577 688 5625 et
714 5567 880 5624 Filius
917 5567 1040 5636 Dei,
1089 5574 1144 5622 et
1176 5565 1318 5620 ﬁlius
1355 5563 1596 5622 hominis
1619 5561 1967 5644 z'Filius'Dei
1995 5579 2077 5616 se-

472 5668 702 5722 cundum
735 5665 1070 5720 divinitatem
1102 5663 1315 5736 genitas
1345 5679 1374 5718 a
1403 5663 1580 5728 Patre,
1629 5660 1793 5716 Filius
1841 5659 2076 5714 hominis

469 5753 760 5811 secundum
802 5754 1188 5811 humanitatem
1220 5761 1373 5807 natus
1403 5769 1466 5807 ex
1499 5759 1688 5806 matre.

2179 4644 2281 4700 lius
2323 4640 2468 4709 facit,
2510 4635 2928 4694 existimandum
2966 4640 3045 4689 est
3087 4631 3270 4689 omnia
3318 4631 3534 4703 quidem
3579 4630 3765 4686 Filium

2183 4735 2358 4790 facere
2381 4746 2502 4800 qua:
2532 4730 2690 4783 Pater
2709 4725 2856 4793 facit,
2909 4722 3156 4794 quaedam
3203 4727 3381 4777 autem
3437 4719 3628 4776 Filium
3682 4719 3766 4775 fa-

2181 4846 2305 4888 cere
2326 4844 2446 4900 quae
2462 4828 2619 4881 Pater
2633 4839 2742 4878 non
2759 4821 2905 4877 facit.
2940 4818 3109 4888 Absit,
3145 4819 3238 4874 sed
3271 4817 3454 4874 omnia
3473 4822 3592 4888 quae
3621 4817 3770 4873 Pater

2183 4919 2309 4975 facit
2329 4917 2496 4974 Filius
2513 4913 2660 4982 facit,
2677 4920 2729 4967 et
2747 4909 3062 4980 omniaquae
3075 4907 3240 4963 Filius
3265 4906 3410 4976 facit,
3441 4907 3594 4962 Pater
3624 4905 3763 4974 facit,

2183 5009 2310 5080 quia
2338 5005 2393 5060 in
2423 5020 2487 5060 eo
2519 5001 2663 5076 quod
2693 5001 2746 5054 in
2778 4998 2986 5054 Deitate
3013 5013 3182 5052 unum
3211 5003 3353 5064 sunt,
3383 4995 3440 5050 in
3468 4995 3766 5067 operatione

2182 5105 2420 5181 separari
2448 5119 2559 5160 non
2589 5107 2830 5174 possunt.
2865 5098 3042 5155 Omne
3067 5104 3198 5170 ergo
3229 5095 3371 5166 quod
3419 5095 3583 5150 Filius
3626 5094 3766 5162 facit,

2185 5201 2344 5254 Pater
2374 5193 2520 5261 facit,
2554 5191 2680 5262 quia
2711 5190 2767 5244 in
2795 5186 3076 5243 divinitate
3107 5201 3214 5256 qua
3254 5185 3422 5240 Filius
3477 5191 3556 5240 est
3601 5182 3765 5239 Patris

2185 5287 2312 5360 quia
2340 5301 2462 5342 cum
2494 5283 2649 5338 Patre
2679 5295 2846 5334 unum
2867 5283 2966 5345 est,
2991 5275 3122 5330 nihil
3146 5274 3276 5331 facit
3313 5274 3428 5329 sine
3467 5273 3766 5344 operatione

2189 5385 2378 5441 Patris.
2449 5380 2598 5437 Fecit
2661 5375 2911 5449 quaedam
2978 5375 3034 5429 in
3096 5372 3426 5428 humanitate
3490 5370 3766 5444 secundum

2186 5491 2347 5548 quam
2379 5471 2546 5528 Filius
2573 5469 2745 5525 Patris
2773 5483 2880 5522 non
2913 5472 3045 5532 erat,
3079 5463 3205 5536 quia
3241 5461 3509 5518 nascendo
3546 5477 3578 5517 a
3626 5461 3768 5516 Patre

2187 5581 2294 5622 non
2326 5568 2626 5633 acceperat.
2669 5556 2804 5626 Quae
2833 5562 3119 5628 propterea
3165 5551 3234 5609 ad
3278 5552 3448 5608 solam
3496 5563 3766 5622 personam

2186 5663 2306 5720 Filii
2335 5661 2657 5728 referuntur,
2691 5655 2818 5727 quia
2847 5669 2910 5709 ea
2949 5651 3006 5708 in
3051 5649 3144 5706 illa
3190 5657 3244 5706 et
3283 5649 3576 5706 secundum
3630 5648 3764 5704 illam

2189 5760 2431 5808 naturam
2467 5749 2610 5817 fecit,
2667 5761 2828 5816 quam
2885 5757 3008 5798 cum
3065 5741 3220 5796 Patre
3278 5751 3618 5797 communem
3672 5755 3765 5794 non

2186 5841 2392 5910 habuit,
2422 5839 2518 5895 sed
2545 5837 2691 5894 solus
2725 5851 2792 5892 ex
2823 5841 3066 5906 tempore
3111 5830 3386 5917 propriam
3431 5827 3764 5901 singulariter
