3924 6428
165 401 252 455 ’781

1086 390 1664 448 DEFLORATIONES
1704 387 1807 445 SS.
1852 386 2168 444 PATRUM.
2200 418 2268 428 —
2308 386 2434 443 LIB.
2478 387 2519 442 1.

3342 389 3444 446 78Ξ

169 523 380 594 accepit.
418 523 807 577 Verumtamen
834 519 1016 576 omnia
1045 535 1165 590 quae
1196 517 1253 572 in
1280 516 1586 582 divinitate,
1623 515 1746 569 ideo
1777 514 1830 573 A
1865 513 1985 584 quia
2017 514 2125 567 alia
2156 521 2319 568 esset.
2357 514 2512 566 Nunc
2563 519 2744 568 autem
2800 520 2849 568 et
2908 512 3129 579 eadem,
3173 520 3224 568 et
3257 513 3447 568 eodem

170 613 304 667 solus
333 628 436 666 non
471 610 616 678 fecit,
668 613 799 683 quia
856 610 909 663 in
965 607 1245 662 divinitate
1293 605 1441 660 solus
1491 621 1599 659 non
1632 602 1747 669 fuit,

173 702 258 756 sed
290 701 425 755 idem
457 716 582 756 cum
614 701 738 771 ipso
789 699 932 763 fecit,
997 697 1124 768 quia
1157 712 1276 751 cum
1311 695 1428 765 ipso
1460 695 1600 748 idem
1632 692 1746 746 fuit.

239 798 287 853 Si
318 813 450 869 ergo
482 797 653 851 Filius
688 797 742 849 in
772 795 1048 850 divinitate
1106 793 1495 846 humanitatem
1535 806 1749 843 assum-

180 887 292 956 psit,
326 886 598 956 quomodo
631 885 685 938 in
708 885 902 939 eadem
931 882 1213 936 divinitate
1257 881 1418 934 Pater
1452 879 1596 933 idem
1629 893 1751 932 cum

181 976 287 1045 ipso
318 990 422 1029 non
458 974 604 1038 fecit,
663 975 755 1044 qui
800 989 918 1028 cum
965 973 1084 1042 ipso
1127 972 1268 1025 idem
1315 968 1432 1022 fuit.
1473 971 1558 1021 An
1590 967 1749 1030 forte,

181 1079 295 1119 cum
317 1064 510 1118 dicitur
543 1063 712 1116 Filius
743 1078 963 1117 carnem
1023 1058 1323 1128 assumpsit
1364 1075 1426 1112 ex
1461 1057 1510 1110 vi
1541 1057 1754 1110 relatio-

179 1153 253 1206 nis
282 1168 379 1222 qua
414 1152 743 1222 intelligitur
785 1151 909 1220 quia
939 1149 1040 1202 sibi
1090 1148 1280 1212 univit,
1324 1147 1466 1200 idem
1496 1145 1564 1199 de
1599 1146 1752 1198 Patre

183 1257 279 1296 non
310 1240 522 1305 dicitur,
558 1242 688 1311 quia
719 1241 763 1294 si
794 1240 934 1293 idem
977 1238 1267 1300 diceretur,
1310 1250 1414 1289 non
1459 1234 1622 1299 idem,
1659 1233 1755 1286 sed

178 1339 312 1393 aliud
342 1339 745 1409 intelligeretur
772 1340 799 1390 ‘?
829 1337 885 1390 Si
919 1337 1061 1390 enim
1093 1335 1404 1388 diceretur:
1443 1334 1595 1386 Pater
1623 1346 1753 1386 car-

177 1445 287 1482 nem
317 1427 629 1497 assumpsit,
663 1425 1066 1496 intelligeretur
1121 1423 1368 1477 similiter
1415 1422 1565 1493 quod
1605 1423 1757 1474 Pater

180 1517 272 1570 sibi
308 1531 530 1571 carnem
560 1515 758 1580 univit,
792 1515 937 1585 quod
977 1515 1091 1582 jam
1137 1512 1278 1565 idem
1310 1526 1419 1566 non
1457 1517 1627 1573 esset,
1661 1508 1757 1563 sed

181 1605 340 1660 aliud.
381 1604 540 1659 Aliud
571 1603 773 1675 quippe
804 1609 969 1667 esset,
1009 1602 1053 1654 si
1087 1600 1228 1654 Patri
1272 1615 1400 1654 caro
1432 1599 1574 1652 unita
1605 1598 1757 1651 dice-

183 1712 343 1769 retur,
371 1719 536 1775 quam
569 1719 692 1757 cum
726 1701 859 1756 Filio
901 1701 1049 1753 unita
1098 1699 1311 1764 dicitur,
1360 1697 1482 1768 quia
1513 1697 1650 1751 sicut
1677 1703 1761 1748 est

179 1794 308 1847 alius
335 1792 388 1846 in
419 1793 708 1862 personaP
725 1799 860 1854 ater,
892 1797 942 1842 et
971 1788 1108 1841 alius
1133 1787 1316 1852 Filius,
1348 1786 1426 1841 sic
1456 1784 1603 1839 aliud
1631 1783 1761 1839 dici-

1859 604 2023 658 modo
2053 609 2332 672 Operatur,
2365 609 2418 655 ut
2451 600 2590 655 nihil
2640 601 2708 655 sit
2750 609 2843 656 aut
2871 601 3040 668 aliud,
3087 609 3175 660 aut
3204 601 3366 659 aliter
3394 604 3449 656 in

1861 692 2177 761 Operatione
2210 689 2376 744 illius.
2420 689 2660 745 Ostende
2717 689 2850 744 mihi
2906 689 3112 762 aliquid
3143 690 3288 762 quod
3326 690 3454 746 facit

1863 781 2040 843 Pater,
2076 779 2120 833 si
2144 787 2320 833 tamen
2352 777 2704 850 querendum
2731 784 2817 834 est
2848 778 2974 850 quid
3006 779 3133 836 facit
3163 779 3253 852 qui
3281 786 3451 836 totum

1862 877 2004 931 facit.
2039 878 2182 931 Pone
2212 885 2388 931 tamen
2422 877 2652 947 exempli
2702 894 2869 934 causa
2922 895 3088 934 unum
3143 879 3346 950 aliquid
3384 895 3449 934 ex

1861 965 2114 1020 omnibus
2171 982 2289 1037 quae
2351 966 2475 1021 facit
2531 967 2709 1022 Pater.
2777 969 2909 1022 Dico
2968 967 3096 1040 quia
3153 967 3317 1022 Filius
3347 969 3452 1024 hoc

1862 1055 2037 1124 ipsum
2089 1053 2232 1110 facit.
2282 1056 2470 1126 Neque
2527 1055 2709 1125 utique
2763 1056 2866 1111 hoc
2907 1055 3084 1126 ipsum
3131 1057 3254 1112 dico
3298 1057 3454 1128 quasi

1864 1143 2045 1197 simile
2077 1143 2186 1209 ille,
2216 1144 2318 1198 sed
2349 1143 2491 1198 idem
2522 1143 2732 1214 ipsum.
2763 1143 2902 1199 Cum
2925 1145 3068 1200 enim
3095 1145 3218 1201 dico
3253 1163 3264 1198 :
3299 1146 3448 1201 Idem

1865 1240 2004 1296 facio
2035 1239 2176 1311 quod
2201 1248 2254 1293 tu
2284 1240 2434 1304 facis,
2469 1240 2593 1311 quia
2624 1240 2761 1296 forte
2797 1242 3015 1297 domum
3046 1241 3280 1311 aediﬁco,
3313 1244 3453 1299 sicut

1865 1337 1920 1382 tu
1949 1328 2188 1383 aedificas
2217 1329 2457 1395 domum,
2493 1337 2544 1384 et
2575 1347 2693 1383 cum
2719 1328 2823 1384 alia
2857 1331 2924 1384 sit
2952 1331 3147 1385 domus
3174 1340 3263 1385 tua
3287 1348 3449 1403 quam

1866 1426 1920 1471 tu
1951 1418 2211 1482 aedificas,
2246 1434 2406 1489 quam
2438 1417 2525 1471 illa
2555 1418 2750 1473 domus
2808 1434 2930 1474 mea
2988 1435 3150 1489 quam
3181 1436 3286 1492 ego
3322 1420 3452 1476 ardi-

1867 1505 1984 1570 fico,
2021 1515 2201 1561 tamen
2263 1506 2406 1560 idem
2460 1524 2546 1561 me
2596 1507 2771 1563 facere
2829 1507 2952 1563 dico
3005 1508 3150 1580 quod
3195 1513 3253 1564 tu
3295 1509 3451 1577 facis,

1867 1603 2121 1672 quoniam
2155 1602 2208 1657 id
2238 1603 2384 1673 quod
2431 1601 2570 1658 facio
2627 1618 2749 1673 ego,
2810 1604 3110 1660 secundum
3150 1605 3353 1676 aliquid
3384 1606 3456 1660 si-

1867 1691 1992 1745 mile
2023 1699 2102 1745 est
2134 1691 2209 1744 illi
2243 1692 2386 1762 quod
2439 1701 2490 1745 tu
2540 1691 2691 1757 facis,
2751 1709 2857 1748 non
2913 1693 2991 1748 sic
3041 1693 3287 1766 intelligo
3333 1710 3456 1750 cum

1868 1780 1989 1835 dico
2021 1779 2146 1850 quia
2181 1779 2344 1834 Filius
2377 1781 2480 1835 hoc
2511 1781 2688 1850 ipsum
2713 1780 2840 1837 facit
2862 1781 3005 1852 quod
3028 1782 3186 1836 Pater
3211 1782 3357 1838 facit.
3393 1783 3457 1838 Si

185 1889 278 1947 tur,
309 1897 432 1936 cum
462 1879 640 1935 Filius
691 1879 1001 1934 incarnatus
1048 1875 1264 1940 dicitur,
1297 1890 1454 1946 quam
1493 1874 1762 1928 diceretur
1791 1870 1844 1928 Β
1872 1878 2049 1923 autem
2075 1885 2178 1939 ego
2201 1868 2422 1923 domum
2445 1869 2796 1935 aedificarem,
2821 1878 2872 1924 et
2888 1878 2943 1924 tu
2975 1871 3217 1926 eamdem
3243 1887 3458 1928 mecum

181 1980 220 2034 si
249 1981 400 2034 Pater
455 1978 782 2034 incarnatus
832 1976 1123 2032 diceretur.
1160 1974 1317 2028 Nunc
1347 1972 1511 2042 igitur
1562 1987 1760 2025 conse-

181 2084 344 2136 quens
377 2077 480 2132 est,
515 2067 560 2121 si
596 2066 767 2120 Filius
795 2077 1023 2120 carnem
1055 2061 1366 2131 assumpsit,
1411 2059 1616 2114 idcirco
1645 2075 1765 2115 car-

185 2173 299 2212 nem
329 2155 702 2227 assumpsisse
733 2161 784 2208 et
825 2154 1063 2216 Patrem,
1114 2151 1254 2206 sicut
1286 2164 1630 2219 consequens
1661 2163 1769 2202 non

179 2255 271 2308 est,
308 2247 353 2300 si
387 2247 556 2300 Filius
589 2243 693 2297 sibi
724 2257 943 2297 carnem
974 2240 1162 2308 univit,
1193 2255 1408 2293 carnem
1450 2238 1554 2292 sibi
1583 2237 1770 2292 unisse

179 2344 226 2390 et
256 2337 492 2390 Patrem.
541 2334 901 2403 Consequens
931 2338 1115 2384 autem
1177 2337 1277 2394 est,
1332 2328 1459 2399 quia
1505 2327 1550 2380 si
1601 2326 1775 2381 Filius

180 2434 276 2488 sibi
305 2449 532 2489 carnem
567 2430 764 2494 univit,
799 2428 1048 2484 eamdem
1098 2441 1323 2482 carnem
1354 2425 1457 2496 ipsi
1488 2424 1620 2478 Filio
1647 2423 1771 2478 uni-

180 2522 320 2576 visse
348 2529 401 2576 et
435 2523 690 2583 Patrem,
740 2517 869 2589 quia
915 2517 1044 2571 dum
1073 2531 1177 2569 una
1223 2513 1504 2584 utriusque
1532 2512 1774 2584 operatio

190 2621 507 2682 ostenditur,
541 2633 646 2672 nec
681 2615 845 2668 Filius
867 2613 983 2668 sine
1017 2614 1200 2678 Patre,
1232 2627 1337 2666 nec
1361 2613 1518 2666 Pater
1547 2611 1663 2665 sine
1696 2610 1778 2664 Fi-

185 2709 252 2764 lio
281 2717 539 2779 Operatus
571 2707 997 2761 demonstratur.
1030 2702 1085 2756 Si
1115 2709 1290 2754 autem
1327 2702 1481 2754 Pater
1524 2699 1626 2753 sibi
1656 2714 1778 2754 car-

186 2815 300 2854 nem
332 2797 631 2863 induisset,
665 2803 718 2848 et
768 2792 935 2847 Filius
983 2791 1108 2858 sibi,
1160 2805 1268 2843 non
1300 2789 1401 2843 hoc
1431 2789 1574 2842 idem
1606 2796 1774 2852 esset,

190 2896 280 2951 sed
309 2895 480 2958 aliud,
516 2890 775 2962 quoniam
808 2889 861 2942 in
894 2903 958 2943 eo
1007 2888 1126 2957 ipso
1177 2901 1286 2938 non
1319 2883 1510 2939 eadem
1542 2883 1775 2937 demon-

187 2991 446 3040 straretur
479 2980 753 3053 operatio,
789 2977 934 3049 quod
966 2992 1072 3031 non
1105 2974 1171 3028 ad
1202 2974 1448 3028 eumdem
1490 2979 1779 3041 utrumque

187 3075 322 3129 facta
349 3074 686 3146 probaretur
717 3068 934 3123 relatio.
968 3067 1123 3120 Nunc
1145 3072 1323 3117 autem
1355 3060 1779 3130 assumptionem

187 3173 293 3227 sive
341 3171 609 3226 unionem
673 3164 852 3222 carnis
911 3171 963 3218 et
1019 3163 1176 3216 Pater
1232 3166 1492 3231 operatus
1524 3166 1623 3222 est,
1656 3156 1781 3225 quia

1871 1966 2166 2022 aedificares
2195 1966 2436 2032 domum,
2496 1966 2617 2022 dico
2673 1967 2817 2038 quod
2874 1967 3019 2022 idem
3075 1969 3282 2024 faceres
3310 1969 3460 2041 quod

1873 2071 2002 2126 ego.
2071 2055 2248 2109 Etiam
2307 2055 2488 2111 verius
2557 2071 2748 2123 unum,
2816 2057 2940 2126 quia
2989 2056 3223 2127 idipsum
3254 2065 3306 2112 et
3353 2074 3461 2114 non

1874 2143 2020 2197 aliud
2048 2158 2060 2211 ;
2094 2159 2194 2198 nec
2217 2151 2398 2198 tamen
2429 2160 2559 2199 vere
2591 2144 2768 2201 adhuc
2817 2161 2982 2199 unum
3015 2145 3136 2217 quia
3167 2153 3222 2200 tu
3253 2155 3462 2218 partem

1878 2257 2062 2306 unam,
2096 2249 2148 2296 et
2179 2257 2309 2314 ergo
2339 2241 2594 2309 alteram;
2628 2249 2682 2296 tu
2713 2242 3086 2298 instrumentis
3123 2245 3250 2312 tuis,
3281 2252 3336 2300 et
3361 2261 3468 2316 ego

1877 2347 2032 2402 meis.
2067 2348 2317 2420 Denique
2346 2357 2403 2403 tu
2435 2348 2641 2404 viribus
2667 2348 2791 2415 tuis,
2823 2365 2929 2421 ego
2946 2349 3118 2405 meis:
3153 2352 3326 2420 etjam
3357 2367 3469 2407 non

1878 2452 2010 2492 vere
2039 2453 2225 2503 unum,
2261 2438 2358 2492 sed
2387 2438 2440 2491 in
2473 2437 2579 2493 alio
2602 2445 2653 2492 et
2673 2454 2772 2508 per
2801 2437 2927 2492 alia.
2953 2438 3210 2510 Nunquid
3232 2439 3317 2496 sic
3346 2441 3471 2497 dico

1880 2542 2001 2580 cum
2031 2526 2189 2589 dico;
2220 2526 2349 2598 quia
2382 2526 2547 2581 Filius
2597 2527 2700 2582 hoc
2756 2526 2936 2596 ipsum
2986 2527 3111 2582 facit
3138 2529 3286 2598 quod
3319 2530 3474 2585 Pater

1885 2614 2053 2669 facit?
2085 2615 2230 2685 Ergo
2259 2616 2362 2668 alia
2391 2623 2474 2671 est
2522 2629 2722 2670 manus
2758 2615 2896 2680 Filii,
2927 2623 2981 2670 et
3008 2616 3114 2670 alia
3152 2625 3237 2672 est
3267 2618 3472 2685 Patris;

1885 2712 2031 2766 aliud
2066 2712 2345 2768 brachium
2378 2712 2519 2778 Filii,
2551 2720 2604 2767 et
2632 2712 2779 2767 aliud
2809 2712 3098 2768 brachium
3129 2714 3338 2778 Patris;
3371 2715 3477 2772 alia

1886 2809 2060 2864 virtus
2091 2810 2230 2874 Filii,
2280 2809 2385 2866 alia
2448 2810 2620 2865 virtus
2680 2811 2874 2875 Patris,
2935 2827 3057 2867 cum
3085 2813 3203 2884 ipse
3231 2813 3398 2869 Filius
3427 2821 3482 2869 et

1885 2921 2098 2970 manus,
2132 2908 2186 2959 et
2219 2905 2522 2968 brachium,
2555 2913 2608 2960 et
2635 2905 2807 2959 virtus
2837 2905 2906 2960 sit
2937 2907 3316 2963 Patris?Sicut
3336 2907 3480 2964 idem

1888 3003 1969 3049 est
1999 2993 2146 3064 quod
2174 2995 2340 3048 homo
2369 3009 2528 3048 manu
2557 2993 2702 3057 facit,
2738 3002 2792 3049 et
2820 2994 2966 3066 quod
3015 3011 3210 3051 manus
3247 2997 3486 3054 hominis

1888 3081 2050 3146 facit;
2101 3089 2154 3136 et
2211 3081 2356 3152 quod
2412 3082 2575 3136 homo
2629 3082 2859 3137 brachio
2911 3081 3057 3148 facit,
3089 3092 3144 3138 et
3173 3085 3316 3152 quod
3348 3085 3484 3140 bra-

1889 3180 2067 3234 chium
2098 3178 2332 3234 hominis
2363 3178 2488 3234 facit
2514 3194 2526 3247 ;
2557 3187 2612 3233 et
2665 3179 2808 3250 quod
2865 3180 3030 3236 homo
3060 3181 3376 3238 fortitudine
3404 3183 3483 3238 fa-

187 3277 340 3318 carne
399 3257 582 3314 induit
640 3255 862 3318 Filium.
922 3261 972 3306 et
1027 3251 1190 3340 Filius
1233 3255 1620 3340 ορθνεξιυεθειν
1655 3228 1855 3340 quiec
1892 3269 1979 3334 cit,
2014 3276 2066 3323 et
2105 3268 2248 3340 quod
2278 3228 2532 3323 fortitudd
2588 3228 2824 3323 tioiiiiuis
2882 3269 3035 3325 facit.
3103 3271 3191 3326 Sic
3219 3270 3364 3327 idem
3397 3280 3484 3328 est

184 3365 339 3405 carne
370 3346 548 3402 induit
579 3343 934 3407 semetipsum
961 3359 972 3404 ;
995 3347 1047 3395 et
1070 3338 1161 3392 luii
1185 3353 1288 3391 una
1308 3336 1433 3390 unio
1463 3343 1515 3389 et
1537 3332 1776 3402 Operatio

188 3456 305 3493 una.
344 3440 644 3507 Propterea
698 3431 825 3486 unio
883 3443 1010 3494 una,
1065 3426 1193 3501 quia
1247 3425 1388 3496 quod
1437 3424 1641 3478 unitum
1672 3428 1774 3485 est,

185 3528 273 3583 uni
303 3527 522 3582 unitum
556 3531 675 3585 est;
708 3526 1003 3592 propterea
1031 3515 1274 3587 operatio
1305 3529 1430 3578 una,
1474 3513 1604 3582 quia
1635 3509 1777 3579 quod

186 3628 378 3681 factum
413 3628 498 3678 est
530 3622 583 3674 in
616 3634 729 3673 uno
766 3618 960 3672 factum
995 3623 1096 3668 est.
1125 3615 1260 3667 Tres
1300 3609 1692 3681 cperabantur,
1725 3615 1778 3661 et

181 3732 284 3773 non
317 3715 466 3777 tria;
502 3711 600 3765 sed
634 3724 798 3762 unum
831 3704 1214 3775 Operabantur,
1262 3710 1314 3755 et
1344 3699 1489 3770 quod
1535 3697 1698 3752 fiebat
1727 3704 1779 3750 et

184 3815 340 3869 unius
375 3819 520 3875 erat,
555 3814 817 3880 quantum
847 3803 918 3856 ad
952 3801 1099 3855 illum
1133 3799 1308 3854 solum
1356 3797 1556 3852 factum
1590 3804 1691 3864 est,
1725 3803 1778 3850 et

181 3913 337 3968 trium
377 3917 512 3975 erat,
548 3912 808 3976 quantum
843 3902 911 3956 ab
942 3900 1047 3954 illis
1079 3899 1296 3954 factum.

248 4028 475 4101 Legitur
533 4024 586 4078 in
646 4021 786 4074 libro
843 4017 1094 4072 Judicum
1151 4014 1272 4086 quia
1324 4013 1514 4066 Manue
1545 4026 1771 4101 uxorem

183 4097 395 4189 accepit
427 4114 539 4168 filio
562 4127 662 4166 suo
685 4110 914 4164 Samson
942 4107 1148 4170 (ludio.
1184 4105 1319 4170 xiii),
1353 4118 1450 4156 nec
1473 4111 1651 4154 tamen
1674 4097 1776 4152 sibi

180 4223 414 4264 uxorem
471 4201 705 4271 accepit,
739 4198 862 4269 quia
893 4195 1002 4249 tilio
1043 4209 1265 4248 uxorem
1313 4191 1541 4260 accepit.
1579 4190 1642 4243 Et
1670 4203 1774 4258 po-

178 4304 414 4358 stulabat
447 4297 595 4352 filius
625 4304 855 4366 patrem,
880 4301 937 4346 ut
959 4291 1062 4344 sibi
1087 4305 1320 4345 uxorem
1344 4287 1601 4358 accipiat,
1623 4284 1775 4357 quasi

178 4409 277 4463 per
309 4407 370 4445 se
398 4387 553 4444 solus
580 4387 685 4439 hoc
716 4383 896 4437 facere
924 4394 1032 4435 non
1067 4379 1258 4449 possit,
1292 4386 1342 4432 et
1373 4392 1533 4430 nemo
1571 4382 1653 4429 est
1685 4374 1775 4444 qui

183 4493 598 4563 argumentetur
625 4490 680 4536 ut
701 4482 864 4536 dicat.
899 4479 953 4533 Si
980 4487 1134 4550 pater
1156 4477 1265 4533 lilio
1287 4493 1514 4532 uxorem
1544 4474 1772 4546 accepit,

181 4605 320 4661 ergo
350 4598 578 4640 uxorem
611 4580 822 4649 accepit
853 4585 1030 4649 pater,
1064 4583 1117 4630 et
1151 4575 1447 4630 contendat
1483 4580 1767 4628 uxoratum
1801 4593 1853 4652 D

182 4693 305 4734 esse
336 4684 569 4747 patrem,
595 4670 724 4741 quia
745 4666 854 4721 filio
883 4665 1094 4736 accepit
1131 4679 1385 4719 uxorem.
1427 4662 1606 4730 Quare
1636 4676 1774 4731 ergo

184 4768 500 4823 incarnatus
530 4761 739 4816 dicatur
783 4772 905 4812 esse
959 4757 1136 4819 Pater,
1195 4753 1323 4823 quia
1371 4752 1502 4806 Filio
1526 4767 1625 4806 suo
1655 4767 1776 4805 car-

184 4881 309 4920 nem
371 4861 565 4926 univit,
627 4856 768 4912 sicut
823 4855 939 4925 ipse
994 4852 1159 4906 Filius
1211 4851 1524 4905 incarnatus
1553 4848 1770 4909 dicitur,

185 4955 313 5028 quia
343 4951 448 5006 sibi
479 4963 696 5004 carnem
740 4941 1011 5015 copulavit
1046 4943 1074 4994 ξ)
1113 4942 1327 5010 Sponsa
1357 4939 1574 5010 quippe,
1609 4938 1775 4992 Verbi

183 5068 317 5109 caro
346 5057 454 5114 est,
487 5054 542 5102 et
573 5041 870 5113 assumpsit
899 5041 1045 5095 illam
1094 5037 1330 5092 Verbum
1381 5035 1504 5099 sibi,
1541 5043 1594 5089 et
1625 5035 1778 5088 Pater

189 5140 353 5198 Verbi
384 5135 636 5193 similiter
668 5131 846 5186 Verbo
902 5145 1002 5184 suo
1058 5126 1229 5182 univit
1283 5141 1425 5190 eam,
1486 5133 1536 5177 et
1567 5123 1775 5194 operati

183 5247 305 5296 sunt
351 5237 462 5292 duo
516 5247 707 5297 unum,
768 5237 822 5283 et
877 5227 975 5282 fuit
1020 5225 1074 5279 in
1104 5239 1212 5279 uno
1254 5221 1502 5292 operatio
1545 5221 1774 5275 duorum

180 5345 305 5384 una.
338 5327 638 5396 Propterea
664 5320 739 5375 ait
763 5333 775 5373 :
805 5342 825 5365 «
863 5315 1213 5385 Quaecunque
1237 5313 1396 5367 Pater
1417 5310 1565 5374 facit,
1586 5311 1702 5364 haec
1723 5318 1774 5365 et

181 5427 348 5483 Filius
378 5421 633 5480 similiter
663 5416 813 5474 facit.
849 5439 870 5463 ν
902 5415 1051 5480 Haec,
1085 5411 1276 5483 inquit,
1324 5417 1376 5464 et
1407 5407 1570 5463 Filius
1593 5407 1773 5464 simili-

181 5526 259 5573 ter
287 5515 450 5576 facit.
495 5531 520 5561 ι
552 5507 695 5576 Quid
724 5513 808 5562 est
851 5528 871 5554 α
917 5505 1036 5560 haec
1067 5503 1095 5555 ‘?
1130 5525 1150 5549 η
1200 5500 1322 5555 Non
1360 5497 1488 5552 alia.
1522 5496 1664 5565 Quid
1695 5504 1777 5552 est

183 5631 203 5653 ιι
240 5603 494 5662 similiter
524 5601 551 5653 ‘?
587 5622 609 5646 ι»
644 5596 769 5652 Νοιι
797 5594 979 5650 aliter.
1024 5592 1144 5647 Non
1176 5595 1392 5660 poterat
1423 5585 1601 5641 unitas
1644 5601 1776 5657 ope-

177 5703 403 5762 rationis
429 5695 725 5772 perfectius
742 5689 1126 5749 demonstrari.
1150 5689 1271 5742 Non
1295 5685 1422 5742 alia.
1448 5685 1569 5739 Non
1585 5683 1774 5738 aliter:

177 5803 368 5859 eadem
402 5806 456 5854 et
480 5795 676 5853 eodem
709 5789 898 5845 modo.
939 5789 995 5842 Si
1025 5786 1212 5841 eadem
1235 5793 1572 5857 cperaretur,
1597 5790 1646 5838 et
1669 5797 1775 5835 non

171 5900 373 5956 eodem
429 5891 596 5952 modo
651 5893 982 5960 operaretur.
1043 5881 1301 5954 Operatio
1330 5896 1439 5936 una
1487 5895 1597 5935 non
1632 5885 1778 5934 esset

1884 3367 2030 3438 quod
2062 3368 2224 3421 Pater
2253 3366 2395 3434 facit,
2430 3375 2483 3421 et
2512 3367 2658 3438 quod
2717 3367 2882 3422 Filius
2938 3368 3092 3431 facit;
3155 3369 3282 3440 quia
3320 3385 3484 3425 omne

1887 3456 2033 3527 quod
2067 3457 2227 3511 Pater
2258 3455 2402 3520 facit,
2453 3472 2551 3526 per
2600 3455 2795 3510 Filium
2841 3455 2990 3513 facit.
3025 3457 3081 3513 Si
3112 3457 3345 3512 essentia
3374 3473 3485 3514 una

1888 3563 1989 3619 est,
2015 3554 2059 3608 si
2093 3561 2284 3608 natura
2313 3568 2440 3619 una,
2475 3555 2520 3608 si
2543 3553 2804 3609 fortitudo
2834 3571 2958 3618 una,
3001 3555 3046 3609 si
3078 3555 3329 3610 voluntas
3352 3571 3479 3621 una,

1886 3643 2158 3715 quomodo
2189 3659 2296 3696 non
2327 3651 2410 3697 est
2440 3659 2546 3698 una
2567 3643 2810 3714 operatio
2835 3645 2862 3696 εἰ
2891 3644 3038 3699 Dicis
3069 3646 3196 3716 quia
3225 3644 3342 3700 haec
3359 3643 3485 3700 facit

1889 3734 2070 3788 Pater.
2105 3734 2222 3803 Ego
2240 3732 2396 3788 dico:
2432 3733 2546 3787 Hoc
2563 3732 2739 3803 ipsum
2774 3732 2956 3800 Pater,
2977 3734 3079 3789 hoc
3093 3732 3268 3804 ipsum
3293 3733 3480 3804 Filius,

1888 3836 2056 3884 totum
2088 3830 2247 3884 Pater
2276 3837 2329 3884 et
2362 3836 2525 3883 totum
2576 3829 2761 3883 Filius.
2819 3831 3002 3900 Ipsum
3059 3829 3239 3886 facere
3288 3831 3478 3897 Patris,

1889 3918 2006 3973 Filii
2035 3927 2141 3972 est.
2180 3917 2306 3972 Noli
2338 3933 2572 3988 pensare
2628 3917 2781 3990 quasi
2829 3918 2965 3973 duas
3011 3919 3276 3985 actiones,
3310 3931 3481 3975 unam

1886 4028 2170 4096 majorem,
2205 4040 2366 4079 unam
2398 4024 2667 4080 minorem
2693 4041 2704 4093 ;
2737 4033 2827 4080 aut
2859 4025 2993 4081 forte
3051 4025 3247 4080 similis
3277 4027 3480 4098 ponde-

1888 4125 1960 4180 ris
1988 4123 2226 4196 aequales
2257 4123 2420 4190 duas;
2453 4122 2629 4178 unitas
2659 4122 2767 4178 sibi
2800 4131 2900 4190 est,
2935 4124 3071 4178 nihil
3113 4124 3477 4198 multiplices:

1887 4240 1992 4280 una
2025 4231 2105 4279 est
2127 4223 2270 4279 actio
2301 4223 2528 4277 duarum
2560 4222 2614 4277 in
2643 4236 2772 4292 uno,
2817 4223 2999 4290 trium,
3029 4222 3170 4279 actio
3201 4239 3329 4290 una,
3365 4223 3479 4281 sic-

1885 4335 1942 4381 ut
1970 4326 2146 4382 deitas
2177 4340 2284 4380 una
2310 4341 2322 4394 ;
2355 4333 2404 4380 et
2435 4325 2488 4378 in
2515 4341 2622 4379 una
2643 4324 2856 4381 actione
2879 4333 3008 4393 tres,
3037 4341 3149 4381 non
3176 4333 3288 4382 tres
3309 4342 3478 4399 agen-

1885 4429 1966 4477 tes
1995 4429 2144 4487 sunt,
2178 4421 2275 4476 sed
2302 4437 2441 4476 unus
2472 4435 2665 4493 agens,
2699 4421 2840 4477 sicut
2886 4421 2940 4476 in
2970 4422 3172 4478 deitate
3200 4439 3307 4480 una
3339 4431 3468 4491 tres,

1886 4535 1994 4574 non
2026 4526 2138 4574 tres
2166 4518 2241 4573 dii
2270 4527 2412 4585 sunt,
2445 4518 2538 4572 sed
2571 4535 2732 4574 unus.
2764 4518 2949 4586 Pater,
2979 4528 3033 4575 et
3055 4519 3241 4589 Filius,
3275 4524 3327 4576 et
3349 4521 3475 4594 Spi-

1887 4618 2025 4673 ritus
2055 4626 2291 4683 sanctus,
2343 4625 2455 4672 tres
2503 4633 2753 4688 personae
2802 4626 2944 4684 sunt,
2981 4618 3079 4674 sed
3111 4627 3222 4675 tres
3250 4618 3326 4675 dii
3366 4636 3477 4678 non

1885 4723 2028 4784 sunt,
2062 4730 2165 4771 nec
2195 4724 2306 4770 tres
2336 4721 2635 4778 creatores,
2668 4730 2770 4768 nec
2819 4722 2931 4768 tres
2979 4713 3238 4782 factores,
3265 4716 3388 4787 quia
3417 4717 3474 4772 in

1886 4830 1952 4869 eo
1981 4814 2126 4885 quod
2157 4830 2323 4870 unum
2354 4820 2498 4880 sunt,
2530 4811 2698 4867 dividi
2728 4828 2838 4867 non
2883 4819 3138 4882 possunt.
3179 4812 3475 4882 Quaacum-

1884 4928 1989 4982 que
2017 4928 2153 4982 ergo
2184 4913 2352 4966 Pater
2381 4910 2524 4977 facit,
2576 4912 2691 4966 haec
2722 4918 2776 4967 et
2811 4909 2979 4966 Filius
3008 4909 3130 4966 facit
3174 4913 3358 4980 (Joau.
3389 4917 3468 4986 ν),

1882 5008 2161 5078 Similiter,
2193 5008 2328 5080 quid
2357 5010 2532 5081 magis
2561 5008 2736 5064 simile
2792 5024 2916 5064 esse
2943 5016 3119 5079 potest
3155 5024 3321 5081 quam
3346 5010 3473 5066 uni-

1883 5113 1964 5158 tas
1992 5104 2019 5158 ?
2047 5102 2334 5171 Quomodo
2365 5106 2541 5160 dividi
2578 5113 2754 5177 potest
2799 5105 2944 5177 quod
2978 5104 3325 5178 multiplicari
3363 5122 3472 5163 non

1881 5205 2080 5268 potest,
2109 5208 2198 5253 aut
2227 5200 2504 5270 quomodo
2524 5215 2558 5255 a
2588 5217 2646 5256 se
2669 5200 2925 5256 recedere
2947 5208 3123 5271 potest
3142 5201 3285 5272 quod
3306 5217 3470 5257 unum

1882 5299 2011 5352 est?
2040 5297 2121 5352 Ne
2152 5312 2288 5368 ergo
2317 5297 2557 5366 mireris,
2591 5298 2637 5352 si
2667 5299 3092 5371 assumptionem
3147 5300 3324 5354 carnis
3353 5315 3473 5373 quae

1883 5385 1952 5440 ad
1983 5385 2160 5440 solum
2200 5385 2388 5440 Filium
2409 5385 2665 5455 refertur,
2699 5403 2807 5444 non
2841 5388 2990 5444 solus
3017 5388 3189 5444 Filius
3217 5398 3475 5461 operatus

1883 5495 1986 5556 est,
2018 5488 2118 5544 sed
2145 5504 2268 5544 cum
2298 5487 2433 5544 Filio
2466 5489 2631 5545 Pater
2658 5489 2824 5546 etiam
2867 5499 2921 5546 et
2947 5490 3186 5562 Spiritus
3217 5500 3462 5548 sanctus.

1882 5586 2074 5656 Neque
2100 5583 2306 5641 idcirco
2334 5592 2444 5640 tres
2472 5584 2786 5642 incarnatos
2815 5586 3036 5654 dixeris,
3063 5587 3188 5660 quia
3214 5588 3472 5645 incarna-

1883 5683 2084 5739 tionem
2115 5683 2275 5738 unius
2303 5689 2411 5739 tres
2441 5683 2654 5750 operati
2674 5691 2818 5749 sunt,
2853 5684 2977 5756 quia
3006 5685 3240 5742 Trinitas
3269 5695 3476 5744 natura!

1885 5781 2304 5852 inseparabilem
2355 5780 2477 5838 facit
2508 5781 2903 5851 operationem,
2931 5790 2985 5838 et
3015 5785 3318 5856 proprietas
3349 5802 3476 5857 per-

1887 5894 2035 5934 sona:
2065 5878 2400 5951 singularem
2430 5878 2878 5950 assumptionem.
