3924 6396
419 396 521 449 783

706 515 783 572 De
811 515 1108 586 assumpta
1136 526 1309 567 carne
1337 511 1400 565 in
1425 507 1734 565 Christum.

501 622 779 694 Quaeritur
820 617 1098 692 quomodo
1154 619 1355 682 homo,
1428 613 1789 686 personaliter
1841 612 2024 667 unitus

430 714 633 781 Verbo,
672 712 789 767 sine
818 716 1045 781 peccato
1064 706 1244 779 potuit
1266 704 1470 761 assumi
1497 705 1564 759 de
1594 719 1771 758 massa
1801 701 2026 757 humani

429 811 652 888 generis
678 830 689 865 :
723 807 868 881 quod
898 814 1069 863 totum
1097 813 1435 875 corruptum,
1469 810 1521 857 et
1550 802 1709 874 quasi
1740 800 2029 888 fermentaf

426 886 539 957 tum
571 908 653 955 est
681 904 909 970 peccato
931 895 984 950 in
1006 894 1201 950 Adam.
1226 893 1319 948 Ad
1340 891 1485 964 quod
1502 890 1864 961 respondetur
1883 886 2029 960 quod

435 991 607 1063 Virgo
636 987 805 1042 Maria
836 1000 936 1057 per
977 983 1143 1038 ﬁdem
1192 982 1387 1037 futurae
1425 980 1619 1035 mortis
1663 976 1865 1034 Christi
1903 983 2027 1031 ante

430 1077 844 1150 conceptionem
872 1075 1136 1128 mundata
1167 1070 1336 1126 fuerit
1362 1084 1393 1124 a
1415 1076 1658 1141 peccato.
1691 1067 1903 1137 Nempe
1931 1066 2030 1120 de-

432 1192 563 1235 cens
593 1181 712 1230 erat
741 1180 800 1228 ut
829 1186 894 1227 ea
924 1169 1161 1242 puritate
1190 1183 1297 1241 qua
1319 1167 1496 1237 major
1527 1165 1629 1219 sub
1658 1166 1778 1219 Deo
1801 1161 2031 1234 intelligi

427 1264 629 1338 nequit,
662 1263 822 1334 virgo
845 1258 934 1314 illa
967 1259 1187 1327 niteret,
1244 1256 1329 1313 cui
1353 1256 1500 1311 Deus
1518 1256 1678 1309 Pater
1699 1254 1916 1308 unicum
1944 1249 2031 1306 Fi-

428 1366 561 1421 lium
582 1377 763 1427 suum,
781 1375 964 1434 quem,
985 1357 1054 1413 de
1080 1356 1245 1412 corde
1270 1370 1369 1410 suo
1382 1353 1647 1427 genitum,
1663 1352 1767 1407 sibi
1783 1365 2032 1422 coaequa-

430 1456 557 1521 lem,
590 1458 848 1522 tanquam
883 1447 1125 1519 seipsum
1163 1444 1429 1518 diligebat
1456 1484 1469 1511 ,
1504 1444 1573 1497 ita
1603 1441 1739 1496 dare
1768 1440 2031 1511 dispone-

429 1546 539 1611 bat,
581 1547 645 1597 ut
670 1537 989 1595 naturaliter
1037 1542 1183 1590 esset
1229 1550 1391 1589 unus.
1437 1532 1699 1602 Idemque
1728 1526 2031 1585 communis

428 1633 528 1690 Dei
575 1628 758 1688 Patris
802 1636 854 1684 et
902 1623 1148 1698 Virginis
1198 1622 1382 1688 Filius,
1430 1629 1480 1676 et
1527 1636 1686 1694 quam
1718 1618 1835 1690 ipse
1865 1617 2032 1671 Filius

426 1718 856 1779 substantialiter
877 1715 1062 1772 facere
1087 1712 1191 1768 sibi
1213 1720 1439 1766 matrem
1462 1709 1724 1781 eligebat,
1749 1716 1800 1762 et
1826 1707 1894 1762 de
1924 1720 2032 1777 qua

426 1811 663 1884 Spiritus
693 1814 913 1862 sanctus
944 1802 1163 1859 volebat
1207 1808 1259 1856 et
1308 1807 1561 1870 operatus
1592 1806 1729 1863 erat,
1765 1803 1821 1850 ut
1850 1792 2034 1884 coinci-

1592 379 1928 438 WERNERI
1970 378 2260 436 ABBATIS
2301 377 2358 439 S.
2402 374 2622 432 BLASII

2046 509 2103 567 Α
2130 503 2217 558 nis
2248 502 2305 557 in
2338 517 2559 558 carnem
2590 498 2930 571 congelatum
2988 500 3138 557 fecit.
3204 500 3451 557 Accessit
3490 499 3734 573 Spiritus

3622 372 3733 430 78d

2132 608 2374 665 sanctus,
2410 608 2462 654 et
2492 600 2608 654 haec
2636 614 2758 669 quae
2815 597 3032 653 fuerant
3091 599 3250 655 Verbi
3291 599 3522 673 glutinio
3569 614 3733 656 com—

2133 697 2398 753 massata,
2430 687 2722 743 animando
2754 686 3027 752 formavit,
3078 696 3131 743 et
3182 687 3413 744 formata
3442 687 3724 743 distinxit.

2134 781 2366 849 (Rana)
2415 778 2691 832 Numerus
2748 792 2871 830 χινι
2916 792 3185 832 annorum
3242 777 3565 848 pertectioni
3611 778 3735 833 Do-

2135 868 2319 923 minici
2365 865 2615 936 corporis
2654 864 2941 936 aptissime
2987 866 3258 938 congruit.
3290 865 3736 938 (unusunus)

2134 956 2380 1011 Tradunt
2410 955 2554 1010 enim
2585 954 2913 1008 naturalium
2940 955 3238 1025 scriptores
3267 971 3472 1021 rerum,
3499 953 3733 1009 formam

2136 1053 2390 1125 corporis
2421 1051 2642 1107 humani
2674 1059 2750 1106 tot
2776 1052 2986 1106 dierum
3009 1049 3183 1123 spatio
3204 1050 3408 1124 perﬁci,
3433 1051 3556 1124 quia
3585 1050 3739 1106 vide-

2138 1142 2263 1197 licet
2294 1141 2557 1212 proximis
2581 1157 2673 1195 sex
2698 1156 2728 1194 a
2750 1141 3107 1212 conceptione
3124 1141 3340 1207 diebus,
3362 1140 3513 1196 lactis
3531 1140 3740 1195 habent

2140 1230 2570 1295 similitudinem,
2644 1230 3000 1302 sequentibus
3046 1244 3241 1285 novem
3295 1236 3643 1285 convertatur
3680 1230 3737 1283 in

2141 1320 2487 1393 sanguinem,
2527 1319 2727 1374 deinde
2772 1335 2843 1373 χιι
2889 1318 3172 1383 solidetur,
3206 1318 3432 1391 reliquis
3462 1334 3588 1375 xvm
3617 1316 3739 1373 for-

2140 1419 2318 1464 metur
2345 1425 2522 1480 usque
2553 1409 2620 1463 ad
2664 1407 2909 1479 perfecta
2940 1409 3252 1464 liniamenta
3294 1409 3533 1464 omnium
3564 1423 3741 1463 mem-

2144 1501 2384 1565 brorum,
2418 1506 2471 1553 et
2495 1498 2621 1553 hinc
2644 1498 2762 1568 jam
2794 1497 3010 1568 reliquo
3030 1505 3273 1568 tempore
3300 1513 3477 1569 usque
3503 1496 3572 1552 ad
3600 1503 3743 1552 tem-

2140 1614 2241 1668 pus
2288 1605 2495 1668 partus,
2545 1595 2920 1667 magnitudine
2966 1604 3256 1666 augeatur.
3312 1594 3425 1651 Sex
3465 1604 3647 1652 autem
3682 1602 3741 1651 et

2142 1703 2215 1748 ix,
2251 1694 2303 1740 et
2336 1701 2413 1740 χιι
2441 1694 2493 1739 et
2523 1700 2675 1750 xvm,
2700 1699 2803 1738 ην
2834 1683 3065 1740 faciunt.
3122 1684 3333 1753 Quibus
3364 1684 3409 1739 si
3439 1701 3600 1740 unum
3630 1686 3741 1740 ad-

2134 1774 2453 1843 jecerimns,
2519 1773 2574 1827 id
2630 1781 2714 1828 est
2760 1772 2938 1844 ipsum
2996 1772 3140 1827 diem
3188 1788 3297 1845 quo
3322 1771 3612 1830 discretum
3636 1789 3742 1845 per

761 1899 1086 1951 nasceretur
1116 1890 1227 1956 ille,
1261 1861 1468 1960 de-quo
1498 1888 1621 1958 ipse
1669 1861 2026 1957 procedebat,

2144 1863 2393 1918 membra
2421 1878 2625 1932 corpus
2667 1870 3003 1917 crementum
3055 1878 3269 1917 sumere
3305 1861 3511 1934 incipit,
3544 1870 3621 1918 tot
3650 1862 3740 1917 ni-

429 2005 601 2063 quare
629 1988 699 2043 de
737 1981 1098 2040 mundissima
1156 1979 1373 2051 virgine
1429 1975 1602 2047 potuit
1649 1974 1767 2029 sine
1805 1979 2031 2044 peccato

431 2084 648 2157 concipi
696 2082 864 2138 Filius
920 2077 1040 2147 Dei,
1074 2084 1126 2133 et
1155 2074 1311 2132 nasci
1352 2090 1452 2146 per
1483 2072 1691 2127 unitum
1722 2070 1823 2126 sibi
1856 2067 2032 2124 homi-

431 2168 579 2232 nem.
609 2174 859 2243 Excepta
886 2175 1076 2224 sancta
1132 2164 1357 2236 Virgine
1415 2162 1604 2228 Maria,
1637 2161 1704 2215 de
1743 2174 1867 2231 qua,
1897 2172 2032 2230 pro-

427 2274 548 2339 pter
572 2266 840 2319 benorem
871 2255 1110 2322 Domini,
1152 2253 1351 2308 nullam
1400 2266 1626 2323 prorsus
1656 2264 1781 2339 cum
1808 2247 1876 2303 de
1905 2261 2031 2339 pec-

430 2335 567 2412 catis
596 2351 797 2424 agitur,
830 2345 1021 2403 haberi
1050 2343 1177 2399 volo
1225 2340 1609 2413 quaestionem,
1654 2338 1858 2394 scimus
1888 2335 2032 2390 enim

430 2451 575 2526 quod
606 2450 655 2506 ei
687 2446 812 2520 plus
841 2444 1036 2519 gratiae
1067 2443 1140 2498 sit
1166 2441 1421 2497 collatum
1446 2438 1515 2494 ad
1532 2435 1859 2493 vincendum
1887 2432 2035 2491 omni

432 2558 498 2597 ex
527 2548 685 2613 parte
716 2542 1024 2609 peccatum.
1056 2531 1193 2586 Inde
1223 2529 1375 2602 quod
1418 2526 1709 2597 concipere
1740 2540 1809 2581 ac
1837 2539 2036 2596 parere

437 2628 664 2696 meruit,
712 2640 879 2698 quem
915 2628 1128 2679 constat
1173 2618 1380 2674 nullum
1439 2614 1702 2670 habuisse
1751 2622 2034 2685 peccatum

435 2731 843 2801 (AUGUSTINUS.
888 2722 963 2777 De
990 2723 1130 2775 nat.
1189 2721 1246 2773 et
1296 2719 1470 2787 grat.,
1505 2729 1560 2771 c.
1602 2714 1713 2782 36).
1760 2713 1872 2767 Hac
1901 2726 2036 2782 ergo

438 2816 654 2888 virgine
683 2820 943 2885 excepta,
976 2809 1023 2864 si
1052 2822 1246 2864 omnes
1280 2804 1459 2861 sancti
1489 2811 1543 2858 et
1574 2809 1779 2858 sanctae
1806 2815 2037 2874 congre-

440 2906 562 2981 gari
592 2908 837 2977 possent,
867 2898 998 2971 quid
1027 2895 1446 2968 responderent,
1492 2891 1596 2946 nisi
1632 2890 1775 2981 quod
1805 2890 2041 2981 Joannes

446 2978 522 3057 ait
553 3012 569 3049 :
600 3018 623 3041 α
659 2992 715 3048 Si
746 2988 1052 3047 dixerimus
1105 2985 1234 3057 quia
1272 2990 1552 3055 peccatum
1596 2995 1705 3034 non
1747 2978 2035 3042 habemus,

445 3100 546 3140 nos
574 3082 726 3155 ipsos
754 3078 1106 3135 seducimus?
1137 3097 1159 3123 ω
1187 3074 1236 3143 (1
1261 3074 1425 3129 Joan.
1473 3071 1539 3139 ι.)
1586 3068 1880 3142 Legimus:
1925 3069 2038 3121 Ma-

439 3183 576 3239 riam
606 3185 778 3236 totam
808 3174 1113 3246 repleverat
1150 3169 1383 3242 Spiritus
1433 3166 1603 3224 sancti
1631 3167 1826 3238 gratia,
1867 3170 2036 3221 totam

2140 1962 2336 2015 mirum
2368 1961 2485 2014 dies
2522 1960 2576 2013 in
2616 1957 2980 2016 aadiiicatione
3010 1959 3259 2030 corporis
3279 1959 3514 2026 Domini,
3545 1975 3654 2033 quo
3683 1960 3740 2015 in

2138 2048 2490 2105 fabricatione
2520 2047 2706 2119 templi
2738 2063 2913 2104 annos
2942 2046 3276 2103 invenimus.

2213 2146 2646 2215 (AUGUSTINUS.)
2675 2145 2797 2199 Non
2842 2147 2897 2198 in
2940 2151 3093 2199 utero
3144 2144 3381 2217 Virginis
3423 2144 3569 2215 prius
3598 2160 3740 2202 con-

2142 2242 2301 2305 cepta
2323 2243 2425 2300 est,
2457 2241 2515 2288 et
2538 2233 2882 2304 postmodum
2932 2232 3189 2289 divinitas
3236 2232 3383 2289 venit
3411 2233 3465 2288 in
3492 2249 3736 2301 carnem,

2142 2323 2241 2377 sed
2273 2338 2396 2377 mox
2429 2331 2488 2377 ut
2517 2323 2666 2377 venit
2697 2322 2934 2376 Verbum
2954 2321 3008 2376 in
3041 2330 3193 2377 utero
3210 2324 3393 2393 (Joan.
3425 2324 3487 2390 ι),
3520 2331 3741 2379 servato

2143 2419 2384 2491 prOpriaa
2413 2428 2617 2475 natura:
2648 2419 2927 2489 varietate,
2963 2420 3165 2476 factum
3212 2428 3295 2475 est
3323 2435 3469 2483 caro.
3516 2429 3570 2476 et
3604 2437 3742 2493 per-

2144 2507 2321 2563 fectus
2352 2510 2537 2575 homo,
2569 2509 2623 2563 id
2656 2516 2740 2564 est
2768 2510 2822 2563 in
2853 2509 3089 2565 veritate
3118 2509 3299 2566 carnis
3328 2519 3381 2565 et
3406 2510 3618 2577 animae,
3652 2526 3741 2566 na-

2145 2606 2233 2652 tus
2264 2606 2345 2653 est
2378 2599 2447 2653 de
2476 2613 2642 2654 carne
2688 2598 2799 2663 illa,
2850 2597 2939 2654 cui
2990 2597 3197 2653 unitum
3227 2605 3310 2654 est
3349 2598 3610 2655 Verbum.
3642 2598 3743 2654 Est

2147 2710 2366 2767 quoque
2397 2695 2511 2750 alia
2541 2697 2680 2751 ratio
2713 2711 2726 2750 :
2761 2696 2975 2751 Dictum
3025 2704 3107 2751 est
3150 2696 3406 2751 nimirum
3452 2695 3579 2751 alibi
3613 2696 3741 2769 quia

2145 2785 2252 2840 hoc
2281 2784 2429 2856 quod
2459 2785 2751 2840 assumitur
2779 2785 2847 2839 ad
2884 2784 3096 2855 prolem
3154 2785 3222 2840 de
3273 2793 3501 2856 parente
3531 2785 3737 2841 nullam

2147 2873 2312 2929 habet
2344 2874 2677 2929 voluntatem
2701 2890 2715 2928 :
2735 2873 2968 2946 ideoque
2990 2873 3197 2928 nullum
3217 2882 3527 2945 peccatum.
3552 2875 3738 2947 Itaque

2146 2973 2498 3044 perspicuum
2527 2981 2628 3040 est,
2664 2972 2915 3044 quoniam
2967 2970 3026 3026 in
3067 2988 3132 3027 eo
3174 2972 3317 3043 quod
3360 2972 3524 3027 Filius
3553 2972 3651 3027 Dei
3680 2973 3739 3027 in

2148 3073 2298 3112 suam
2340 3072 2632 3128 personam
2672 3056 2988 3125 assumpsit,
3033 3057 3101 3112 de
3143 3056 3369 3128 Virgine
3394 3056 3540 3112 nulla
3568 3057 3739 3129 potuit

2148 3161 2272 3202 esse
2299 3147 2510 3202 macula
2565 3146 2795 3215 peccati.
2842 3146 3264 3215 (Aucusrnvns)
3307 3146 3737 3203 Incommutabi-

444 3269 801 3329 incandnerat
829 3233 1051 3321 divinus
1078 3275 1253 3326 amor,
1278 3259 1353 3314 ita
1384 3257 1530 3329 quod
1562 3256 1615 3310 in
1645 3272 1710 3310 ea
1739 3255 1872 3309 nihil
1893 3265 2034 3309 esset

2149 3235 2216 3289 lis
2244 3237 2447 3291 veritas
2476 3251 2572 3306 per
2588 3234 2876 3306 spirituum
2898 3234 3154 3297 animam,
3179 3241 3234 3289 et
3254 3251 3353 3305 per
3366 3234 3599 3290 animam
3611 3250 3735 3291 cor-

446 3357 753 3417 mundanus
802 3354 943 3427 quod
975 3349 1208 3409 violaret
1238 3346 1486 3412 aﬂ‘ectus,
1537 3345 1637 3400 sed
1666 3344 1830 3400 ardor
1858 3343 2038 3398 conti-

444 3465 587 3506 nuus
624 3455 679 3503 et
703 3444 945 3501 ebrietas
972 3437 1186 3512 profusi
1225 3435 1457 3493 amoris.
1509 3434 1942 3501 (AUGL'S'HNUS).
1984 3432 2041 3488 Si

448 3546 704 3620 Spiritum
737 3541 835 3598 Dei
863 3538 1043 3596 omnis
1071 3536 1244 3591 virtus
1274 3532 1593 3607 angelorum
1629 3534 1863 3597 constat,
1906 3531 2039 3584 bea-

448 3617 555 3693 tam
582 3638 642 3692 et
667 3631 966 3705 gloriosam
1000 3624 1301 3699 Virginem,
1325 3624 1377 3677 in
1400 3636 1561 3694 quam
1588 3619 1901 3691 supervenit
1920 3617 2041 3690 Spi-

449 3734 586 3790 ritus
616 3738 859 3797 sanctus,
891 3734 946 3783 et
988 3732 1134 3780 totus
1155 3719 1547 3791 Deusillapsus
1569 3726 1816 3792 portatur
1842 3733 2042 3773 novem

447 3820 737 3880 mensibus
767 3818 823 3875 in
851 3822 1031 3882 utero,
1062 3810 1397 3869 credendum
1430 3818 1514 3865 est
1559 3808 1766 3878 majora
1817 3822 2040 3879 prome-

446 3911 623 3970 ruisse
653 3909 910 3966 virtutum
928 3902 1237 3977 privilegia,
1272 3908 1325 3956 et
1355 3898 1666 3971 percepisse
1696 3897 1948 3971 gratiam,
1972 3895 2041 3952 ab

445 4010 659 4084 angelis
688 4007 854 4064 etiam
881 4001 1264 4061 collaudatum.

517 4096 774 4169 Suscepit
801 4093 1045 4151 Christus
1077 4090 1147 4146 de
1194 4096 1343 4145 terra
1382 4094 1604 4154 terram,
1638 4085 1765 4158 quia
1802 4085 1869 4140 de
1899 4091 2044 4140 terra

447 4204 578 4248 caro
610 4194 713 4254 est,
750 4191 803 4239 et
825 4183 893 4238 de
927 4194 1099 4237 carne
1144 4177 1329 4232 Mariae
1387 4191 1602 4232 carnem
1648 4174 1875 4245 accepit,
1908 4180 1959 4229 et
1989 4173 2043 4227 in

450 4287 570 4359 ipsa
600 4297 769 4340 carne
797 4279 885 4337 hic
911 4275 1230 4340 ambulavit,
1262 4282 1314 4328 et
1335 4272 1512 4345 ipsam
1532 4286 1750 4327 carnem
1781 4269 1940 4325 nobis
1970 4268 2040 4324 ad

446 4356 889 4431 manducandum
921 4368 992 4422 ad
1024 4363 1257 4420 salutem
1278 4361 1446 4418 dedit.
1485 4385 1507 4409 η
1539 4359 1855 4432 Apostolus.
1890 4382 1912 4407 α
1937 4356 2043 4428 Qui

447 4464 617 4521 factus
646 4467 728 4516 est
784 4457 835 4514 ei
893 4472 957 4512 ex
1017 4453 1225 4510 semine
1280 4450 1450 4506 David
1482 4450 1781 4505 secundum
1821 4462 2041 4504 carnem

448 4562 625 4629 (Rom.
657 4557 721 4627 ι).
746 4554 884 4611 Nam
915 4551 1057 4609 sicut
1080 4552 1229 4607 Deus
1273 4566 1337 4605 ex
1379 4546 1681 4603 substantia
1713 4545 1884 4601 Patris
1913 4551 2039 4600 ante

444 4648 642 4706 secula
677 4652 835 4701 natus
864 4650 966 4707 est,
996 4642 1071 4696 ita
1095 4640 1262 4695 homo
1307 4655 1371 4693 ex
1422 4637 1721 4693 substantia
1758 4634 1951 4691 matris
1979 4634 2036 4689 in

440 4737 645 4795 amcqu
699 4741 877 4790 natus.
936 4732 1078 4788 Nam
1112 4729 1158 4784 si
1186 4729 1255 4784 de
1308 4726 1478 4782 nihilo
1534 4725 1713 4782 factus
1743 4731 1914 4790 esset,
1945 4723 2037 4779 ille

435 4839 607 4894 homo
636 4833 818 4889 unitus
848 4831 964 4886 Deo
993 4825 1382 4900 personaliter,
1435 4823 1579 4880 sicut
1607 4821 1854 4878 nonnulli
1883 4836 2035 4877 asse-

440 4943 594 5003 runt,
621 4930 709 4988 vel
737 4930 808 4986 de
837 4927 946 4984 alio
975 4939 1184 4999 genere
1215 4938 1375 4996 quam
1419 4923 1487 4978 de
1535 4921 1748 4977 Adam?
1790 4921 2037 4976 Humana

436 5033 635 5081 natura
666 5035 790 5093 quas
819 5026 927 5073 tota
957 5022 1079 5072 erat
1104 5014 1161 5069 in
1180 5012 1378 5078 Adam,
1411 5019 1464 5068 et
1492 5012 1563 5066 ibi
1594 5010 1863 5082 peccavit,
1885 5009 2037 5065 nullo

436 5113 603 5170 modo
632 5107 992 5166 satisfecisset
1046 5104 1165 5160 Deo
1196 5118 1298 5174 pro
1341 5109 1561 5173 peccato
1616 5115 1735 5170 suo,
1776 5098 1903 5172 quia
1933 5113 2037 5155 nec

432 5213 552 5285 ipse
584 5208 783 5272 Adam,
816 5220 920 5261 nec
947 5202 1149 5275 aliquis
1176 5202 1247 5257 de
1274 5216 1479 5274 genere
1509 5198 1657 5255 illius
1683 5205 1846 5254 natus
1873 5197 2034 5253 debi-

436 5318 549 5366 tum
580 5306 713 5365 illud
745 5303 1024 5361 solvisset.
1079 5301 1148 5356 Et
1186 5299 1233 5354 si
1281 5299 1529 5355 Christus
1557 5297 1766 5353 alienus
1794 5305 1942 5353 esset
1967 5297 2036 5352 ab

436 5408 676 5462 humano
720 5417 929 5476 genere
983 5399 1132 5472 quod
1184 5406 1530 5470 peccaverat,
1570 5394 1875 5452 satisfactio
1918 5396 2034 5465 ejus

437 5503 584 5560 nulla
604 5502 817 5558 ratione
846 5497 1148 5573 pertineret
1176 5497 1245 5552 ad
1294 5496 1484 5561 Adam,
1520 5503 1574 5551 et
1602 5510 1670 5551 ex
1701 5509 1766 5552 eo
1796 5495 2030 5566 genitos,

433 5611 487 5658 et
514 5618 625 5659 non
651 5600 731 5657 eis
756 5596 1058 5654 subvenire
1088 5611 1253 5667 posse
1283 5595 1572 5652 videretur
1603 5593 1841 5667 amplius
1869 5609 2033 5667 quam

434 5697 711 5755 diabolus.
750 5696 1193 5765 (Ancusrmus.)
1226 5696 1287 5749 in
1316 5693 1479 5749 vulva
1512 5693 1744 5766 Virginis
1779 5693 2034 5765 genitalis

434 5796 661 5868 sanguis
683 5803 735 5849 et
765 5792 1034 5849 femineus
1066 5793 1258 5846 humor
1303 5790 1418 5846 fuit.
1481 5793 1616 5846 Huic
1646 5791 1903 5862 sanguini
1945 5791 2033 5847 vel

432 5892 650 5950 humori
684 5890 920 5949 Verbum
947 5903 1009 5943 se
1038 5887 1274 5952 miscuit,
1303 5897 1358 5943 et
1393 5887 1756 5943 substantiam
1802 5889 2031 5963 sangui-

2148 3340 2248 3396 pus
2276 3324 2602 3395 suscipiens,
2655 3331 2767 3380 toto
2808 3323 3029 3379 homine
3068 3331 3349 3393 assumpto
3378 3323 3448 3379 ab
3483 3324 3737 3381 omnibus

2148 3439 2272 3477 eum
2303 3422 2704 3479 inﬁrmitatibus
2752 3422 3020 3478 liberavit.
3074 3421 3351 3495 Quidquid
3381 3424 3528 3479 enim
3558 3423 3736 3480 homi-

2149 3513 2233 3567 nis
2264 3529 2372 3568 non
2404 3513 2459 3568 in
2490 3529 2549 3568 se
2582 3512 2900 3583 assumpsit,
2934 3528 3035 3568 nec
3064 3511 3335 3568 liberavit.
3379 3511 3528 3568 Sicut
3555 3521 3737 3570 autem

2148 3610 2203 3664 in
2238 3608 2492 3681 sepulcro
2525 3624 2748 3665 carnem
2789 3624 2947 3664 suam
2999 3608 3281 3664 moriendo
3326 3624 3435 3665 non
3474 3610 3734 3679 deseruit,

2150 3699 2230 3755 sic
2259 3700 2315 3754 in
2346 3706 2503 3755 utero
2563 3697 2798 3771 Virginis
2853 3713 2976 3754 eam
3028 3698 3308 3755 nascendo
3335 3698 3606 3755 formavit.
3648 3699 3736 3757 Sic

2150 3804 2285 3861 ergo
2314 3804 2423 3844 non
2453 3787 2769 3844 discedente
2798 3787 2929 3857 vita,
2954 3797 3209 3843 mortuus
3239 3796 3339 3857 est,
3372 3787 3513 3844 sicut
3537 3803 3737 3860 passus

2149 3894 2253 3953 est,
2284 3901 2390 3941 non
2422 3894 2688 3957 pereunte
2717 3885 2842 3940 vitae
2869 3885 3137 3957 potentia.
3175 3883 3433 3954 Quamvis
3459 3899 3592 3958 ergo
3620 3901 3737 3943 raro

2150 3974 2435 4047 reliquerit
2461 3975 2717 4042 animam,
2742 3985 2793 4031 et
2816 3974 3165 4046 expiraverit,
3207 3973 3384 4030 deitas
3415 3981 3595 4030 tamen
3610 3989 3737 4030 neu-

2149 4072 2290 4119 trum
2323 4065 2647 4136 reliquit,ex
2668 4080 2775 4137 quo
2792 4063 3030 4121 Verbum
3060 4078 3189 4119 caro
3218 4061 3419 4121 factum
3466 4070 3567 4119 est.
3601 4062 3735 4132 Qui-

2150 4154 2277 4209 dam
2307 4154 2554 4227 ﬂagitant
2583 4154 2685 4209 sibi
2714 4153 2867 4209 reddi
2896 4153 3159 4209 rationem
3189 4152 3463 4224 puomodo
3480 4153 3625 4208 Deus
3640 4155 3735 4209 ho-

2150 4256 2284 4312 mini
2326 4256 2625 4329 permistus
2668 4256 2758 4321 sit,
2795 4263 2853 4311 ut
2897 4270 3008 4311 una
3050 4270 3283 4327 persona
3317 4253 3517 4309 Christi
3562 4251 3731 4322 ﬁeret,

2150 4361 2275 4403 cum
2323 4347 2429 4403 hoc
2467 4346 2638 4402 semel
2684 4344 2800 4400 fieri
2850 4345 3102 4415 potuerit,
3149 4343 3310 4415 quasi
3342 4342 3605 4400 rationem
3633 4342 3734 4414 ipsi

2150 4435 2384 4491 reddant
2412 4435 2481 4491 de
2515 4451 2578 4490 re
2609 4450 2733 4507 quae
2764 4432 3006 4506 quotidie
3035 4432 3111 4499 ﬁt,
3146 4431 3420 4504 quomodo
3448 4432 3738 4489 misceatur

2149 4531 2333 4587 anima
2361 4531 2593 4603 corpori,
2635 4538 2693 4587 ut
2735 4547 2839 4587 una
2893 4545 3130 4602 persona
3173 4528 3266 4584 ﬁat
3305 4528 3566 4585 hominis.
3598 4528 3735 4584 Nam

2064 4599 2121 4661 D
2153 4621 2364 4678 sicutin
2397 4599 2601 4677 unitate
2654 4599 2908 4692 personm
2961 4619 3140 4675 anima
3189 4618 3353 4674 utitur
3400 4633 3651 4691 corpore,
3681 4625 3733 4674 ut

2144 4720 2308 4777 homo
2337 4719 2404 4774 sit
2434 4718 2505 4772 ita
2535 4717 2588 4772 in
2645 4716 2846 4772 unitate
2902 4731 3190 4789 persona;
3246 4715 3392 4771 Deus
3446 4714 3613 4772 utitur
3649 4715 3733 4771 ho-

2142 4808 2308 4874 mine,
2341 4815 2399 4863 ut
2427 4806 2671 4863 Christus
2700 4806 2787 4862 sit.
2820 4807 2880 4862 In
2909 4805 2999 4861 illa
3014 4804 3178 4879 igitur
3217 4818 3473 4876 persona,
3510 4802 3733 4859 mistura

2143 4916 2228 4965 est
2253 4907 2450 4963 animae
2478 4913 2530 4961 et
2555 4903 2822 4976 corporis,
2847 4903 2974 4959 etin
2992 4903 3098 4959 hac
3124 4915 3365 4974 persona
3394 4900 3617 4957 mistura
3645 4908 3732 4957 est

2143 5007 2242 5063 Dei
2264 5014 2318 5063 et
2337 5004 2591 5071 hominis,
2615 5003 2661 5058 si
2691 5011 2875 5059 tamen
2928 5000 3144 5059 recedat
3200 5000 3419 5055 auditor
3448 5014 3480 5055 a
3508 5014 3730 5055 consue-

2142 5104 2332 5161 tudine
2359 5117 2672 5174 corporum,
2704 5100 2835 5170 quia
2865 5097 3048 5155 solent
3076 5098 3187 5154 duo
3216 5096 3453 5169 liquores
3499 5094 3571 5151 ita
3596 5094 3728 5150 mis-

2142 5202 2283 5269 ceri,
2312 5209 2370 5257 ut
2397 5207 2590 5257 neuter
2617 5205 2799 5256 servet
2818 5195 3187 5270 integritatem
3209 5209 3389 5263 suam,
3432 5208 3729 5267 quanquam

2143 5309 2195 5358 et
2224 5300 2359 5373 ipsis
2384 5297 2714 5371 corporibus
2744 5296 2888 5354 aeris
2910 5296 2999 5351 lux
3020 5294 3350 5368 incorporea
3404 5292 3720 5349 misceatur.

2140 5401 2294 5473 Ergo
2323 5413 2560 5471 persona
2588 5395 2823 5453 hominis
2854 5396 3087 5450 mistura
3116 5400 3200 5449 est
3234 5391 3429 5448 animae
3459 5397 3514 5447 et
3544 5405 3731 5462 corpo-

2144 5499 2237 5553 ris.
2273 5500 2409 5555 Cum
2440 5496 2587 5553 enim
2618 5494 2852 5551 Verbum
2892 5492 2993 5549 Dei
3027 5489 3354 5563 permistum
3410 5498 3490 5545 est
3543 5487 3729 5544 animus

2144 5596 2370 5654 haerenti
2400 5610 2621 5667 corpus,
2652 5591 2811 5649 simul
2828 5600 2885 5648 et
2909 5589 3145 5646 animam
3165 5587 3390 5659 suscipit
3418 5594 3470 5643 et
3491 5601 3715 5657 corpus.

2144 5694 2283 5751 Illud
2316 5692 2559 5768 quotidie
2581 5691 2639 5747 fit
2670 5690 2740 5747 ad
2756 5686 3131 5763 procreandos
3161 5686 3413 5743 homines
3445 5704 3456 5740 :
3517 5684 3623 5741 hoc
3651 5698 3727 5740 sec

2140 5792 2248 5850 mel
2287 5793 2491 5849 factum
2520 5798 2601 5847 est
2621 5791 2689 5847 ad
2711 5788 3029 5845 liberandos
3047 5786 3315 5844 homines.
3340 5784 3726 5840 Verumtamen

2145 5890 2385 5947 duarum
2442 5900 2624 5945 rerum
2679 5886 3133 5958 incorporearum
3172 5880 3479 5940 commistio
3521 5878 3727 5937 facilius
