3924 6422
269 432 367 485 785

1250 445 1834 502 DEFLORATIONES
1874 448 1971 504 SS.
2017 450 2320 507 PATRUM.
2363 483 2429 492 -
2469 453 2594 507 LIB.
2639 455 2678 508 Ι.

3508 455 3610 509 786

276 558 427 648 credi
450 560 666 619 debuit
701 581 875 637 quam
909 567 1066 622 unius
1089 567 1142 622 in
1172 583 1419 639 corpore.
1453 572 1596 625 Nam
1635 571 1681 625 si
1724 572 1903 625 anima
1933 577 1985 634 Α
2021 591 2231 647 regum,
2267 578 2510 644 ejusdem
2540 577 2700 632 ductu
2745 577 2920 634 stellae
2969 576 3401 648 Hierosolymam
3431 592 3604 632 vene-

282 645 333 701 in
363 648 448 703 sui
481 659 704 708 natura
723 671 839 710 non
871 655 1091 720 fallitur,
1125 656 1506 728 incorpoream
1553 675 1612 714 se
1649 675 1904 731 compre-

287 735 500 794 hendit.
535 741 724 797 Multo
759 744 938 816 magis
969 753 1049 799 est
1083 745 1464 816 incorporeum
1501 748 1739 802 Verbum
1788 750 1903 816 Dei,

297 842 360 882 ac
386 844 485 899 per
517 829 630 886 hoc
670 831 839 886 Verbi
889 833 981 888 Dei
1026 842 1076 887 et
1122 835 1318 889 animae
1363 836 1675 890 credibilior
1721 838 1908 893 debuit

298 933 419 972 esse
449 918 745 988 permistio
777 936 939 992 quam
969 922 1165 978 animae
1197 930 1247 978 et
1278 925 1550 994 corporis.

515 1095 768 1154 SERMO
811 1099 903 1154 DE
943 1101 1364 1156 NA'I‘IVITATE
1406 1101 1683 1158 DOIlllNl.

373 1257 514 1325 Quia
544 1257 711 1314 hodie
743 1259 1076 1330 Redemptor
1119 1269 1277 1316 natus
1325 1263 1377 1316 in
1428 1262 1687 1317 mundum
1736 1264 1898 1319 modo

297 1345 497 1401 salutis
528 1355 750 1402 aeternae
773 1350 1074 1404 remedium
1093 1351 1288 1415 attulit,
1310 1351 1604 1404 nativitatis
1621 1368 1732 1406 sua:
1763 1360 1897 1406 tem-

290 1450 400 1505 pus
447 1436 632 1490 multis
675 1437 1060 1492 miraculorum
1105 1439 1395 1493 declaravit
1437 1439 1762 1510 insignibus.
1812 1441 1894 1494 Ex

287 1532 571 1588 universis
595 1542 773 1588 autem
797 1535 1030 1605 primum
1046 1536 1342 1591 Dominicaa
1363 1537 1658 1591 nativitatis
1671 1536 1892 1608 signum

285 1629 437 1689 erat,
469 1622 612 1692 quod
644 1637 710 1678 eo
740 1631 988 1693 tempore
1017 1640 1124 1695 quo
1155 1625 1400 1678 Christus
1431 1632 1582 1679 natus
1612 1634 1711 1690 est,
1743 1626 1892 1680 solus

281 1709 478 1764 Caesar
508 1713 790 1783 Augustus
821 1713 991 1766 nimis
1023 1711 1273 1783 paciﬁcus
1301 1721 1410 1768 toto
1440 1715 1641 1768 mundo
1681 1714 1890 1784 prmfuit

280 1800 454 1864 (Luc.
490 1801 549 1864 ιι)
580 1817 592 1853 :
629 1800 776 1872 quod
816 1809 974 1855 antea
1002 1801 1296 1857 inauditum
1330 1802 1424 1856 fuit
1452 1811 1529 1856 tot
1568 1804 1796 1874 populos
1835 1813 1888 1858 et

275 1887 540 1943 nationes
570 1905 738 1943 unum
772 1905 938 1959 posse
969 1890 1080 1960 pati
1111 1890 1410 1944 dominum.
1444 1892 1521 1945 Ex
1560 1892 1663 1947 hoc
1705 1901 1882 1947 autem
1915 1926 1966 1986 Β

275 1975 526 2031 Caesaris
556 1977 796 2047 Augusti
830 1978 1128 2048 principatu
1161 1996 1285 2034 vere
1316 1980 1707 2051 designabatur
1737 1981 1883 2036 illum

274 2073 581 2120 venturum
613 2066 667 2120 in
694 2082 883 2132 carne,
918 2068 1010 2139 qui
1042 2068 1190 2122 solus
1221 2068 1361 2138 regit
1390 2077 1444 2123 et
1474 2070 1747 2140 gubernat
1775 2086 1884 2125 om-

272 2153 400 2218 nia,
435 2155 528 2226 qui
560 2171 704 2209 unus
735 2166 929 2226 praeest
960 2157 1212 2212 omnibus
1243 2175 1256 2210 :
1307 2174 1426 2228 quae
1473 2166 1595 2211 sunt
1643 2159 1694 2212 in
1746 2159 1884 2216 coelo

275 2252 337 2298 et
370 2244 428 2296 in
462 2252 632 2299 terra.
657 2245 972 2300 Secundum
1003 2245 1217 2318 signum
1237 2253 1375 2311 erat,
1411 2247 1556 2316 quod
1588 2255 1712 2302 tunc
1742 2256 1886 2304 tanta

272 2347 392 2402 pax
424 2341 540 2388 erat
569 2333 623 2387 in
653 2343 818 2398 terra,
851 2343 1048 2406 quanta
1079 2335 1146 2389 ad
1176 2335 1307 2388 illud
1351 2345 1563 2406 tempus
1610 2351 1642 2390 a
1687 2337 1885 2394 saeculo

273 2437 395 2476 non
429 2431 516 2476 est
544 2423 751 2485 audita,
802 2423 874 2477 ita
908 2431 964 2476 ut
1007 2439 1166 2479 nemo
1196 2425 1248 2477 in
1272 2433 1382 2479 toto
1423 2426 1626 2480 mundo
1655 2426 1885 2481 auderet

272 2509 489 2565 bellum
521 2527 764 2574 movere,
800 2511 897 2565 sed
919 2527 1110 2566 omnes
1131 2513 1378 2568 homines
1394 2513 1639 2568 viverent
1659 2515 1759 2568 sub
1780 2531 1884 2569 una

273 2599 336 2649 et
373 2595 664 2666 tranquilla
697 2612 833 2667 pace
863 2605 912 2651 et
945 2597 1141 2668 quiete.
1177 2599 1454 2669 Completa
1484 2599 1575 2653 illa
1624 2601 1886 2655 veraciter

277 2683 448 2739 Isaia:
478 2685 762 2755 prophetia
797 2702 811 2739 :
847 2709 869 2730 ι·
923 2686 987 2740 Et
1039 2685 1352 2741 conﬁabunt
1397 2687 1614 2757 gladios
1660 2704 1788 2743 suos
1830 2689 1885 2742 in

276 2787 562 2838 vomeres,
595 2778 650 2828 et
681 2773 902 2829 lanceas
932 2789 1061 2828 suas
1088 2775 1146 2828 in
1171 2774 1338 2830 falces
1359 2775 1486 2845 (Isa.
1517 2779 1597 2844 ιι).
1629 2800 1649 2822 n
1677 2779 1883 2832 Verum

274 2859 580 2931 signicavit
604 2861 698 2916 illa
731 2878 858 2932 pax,
891 2861 1038 2916 illum
1070 2862 1124 2918 in
1172 2877 1332 2919 carne
1379 2872 1591 2931 natum,
1642 2866 1732 2937 qui
1775 2867 1882 2920 hu-

270 2975 499 3013 manum
535 2976 714 3026 genus
747 2959 1134 3024 reconciliavit,
1167 2962 1258 3032 qui
1287 2961 1514 3034 angelos
1545 2970 1597 3017 et
1634 2963 1884 3019 homines

269 3048 449 3105 unica
482 3063 619 3118 pace
649 3048 954 3118 conjunxit,
1001 3050 1092 3121 qui
1139 3050 1393 3106 omnibus
1445 3067 1630 3106 veram
1690 3068 1880 3122 pacem

274 3136 639 3191 servantibus
658 3140 997 3208 'potestalem
1023 3137 1162 3193 filios
1211 3138 1310 3193 Dei
1346 3137 1461 3194 ﬁeri
1508 3140 1748 3205 donavit,
1800 3142 1881 3195 di-

271 3240 412 3280 cens
448 3243 460 3278 :
497 3246 520 3276 ι
556 3225 705 3280 Beati
735 3225 970 3297 paciﬁci,
1003 3227 1261 3297 quoniam
1285 3227 1402 3282 Filii
1425 3228 1521 3283 Dei
1543 3230 1881 3285 vocabuntur

270 3315 500 3381 (Matth.
537 3318 614 3379 v).
634 3335 657 3365 ι
681 3315 836 3372 Unde
854 3326 902 3370 et
921 3315 1103 3387 angeli
1126 3315 1225 3372 Dei
1245 3317 1344 3372 hac
1362 3325 1519 3373 nocte
1545 3318 1748 3373 Christi
1777 3333 1879 3373 na-

276 3403 552 3459 tivitatem
583 3404 967 3458 annuntiantes
998 3413 1353 3460 cantaverunt
1384 3423 1396 3461 :
1435 3429 1455 3454 u
1493 3406 1674 3462 Gloria
1706 3407 1759 3462 in
1781 3424 1879 3463 ex-

269 3491 447 3547 celsis
475 3493 594 3546 Deo
617 3494 773 3562 (Luc.
800 3493 878 3559 ιι).
911 3513 931 3542 ι
957 3493 1193 3547 Tertium
1209 3493 1423 3564 signum
1447 3498 1582 3560 erat,
1601 3496 1878 3566 quodipso

271 3580 484 3635 Caesari
515 3580 870 3646 concedente,
905 3583 1298 3652 unusquisque,
1345 3583 1465 3638 sive
1515 3584 1715 3639 nobilis
1763 3585 1878 3640 sive

273 3668 571 3742 ignobilis,
600 3669 738 3724 liber
769 3678 858 3724 aut
887 3686 1094 3737 seri-us,
1120 3671 1165 3724 si
1185 3669 1350 3726 fuerit
1370 3671 1420 3726 in
1443 3672 1771 3742 captivitate,
1807 3673 1875 3729 ad

270 3757 506 3829 propria
531 3758 722 3827 jussus
753 3765 836 3814 est
866 3758 1068 3824 redire,
1120 3767 1171 3814 et
1217 3759 1511 3829 unicuique
1562 3761 1871 3831 limreditas,

267 3847 501 3918 propria
532 3846 884 3914 reddebatur,
919 3857 971 3902 et
1001 3847 1203 3920 singuli
1234 3865 1292 3904 se
1315 3865 1511 3904 census
1528 3851 1873 3906 Cmsarired-

263 3935 484 3990 dituros
513 3933 930 4005 proﬁtebantur,
964 3943 1015 3990 et
1043 3935 1134 3990 ille
1167 3952 1362 3991 census
1401 3937 1560 3992 trium
1609 3939 1872 3995 denario-

263 4037 394 4076 rum
426 4023 615 4077 habuit
644 4022 991 4094 pensionem,
1021 4041 1140 4095 quae
1161 4024 1423 4080 drachma
1461 4026 1859 4098 appellabatur.

260 4120 366 4175 His
401 4121 568 4176 rebus
601 4121 731 4192 quid
763 4120 910 4176 aliud
941 4121 1496 4194 signiﬁcabatur,nisi
1518 4125 1662 4196 quod
1690 4142 1866 4197 quan-

254 4210 360 4264 diu
394 4209 449 4264 in
480 4209 680 4266 mundo
699 4227 885 4264 sumus
907 4211 1322 4282 peregrinamur
1341 4227 1372 4268 a
1393 4214 1528 4281 Deo,
1552 4215 1862 4286 usquedum

255 4315 366 4370 per
401 4298 700 4353 nativitatis
735 4299 1034 4356 Dominicae
1057 4300 1284 4372 gratiam
1309 4301 1377 4355 ad
1401 4302 1640 4371 paradisi
1663 4303 1864 4374 gaudia

254 4387 606 4454 reducimur,
648 4395 810 4458 atque
843 4388 912 4442 ab
949 4388 1173 4460 antiquo
1210 4390 1368 4444 hoste
1410 4389 1619 4444 liberati
1665 4391 1861 4445 divinre

253 4475 518 4530 servituti
548 4475 876 4546 subjicimur
906 4480 933 4530 ‘2
965 4480 1172 4532 Census
1228 4494 1382 4546 vero,
1441 4496 1598 4550 quem
1651 4480 1859 4535 Cazsav'i

251 4564 503 4619 reddere
533 4563 907 4636 proﬁtebatur,
940 4564 1215 4638 signiﬁcat
1246 4565 1405 4622 ﬁdem
1439 4576 1639 4624 sanctae
1677 4569 1857 4623 Trini-

2019 680 2158 726 runt.
2192 673 2396 728 Dehinc
2426 674 2565 730 duce
2594 674 2784 728 eadem
2811 675 3145 739 Bethlehem,
3179 692 3276 729 xm
3307 673 3396 729 dic
3437 690 3606 730 vene-

2014 770 2156 826 runt,
2191 763 2370 832 ibique
2402 763 2576 818 Deum
2610 763 2852 834 mysticis
2869 765 3190 819 muneribus
3206 765 3599 818 adoraverunt.

2017 860 2142 914 llmc
2174 859 2328 913 stella
2359 859 2701 931 signiﬁcabat
2731 861 3105 917 illustrationis
3127 862 3330 917 divina:
3350 860 3600 933 gratiam,

2014 971 2120 1028 qua
2154 957 2415 1012 Dominus
2444 957 2497 1011 in
2529 972 2692 1012 carne
2723 965 2881 1012 natus
2910 957 3251 1013 illuminabat
3276 974 3373 1013 eos
3395 957 3490 1032 qui
3511 973 3601 1012 se-

2011 1045 2211 1099 debant
2243 1047 2294 1099 in
2328 1046 2563 1100 tenebris
2597 1055 2650 1100 et
2682 1047 2732 1100 in
2766 1047 2956 1101 umbra
2987 1047 3190 1101 mortis.
3216 1047 3436 1102 Sextum
3470 1061 3600 1102 vero

2009 1135 2224 1206 signum
2259 1142 2375 1189 erat
2406 1135 2644 1191 circulus
2675 1151 2910 1207 magnus
2939 1151 3105 1192 aureo
3137 1136 3367 1190 rutilans
3405 1135 3595 1207 splen-

2005 1233 2158 1295 dore,
2219 1232 2308 1303 qui
2365 1232 2517 1286 fulsit
2571 1233 2718 1288 circa
2773 1233 2967 1298 solem,
3018 1242 3129 1288 tota
3185 1234 3276 1288 die
3338 1233 3428 1288 illa
3483 1247 3590 1305 quo

2007 1322 2250 1375 Christus
2279 1330 2433 1375 natus
2477 1330 2582 1386 est,
2635 1320 2954 1393 signiﬁcans
2995 1322 3134 1376 illa:
3185 1323 3347 1378 Nasci
3403 1338 3591 1378 verum

2003 1410 2176 1464 solem
2201 1411 2440 1478 justitim,
2475 1411 2562 1481 qui
2594 1426 2686 1464 sua
2717 1411 2896 1482 gratia
2923 1411 3217 1466 illustraret
3255 1427 3472 1466 omnem
3505 1411 3592 1466 ho-

2002 1509 2205 1562 minem
2230 1508 2532 1561 venientem
2566 1507 2617 1561 in
2669 1509 2808 1561 hunc
2858 1508 3116 1562 mundum
3163 1510 3352 1576 (Joan.
3394 1509 3459 1578 ι).
3505 1509 3586 1562 De

2001 1613 2108 1668 quo
2141 1595 2427 1650 l’salmista
2455 1595 2566 1652 ait:
2625 1619 2646 1643 α
2679 1597 2944 1652 Exortum
2993 1604 3074 1652 est
3122 1597 3177 1650 in
3217 1597 3456 1652 tenebris
3496 1597 3584 1652 lu-

1999 1702 2121 1739 men
2155 1685 2311 1740 rectis
2342 1684 2528 1751 corde,
2565 1685 2878 1740 misericors
2907 1692 2960 1740 et
2999 1685 3286 1740 miserator
3319 1693 3372 1740 et
3399 1685 3582 1754 justus

1998 1781 2261 1835 Dominus
2293 1782 2468 1847 (Psal.
2493 1782 2626 1846 cxi).
2657 1805 2677 1828 η
2714 1780 3010 1850 Septimum
3051 1781 3268 1854 signum
3297 1791 3408 1837 erat
3437 1783 3584 1854 quod

1996 1879 2102 1924 tota
2132 1870 2220 1924 die
2251 1869 2542 1924 nativitatis
2603 1870 2921 1935 Dominicis,
2979 1871 3129 1925 rivus
3184 1870 3290 1926 olei
3348 1870 3401 1926 in
3449 1871 3582 1928 urbe

1997 1960 2162 2014 Roma
2192 1958 2374 2013 Tiberi
2414 1957 2675 2013 effusione
2721 1958 3010 2013 emanavit.
3062 1958 3254 2014 Oleum
3304 1959 3580 2031 signiﬁcat

1993 2055 2416 2110 misericordiam
2451 2070 2463 2123 ;
2498 2056 2622 2110 etin
2654 2056 2762 2110 hoc
2789 2055 3286 2120 demonstrabatur,
3328 2057 3473 2128 quod
3520 2057 3574 2114 iu

1992 2145 2078 2198 illa
2109 2145 2196 2199 die
2228 2152 2381 2198 natus
2413 2152 2494 2198 est
2543 2144 2633 2215 qui
2696 2143 2812 2199 sola
2869 2144 2951 2199 sui
2999 2143 3374 2201 misericordia
3432 2146 3580 2203 venit

1993 2250 2231 2304 qumrere
2255 2239 2308 2288 et
2342 2233 2558 2287 salvum
2582 2234 2760 2288 facere
2782 2234 2927 2302 quod
2956 2233 3215 2305 perierat.
3239 2235 3401 2290 Juxta
3430 2236 3577 2308 quod

1996 2331 2190 2385 Paulus
2226 2332 2298 2385 ait
2341 2331 2409 2386 ad
2448 2332 2785 2386 Timotheum
2822 2330 3154 2402 discipulum
3183 2348 3375 2387 suum:
3414 2356 3434 2379 «
3472 2337 3579 2405 Ap-

1993 2419 2170 2490 paruit
2215 2419 2522 2491 benignitas
2575 2429 2626 2474 et
2684 2419 2987 2474 humanitas
3043 2420 3333 2476 Salvatoris
3381 2422 3579 2488 nostri,

1992 2525 2099 2562 non
2130 2525 2191 2562 ex
2219 2508 2473 2578 operibus
2499 2507 2718 2576 justitia:
2750 2525 2870 2579 quae
2899 2507 3126 2563 fecimus
3183 2524 3288 2564 nos
3339 2510 3436 2565 sed
3494 2527 3577 2566 se~

1992 2597 2229 2652 cundum
2264 2613 2417 2651 suam
2450 2596 2878 2652 misericordiam
2917 2597 3098 2652 salvos
3151 2613 3252 2653 nos
3285 2598 3412 2654 facit
3445 2602 3581 2670 (Tit.

1989 2703 2092 2765 Ill).
2131 2717 2151 2743 ι
2185 2695 2307 2750 Istis
2365 2703 2416 2749 et
2465 2695 2584 2749 aliis
2641 2694 3127 2751 innumerabilibus
3183 2695 3357 2768 signis
3413 2696 3588 2753 voluit

1989 2785 2136 2839 Deus
2155 2800 2308 2838 suam
2328 2783 2658 2839 nativitatem
2686 2783 2989 2850 declarare,
3033 2791 3090 2838 ut
3134 2783 3202 2840 de
3234 2784 3420 2840 mundi
3448 2801 3583 2842 con-

1993 2872 2331 2944 cupiscentia
2360 2887 2460 2927 nos
2494 2872 2715 2927 reducat
2742 2872 2813 2927 ad
2843 2873 3120 2928 caelestem
3150 2874 3404 2944 patriam.
3423 2876 3585 2930 Juxta

1993 2971 2138 3042 quod
2181 2971 2375 3025 Paulus
2423 2969 2597 3026 dicit:
2666 2993 2686 3017 α
2719 2971 3075 3027 Renovamini
3131 2971 3323 3043 Spiritu
3379 2973 3578 3029 mentis

1991 3068 2182 3114 vestrae
2215 3060 2266 3113 in
2292 3059 2498 3128 justitia
2528 3065 2580 3114 et
2604 3059 2891 3115 sanctitate
2920 3061 3142 3132 (Ephes.
3183 3062 3254 3130 6).
3292 3082 3314 3112 ι

2062 3183 2233 3238 Hodie
2271 3183 2440 3254 Virgo
2470 3183 2654 3255 genuit
2691 3206 2711 3229 ει
2757 3183 3048 3248 Christum,
3104 3183 3309 3240 Judmis
3359 3187 3582 3257 quidem

1912 3280 1959 3342 ρ
1990 3267 2594 3337 scandalum,gentibus
2615 3270 2792 3321 autem
2816 3267 3095 3322 stultitiam
3118 3269 3297 3336 (ICor.
3319 3273 3380 3331 ι).
3424 3294 3445 3318 ιι
3481 3272 3574 3325 Ju-

1989 3355 2090 3410 daei
2121 3372 2186 3410 ex
2217 3354 2657 3425 impossibilitate
2680 3362 2889 3410 naturas
2909 3363 3263 3427 Opponuntet
3299 3357 3580 3428 Virginem

1988 3470 2095 3508 non
2127 3469 2290 3524 posse
2319 3468 2527 3524 parere,
2560 3468 2662 3508 nec
2691 3453 3033 3508 attendentes
3066 3457 3211 3525 quod
3241 3454 3295 3508 in
3326 3454 3449 3525 lege
3478 3471 3576 3512 eo-

1987 3559 2106 3597 rum
2140 3542 2397 3612 scriptum
2430 3541 2698 3611 reperitur
2729 3560 2740 3595 :
2779 3564 2799 3588 α
2827 3542 2968 3598 Ecce
3001 3544 3167 3613 Virgo
3213 3544 3482 3614 concipiet
3525 3552 3580 3600 et

1984 3631 2157 3702 pariet
2187 3631 2373 3696 ﬁzium,
2409 3640 2462 3685 et
2491 3630 2771 3685 vocabitur
2799 3647 2995 3687 nomen
3051 3632 3168 3701 ejus
3223 3633 3572 3700 Emmanuel,

1985 3728 2130 3796 quod
2162 3727 2546 3796 interpretatur
2572 3726 2862 3782 nobiscum
2896 3729 3038 3782 Deus
3069 3729 3200 3790 (Isa.
3235 3730 3354 3798 vn).
3388 3753 3408 3776 η
3464 3731 3579 3785 Hoc

1983 3815 2292 3870 testimonio
2315 3815 2490 3880 lsaize,
2511 3815 2667 3870 beata
2695 3816 2855 3870 Maria
2889 3825 3045 3887 partu
3084 3815 3421 3872 fecundanda
3451 3835 3577 3874 esse

1981 3904 2312 3975 perhibetur.
2374 3904 2637 3974 Przecepit
2675 3921 2908 3975 namque
2954 3904 3216 3960 Dominus
3262 3907 3432 3977 Moysi
3507 3908 3576 3963 de

1980 4001 2209 4072 singulis
2243 4001 2487 4055 tribubus
2521 4001 2709 4073 virgas
2741 3999 2948 4056 afferri.
3000 4002 3196 4057 Allata:
3226 4009 3353 4057 sunt
3401 4003 3574 4074 virgae

1977 4090 2286 4155 duodecim,
2319 4089 2460 4144 inter
2489 4107 2621 4160 quas
2669 4098 2788 4143 erat
2830 4089 2986 4162 virga
3030 4092 3219 4146 Aaron
3260 4092 3571 4147 sacerdotis

1975 4175 2152 4244 posita
2180 4175 2232 4228 iu
2264 4174 2673 4229 tabernaculum
2702 4174 3019 4230 testimonii.
3058 4175 3238 4230 Altera
3270 4183 3449 4232 autem
3478 4177 3569 4232 die

1975 4272 2190 4326 inventa
2248 4271 2404 4339 virga
2460 4274 2642 4326 Aaron
2693 4272 2971 4336 floruisse,
3031 4280 3084 4327 et
3150 4272 3374 4328 frondes
3439 4290 3564 4344 pro-

1972 4361 2210 4423 duxisse,
2244 4376 2519 4430 nucesque
2550 4361 2858 4431 peperisse.
2903 4361 3010 4423 Qui
3040 4362 3251 4434 virgam
3285 4364 3442 4426 hanc,
3479 4379 3563 4418 ra-

1971 4449 2088 4503 dice
2120 4449 2396 4519 privatam,
2430 4464 2593 4504 succo
2644 4449 2922 4514 siccatam,
2975 4449 3323 4508 frondescere
3373 4452 3552 4521 jussit,

1969 4552 2020 4598 et
2050 4545 2164 4615 ipse
2187 4561 2372 4599 veram
2402 4545 2667 4616 virginem
2692 4547 2950 4616 praeclare
2971 4547 3245 4619 gravidam
3293 4548 3441 4604 fecit.
3481 4549 3558 4604 De

250 4653 409 4718 tatis,
445 4633 607 4725 quam
639 4670 732 4708 rex
757 4660 945 4710 noster
973 4633 1198 4726 requirit
1227 4656 1294 4709 ab
1323 4656 1608 4711 omnibus:
1635 4657 1726 4728 qui
1757 4673 1852 4712 no-
1885 4639 1939 4701 D
1973 4634 2072 4728 liae
2101 4633 2256 4728 Virga
2280 4633 2401 4688 item
2430 4635 2594 4728 ίξθοίεε
2614 4633 2697 4728 fill
2722 4652 2733 4688 ³
2760 4659 2780 4682 ·¹
2799 4635 3132 4728 -βὲΓΘΓῘ-ίείυν
3163 4635 3320 4728 νίνεξι
3362 4638 3432 4692 de
3479 4653 3559 4689 η’

246 4742 426 4796 minis
480 4758 604 4796 esse
654 4741 905 4797 videntur
950 4743 1268 4798 Christiani.
1321 4743 1589 4813 Quartum
1640 4745 1857 4816 signum

243 4838 396 4895 erat,
427 4847 536 4901 quo
569 4832 755 4886 Caesar
784 4833 1060 4903 Augustus
1089 4847 1280 4887 omnes
1310 4849 1525 4899 servos,
1566 4833 1661 4906 qui
1707 4833 1855 4906 fugi-

243 4919 354 4976 tivi
386 4927 559 4984 erant,
579 4919 649 4974 ad
669 4919 920 4975 dominos
940 4920 1195 4992 proprios
1217 4921 1341 4977 fecit
1372 4922 1570 4989 redire,
1603 4930 1653 4978 et
1678 4938 1741 4978 ex
1773 4923 1852 4979 eis

244 5008 348 5079 qui
378 5009 482 5063 hoc
516 5007 749 5063 edictum
782 5009 1157 5081 neglexerant,
1191 5019 1243 5064 et
1273 5027 1400 5064 suos
1425 5011 1852 5081 spreveruntdo-

1965 4723 2084 4777 dice
2113 4723 2287 4789 Jesse,
2334 4731 2388 4778 et
2444 4724 2542 4777 llos
2598 4723 2667 4777 de
2719 4723 2900 4778 radice
2950 4725 3066 4791 ejus
3103 4725 3362 4779 ascendet
3407 4727 3546 4793 (Ira.

1962 4818 2060 4886 xl).
2101 4844 2121 4867 ν
2154 4822 2307 4875 Jessc
2332 4830 2482 4890 pater
2503 4819 2672 4875 David
2695 4820 2858 4887 regis,
2879 4820 2946 4874 de
2969 4823 3121 4888 cujus
3144 4821 3350 4876 semine
3374 4823 3548 4895 virga,

1960 4909 2120 4964 beata
2148 4910 2324 4979 virgo,
2357 4908 2583 4965 scillicet
2612 4909 2778 4963 Maria
2819 4909 3107 4978 processit,
3157 4919 3211 4964 et
3253 4912 3384 4965 flore
3427 4913 3547 4969 vita:

1957 4997 2230 5052 Christum
2260 4998 2500 5068 protulit.
2535 4999 2612 5052 Ex
2649 4996 2822 5052 David
2866 4998 3044 5068 gratia
3092 5005 3144 5052 et
3186 4999 3546 5056 miserationis

1954 5097 2122 5162 Deus,
2155 5095 2320 5151 homo
2351 5095 2541 5160 factus,
2576 5103 2631 5149 ut
2662 5095 2805 5151 idem
2835 5095 3001 5150 Isaias
3031 5095 3100 5150 ait
3137 5114 3148 5151 :
3189 5121 3209 5143 «
3244 5098 3367 5168 Ipse
3399 5099 3542 5155 enim

1952 5185 2158 5241 salvum
2189 5184 2352 5240 faciet
2382 5185 2638 5255 pupulum
2671 5201 2826 5239 suum
2861 5199 2892 5238 a
2918 5185 3157 5254 peccatis
3187 5202 3370 5241 eorum
3404 5189 3535 5257 (lsa.

1951 5275 2078 5342 vn).
2121 5296 2143 5321 ιο
2177 5273 2318 5328 Vere
2344 5273 2605 5344 p0pulum
2639 5290 2791 5328 suum
2834 5273 3043 5329 salvum
3076 5274 3240 5331 faciet
3267 5292 3295 5329 a
3341 5293 3538 5348 pecca-

1948 5361 2016 5416 tis
2043 5378 2248 5427 eorum,
2283 5362 2405 5434 quia
2435 5362 2761 5435 quicumque
2803 5362 3015 5418 Christo
3059 5362 3294 5420 ﬁdeliter
3340 5367 3531 5436 credit,

1945 5458 2190 5514 cohreres
2221 5457 2344 5528 ejus
2375 5457 2428 5510 in
2460 5475 2632 5532 regno
2663 5459 2836 5513 Patris
2865 5459 2949 5514 sui
2970 5460 3088 5527 erit,
3119 5484 3142 5508 κ
3163 5461 3413 5533 quieruit
3433 5481 3534 5522 nos

1945 5560 2012 5615 de
2029 5567 2289 5630 potestate
2312 5561 2675 5625 tenebrarum,
2711 5569 2761 5615 et
2790 5561 3058 5616 transtulit
3093 5562 3145 5617 in
3192 5580 3364 5636 regno
3417 5566 3531 5622 Filii

1942 5648 2221 5703 charitatis
2243 5666 2353 5704 suae
2375 5649 2580 5717 (Color.
2614 5651 2672 5716 ι).
2713 5673 2743 5725 »-
2770 5650 3029 5706 Similiter
3059 5651 3228 5707 voluit
3271 5653 3530 5711 Dominus

1941 5745 2270 5802 nativitatem
2301 5763 2454 5801 suam
2493 5747 2773 5803 declarare
2822 5748 3134 5806 testimonio
3174 5750 3401 5806 dicentis
3451 5753 3532 5807 Je-

1941 5843 2123 5900 remiae
2158 5864 2168 5898 :
2207 5868 2228 5893 α
2266 5845 2366 5901 Hic
2393 5855 2475 5901 est
2505 5847 2650 5902 Deus
2679 5854 2880 5914 noster,
2929 5855 2978 5902 ct
3028 5865 3136 5906 non
3178 5851 3536 5906 aestimabitur

1942 5939 2080 5995 alius
2113 5941 2324 6012 absque
2355 5957 2438 6013 eo,
2476 5944 2565 6014 qui
2611 5943 2816 6001 invenit
2857 5959 3073 6002 omnem
3123 5947 3267 6004 viam
3308 5946 3531 6016 sapien-

245 5097 459 5164 minos,
490 5112 597 5151 una
628 5097 715 5151 die
745 5112 867 5151 xxx
899 5098 1009 5152 fere
1039 5098 1208 5154 millia
1239 5097 1364 5155 fecit
1389 5099 1634 5156 interire.

321 5203 382 5256 tn
416 5203 521 5258 hoc
550 5217 684 5274 ergo
712 5203 931 5258 decreto
963 5202 1330 5276 signiﬁcatum
1356 5213 1438 5261 est
1480 5223 1845 5279 unumquem-

247 5305 358 5361 que
410 5291 706 5358 hominem,
761 5292 1081 5362 postpositis
1139 5293 1593 5364 concupiscentiis
1636 5299 1840 5367 saeculi,

244 5379 313 5433 ad
345 5395 507 5433 suum
539 5379 820 5435 caelestem
857 5381 1141 5434 Dominum
1168 5382 1385 5438 reverti.
1432 5383 1526 5438 Ille
1573 5401 1703 5440 vero
1751 5386 1840 5456 qui

246 5467 348 5523 hoc
384 5467 689 5539 neglexerit
724 5485 736 5522 :
771 5484 894 5523 cum
925 5468 1144 5525 diabolo
1175 5478 1227 5524 et
1265 5471 1476 5543 angelis
1531 5473 1644 5541 ejus
1683 5484 1840 5530 mter-

249 5572 328 5611 nae
380 5555 717 5611 damnationi
764 5556 1094 5625 subjacebit.
1159 5557 1413 5626 Quintum
1463 5560 1678 5631 signum
1725 5571 1839 5617 erat

247 5644 396 5700 stella
428 5645 558 5700 novi
588 5643 732 5716 signi
765 5652 818 5699 et
847 5645 1049 5702 insoliti
1079 5645 1329 5717 fulgoris,
1363 5647 1451 5719 qui
1499 5651 1685 5705 eadem
1731 5667 1833 5708 no-

246 5743 341 5802 cte,
389 5734 699 5804 eademque
758 5733 886 5788 hora
929 5750 1038 5806 qua
1094 5735 1348 5790 Christus
1402 5745 1560 5791 natus
1617 5747 1720 5802 est,
1779 5739 1832 5794 in

244 5831 452 5890 Oriente
489 5830 611 5885 visa
642 5836 722 5883 est
749 5846 776 5882 a
810 5830 980 5902 Magis
1011 5832 1233 5902 (Matth.
1269 5834 1351 5899 ιι).
1387 5834 1462 5888 Ex
1494 5833 1648 5902 cujus
1679 5836 1824 5891 inso-

239 5935 326 5992 lito
355 5931 587 6007 fulgore
629 5926 733 5999 ipsi
785 5938 1181 6002 cognoscentes
1228 5938 1410 5989 natum
1456 5948 1577 5988 esse
1627 5933 1828 6004 Regem
