3924 6396
427 421 535 476 7-87

1567 417 1908 477 WERNERI
1947 418 2234 476 ABBATIS
2275 419 2330 474 S.
2382 419 2601 476 BLASII

3645 425 3761 478 ’788

426 543 542 601 tie.
576 543 700 600 Post
729 545 846 600 haec
873 543 928 598 in
958 544 1110 599 terris
1137 543 1282 599 visus
1307 552 1402 613 est,
1447 551 1503 600 et
1549 560 1668 600 cum
1719 544 2031 600 hominibus
2057 545 2112 605 A
2143 544 2232 615 qui
2292 545 2477 600 salutis
2531 552 2725 602 nostrae
2777 560 2942 603 causa
2994 553 3151 603 natus
3205 555 3282 603 est
3334 547 3387 602 in
3441 548 3748 603 mundum.

433 649 782 699 conversatus
810 648 890 696 est
927 639 1190 710 (Baruch.
1233 639 1340 710 ιιι).
1392 663 1414 689 υ
1457 639 1628 696 ιιιᾱωί
1674 657 1886 696 rursum
1943 641 2032 696 di-

440 737 570 786 cunt
595 729 834 786 nondum
865 728 1076 785 venisse
1105 728 1372 784 Christum
1407 744 1420 798 ;
1470 728 1568 785 sed
1589 729 1788 785 adhuc
1833 739 2035 785 ventu-

435 835 578 887 rum,
610 835 720 876 non
755 817 1086 874 attendentes
1114 818 1395 874 Danielem
1445 820 1537 890 qui
1583 819 1765 873 dixit:
1823 843 1845 866 «
1899 821 2032 874 Cum

437 918 644 974 venerit
686 918 914 973 Sanctus
953 924 1260 972 sanctorum
1323 917 1556 973 cessabit
1611 917 1795 974 unctio
1850 919 2023 987 (Dan.

437 1007 544 1078 ιιι).
586 1029 608 1056 »
646 1005 817 1062 Iudici
844 1004 1010 1078 igitur
1045 1005 1092 1059 si
1149 1006 1480 1061 contendunt
1535 1007 1803 1063 Christum
1859 1008 2036 1062 adhuc

436 1101 743 1164 venturum,
775 1094 1145 1150 demonstrent
1171 1111 1334 1166 quem
1363 1097 1600 1152 habeant
1643 1095 1710 1151 de
1750 1112 1862 1152 sua
1904 1096 2032 1150 stir-

438 1195 522 1266 pis
548 1207 734 1266 regem
765 1191 1066 1264 proprium.
1105 1191 1162 1247 Si
1192 1194 1335 1248 hunc
1379 1201 1439 1248 ut
1491 1193 1704 1249 Patrem
1759 1203 2032 1264 nequeunt

435 1289 752 1348 monstrare,
821 1280 1044 1336 credant
1125 1281 1391 1336 Christum
1477 1282 1567 1352 qui
1650 1290 1730 1337 est
1804 1283 2032 1338 Sanctus

433 1378 738 1428 sanctorum
802 1369 1034 1426 venisse.
1101 1371 1392 1426 Attendant
1451 1379 1631 1426 autem
1697 1371 1842 1442 quod
1907 1380 2031 1428 ante

431 1476 678 1538 tempora
703 1466 943 1523 Danielis
983 1465 1154 1522 Iacob
1199 1467 1503 1538 patriarcha
1546 1468 1700 1536 dixit,
1757 1469 2030 1540 corporeis

433 1557 650 1630 quidem
689 1557 860 1613 oculis
917 1555 1157 1628 privatus
1187 1597 1202 1625 ,
1259 1556 1559 1629 prophetia
1612 1565 1789 1612 autem
1841 1557 2028 1630 spiritu

431 1648 624 1720 plenus
655 1665 666 1702 :
707 1669 730 1695 κ
763 1647 888 1700 Νοιι
915 1645 1189 1700 auferetur
1214 1654 1484 1718 sceptrum
1514 1647 1584 1703 de
1609 1647 1766 1716 Juda,
1819 1655 1876 1703 et
1917 1649 2028 1702 dux

431 1746 502 1801 de
525 1744 736 1800 femore
763 1743 902 1814 ejus,
933 1743 1108 1798 donec
1135 1743 1318 1800 veniat
1344 1743 1433 1814 qui
1465 1745 1756 1800 mittendus
1802 1752 1883 1800 est
1915 1760 1928 1813 ;
1975 1753 2030 1800 et

427 1835 544 1906 ipse
574 1833 675 1889 erit
701 1833 1032 1904 exspectatio
1059 1833 1302 1905 gentium
1325 1833 1682 1904 (Gen.xux).
1721 1857 1742 1883 η
1779 1835 2025 1890 Demon-

2144 641 2435 700 Videamus
2465 651 2718 714 quantam
2765 644 3082 718 dignitatem
3135 645 3290 700 nobis
3335 645 3587 702 nativitas
3639 647 3761 702 Do-

2143 731 2274 786 mini
2303 733 2645 788 concesserit.
2676 733 2828 788 Prius
2858 735 3001 788 enim
3059 750 3221 804 quam
3270 734 3598 807 Redemptor
3656 751 3763 790 no-

2141 829 2250 877 ster
2275 839 2373 893 per
2399 839 2613 877 carnem
2645 831 2967 888 nasceretur,
3031 823 3236 878 alienos
3291 839 3323 878 a
3377 839 3473 880 suo
3529 839 3761 880 consor-

2145 919 2216 975 tio
2249 936 2346 976 nos
2375 920 2707 976 damnabunt
2743 921 2944 993 angeli,
2977 921 3101 992 quia
3129 921 3404 990 peccando
3450 938 3546 977 nos
3581 920 3760 979 coele-

2141 1017 2276 1062 stem
2307 1010 2537 1078 patriam
2584 1009 2881 1080 perdidisse
2939 1009 3203 1065 sciebant.
3273 1011 3556 1082 Postquam
3615 1028 3760 1068 vero

2141 1098 2471 1170 Redemptor
2537 1106 2730 1152 terram
2795 1106 2990 1154 nostra;
3053 1099 3228 1154 carnis
3291 1100 3595 1172 assumpsit,
3651 1117 3759 1157 no-

2139 1204 2302 1251 stram
2335 1196 2681 1269 fragilitatem
2723 1196 2815 1252 illa
2869 1197 3120 1270 angelica
3175 1198 3434 1254 celsitudo
3488 1215 3594 1254 non
3650 1199 3758 1253 de-

2134 1285 2334 1355 spexit,
2367 1294 2421 1340 et
2449 1302 2583 1356 quos
2609 1286 2759 1356 prius
2795 1286 3069 1341 habebant
3097 1285 3394 1358 despectos,
3421 1288 3538 1358 jam
3579 1305 3757 1342 vene-

2137 1383 2322 1432 rantur
2350 1383 2408 1428 ut
2434 1373 2635 1430 socios.
2693 1375 2832 1430 llinc
2887 1375 2990 1446 ipsi
3045 1376 3247 1448 angeli,
3305 1377 3406 1432 hac
3463 1384 3618 1432 nocte
3681 1379 3758 1432 de

2139 1471 2329 1528 Christi
2363 1472 2640 1528 nativitate
2671 1480 2723 1528 et
2753 1473 2818 1528 de
2857 1481 3039 1529 nostra
3081 1474 3451 1544 redemptione
3497 1475 3758 1548 glorian-

2139 1575 2236 1627 tes,
2268 1570 2652 1617 cantaverunt:
2692 1585 2714 1610 α
2750 1562 2937 1618 Gloria
2993 1563 3050 1618 in
3105 1563 3334 1618 excelsis
3387 1564 3523 1632 Deo,
3577 1571 3631 1619 et
3689 1563 3752 1619 in

2140 1660 2277 1708 terra
2297 1667 2406 1721 pax
2425 1650 2740 1706 hominibus
2768 1651 2928 1707 bona:
2950 1652 3240 1708 voluntatis
3261 1653 3414 1722 (Luc.
3437 1657 3516 1720 ιι),
3545 1677 3566 1702 »
3603 1653 3752 1708 Hinc

2136 1758 2215 1804 est
2245 1749 2386 1820 quod
2415 1750 2515 1806 Lot
2545 1750 2704 1816 (Gen.
2739 1752 2878 1820 xxx),
2913 1758 2966 1806 et
2991 1751 3151 1808 Josue
3209 1751 3422 1820 (Judic.
3463 1755 3516 1821 v)
3576 1768 3751 1823 ange-

2135 1838 2218 1894 los
2249 1839 2628 1906 adoraverunt,
2661 1847 2716 1893 et
2745 1847 2924 1894 tamen
2953 1840 3180 1896 adorare
3209 1857 3322 1896 non
3374 1841 3754 1912 prohibentur.

425 1901 678 1980 strabitur
705 1901 868 1977 etiam
896 1901 1212 1978 Dominicus
1238 1901 1500 1978 adventus
1527 1923 1580 1978 in
1611 1901 1754 1979 facto
1801 1924 2022 1980 Gedeo-
2052 1901 2106 1962 Β
2135 1928 2368 1983 Joannes
2392 1943 2520 1982 vero
2550 1901 2804 1999 angelum
2835 1929 3059 1984 adorare
3104 1930 3291 2001 voluit,
3331 1901 3394 1984 et
3423 1939 3600 1985 tamen
3649 1947 3750 1985 an-

427 2020 805 2077 nislsraelitae.
837 2021 972 2076 Cum
1001 2021 1146 2076 enim
1175 2019 1272 2074 ﬁlii
1326 2021 1490 2076 Israel
1547 2021 1715 2076 multa
1771 2023 1914 2077 mala
1967 2023 2025 2076 in

427 2116 718 2180 conspectu
765 2109 984 2166 Domini
1023 2107 1280 2178 facerent,
1329 2111 1562 2180 ideoque
1615 2111 1670 2165 in
1723 2111 1936 2166 Madian
1974 2119 2028 2166 et

427 2199 649 2256 Amalec
677 2198 875 2265 traditi,
915 2197 1200 2253 durissima
1251 2200 1702 2270 opprimerentur,
1749 2201 2028 2256 clamave-

425 2305 550 2352 mnt
577 2296 646 2352 ad
675 2297 870 2364 Deum,
919 2296 1250 2368 postulantes
1295 2297 1364 2352 ab
1403 2313 1468 2353 eo
1524 2297 1804 2354 auxilium.
1864 2299 2032 2354 Com-

427 2393 606 2444 motus
633 2393 814 2441 autem
844 2385 1108 2441 Dominus
1121 2385 1360 2441 clamore
1391 2403 1596 2454 eorum,
1631 2388 1884 2458 apparuit
1917 2389 2031 2443 Ge-

429 2475 572 2530 deon
601 2481 656 2530 et
683 2474 821 2528 dixit
850 2474 977 2544 quia
1007 2491 1106 2546 per
1135 2490 1258 2530 eum
1303 2475 1464 2530 vellet
1510 2475 1650 2530 ﬁlios
1696 2477 1860 2532 Israel
1903 2477 2036 2531 libe-

431 2589 553 2628 rare
591 2571 659 2626 de
713 2571 1064 2643 oppressione
1115 2571 1336 2627 Madian
1386 2580 1439 2628 et
1488 2573 1724 2628 Amalec.
1784 2573 2037 2644 Dixitque

431 2661 664 2717 Gedeon
691 2660 760 2716 ad
787 2659 1084 2715 Dominum
1117 2679 1130 2716 :
1169 2683 1192 2710 α
1220 2661 1302 2716 Da
1331 2662 1464 2716 mihi
1493 2662 1709 2734 signum
1754 2664 1856 2718 hoc
1887 2681 1898 2718 :
1942 2665 2040 2720 Po-

440 2765 572 2805 nam
605 2749 782 2806 vellus
811 2749 950 2806 laute
977 2749 1032 2804 in
1071 2765 1275 2820 aream,
1325 2757 1377 2806 et
1417 2753 1461 2806 si
1508 2751 1682 2806 solum
1720 2753 1891 2807 vellus
1943 2753 2043 2808 erit

438 2853 562 2896 rore
592 2839 870 2911 perfusum
899 2847 955 2893 et
979 2845 1120 2895 terra
1152 2839 1208 2893 in
1247 2839 1472 2895 circuitu
1529 2841 1692 2910 sicca,
1750 2841 1861 2897 scio
1917 2842 2043 2912 quia

441 2951 540 3010 per
569 2947 794 2992 manum
843 2952 1022 2992 meam
1071 2935 1328 2992 liberabis
1385 2937 1550 2992 Israel
1605 2938 1812 3008 (ludio.
1867 2943 1972 3008 vi).
2015 2963 2039 2988 ι»

441 3025 602 3096 Quod
630 3042 754 3081 cum
780 3025 931 3080 Deus
957 3025 1028 3081 ad
1052 3032 1238 3083 votum
1269 3025 1544 3082 Gedeonis
1571 3027 1841 3100 impleret,
1885 3044 2046 3102 roga-

441 3116 520 3172 vit
575 3114 770 3170 iterum
829 3121 904 3182 ut,
965 3115 1108 3171 velle
1159 3115 1293 3172 foris
1349 3115 1549 3188 posito,
1607 3117 1782 3173 vellus
1844 3117 2045 3174 siccum

442 3221 706 3272 maneret.
737 3213 895 3284 Quod
924 3230 1047 3270 cum
1078 3215 1222 3270 Deus
1258 3213 1507 3270 similiter
1551 3213 1893 3288 adimpleret,
1945 3219 2049 3272 hoc

443 3305 604 3378 signo
634 3301 904 3361 animatus
951 3303 1199 3373 Gedeon,
1256 3312 1505 3362 conserto
1562 3322 1686 3360 eum
1741 3305 2048 3362 Madianitis

446 3393 655 3467 praelia,
677 3392 956 3466 copiosam
987 3393 1382 3450 multitudinem
1413 3410 1538 3448 cum
1565 3410 1740 3465 pauco
1769 3395 1938 3450 milite
1959 3395 2050 3450 de-

445 3491 594 3560 levit,
627 3500 684 3550 et
706 3491 786 3550 sic
823 3490 1036 3546 liberati
1065 3500 1190 3546 sunt
1233 3489 1330 3546 ﬁlii
1376 3492 1542 3550 Israel
1587 3490 1659 3548 ab
1701 3492 2050 3564 oppressione

443 3580 730 3636 durissima
761 3597 924 3650 quam
961 3579 1107 3650 passi
1157 3587 1282 3635 sunt
1309 3595 1343 3636 a
1397 3581 1790 3636 crudelissimis.
1833 3581 2049 3636 Madian

447 3677 500 3726 et
527 3669 770 3726 Amalec.
801 3669 1019 3725 Madian
1049 3685 1180 3726 vero
1211 3677 1263 3724 et
1289 3669 1530 3738 Amalec,
1571 3669 1663 3740 qui
1703 3668 1844 3725 ﬁlios
1887 3672 2050 3730 Israel
2111 3689 2114 3694 ·

445 3768 579 3824 dure
616 3767 943 3837 aﬁlixerunt,
1000 3765 1308 3841 signiﬁcant
1363 3767 1643 3838 antiquum
1696 3770 1905 3824 hostem
1961 3767 2050 3838 qui

451 3859 744 3914 humanum
773 3873 948 3930 genus
993 3864 1116 3913 ante
1172 3856 1466 3913 adventum
1513 3856 1731 3912 Domini
1785 3856 2054 3912 servitutis

443 3946 583 4022 jugo
613 3947 902 4020 Oppressit,
962 3946 1056 4016 qui
1112 3945 1276 4002 illatis
1328 3945 1777 4018 concupiscentiis
1831 3945 2042 4002 afllixit.

452 4041 677 4101 Gedeon
705 4059 835 4100 vero
865 4043 1134 4100 Christum
1175 4041 1464 4116 signiﬁcat,
1525 4043 1616 4113 qui
1667 4043 1927 4099 mundum
1985 4044 2054 4100 ab

451 4133 658 4204 antiQui
685 4133 856 4190 hostis
879 4132 1144 4190 subtraxit
1179 4132 1430 4202 imperio.
1481 4131 1642 4202 Quod
1686 4149 1815 4192 vero
1861 4133 2056 4189 Domi-

455 4221 607 4277 nicus
661 4220 925 4278 adventus
975 4221 1032 4276 in
1087 4221 1284 4277 vellere
1341 4221 1755 4289 demonstratur,
1823 4221 2059 4278 declarat

459 4316 958 4374 Psalmistadicens
988 4337 1000 4374 :
1043 4341 1065 4367 α
1098 4318 1402 4375 Descendet
1427 4319 1565 4375 sicut
1591 4319 1775 4392 pluvia
1802 4319 1858 4376 in
1887 4319 2060 4376 vellus

460 4406 638 4476 (Ρεαι.
672 4408 846 4476 uxr).
880 4428 903 4456 ιο
939 4406 1203 4462 Dominus
1229 4408 1366 4464 sicut
1393 4408 1578 4482 pluvia
1625 4408 1680 4463 in
1725 4409 1897 4466 vellus
1942 4411 2061 4465 des-

459 4494 674 4566 cendet,
702 4495 845 4552 sicca
889 4496 1066 4554 adhuc
1118 4497 1507 4570 circumjacens
1562 4507 1720 4568 terra,
1777 4515 1900 4554 cum
1957 4501 2062 4555 Do-

2078 3268 2128 3332 C

2133 2029 2288 2099 gelus
2317 2029 2458 2082 hunc
2486 2045 2554 2083 ne
2582 2046 2640 2082 se
2670 2029 2894 2085 adorare
2925 2029 3120 2086 debeat
3177 2029 3488 2101 compescit,
3511 2029 3701 2085 (licens
3736 2038 3750 2074 ε

2143 2140 2164 2165 «
2205 2117 2336 2172 Vide
2366 2134 2431 2172 ne
2483 2118 2673 2173 feceris
2706 2134 2716 2170 :
2790 2134 3082 2174 conservus
3125 2119 3270 2174 enim
3329 2127 3448 2173 tuus
3499 2136 3616 2174 sum
3649 2133 3665 2186 ;
3699 2127 3755 2174 et

2140 2205 2364 2260 fratrum
2386 2214 2595 2262 tuorum
2628 2208 2830 2280 (Apoc.
2863 2209 2981 2278 XIX)
3037 2231 3058 2256 υ
3126 2208 3539 2278 (Gaudemus).
3601 2208 3753 2262 Post-

2142 2321 2303 2375 quam
2333 2321 2462 2362 vero
2493 2305 2672 2377 angeli
2703 2305 3090 2361 humanitatem
3123 2306 3178 2360 in
3231 2307 3345 2361 Deo
3390 2307 3748 2378 conspiciunt,

2143 2412 2199 2449 se
2229 2395 2440 2449 adorari
2485 2395 2554 2449 ab
2584 2395 2800 2449 homine
2832 2395 3233 2465 pertimescunt,
3268 2413 3370 2450 nec
3414 2396 3613 2452 habere
3661 2397 3750 2451 de-

2144 2483 2436 2555 dignantur
2463 2483 2740 2538 hominem
2770 2483 3106 2551 consocium,
3131 2485 3219 2554 qui
3241 2500 3404 2556 super
3431 2502 3486 2538 se
3520 2485 3748 2540 adorant

2147 2582 2423 2636 hominem
2452 2582 2648 2636 Deum.
2684 2581 3040 2637 Ohtineamus
3087 2597 3217 2654 ergo
3276 2583 3514 2639 moribus
3559 2582 3748 2654 digni-

2147 2677 2310 2724 tatem
2342 2677 2599 2737 nostram,
2660 2669 2808 2725 nulla
2865 2685 2963 2725 nos
3015 2670 3221 2725 luxeria
3274 2671 3532 2741 inquinet,
3597 2671 3748 2725 nulla

2149 2775 2248 2814 nos
2280 2759 2447 2830 turpis
2475 2759 2741 2832 cogitatio
2798 2767 3028 2826 accuset,
3086 2775 3196 2815 non
3241 2760 3455 2815 malitia
3509 2768 3746 2814 mentem

2149 2857 2418 2926 mordeat,
2447 2874 2556 2912 non
2585 2857 2792 2912 invidia
2831 2866 3132 2924 consumat,
3189 2873 3301 2914 non
3354 2858 3512 2914 elatio
3577 2857 3744 2923 inﬂet,

2153 2961 2263 3002 non
2293 2947 2518 3001 ambitio
2547 2947 2788 3002 dilaniat.
2823 2946 2931 3016 Qui
2963 2947 3104 3002 enim
3139 2947 3234 3002 Eei
3262 2948 3566 3004 coheredes
3595 2954 3647 3002 et
3665 2947 3745 3002 ci-

2154 3053 2248 3092 ves
2277 3037 2596 3108 angelorum
2628 3053 2743 3090 esse
2776 3036 3038 3092 debemus
3061 3037 3319 3092 mundam
3350 3045 3400 3093 et
3446 3037 3746 3108 angelicam

2153 3134 2321 3190 vitam
2354 3133 2633 3189 ducamus.
2667 3132 2824 3204 Quod
2877 3133 2991 3205 ipse
3048 3143 3301 3206 praestare
3356 3134 3606 3207 dignetur
3659 3133 3746 3204 qui

2157 3223 2302 3279 Deus
2345 3224 2510 3278 homo
2570 3223 2740 3278 factus
2795 3229 2875 3278 est
2931 3239 3093 3278 causa
3148 3231 3344 3279 nostra:
3395 3224 3597 3292 salutis,
3653 3223 3748 3278 Je-

2159 3331 2247 3368 sus
2297 3313 2556 3380 Christus,
2617 3311 2882 3368 Dominus
2930 3321 3126 3379 noster,
3188 3313 3278 3383 qui
3331 3329 3450 3368 cum
3501 3313 3651 3368 Patre
3701 3320 3752 3368 et

2159 3412 2359 3484 Spiritu
2391 3420 2573 3468 sancto
2603 3413 2739 3470 vivit
2767 3420 2820 3467 et
2847 3421 3040 3486 regnat
3065 3429 3162 3485 per
3190 3413 3374 3470 omnia
3419 3413 3616 3469 smeula
3643 3429 3748 3468 sae-

2159 3503 2422 3558 culorum.

2379 3738 2616 3796 SERMO
2655 3738 2752 3794 DE
2791 3739 3210 3795 NATIVITATE
3249 3736 3523 3795 DOMINI.

2240 3967 2260 3992 «ι
2297 3945 2887 4017 Apparuitbenignitas
2908 3954 2960 4000 et
2987 3944 3290 4000 humanitas
3338 3941 3629 4000 Salvatoris
3665 3957 3752 3999 no-

2163 4033 2254 4088 stri
2285 4033 2404 4100 Dei,
2436 4050 2543 4089 non
2575 4051 2639 4090 ex
2670 4034 2923 4106 operibus
2947 4033 3167 4104 justitizn
3210 4049 3330 4103 quae
3373 4032 3595 4088 fecimus
3639 4047 3748 4099 nos,

2163 4123 2258 4178 sed
2287 4124 2580 4178 secundum
2631 4139 2780 4178 suam
2815 4121 3236 4178 misericordiam
3294 4121 3471 4178 salvos
3519 4137 3616 4176 nos
3669 4121 3749 4175 fe-

2165 4211 2235 4266 cit.
2266 4213 2398 4271 (Tit.
2419 4213 2522 4280 ιιι).
2560 4233 2581 4259 η
2617 4211 2989 4281 Acquisiverat
3017 4210 3140 4279 sibi,
3197 4211 3385 4266 fratres
3439 4209 3747 4275 charissimi,

2167 4325 2338 4378 genus
2366 4309 2660 4362 humanum
2693 4307 2884 4362 astutia
2915 4305 3200 4362 diabolicae
3239 4305 3462 4373 fraudis,
3515 4301 3753 4360 subdide-

2168 4405 2248 4450 rat
2279 4413 2370 4452 eos
2399 4413 2507 4453 suae
2533 4383 2827 4453 conditioni
2870 4412 2970 4466 per
3023 4402 3243 4467 peccata
3299 4395 3458 4466 primi
3511 4393 3750 4466 parentis.

2171 4485 2432 4541 Dominus
2461 4503 2590 4542 vero
2614 4487 2788 4557 justus
2811 4484 3002 4554 judex,
3037 4485 3128 4556 qui
3169 4501 3268 4540 nec
3318 4483 3621 4538 adversario
3664 4500 3752 4539 suo

461 4592 640 4650 minus
667 4593 846 4650 adhuc
871 4594 972 4650 soli
1026 4595 1234 4666 populo
1293 4595 1456 4651 Israel
1515 4595 1764 4665 innotuit,
1817 4612 1938 4650 cum
1993 4596 2060 4652 de
2092 4637 2144 4696 Β
2175 4574 2376 4674 aliqua
2409 4573 2672 4696 inlllsmnl
2696 4575 2810 4631 V11"
2839 4574 3244 4696 irliogiiffrsedr
3272 4573 3454 4628 omnia
3503 4573 3619 4672 .Sil'e

462 4681 628 4756 stirpe
653 4682 964 4741 Judeorum
993 4683 1098 4739 sibi
1143 4693 1199 4740 et
1233 4692 1462 4740 matrem
1509 4683 1599 4740 dea
1625 4700 1733 4754 qua
1763 4693 2068 4742 nasceretur

467 4780 521 4828 et
547 4772 843 4845 discipulos
871 4789 1008 4845 quos
1035 4773 1104 4830 ad
1144 4773 1550 4846 praedicandum
1599 4775 1833 4831 mitteret
1869 4776 2058 4850 elegit.

465 4869 744 4928 Adventus
767 4871 1086 4928 Dominicus
1113 4871 1298 4930 velleri
1345 4873 1508 4940 sicco,
1567 4881 1619 4930 et
1675 4881 1830 4930 teme
1873 4875 2067 4948 rigatis

467 4959 864 5033 circumposita
919 4968 1283 5034 comparatur,
1340 4977 1463 5028 cum
1523 4961 1714 5018 Christi
1767 4959 1904 5018 ﬁdes
1959 4971 2069 5020 toto

466 5050 670 5108 mundo
699 5049 948 5120 innotuit,
983 5058 1036 5106 et
1061 5053 1240 5106 solum
1261 5065 1408 5124 gens
1435 5051 1746 5108 Iudaeorum
1795 5060 1852 5108 ut
1906 5069 2066 5122 nunc,

479 5149 681 5207 videtur
707 5149 878 5219 arida,
911 5157 968 5207 et
995 5149 1272 5206 incredula
1297 5151 1610 5220 permansit.

539 5267 694 5323 Hunc
723 5265 964 5339 quidem,
997 5266 1124 5338 quia
1151 5267 1296 5322 Deus
1323 5281 1388 5322 ea
1418 5283 1538 5338 quae
1577 5268 1644 5322 de
1691 5283 1788 5324 suo
1836 5269 2070 5326 adventu

467 5371 566 5426 per
591 5355 927 5428 patriarchas
957 5363 1012 5411 et
1040 5359 1332 5428 prophetas
1359 5357 1522 5413 rebus
1550 5365 1602 5412 et
1645 5358 1826 5414 verbis
1871 5359 2072 5430 promi-

469 5445 556 5515 sit,
585 5445 704 5515 jam
731 5447 896 5503 homo
945 5445 1212 5518 implevit,
1271 5453 1662 5517 pertractemus
1705 5447 1945 5503 solliciti.
2011 5448 2068 5504 Si

471 5541 618 5598 Deus
645 5542 798 5600 venit
825 5543 880 5598 in
909 5545 1052 5600 hunc
1079 5545 1364 5614 mundum,
1413 5553 1473 5600 ut
1525 5561 1626 5601 nos
1683 5546 1882 5600 faceret
1927 5546 2072 5601 cives

472 5639 812 5712 angelorum,
841 5655 911 5695 ne
940 5655 1040 5696 nos
1067 5641 1169 5714 ipsi
1200 5657 1361 5700 causa
1407 5643 1575 5698 simus
1631 5652 1828 5700 nostrae
1882 5641 2067 5715 perdi-

475 5729 653 5808 tionis,
683 5738 727 5793 si
769 5753 869 5794 nos
909 5738 965 5792 in
1003 5739 1260 5812 peccandi
1293 5740 1742 5814 concupiscentiis
1784 5742 2072 5812 persisten-

473 5834 565 5906 do,
595 5852 629 5894 ιι
659 5837 776 5894 Deo
804 5838 1069 5894 salvatore
1099 5849 1280 5896 nostro
1307 5841 1762 5914 elongaverimus,
1812 5857 2072 5899 exuamus

471 5928 709 5989 veterem
731 5925 1032 5998 hominem,
1061 5937 1116 5984 et
1165 5928 1454 5988 induamas
1508 5944 1709 5989 novum
1767 5932 2066 6002 hominem,

2177 4665 2600 4720 misericordiam
2631 4665 2746 4720 sive
2776 4682 2872 4738 per
2895 4661 3158 4735 justitiam
3219 4663 3414 4728 facere,
3473 4661 3548 4717 sic
3600 4661 3756 4717 voluit

2174 4770 2346 4827 genus
2377 4757 2670 4810 humanum
2703 4771 2800 4824 per
2827 4754 3056 4828 gratiam
3097 4751 3382 4822 redimere,
3428 4759 3484 4807 ut
3538 4767 3631 4806 nec
3681 4750 3754 4804 in-

2170 4851 2437 4925 justitiam
2469 4853 2740 4909 videretur
2766 4852 2964 4908 inferre
3020 4853 3258 4908 diabolo.
3316 4852 3451 4907 Cum
3490 4865 3616 4924 ergo
3667 4847 3754 4904 Sa-

2177 4949 2328 4997 tanas
2357 4951 2544 4998 contra
2573 4929 2852 4998 hominem
2882 4949 3050 4997 astute
3081 4943 3277 5014 egisset
3331 4955 3429 5012 per
3479 4938 3750 5004 fallaciam,

2177 5031 2350 5086 voluit
2402 5031 2670 5087 Dominus
2726 5040 2910 5087 contra
2967 5029 3130 5086 Satan
3197 5039 3416 5103 propter
3495 5027 3750 5084 hominem

2179 5120 2470 5192 prudenter
2499 5137 2661 5194 agere
2692 5137 2790 5193 per
2809 5121 3150 5191 sapientiam.
3175 5119 3292 5174 Tali
3323 5117 3486 5190 igitur
3512 5116 3753 5173 Dominus

2177 5210 2291 5281 egit
2318 5210 2544 5266 consilio
2587 5211 2653 5265 de
2707 5205 2946 5266 humana
2997 5209 3356 5280 reparatione,
3416 5207 3751 5263 necessarium

2177 5307 2293 5354 erat
2319 5307 2378 5353 ut
2405 5305 2591 5355 contra
2629 5299 2908 5354 diabolum
2968 5305 3301 5370 pugnaturus
3359 5297 3476 5352 talis
3529 5296 3751 5350 mittere-

2177 5395 2282 5452 tur,
2313 5388 2404 5458 qui
2435 5405 2531 5444 nee
2555 5387 2950 5456 succumberet,
2982 5388 3075 5442 sed
3132 5385 3524 5442 rationabiliter
3566 5393 3748 5457 ageret,

2178 5486 2384 5533 etcum
2443 5479 2708 5550 sapientia
2765 5477 2949 5534 omnia
3005 5481 3278 5532 tractaret.
3357 5474 3527 5530 Adam
3608 5489 3752 5546 purus

2177 5569 2342 5622 homo
2372 5575 2504 5634 erat,
2539 5575 2588 5622 et
2619 5565 2739 5623 ideo
2762 5583 2828 5622 ex
2863 5569 3098 5620 humana
3127 5564 3415 5637 fragilitate
3475 5563 3750 5618 tentationi-

2177 5655 2278 5711 bus
2307 5655 2510 5713 diaboli
2541 5657 2840 5722 succubuit,
2875 5665 2928 5710 et
2957 5662 3242 5728 propterea
3269 5665 3436 5724 purus
3490 5655 3646 5708 homo
3691 5653 3748 5707 ad

2177 5745 2604 5818 redemptionem
2665 5753 2901 5801 nostram
2945 5743 3240 5799 mittendus
3304 5757 3409 5798 non
3476 5749 3604 5808 erat,
3671 5741 3745 5811 qui

2177 5835 2262 5889 vel
2296 5852 2392 5906 per
2417 5851 2474 5891 se
2504 5851 2626 5891 cum
2660 5841 2966 5901 tentaretur,
2997 5847 3223 5906 peccare
3271 5831 3547 5904 potuisset.
3599 5830 3746 5900 Quale

2177 5940 2356 5990 autem
2387 5941 2666 6006 peccatum
2696 5933 2870 5992 Adam
2889 5931 3160 5990 commisit
3187 5933 3217 5984 ‘2
3263 5929 3392 5987 Tale
3421 5929 3601 6002 utique
3641 5944 3746 6002 pec-
