3924 6396
162 442 265 499 789

1128 454 1717 511 DEFLORATIONES
1757 456 1860 511 SS.
1916 454 2219 511 PATRUM.
2255 484 2322 495 —
2356 455 2488 510 LIB.
2532 455 2578 508 Ι.

3405 454 3508 507 790

167 575 375 638 catum,
420 572 575 642 quod
606 576 805 649 majus
834 577 1037 634 mundo
1058 560 1205 635 erat.
1247 579 1351 635 Sex
1382 579 1525 635 enim
1547 578 1808 634 crimina-
1836 577 1889 639 A
1922 577 2061 639 cavit
2088 577 2141 632 in
2170 577 2447 651 superbia.
2468 577 2651 643 Quare
2691 592 2799 634 non
2828 576 3037 634 creavit
3054 576 3216 633 alium
3238 576 3513 635 hominem

169 658 243 713 lia
278 658 476 733 ﬂagita
527 662 587 718 in
622 681 744 722 uno
772 667 999 723 crimine
1053 667 1288 729 admisit,
1325 664 1519 737 quibus
1551 684 1643 722 sex
1676 676 1812 723 asta-

177 752 260 799 tes
292 763 413 804 suae
446 755 894 822 posterioritatis
922 757 1083 811 morti
1114 756 1361 812 involvit.
1394 756 1629 811 Primum
1661 770 1816 809 nam-

176 850 284 904 que
318 839 600 909 superbia
640 842 763 909 fuit,
800 858 923 899 cum
973 846 1088 901 Deo
1135 845 1365 916 aequalis
1392 860 1514 899 esse
1543 843 1729 910 voluit,
1763 852 1815 897 et

177 921 306 977 ideo
354 925 543 983 factus
595 939 689 986 est
735 933 976 988 omnium
1018 932 1238 988 infimus
1283 933 1375 1005 qui
1422 931 1518 987 fuit
1563 932 1815 986 omnibus

178 1012 478 1081 praelatus.
558 1018 891 1076 Secundum
972 1022 1337 1077 inobedientia
1402 1021 1621 1089 exstitit,
1689 1035 1810 1076 cum

180 1111 513 1167 mandatum
579 1118 911 1188 praeterivit,
951 1127 1003 1173 et
1052 1117 1177 1173 ideo
1207 1118 1357 1174 facta
1404 1124 1528 1172 sunt
1557 1118 1718 1171 etiam
1763 1118 1811 1172 ei

171 1199 358 1254 omnia
434 1201 827 1262 inohedientia
892 1224 1013 1279 quae
1098 1207 1257 1278 prius
1324 1214 1476 1261 erant
1534 1206 1801 1275 subjecta.

169 1284 416 1342 Tertium
482 1293 728 1348 avaritia
780 1302 915 1361 erat,
978 1310 1102 1351 cum
1160 1294 1282 1365 plus
1347 1309 1509 1366 quam
1576 1309 1811 1350 conces-

178 1399 302 1439 sum
346 1394 478 1442 erat
510 1391 901 1463 concupierat,
934 1402 985 1449 et
1016 1391 1137 1448 ideo
1166 1391 1343 1447 omnia
1369 1392 1515 1461 juste
1546 1406 1810 1448 concessa

172 1473 466 1531 amiserat.
515 1477 791 1547 Quartum
858 1491 973 1536 erat
1021 1481 1387 1553 sacrilegium,
1420 1496 1538 1535 cum
1588 1480 1808 1535 vetitum

179 1560 232 1615 in
286 1578 457 1620 sacro
511 1566 646 1623 loco
678 1569 833 1641 quasi
880 1587 982 1641 per
1027 1569 1226 1624 furtum
1276 1568 1561 1641 subripuit,
1596 1577 1646 1624 et
1686 1568 1810 1625 ideo

173 1658 240 1713 de
267 1663 535 1720 sacrario
592 1666 811 1721 excludi
843 1667 1066 1722 meruit.
1101 1665 1359 1736 Quintum
1392 1665 1657 1738 spiritalis
1696 1666 1809 1720 for-

174 1748 382 1806 nicatio
453 1752 584 1807 fuit.
620 1756 813 1810 Anima
845 1756 985 1811 enim
1035 1756 1180 1810 illius
1214 1764 1327 1810 erat
1358 1755 1473 1811 Deo
1499 1756 1806 1824 conjuncta.

180 1837 289 1893 Sed
327 1855 459 1895 cum
520 1853 717 1914 spreto
747 1845 862 1900 Deo
920 1845 1196 1900 diabolum
1227 1844 1465 1909 admisit,
1501 1845 1654 1915 quasi
1685 1859 1807 1900 cum

1923 665 1993 721 de
2024 674 2190 731 terra,
2208 674 2259 722 et
2288 665 2433 720 misit
2461 683 2584 721 eum
2605 682 2709 738 pro
2736 666 2991 739 perdito?
3021 665 3076 722 Si
3106 682 3307 722 novum
3336 666 3516 751 homi-

1922 772 2046 809 nem
2074 754 2222 810 Deus
2277 764 2520 810 creasset
2551 764 2605 809 et
2634 755 2893 822 misisset,
2929 762 3055 810 tunc
3084 755 3152 809 ad
3181 770 3358 825 genus
3386 755 3515 810 Adae

1921 850 2218 921 redemptio
2239 865 2345 905 non
2369 850 2689 920 pertineret.
2722 850 2801 905 De
2830 866 2926 905 suo
2984 849 3126 906 enim
3157 865 3361 921 genere
3392 865 3516 905 esse

1922 938 2105 993 debuit
2163 937 2250 1010 qui
2282 954 2381 1009 pro
2425 939 2646 994 homine
2679 937 3035 994 satisfaceret.
3097 938 3205 993 Cur
3233 954 3340 994 non
3368 937 3521 994 misit

1920 1028 2283 1099 patriarcbam
2342 1025 2427 1081 vel
2484 1028 2848 1099 prophetam?
2901 1026 3226 1082 Pati-iarchaa
3273 1035 3326 1082 et
3374 1020 3515 1100 pro-

1919 1125 2097 1194 phetae
2123 1123 2178 1177 in
2232 1122 2476 1194 peccatis
2506 1124 2759 1195 concepti
2793 1131 2845 1178 et
2884 1123 3011 1191 nati
3071 1131 3247 1190 erant,
3280 1129 3333 1179 et
3388 1106 3515 1180 ideo

1919 1229 2094 1283 genus
2124 1213 2417 1267 humanum
2449 1212 2724 1267 redimere
2753 1227 2862 1266 non
2892 1220 3166 1284 poterant.
3200 1211 3372 1284 Igitur
3392 1211 3517 1284 quia

1919 1301 2149 1371 angelus
2204 1300 2481 1355 redimere
2512 1315 2621 1355 non
2654 1299 2865 1367 debuit,
2898 1308 2953 1355 et
2990 1300 3154 1355 homo
3198 1284 3515 1356 satisfacere

1917 1406 2024 1445 non
2056 1388 2247 1461 potuit,
2312 1388 2415 1445 Dei
2448 1386 2590 1443 filius
2647 1404 2749 1459 per
2798 1404 2955 1458 quem
2989 1388 3188 1455 omnia,
3244 1396 3300 1443 ut
3329 1394 3381 1443 et
3419 1404 3512 1443 re-

1919 1477 2159 1549 demptio
2192 1494 2292 1549 per
2346 1493 2469 1532 eum
2524 1475 2681 1531 fieret
2738 1477 3029 1548 assumpsit
3053 1475 3273 1547 plenum
3330 1476 3512 1531 homi-

1916 1583 2061 1633 nem,
2098 1574 2150 1621 et
2181 1566 2234 1621 in
2293 1565 2500 1620 duabus
2529 1564 2740 1620 naturis
2769 1563 2942 1621 factus
2990 1572 3072 1621 est
3116 1580 3223 1620 una
3251 1580 3510 1638 persona.

1916 1665 1983 1719 Et
2010 1663 2063 1717 in
2110 1663 2198 1718 illa
2229 1671 2418 1718 natura
2451 1678 2554 1734 qua
2580 1663 2730 1718 Deus
2765 1671 2901 1727 erat,
2953 1661 3081 1739 vicit
3126 1662 3423 1729 diabolum,
3444 1670 3514 1739 ut

1917 1752 2033 1823 ipse
2091 1752 2298 1808 vicerat
2353 1752 2651 1817 hominem,
2699 1759 2752 1806 et
2807 1749 3063 1806 omnibus
3118 1750 3514 1823 praedestinatis

1916 1840 2112 1895 caelum
2167 1839 2375 1911 aperuit
2403 1848 2457 1894 et
2511 1839 2723 1911 angelis
2751 1839 3104 1911 corequavit:
3148 1839 3295 1911 quod
3358 1839 3509 1896 solus

177 1933 457 1985 extraneo
481 1931 819 1987 adulterium
836 1931 1806 2003 commisit,etideoverisponsiami-
1833 1930 1885 1991 B
1917 1930 2063 1984 Deus
2096 1928 2273 1984 facere
2304 1928 2507 2000 potuit.
2566 1929 2623 1982 1n
2657 1944 2717 1983 ea
2747 1936 2926 1983 autem
2973 1935 3297 2000 naturaqua
3348 1927 3513 1987 homo

182 2015 370 2072 citiam
393 2018 614 2076 amisit.
642 2021 810 2077 Sexto
840 2022 1192 2078 homicidium
1226 2021 1577 2093 perpetravit,
1609 2036 1715 2093 quo
1745 2038 1804 2076 se

172 2119 222 2166 et
252 2128 427 2171 omne
500 2134 689 2189 genus
728 2119 1022 2174 humanum
1064 2120 1115 2174 in
1156 2128 1389 2174 mortem
1428 2117 1799 2189 praecipitavit.

180 2201 340 2258 Unde
409 2212 468 2260 et
521 2206 778 2262 interiori
834 2208 1059 2263 homine
1114 2220 1237 2263 mox
1297 2216 1380 2262 est
1435 2216 1699 2272 mortuus,
1751 2215 1803 2261 et

168 2288 347 2357 iacuit
387 2293 447 2347 in
517 2296 779 2366 sepulcro
815 2297 1065 2367 corporis
1124 2295 1387 2367 sepultus.
1430 2295 1801 2363 Quamobrem

175 2377 385 2449 duplici
431 2385 606 2455 culpa
646 2393 731 2439 est
787 2385 1089 2441 obstrictus
1122 2404 1132 2440 :
1176 2399 1284 2440 una
1314 2399 1422 2456 qua
1451 2383 1627 2439 Deum
1660 2398 1796 2439 con-

172 2470 399 2540 tempsit
454 2480 513 2528 et
547 2488 691 2544 Opus
748 2472 1071 2530 obedientiae
1118 2472 1527 2538 deseruit;alia
1557 2487 1659 2541 qua
1714 2471 1799 2527 fo-

177 2581 335 2623 veam
368 2572 582 2628 mortis
609 2572 817 2642 incidit,
850 2580 903 2628 et
934 2588 992 2628 se
1021 2572 1331 2641 adjunctum
1371 2584 1509 2642 opus
1531 2575 1797 2642 impotem

176 2654 328 2712 fecit.
363 2658 535 2728 Quali
568 2669 749 2716 autem
783 2663 945 2717 modo
1002 2662 1243 2733 oportuit
1273 2676 1398 2717 eum
1431 2660 1668 2716 reverti?
1687 2661 1798 2715 Ho-

178 2758 368 2801 norem
403 2765 583 2821 quem
618 2751 734 2806 Deo
755 2750 975 2806 abstulit
995 2751 1227 2805 reddere
1247 2750 1452 2816 debuit,
1473 2757 1525 2805 et
1553 2762 1651 2819 pro
1670 2750 1794 2820 pec-

175 2841 298 2891 cato
360 2838 700 2895 satisfacere
728 2840 873 2911 quod
904 2839 1059 2896 fecit.
1101 2839 1266 2895 Valde
1295 2840 1439 2895 enim
1463 2839 1666 2907 justum
1696 2840 1796 2906 est,

180 2928 252 2985 ut.
290 2925 387 2995 qui
419 2926 518 2982 alii
550 2943 654 2983 sua
682 2928 987 2993 abstulerit,
1020 2936 1073 2982 et
1108 2928 1288 2983 ablata
1317 2928 1584 2993 restituat,
1617 2934 1797 2998 et'pro

177 3008 378 3079 injuria
408 3014 570 3072 illata
620 3015 947 3073 satisfaciat.
990 3016 1135 3085 Quid
1163 3016 1386 3071 abstulit
1415 3017 1579 3071 homo
1616 3016 1731 3071 Deo
1769 3016 1797 3070 ?

185 3105 380 3164 Totum
418 3112 575 3185 quod
623 3112 919 3184 pr0posuit
944 3112 1000 3167 in
1038 3127 1138 3168 sua
1175 3127 1307 3167 cura
1343 3112 1411 3167 de
1441 3112 1559 3182 ejus
1586 3126 1796 3183 genere

184 3201 398 3261 facere.
442 3208 703 3272 Qualiter
722 3209 958 3264 ablatum
1000 3210 1265 3265 honorem
1287 3208 1514 3263 reddere
1552 3206 1796 3264 debuit?

1910 2025 2022 2073 erat
2057 2032 2154 2088 pro
2183 2016 2379 2085 injuria
2411 2016 2589 2085 majus
2642 2015 2849 2071 mundo
2880 2015 3059 2082 solvit,
3095 2031 3221 2071 cum
3276 2024 3513 2073 mortem

1907 2116 2204 2171 indebitam
2262 2115 2443 2182 subiit,
2478 2115 2623 2187 quod
2682 2115 2829 2170 solus
2859 2114 3023 2170 homo
3071 2114 3252 2170 facere
3299 2108 3507 2170 debuit.

1910 2204 2088 2274 Quare
2120 2220 2252 2276 ergo
2283 2219 2389 2259 non
2422 2211 2503 2258 est
2532 2203 2731 2257 missus
2761 2203 2937 2269 Pater,
2969 2218 3072 2259 nec
3094 2201 3330 2277 Spiritus
3357 2219 3510 2260 sanc-

1908 2309 2027 2368 tus;
2064 2299 2158 2356 sed
2208 2300 2354 2355 solus
2387 2299 2553 2355 Filius
2596 2308 2677 2356 est
2726 2299 3069 2355 incarnatus.
3109 2298 3165 2355 Si
3218 2299 3379 2355 Pater
3408 2300 3508 2373 vel

1904 2388 2139 2460 Spiritus
2197 2398 2417 2445 sanctus
2452 2389 2856 2454 incarnaretur,
2892 2388 3001 2445 duo
3043 2386 3138 2443 filii
3166 2387 3222 2443 in
3250 2387 3511 2444 Trinitate

1905 2493 2361 2557 computarentur
2396 2502 2408 2541 :
2447 2502 2586 2540 unus
2643 2484 2786 2540 ﬁlius
2814 2468 3053 2557 Virginis
3083 2484 3199 2557 ’qui
3230 2491 3377 2541 esset
3419 2484 3509 2540 in-

1907 2583 2181 2641 carnatus,
2216 2574 2356 2630 alter
2386 2573 2553 2629 Filius
2584 2573 2701 2629 Dei.
2764 2574 2829 2627 Et
2855 2573 2957 2628 alia
2987 2589 3147 2629 causa
3176 2580 3313 2630 erat.
3344 2573 3513 2630 Filius

1905 2679 1988 2729 eat
2018 2671 2117 2728 Dei
2148 2671 2471 2740 similitudo,
2495 2671 2725 2744 angelus
2746 2656 2927 2727 autem
2949 2678 3007 2735 et,
3026 2671 3190 2747 homo
3207 2684 3512 2745 assumpse-

1904 2777 2028 2824 rant
2050 2768 2152 2825 sibi
2182 2768 2590 2825 similitudinem
2612 2769 2732 2825 Dei.
2753 2768 2954 2824 Debuit
2972 2784 3108 2842 ergo
3122 2766 3216 2825 ille
3230 2768 3510 2827 incarnari

1907 2858 1993 2913 cui
2048 2856 2361 2930 specialiter
2390 2857 2585 2927 injuria
2637 2857 2783 2914 facta
2807 2856 3005 2924 fuerat,
3038 2864 3096 2913 ut
3145 2856 3308 2917 istum
3334 2856 3509 2935 miser

1904 2946 2199 3003 ricorditer
2255 2953 2521 3015 servaret,
2570 2944 2727 3001 illum
2784 2945 2947 3002 etiam
2988 2946 3134 3016 juste
3189 2946 3501 3015 damnaret.

1904 3033 2086 3104 Quare
2155 3050 2290 3106 ergo
2382 3033 2548 3091 Filius
2621 3033 2773 3091 solus
2842 3041 2931 3090 est
2996 3034 3311 3091 incarnatus
3360 3033 3513 3109 ,quia

1904 3139 2093 3189 contra
2124 3131 2381 3187 astutiam
2430 3129 2656 3198 diaboli,
2690 3130 2968 3204 agendum
3001 3138 3117 3187 erat
3158 3147 3259 3202 per
3286 3130 3513 3202 sapien-

1909 3221 2031 3275 tiam
2075 3222 2218 3291 ejus.
2260 3218 2532 3292 Sapientia
2589 3227 2772 3275 autem
2828 3227 2881 3275 et
2926 3218 3271 3291 providentia
3327 3219 3508 3283 Patris

186 3291 485 3352 Diabolum
527 3298 600 3353 ita
638 3297 865 3354 vincere
904 3306 967 3353 ut
1024 3298 1144 3369 ipse
1180 3297 1355 3353 victus
1393 3305 1475 3352 est
1511 3298 1582 3352 ab
1619 3312 1705 3362 eo,
1747 3286 1878 3351 etC
1908 3318 1989 3365 ρει
2038 3286 2206 3365 Fjiius
2233 3286 2523 3381 per-quem
2581 3308 2766 3364 οωηίο,
2812 3286 2960 3364 fact;
2988 3315 3120 3364 sum
3172 3315 3225 3363 ει
3250 3307 3498 3379 provisa,

185 3381 432 3453 seipsum
493 3401 800 3459 omnesque
852 3386 1273 3459 praedestinatos
1322 3386 1393 3441 ad
1438 3386 1603 3442 vitam
1658 3384 1795 3441 tales

190 3480 480 3540 restituere
541 3482 735 3557 quales
782 3484 950 3539 futuri
1006 3493 1183 3551 erant,
1241 3484 1287 3538 si
1342 3483 1792 3555 permansissent.

186 3564 437 3634 Qualiter
476 3580 663 3630 autem
693 3572 879 3629 debuit
924 3572 1246 3629 satisfacere
1271 3575 1299 3628 ‘?
1341 3572 1482 3640 Quia
1505 3580 1795 3643 peccatum

185 3656 368 3726 majus
429 3662 643 3717 mundo
675 3662 964 3728 commisit,
1017 3661 1217 3731 aliquid
1249 3663 1426 3731 majus
1447 3661 1650 3715 mundo
1678 3662 1795 3715 Deo

186 3744 402 3805 solvere
447 3750 660 3806 debuit.
704 3750 816 3806 Sed
875 3764 996 3807 cum
1059 3752 1253 3807 borum
1311 3757 1559 3806 neutrum
1612 3747 1793 3805 facere

186 3846 377 3902 posset
406 3838 557 3894 nulla
582 3839 811 3907 ratione,
842 3839 969 3895 ideo
1009 3839 1311 3911 permansit
1352 3839 1406 3893 in
1461 3844 1662 3893 morte.
1728 3838 1794 3892 Et

184 3934 281 3977 cur
306 3929 532 3995 penitus
581 3943 692 3983 non
720 3927 901 3999 periit,
948 3929 1075 3999 quia
1115 3935 1351 3983 statutuu
1391 3926 1490 3982 Dei
1516 3926 1792 3981 immutari

186 4020 292 4066 non
320 4017 519 4086 potuit.
558 4017 850 4089 Proposuit
879 4018 1024 4072 enim
1081 4032 1144 4072 ex
1177 4030 1380 4090 genere
1410 4016 1543 4071 Adte
1584 4015 1790 4071 electo-

191 4121 310 4165 rum
339 4129 634 4171 numerum
682 4114 936 4186 implere.
968 4113 1112 4184 Quid
1158 4129 1291 4186 ergo
1319 4116 1347 4167 ?
1377 4112 1518 4181 Quia
1546 4111 1787 4167 debitum

186 4204 456 4268 honorem
511 4226 624 4267 non
677 4212 857 4277 solvit,
901 4213 1048 4268 Deus
1091 4212 1161 4267 ab
1214 4227 1280 4267 eo
1335 4210 1501 4266 invito
1556 4207 1787 4280 accepit,

185 4315 303 4360 cum
358 4322 487 4365 eum
534 4308 713 4381 poenis
742 4309 981 4383 subegit.
1028 4308 1122 4364 Ad
1152 4325 1316 4380 quem
1364 4308 1524 4363 tinem
1572 4306 1789 4361 tandem

191 4399 480 4460 pervenire
530 4396 774 4454 debuit?
812 4397 1082 4468 Quoniam
1133 4395 1417 4467 transfuga
1446 4412 1639 4451 servus
1666 4410 1789 4451 cum

192 4478 327 4539 furto
386 4486 602 4541 domini
630 4487 712 4542 sui
744 4484 814 4542 ad
874 4486 1233 4543 saevissimum
1263 4487 1578 4556 profugerat
1604 4492 1790 4555 tyran—

186 4590 332 4649 num,
366 4582 517 4639 filius
547 4583 701 4656 regis
730 4583 938 4640 missus
978 4591 1063 4640 est
1092 4584 1161 4639 de
1190 4582 1391 4655 palatio
1420 4581 1474 4637 in
1505 4590 1786 4638 carcerem

1904 3396 2043 3469 Quia
2075 3397 2242 3469 igitur
2272 3396 2613 3469 providentia
2642 3403 2745 3464 est,
2778 3396 2890 3467 egit
2917 3396 3218 3467 prudenter
3247 3403 3301 3451 et
3330 3396 3504 3479 ratio:

1903 3484 2183 3552 nabiliter,
2219 3493 2271 3539 et
2329 3483 2455 3557 quia
2512 3483 2774 3555 sapientia
2835 3492 2938 3553 est,
2970 3483 3081 3556 egit
3110 3483 3419 3555 sapienter;
3452 3491 3507 3561 et

1903 3582 2030 3656 quia
2079 3584 2229 3639 Deus
2261 3581 2491 3647 exstitit,
2523 3596 2756 3654 peccare
2786 3596 2895 3636 non
2933 3579 3127 3653 potuit,
3185 3581 3389 3645 missus
3421 3588 3505 3637 est

1903 3697 2034 3755 ergo
2066 3681 2253 3737 Filius.
2283 3680 2386 3750 Qui
2418 3697 2539 3737 cum
2563 3676 3091 3751 essetprovidentia,
3111 3677 3507 3737 rationabiliter

1901 3772 2035 3844 egit,
2070 3787 2189 3825 cum
2223 3774 2373 3824 esset
2405 3769 2690 3840 sapientia,
2722 3767 3001 3840 sapienter
3017 3768 3501 3838 omniatractavit;

1901 3884 2025 3924 cum
2081 3876 2230 3922 esset
2288 3867 2438 3923 Deus
2492 3881 2731 3939 peccare
2783 3880 2893 3923 non
2921 3865 3136 3936 potuit.-
3176 3864 3278 3929 sed
3308 3863 3501 3929 rationi

1899 3967 2202 4025 congruum
2246 3958 2383 4020 erat,
2444 3958 2502 4005 ut
2556 3950 2697 4006 sicut
2744 3950 2908 4005 homo
2966 3956 3250 4021 superatus
3308 3956 3499 4021 captus

1898 4046 2034 4105 erat,
2068 4038 2145 4095 sic
2177 4046 2228 4093 et
2258 4039 2440 4103 homo,
2476 4038 2803 4109 superando
2833 4045 3106 4101 naturam,
3130 4036 3403 4115 hominem
3425 4036 3497 4107 li—

1899 4137 2133 4193 beraret.
2182 4137 2303 4190 Non
2354 4150 2509 4206 ergo
2539 4152 2709 4209 purus
2760 4136 2909 4193 Deus
2936 4134 3141 4191 missus
3172 4143 3275 4207 est,
3316 4134 3414 4191 sed
3442 4142 3497 4193 et

1897 4227 2044 4281 Deus
2075 4225 2257 4280 homo.
2319 4225 2493 4281 Homo
2532 4222 2626 4295 qui
2681 4231 2955 4297 pugnaret
2987 4239 3000 4279 :
3034 4224 3181 4279 Deus
3224 4222 3317 4296 qui
3347 4240 3494 4299 pug-

1898 4329 2115 4379 nantem
2146 4328 2496 4379 sustentaret.
2528 4322 2625 4376 Est
2643 4329 2696 4383 et
2723 4320 2828 4379 alia
2859 4321 3225 4395 ratio.Magna
3267 4322 3487 4389 discor-g

1898 4412 1986 4465 dia
2016 4417 2132 4465 erat
2160 4409 2300 4463 inter
2328 4408 2507 4464 Deum
2534 4416 2587 4464 et
2613 4402 2887 4465 hominem
2919 4426 3017 4480 per
3052 4416 3290 4469 veterem
3311 4408 3494 4481 hami-,-

1898 4525 2043 4576 nem,
2092 4506 2227 4562 facta
2258 4514 2342 4561 est
2391 4506 2686 4562 concordia
2712 4521 2808 4577 per
2849 4522 3066 4581 bovum
3114 4507 3490 4579 mediatorem.

1900 4596 2013 4651 Sed
2040 4612 2162 4652 cum
2195 4594 2464 4667 mediator
2493 4601 2658 4660 esset,
2682 4593 2908 4675 dignum
2939 4602 3080 4675 erat,
3098 4601 3169 4673 -ut
3198 4610 3322 4651 cum
3342 4603 3491 4675 utro?-

192 4677 309 4735 post
362 4653 640 4729 exsulem'
675 4684 919 4740 servum,
979 4673 1072 4745 qui
1120 4653 1408 4744 tyrannum
1451 4676 1779 4739 contereret,

1904 4702 2003 4758 que
2032 4660 2347 4739 affinitatem
2391 4653 2656 4738 haberet:
2682 4653 2865 4755 Itaque
2896 4668 3020 4737 cum
3063 4653 3342 4739 hominem
3372 4668 3489 4739 Deo

190 4764 240 4810 et
286 4761 580 4836 fugitivum
612 4776 837 4817 servum
893 4776 1017 4818 cum
1047 4762 1215 4817 rebus
1268 4761 1322 4816 in
1352 4760 1585 4832 gratiam
1630 4759 1782 4829 regis

188 4855 486 4916 reduceret.

258 4964 444 5034 Quare
476 4965 645 5022 bom‘o
675 4980 787 5022 non
804 4967 984 5038 potuit
1011 4966 1186 5024 redire
1209 4965 1360 5022 solus
1381 4968 1503 5036 post
1522 4963 1732 5036 lapsum
1752 4962 1782 5019 τ

191 5056 319 5127 Quia
354 5064 497 5120 sicut
528 5080 636 5120 non
666 5080 767 5135 per
797 5081 876 5132 se,
909 5064 1007 5121 sed
1037 5081 1140 5136 per
1168 5065 1333 5119 alium
1362 5061 1629 5132 impulsus
1649 5059 1782 5117 ceci-

184 5154 271 5225 dit,
313 5161 392 5217 ita
419 5159 648 5232 dignum
680 5167 822 5227 erat,
858 5175 983 5216 cum
1016 5176 1115 5231 per
1146 5175 1205 5214 se
1224 5173 1333 5215 non
1364 5164 1555 5229 posset
1578 5162 1631 5212 et
1659 5154 1777 5211 vel-

189 5249 270 5320 let,
301 5273 405 5330 per
460 5254 628 5311 alium
660 5254 877 5324 adjutus
931 5262 1270 5329 resurgeret.
1336 5256 1440 5309 Cur
1496 5266 1605 5308 non
1635 5251 1782 5308 misit

185 5356 429 5427 angelum
486 5362 547 5410 ut
599 5370 723 5409 eum
749 5352 1096 5410 redimeret?
1126 5352 1183 5411 Si
1248 5353 1476 5426 angelus
1506 5351 1780 5407 hominem

191 5448 539 5520 redemisset,
573 5448 699 5507 tunc
730 5449 873 5505 illius
903 5450 1065 5506 etiam
1089 5465 1281 5506 servus
1302 5458 1466 5506 esset.
1500 5451 1676 5506 Homo
1697 5465 1784 5505 au-

186 5554 284 5606 tem
340 5550 419 5607 sic
451 5548 664 5605 restitui
724 5538 913 5604 debuit
962 5556 1020 5603 ut
1074 5548 1301 5620 aequalis
1344 5548 1557 5622 angelis
1603 5555 1774 5605 esset.

190 5642 251 5700 Et
283 5648 432 5705 aliud
461 5646 679 5702 uberat.
728 5646 970 5717 Angelus
1027 5647 1080 5701 in
1140 5644 1222 5700 sui
1276 5654 1466 5701 natura
1513 5645 1783 5701 invalidus

191 5756 296 5802 erat
349 5743 639 5802 hominem
680 5743 971 5800 redimere.
1041 5742 1099 5800 Si
1160 5750 1343 5799 autem
1403 5744 1566 5799 homo
1630 5742 1789 5800 ﬁeret

196 5844 361 5902 minus
392 5850 611 5919 posset.
643 5843 890 5917 Angelus
920 5841 1079 5898 etiam
1117 5840 1413 5896 mittendus
1442 5856 1550 5895 non
1582 5846 1698 5895 erat
1730 5840 1784 5895 in

197 5939 289 6001 hac
320 5934 542 6009 militia,
574 5940 701 6013 quia
753 5928 989 6013 peccare
1014 5936 1420 6012 potuissenqui
1450 5936 1604 6010 prius
1648 5940 1787 6009 p‘e‘cé

1890 4762 2331 4830 reconciliaturus
2362 4779 2493 4837 erat,
2526 4770 2617 4843 qui
2676 4778 2794 4826 erat
2824 4770 2963 4826 inter
2990 4770 3301 4843 utrumque,
3335 4771 3486 4827 Deus

1889 4878 1939 4926 et
1966 4871 2131 4925 homo
2161 4867 2347 4923 debuit
2376 4883 2520 4923 esse.
2559 4889 2580 4914 α
2616 4866 2888 4938 Apparuit
2920 4865 3084 4940 igitur
3114 4865 3486 4939 benignitaset

1889 4967 2194 5023 immanitas
2242 4965 2539 5022 Salvatoris
2568 4964 2736 5031 nostri
2765 4960 2886 5034 Dei,
2925 4985 2946 5013 ν
2982 4970 3086 5020 etc.
3136 4963 3198 5019 Id
3229 4970 3309 5020 eSt
3338 4950 3486 5021 Deus

1889 5070 1941 5118 et
1969 5064 2133 5119 homo
2168 5080 2179 5116 :
2209 5078 2317 5118 non
2345 5071 2525 5117 tamen
2550 5077 2614 5116 ex
2646 5060 2898 5132 operibus
2923 5044 3146 5130 justitis'e
3179 5066 3297 5133 quae
3344 5058 3481 5117 feci-

1889 5174 2010 5216 mus
2041 5176 2159 5227 nos,
2194 5159 2291 5215 sed
2324 5150 2635 5216 secundum
2655 5148 2812 5214 suam
2838 5150 3279 5214 misericordiam
3303 5157 3486 5214 salvos

1890 5274 1990 5313 nos
2019 5257 2161 5315 fecit.
2215 5256 2352 5328 (Tit.
2387 5258 2490 5333 ιιι.)
2548 5258 2692 5312 Bene
2747 5238 3180 5328 aitzApparuii,
3238 5254 3345 5312 hoc
3400 5238 3488 5312 esi

1890 5354 1959 5412 de
1989 5352 2210 5427 Virgine
2241 5353 2391 5410 nasci
2423 5353 2618 5410 voluit.
2658 5353 2763 5410 Cur
2790 5362 2965 5410 autem
2998 5353 3066 5408 de
3097 5351 3266 5408 Maria
3294 5360 3348 5431 et
3377 5346 3486 5435 non'

1892 5448 1962 5508 ab
2017 5450 2339 5519 alia?Quia
2369 5452 2485 5506 haec
2542 5450 2723 5523 prima
2752 5452 2806 5507 in
2857 5450 3061 5508 mundo
3117 5449 3484 5525 virginitatem

1894 5550 2067 5606 vovit.
2110 5548 2395 5617 Quomodo
2420 5548 2598 5619 potuit
2627 5549 2777 5606 nasci
2806 5550 2923 5606 sine
2952 5538 3181 5623 peccato
3210 5540 3278 5606 de
3308 5536 3488 5606 massa

1894 5645 2203 5718 peccatrice
2223 5645 2251 5698 Ἰ
2278 5645 2356 5699 Ab
2387 5644 2537 5699 initio
2568 5640 2713 5700 Deus
2745 5647 3010 5717 quosdam
3044 5647 3136 5718 q'ui
3166 5663 3226 5702 se
3251 5644 3489 5702 familia-

1894 5744 2008 5799 rius
2039 5742 2302 5812 colerent,
2343 5742 2411 5796 de
2444 5740 2568 5797 aliis
2597 5740 2926 5814 segregavit,
2973 5745 3042 5800 de
3100 5726 3302 5817 quibus
3332 5745 3490 5818 virgo

1894 5841 2049 5915 quasi
2107 5840 2173 5895 de
2223 5838 2376 5894 linea
2431 5834 2588 5895 ducta
2644 5838 2948 5910 pullulavit.
2992 5840 3126 5910 Quae
3180 5822 3339 5897 velui’
3358 5836 3489 5897 olim‘

1896 5938 2053 6011 virga
2083 5937 2232 5993 ari'da
2290 5932 2407 5992 sine
2436 5924 2661 5992 hutnore
2694 5918 2907 6005 floi'ein,
2940 5924 3011 5993 ita
3058 5918 3175 5994 sine
3220 5918 3487 6009 'sobcupi-é
