3924 6392
450 360 545 414 791

1554 363 1899 424 WERNERI
1937 368 2227 426 ABBATIS
2265 370 2330 428 S.
2376 370 2593 427 BLASII

3660 378 3767 435 792

452 481 659 540 scentis
687 481 894 540 mundo
923 483 1092 540 edidit
1119 484 1484 543 Salvatorem.
1532 487 1782 558 Qualiter
1808 491 1999 562 genuit
2026 494 2055 546 ἢ
2087 494 2141 555 Α
2169 493 2291 552 luce
2320 497 2664 569 apparuisset
2694 500 2943 574 angelus,
2975 498 3101 574 quia
3131 500 3299 557 solem
3326 500 3549 574 justitise
3576 501 3761 561 lumen

460 579 592 638 Sine
621 580 787 638 sorde
807 587 860 638 et
889 581 1013 638 sine
1041 581 1259 639 dolore.
1288 583 1490 640 Clausa
1519 584 1664 641 enim
1690 586 1859 659 janua
1892 606 1905 655 ;
1938 589 2063 645 tha-

462 668 667 725 lamum
718 669 863 726 uteri
891 670 1152 737 introivit,
1210 680 1265 728 et
1304 672 1600 730 humanam
1647 683 1901 732 naturam
1960 678 2066 733 sibi

457 758 778 831 conjunxit;
811 759 998 816 clausa
1053 768 1232 832 porta,
1274 769 1334 817 ut
1420 779 1658 835 sponsus
1701 765 1770 822 de
1825 766 2065 824 thalamo

463 856 756 932 processit.
798 857 907 913 Cur
934 872 1130 914 novem
1160 874 1381 915 menses
1410 860 1633 917 clausus
1663 862 1761 918 fuit
1790 862 1844 918 in
1874 864 2067 921 utero?

462 954 522 1002 ut
575 944 828 1003 homines
895 946 986 1021 qui
1064 955 1218 1004 erant
1274 949 1445 1006 clausi
1509 950 1565 1006 in
1624 952 1860 1008 miseriis
1905 952 2067 1022 hujus

461 1033 648 1091 mundi
710 1050 807 1092 seu
836 1034 1056 1105 inferni,
1087 1037 1381 1095 reduceret
1401 1037 1468 1095 ad
1500 1040 1838 1097 consortium
1869 1057 2063 1098 novem

465 1121 718 1179 ordinum
778 1123 1124 1196 angelorum.
1174 1124 1296 1195 Qua
1340 1126 1477 1183 hora
1518 1136 1600 1183 est
1652 1131 1861 1184 natus?
1890 1128 2066 1186 Media

459 1218 639 1280 nocte,
672 1220 730 1267 ut
758 1211 991 1269 dicitur:
1030 1231 1051 1266 ι
1090 1215 1237 1287 Dum
1263 1229 1370 1271 nox
1400 1216 1640 1272 medium
1688 1218 1790 1273 iter
1817 1217 2060 1287 haberet,

462 1306 808 1381 omnipotens
864 1323 1049 1364 sermo
1079 1315 1205 1365 tuus
1260 1325 1295 1364 a
1331 1311 1613 1383 regalibus
1666 1312 1890 1369 sedibus
1918 1314 2066 1372 venit

462 1398 619 1469 (Sap.
676 1397 885 1466 xvtu.)»
921 1395 1028 1452 Cur
1081 1396 1135 1452 in
1166 1400 1377 1455 nocte?
1407 1399 1589 1457 Primo
1637 1401 1767 1473 quia
1815 1403 2066 1459 occultus

461 1484 629 1548 venit,
664 1484 865 1541 deinde
920 1493 977 1540 ut
1005 1500 1104 1541 eos
1152 1486 1244 1559 qui
1272 1487 1327 1542 in
1354 1497 1516 1545 nocte
1547 1490 1752 1546 erroris
1790 1499 1962 1559 erant,
1994 1492 2065 1547 ad

461 1571 649 1629 lucem
673 1573 917 1629 veritatis
946 1574 1292 1645 perduceret.
1316 1577 1449 1633 Ideo
1475 1578 1727 1649 apparuit
1754 1580 2067 1654 benignitas

455 1669 509 1718 et
553 1660 863 1719 humanitas
897 1661 1200 1720 Salvatoris
1228 1665 1403 1721 nostri
1431 1666 1557 1723 Dei.

988 1818 1198 1861 DIVISIO
1226 1820 1522 1864 εκιωοκιε.

526 1944 842 2019 Benignitas
897 1954 951 2003 et
980 1946 1292 2005 humanitas
1348 1951 1521 2007 nostri
1552 1951 1850 2009 Salvatoris
1891 1969 2062 2028 appa-

460 2043 567 2100 ruit
616 2059 836 2119 quoque
865 2060 963 2118 per
1014 2054 1227 2119 septem
1256 2048 1513 2120 specialia
1567 2050 1848 2120 miracula,
1882 2052 1938 2108 id
1978 2060 2063 2110 est

464 2150 568 2206 per
625 2132 842 2191 stellam
898 2132 1061 2190 nimis
1117 2135 1502 2211 prtel'ulgidam
1556 2140 1782 2209 (Matth.
1829 2142 1915 2209 tt),
1966 2158 2066 2213 per

463 2222 725 2280 circulum
784 2238 1012 2280 aureum
1041 2223 1129 2281 vel
1185 2242 1538 2299 purpureum,
1569 2229 1661 2302 qui
1686 2229 1831 2287 circa
1887 2230 2060 2287 solem

457 2311 677 2380 claruit,
733 2328 837 2384 per
893 2311 1097 2369 fontem
1153 2314 1261 2370 olei
1291 2315 1383 2388 qui
1436 2316 1506 2373 de
1536 2326 1681 2374 terra
1727 2318 1921 2391 erupit.
1953 2319 2061 2376 Per

455 2399 746 2456 maximam
800 2415 996 2473 pacem
1052 2418 1174 2475 quae
1221 2411 1351 2460 tunc
1408 2404 1524 2461 fuit.
1584 2407 1687 2463 Per
1727 2424 1953 2464 censum
1990 2409 2059 2466 ad

459 2504 621 2560 quem
680 2489 995 2563 descriptus
1023 2499 1106 2546 est
1162 2491 1454 2549 universus
1483 2494 1652 2550 orbis.
1701 2497 1767 2551 Et
1803 2512 1904 2569 per
1954 2497 2060 2554 hoc

456 2584 601 2658 quod
631 2585 787 2642 multi
840 2601 1065 2643 censum
1094 2588 1433 2646 Dominicum
1487 2592 1719 2649 reddere
1764 2609 2049 2651 recusavev

455 2680 605 2740 runt,
640 2680 766 2728 sunt
800 2689 911 2730 una
940 2675 1029 2731 die
1082 2676 1271 2746 occisi,
1303 2686 1357 2733 et
1383 2695 1486 2751 per
1511 2680 1617 2737 hec
1658 2683 1803 2755 quod
1842 2682 2055 2739 brutum

458 2761 665 2817 animal
706 2761 1081 2835 loquebatur:
1123 2764 1266 2835 Quid
1321 2766 1507 2840 itaque
1558 2769 1847 2843 designant
1892 2772 1994 2828 ista
2030 2774 2059 2828 ?

458 2856 626 2915 Stella
680 2867 900 2915 sanctos
954 2859 1308 2932 significavit.
1382 2863 1549 2921 Stella
1605 2882 1743 2941 ergo
1797 2869 2058 2941 praeclara

449 2944 647 3017 illuxit,
726 2948 856 3021 quia
914 2947 1152 3025 Sanctus
1202 2959 1515 3009 sanctorum
1570 2957 1743 3013 venit.
1808 2958 2057 3016 Circulus

450 3036 592 3093 circa
620 3036 793 3095 solem
838 3036 1135 3111 praefulsit,
1180 3041 1305 3113 quia
1353 3041 1433 3099 sol
1475 3043 1699 3117 justitiae
1743 3045 2054 3105 Ecclesiam

444 3139 587 3182 auro
629 3141 745 3183 sum
800 3126 1105 3185 divinitatis
1162 3130 1460 3201 illustrare,
1537 3141 1590 3190 et
1643 3151 1887 3209 purpura
1941 3154 2053 3196 suae

448 3223 726 3297 passionis
771 3241 1038 3284 coronare
1067 3229 1241 3285 venit.
1270 3230 1415 3287 Fons
1470 3231 1578 3289 olei
1604 3233 1674 3290 de
1704 3242 1847 3291 terra
1876 3235 2054 3305 ﬂuxit,
2085 3231 2136 3294 C

449 3313 580 3389 quia
624 3313 747 3372 fons
776 3315 1188 3375 misericordia:
1215 3318 1286 3376 de
1315 3319 1533 3396 virgine
1563 3324 1823 3380 manavit.
1857 3324 2054 3382 Oleum

447 3412 599 3469 enim
630 3420 715 3470 est
742 3413 1141 3472 misericordia.
1176 3416 1282 3472 Pax
1314 3418 1515 3492 ingens
1539 3420 1764 3489 exstitit,
1791 3423 1916 3495 quia
1944 3440 2052 3496 pax

448 3513 581 3555 vere
610 3498 664 3554 in
687 3498 848 3556 terris
877 3500 1148 3573 apparuit.
1198 3503 1432 3561 Mundus
1464 3505 1534 3562 ad
1578 3522 1805 3563 censum
1836 3516 1923 3566 est
1950 3510 2052 3566 de-

444 3586 702 3659 scriptus,
734 3588 944 3661 quiaad
965 3606 1268 3663 supernum
1298 3609 1528 3667 regnum
1548 3611 1726 3669 genus
1755 3598 2054 3655 humanum

445 3682 531 3731 est
558 3675 867 3734 chrismate
891 3677 1294 3753 consignatum.
1326 3680 1431 3752 Qui
1459 3682 1797 3742 dominicum
1829 3702 2052 3743 censum

446 3763 684 3822 reddere
712 3775 1039 3824 recusarunt
1066 3768 1239 3825 occisi
1297 3778 1442 3839 sunt,
1473 3772 1602 3844 quia
1631 3774 1725 3846 qui
1752 3772 2008 3832 dixerunt
2039 3792 2053 3831 :

450 3882 480 3912 ο
514 3862 784 3920 Nolumus
814 3879 1049 3937 regnare
1075 3865 1226 3923 hunc
1255 3883 1542 3940 supernos
1572 3872 1706 3942 (Luc
1757 3874 1925 3945 κίχλη
1951 3873 2058 3930 dis.

449 3951 752 4024 perierunt.
792 3954 970 4011 Pecus
998 3953 1346 4028 loquebatur,
1377 3954 1510 4031 quia
1537 3959 1769 4032 p0pulus
1810 3962 2056 4036 gentium

452 4048 522 4104 ad
552 4048 769 4107 laudem
798 4051 901 4108 Dei
949 4053 1388 4113 convertebatur.
1434 4058 1698 4129 Apparuit
1727 4068 1777 4115 et
1805 4061 1924 4118 haec
1965 4075 2059 4117 na-

449 4136 634 4194 tivitas
663 4139 835 4197 nostri
863 4140 1180 4210 Salvatoris,
1214 4142 1333 4199 sive
1363 4145 1598 4202 revelata
1647 4155 1732 4205 est
1752 4165 1854 4221 per
1882 4166 2056 4225 ange-

454 4235 539 4292 los
568 4237 901 4309 pastoribus.
933 4238 1260 4297 Audivimus
1279 4240 1429 4298 enim
1459 4241 1514 4298 in
1549 4243 1878 4321 Evangelia,
1911 4248 2058 4320 quod

455 4332 711 4397 pastores
766 4335 922 4383 erant
951 4327 1007 4384 in
1052 4328 1281 4404 regione
1312 4329 1503 4388 eadem
1532 4332 1831 4413 vigilantes
1859 4344 1911 4393 et
1936 4351 2057 4395 cus-

457 4413 734 4471 todientes
774 4414 992 4488 vigilias
1019 4417 1195 4475 noctis
1236 4435 1402 4493 supra
1429 4436 1660 4496 gregem
1702 4440 1879 4480 suum.
1916 4448 1938 4475 ι
1988 4427 2059 4482 Et

2173 598 2418 650 exortum
2451 595 2504 649 in
2535 595 2778 652 tenebris
2804 596 3124 654 declaravit.

2245 693 2559 749 Nuntiatum
2586 695 2900 766 pastoribus
2930 704 3032 764 est,
3066 695 3188 770 quia
3225 703 3387 752 natus
3428 698 3617 772 estqui
3647 700 3760 756 ait:

2179 814 2202 839 α
2235 791 2357 864 Ego
2386 808 2505 847 sum
2561 800 2751 863 pastor
2781 795 2958 851 bonus
3015 796 3200 859 (Joan.
3238 796 3312 865 χ).
3349 819 3371 843 ι»
3407 796 3507 852 Per
3551 797 3763 854 stellam

2173 881 2423 952 apparuit
2450 882 2694 956 regibus,
2728 883 2851 956 quia
2885 892 3045 941 natus
3076 892 3157 940 est
3195 901 3296 941 rex
3325 892 3380 940 et
3425 885 3605 941 stella.
3644 888 3763 945 Rex

2172 969 2301 1026 inde
2350 970 2526 1026 dictus
2569 981 2673 1038 est,
2716 980 2773 1027 ut
2811 972 2888 1027 ibi
2923 992 2934 1028 :
2982 994 3004 1025 α
3057 974 3180 1047 Ego
3223 982 3400 1030 autem
3438 975 3765 1031 constitutus

2172 1084 2296 1124 sum
2360 1085 2455 1125 rex
2513 1070 2584 1125 ab
2653 1086 2719 1127 eo
2788 1088 2949 1144 super
3003 1071 3140 1129 Sion
3214 1080 3448 1129 montem
3521 1081 3764 1129 sanctum

2174 1159 2356 1224 (Psal.
2414 1161 2498 1227 ll).
2536 1183 2560 1207 ιι
2622 1159 2791 1217 Stella
2821 1176 3037 1233 quoque
3066 1160 3194 1233 quia
3247 1161 3456 1218 orietur
3482 1161 3637 1218 stella
3694 1178 3759 1219 ex

2171 1247 2363 1302 Jacob.
2416 1247 2609 1304 Merito
2639 1247 2819 1322 itaque
2862 1250 3115 1321 apparuit
3167 1249 3475 1321 pastoribus
3502 1257 3556 1306 et
3608 1252 3759 1323 regi-

2174 1331 2298 1397 bus,
2355 1331 2482 1405 quia
2527 1332 2645 1404 ipse
2694 1342 2806 1389 erat
2859 1350 2957 1390 rex
2989 1343 3043 1391 et
3091 1334 3372 1404 sacerdos,
3423 1344 3477 1389 et
3504 1341 3664 1391 natus
3692 1337 3762 1392 de

2173 1416 2346 1489 regali
2405 1425 2459 1473 et
2500 1418 2834 1474 sacerdotali
2884 1419 3121 1475 semine.
3194 1421 3274 1476 De
3330 1420 3495 1493 regali
3555 1421 3762 1478 semine

2175 1507 2302 1579 quia
2349 1506 2417 1562 de
2448 1506 2644 1563 David.
2678 1508 2757 1564 De
2788 1508 3106 1566 sacerdotali
3133 1525 3348 1582 quoque
3377 1509 3633 1581 probatur
3660 1526 3760 1564 na—

2174 1612 2285 1660 tum
2315 1620 2458 1672 esse,
2508 1605 2630 1677 quia
2661 1606 2829 1661 Maria
2859 1613 2976 1663 (rat
3004 1614 3239 1679 cognata
3262 1607 3542 1664 Elisaheth
3560 1609 3628 1665 de
3656 1626 3762 1682 qua

2174 1692 2408 1767 legitur:
2446 1716 2468 1741 υ
2488 1693 2558 1748 Ει
2587 1702 2705 1750 erat
2725 1695 2997 1752 Zachariae
3017 1711 3155 1751 uxor
3174 1695 3243 1752 de
3259 1694 3472 1752 ﬁliabus
3493 1699 3691 1766 Aaron,
3707 1707 3763 1754 et

2172 1807 2375 1848 nomen
2398 1791 2515 1862 ejus
2545 1791 2825 1848 Elizabeth
2843 1795 2999 1861 (Luc.
3025 1794 3083 1865 l).
3109 1816 3131 1842 η
3152 1792 3294 1849 Satis
3313 1794 3761 1850 commendabilis

2089 1864 2145 1925 Β
2175 1888 2259 1937 est
2287 1880 2530 1947 nuntius,
2564 1881 2692 1953 quia
2750 1889 2804 1937 et
2833 1882 3067 1957 angelus
3123 1890 3176 1939 et
3205 1898 3328 1939 cum
3378 1898 3573 1955 magna
3602 1883 3750 1941 luce.

2170 1969 2279 2027 Sed
2335 1970 2520 2027 audite
2551 1969 2683 2043 quid
2736 1970 2954 2028 attulit:
2989 1995 3011 2020 ει
3047 1972 3193 2030 Ecce
3248 1971 3567 2046 evangelizo
3604 1973 3759 2030 vobis

2168 2068 2428 2144 gaudium
2456 2086 2741 2145 magnum,
2781 2094 2803 2122 η
2838 2078 2947 2128 etc.

2241 2175 2387 2232 Vere
2416 2176 2677 2249 gaudium
2724 2191 3004 2249 magnum.
3036 2176 3248 2248 Captivi
3289 2193 3520 2246 eramus,
3552 2178 3604 2233 in
3633 2195 3756 2235 car-

2166 2280 2294 2322 cere
2319 2264 2661 2334 jacebamus,
2715 2273 2770 2321 et
2817 2265 2872 2320 in
2916 2264 3236 2321 infirmitate
3265 2274 3425 2323 natus
3453 2274 3535 2323 est
3564 2267 3754 2323 Salva-

2170 2363 2274 2421 tor,
2307 2362 2469 2410 natus
2499 2361 2584 2411 est
2636 2355 2910 2411 medicus.
2973 2355 3115 2412 Ecce
3164 2355 3424 2428 gaudium
3470 2371 3751 2430 magnum.

2167 2442 2334 2500 Multo
2388 2443 2567 2518 magis
2599 2452 2713 2501 erat
2765 2443 3121 2517 gaudendum
3161 2444 3491 2512 hominibus,
3549 2460 3673 2503 cum
3704 2454 3755 2503 et

2164 2540 2346 2614 angeli
2393 2542 2698 2613 gauderent
2745 2550 2799 2598 et
2827 2541 3071 2599 dicerent
3103 2557 3116 2597 :
3152 2541 3385 2599 «Gloria
3424 2542 3479 2597 in
3522 2543 3754 2601 excelsis

2164 2630 2303 2699 Deo,
2343 2654 2365 2679 ι
2396 2635 2509 2687 etc.
2548 2630 2739 2687 Gloria
2791 2638 2912 2687 erat
2939 2630 3083 2702 apud
3129 2631 3358 2703 angelos
3386 2631 3441 2687 in
3491 2632 3703 2690 exelcis
3734 2650 3749 2687 :

2164 2720 2251 2776 De
2306 2720 2703 2777 restauratione
2730 2719 2979 2776 diminuti
3032 2719 3267 2776 ordinis.
3297 2721 3541 2777 Laudant
3578 2722 3753 2779 Deum

2165 2817 2235 2875 de
2264 2817 2607 2891 reparatione
2638 2817 2917 2875 hominum
2947 2818 3018 2874 ad
3047 2818 3501 2875 restaurationem
3522 2819 3745 2891 angelo-

2163 2923 2310 2963 rum.
2349 2907 2417 2963 Et
2441 2907 2751 2964 hominibus
2780 2914 2863 2963 est
2889 2922 3024 2979 pax.
3056 2908 3249 2964 Pacem
3279 2908 3548 2964 nuntiavit
3577 2908 3751 2964 homi—

2161 2996 2324 3052 nibus
2354 2996 2445 3069 qui
2474 3012 2599 3053 cum
2630 2995 2750 3052 Deo
2778 3004 2832 3052 et
2859 2996 3073 3070 angelis
3101 2997 3254 3069 prius
3300 2996 3632 3054 discordiam
3660 2998 3748 3052 ha-

2161 3095 2394 3161 buimus,
2427 3095 2525 3152 sed
2588 3111 2690 3166 per
2738 3094 3097 3151 mediatorem
3150 3096 3486 3152 reconciliati
3542 3112 3747 3152 sumus.

2161 3184 2231 3240 Et
2260 3184 2388 3257 quia
2415 3184 2691 3256 peccando
2720 3183 2971 3241 extranei
3001 3181 3221 3247 eramus
3250 3199 3282 3240 a
3304 3185 3443 3248 Deo.
3465 3192 3750 3242 extraneos

2162 3289 2266 3329 nos
2309 3288 2340 3328 a
2370 3289 2469 3329 suo
2525 3272 2859 3344 deputabant
2887 3273 3071 3346 angeli
3102 3274 3460 3330 consortio.A
3492 3274 3606 3331 Deo
3637 3273 3734 3328 vili

2162 3362 2482 3436 pendebant
2508 3361 2695 3434 angeli
2722 3362 2991 3431 homines,
3024 3362 3169 3434 quod
3214 3378 3274 3420 se
3322 3362 3392 3418 ab
3431 3362 3509 3418 eis
3537 3362 3751 3420 adorari

2162 3460 2578 3532 permittebant.
2617 3460 2756 3517 Hinc
2774 3468 2853 3517 est
2885 3459 3031 3533 quod
3046 3460 3272 3532 angelos
3291 3460 3389 3517 Lot
3408 3468 3462 3517 et
3480 3461 3749 3518 Abraham

2136 3538 2143 3555 ί
2163 3549 2395 3606 adorant
2414 3550 2579 3623 (Gen.
2619 3550 2760 3616 XIX),
2784 3565 2887 3607 nec
2914 3549 3020 3621 ipsi
3040 3550 3396 3622 prohibentur
3412 3558 3536 3607 ante
3553 3550 3749 3608 Christi

2161 3639 2487 3696 adventum.
2527 3638 2635 3696 Sed
2682 3645 2812 3695 nato
2853 3637 3090 3696 Domino
3147 3654 3272 3697 cum
3299 3640 3538 3697 Joannes
3592 3639 3752 3697 vellet

2163 3733 2397 3792 adorare
2441 3734 2673 3807 angelos
2717 3733 2774 3790 in
2818 3734 3157 3807 apocalypsi,
3203 3734 3258 3791 id
3287 3743 3371 3791 est
3424 3735 3655 3808 angelus
3681 3751 3751 3791 ne

2163 3835 2222 3876 se
2250 3819 2450 3877 debeat
2477 3819 2714 3877 adorare
2743 3819 3080 3891 compescuit
3099 3819 3320 3877 dicens:
3353 3842 3376 3869 ι
3406 3820 3540 3877 Vide
3568 3836 3638 3877 ne
3665 3818 3749 3877 le.

2163 3909 2342 3966 ceris:
2368 3924 2672 3966 conservus
2704 3908 2849 3965 enim
2881 3916 3007 3965 tuus
3037 3925 3158 3965 sum
3188 3916 3243 3966 et
3272 3908 3494 3965 (rutrum
3536 3916 3749 3966 tuorum

2163 3998 2356 4070 (Apoc.
2404 4000 2539 4068 XIX).
2578 4022 2600 4047 ι
2635 3998 2792 4084 Prius
2839 4006 3085 4055 naturam
3115 3998 3406 4055 humanam
3444 3998 3751 4072 despiciunt

2164 4095 2370 4169 angeli,
2425 4104 2484 4152 ut
2527 4095 2864 4165 inferiorem,
2924 4096 3023 4152 sed
3078 4104 3369 4170 postquam
3419 4112 3537 4153 eam
3590 4113 3754 4169 super

2165 4203 2226 4245 se
2256 4194 2594 4258 assumptam
2633 4186 2997 4258 conspiciunt,
3037 4193 3366 4259 prostratam
3413 4187 3518 4244 sibi
3568 4186 3751 4243 videre

2164 4276 2581 4348 pertimescunt,
2641 4290 2745 4333 nec
2781 4274 3148 4350 dedignantes
3204 4275 3480 4334 hominem
3518 4275 3748 4343 socium,

2165 4364 2261 4439 qui
2291 4380 2462 4437 super
2490 4380 2551 4421 se
2580 4364 2813 4421 adorant
2839 4364 3116 4421 hominem
3137 4365 3331 4421 Deum.
3350 4367 3452 4421 Pax
3476 4365 3751 4421 nuntiatur

2162 4462 2496 4529 hominibus,
2528 4464 2628 4520 sed
2678 4480 2797 4520 non
2852 4463 3106 4521 omnibus
3138 4463 3468 4533 hominibus,
3500 4464 3598 4521 sed
3626 4472 3750 4520 tan-

457 4525 591 4612 5°?“
623 4510 875 4612 -""°‘Pt
899 4512 1117 4612 99W
1164 4514 1315 4573 διθίῖί
1335 4516 1493 4588 5W
1550 4519 1711 4588 ί¹¹οεῖ
1746 4529 1800 4578 εί
1838 4522 2056 4580 “vim
2080 4600 2127 4612 κ
2163 4510 2628 4609 ἷιῖέῗιῖσὶῖίὲίιῖιῖξ
2668 4510 2827 4610 se};
2853 4510 3752 4612 ξᾶἷιίιῖἷιῖίξῖῖὲῖἱῖὲοέιῗέιΞῖῐιί

456 4607 556 4665 Dei
586 4607 947 4667 circumfulsit
974 4609 1118 4680 illos,
1178 4621 1233 4671 et
1262 4613 1557 4672 timuerunt
1603 4616 1796 4676 timore
1821 4635 2048 4694 magno.
2079 4600 2133 4663 Ῑ)

452 4704 521 4764 Et
547 4705 686 4765 dixit
712 4706 820 4766 illis
849 4709 1099 4785 angelus.
1121 4711 1302 4769 Nolite
1332 4712 1544 4782 timere,
1565 4729 1696 4773 ecce
1715 4716 1860 4773 enim
1890 4734 2055 4775 evan-

452 4806 630 4883 gelizo
677 4807 836 4866 vobis
891 4809 1156 4886 gaudium
1212 4828 1476 4886 magnum
1548 4815 1694 4888 quod
1751 4817 1855 4873 erit
1904 4819 2052 4875 omni

454 4909 678 4983 pepulo,
728 4910 853 4986 quia
909 4920 1067 4969 natus
1136 4921 1221 4971 est
1274 4914 1434 4971 nobis
1492 4916 1761 4986 Salvator,
1823 4919 1914 4993 qui
1970 4929 2055 4977 est

452 5006 703 5065 Christus
731 5008 1024 5079 Dominus,
1053 5010 1108 5067 in
1138 5010 1354 5070 civitate
1383 5012 1582 5082 David,
1612 5014 1667 5072 id
1695 5023 1780 5073 est
1808 5016 1864 5072 in
1894 5018 2050 5075 Beth-

446 5103 615 5164 leem.
662 5106 732 5165 Et
785 5107 893 5166 hoc
921 5106 1083 5165 vobis
1138 5108 1357 5186 signum
1391 5131 1402 5167 :
1436 5111 1733 5169 Invenietis
1789 5114 2047 5174 infantem

442 5204 643 5278 panius
670 5204 994 5275 involutum,
1027 5214 1082 5263 et
1110 5207 1349 5279 positum
1378 5208 1433 5266 in
1463 5211 1751 5285 prtesepio.
1783 5213 1853 5270 Et
1871 5214 2050 5271 subito

443 5301 584 5362 facta
637 5310 725 5362 est
780 5320 904 5365 cum
962 5303 1183 5381 angelio
1228 5307 1520 5366 multitudo
1562 5308 1768 5367 militiae
1807 5312 2047 5370 scelestis

445 5397 717 5455 exercitus
749 5395 1087 5456 laudantium
1106 5407 1160 5457 et
1173 5399 1470 5459 dicentium
1496 5421 1509 5460 :
1533 5426 1555 5454 ι
1581 5402 1775 5462 Gloria
1787 5404 1843 5462 in
1865 5405 2049 5464 excel-

446 5491 524 5549 sis
552 5494 670 5552 Deo
698 5502 753 5552 et
781 5494 836 5551 in
866 5503 1016 5553 terra
1070 5512 1178 5571 pax
1216 5498 1530 5557 hominibus
1560 5499 1723 5558 bonae
1753 5500 2045 5558 voluntatis

445 5588 611 5661 (Luc.
648 5593 739 5663 ιι).
781 5615 804 5641 ιι
836 5592 954 5652 Hoc
982 5594 1268 5653 audientes
1297 5606 1549 5670 pastores
1579 5607 1846 5657 venerunt
1871 5616 2044 5673 usque

445 5684 783 5756 Bethlehem,
801 5696 855 5745 et
884 5688 1207 5749 invenerunt
1231 5694 1371 5752 sicut
1398 5695 1568 5752 fuerat
1596 5696 1799 5754 dictum
1829 5696 1898 5753 ad
1918 5696 2042 5753 illos

448 5795 549 5859 per
599 5782 884 5858 angelum.
949 5788 1146 5846 Merito
1219 5792 1452 5865 angelus
1505 5794 1626 5852 haec
1680 5793 2036 5864 annuntiavit,

452 5878 582 5955 quia
630 5896 726 5942 rex
779 5882 1104 5958 angelorum
1152 5895 1313 5947 nanis
1349 5893 1488 5963 erat,
1547 5898 1608 5951 ut
1659 5908 1782 5952 cum
1832 5908 2039 5969 magna

2163 4659 2224 4699 se
2253 4643 2370 4698 Deo
2409 4642 2858 4709 reconciliabuat,
2912 4642 3005 4715 qui
3035 4643 3240 4700 habent
3271 4643 3472 4701 bonam
3503 4641 3750 4701 volunta-

2163 4749 2274 4799 tem
2326 4740 2741 4798 reconciliandi.
2789 4741 2887 4798 Ille
2924 4756 3057 4799 vero
3093 4741 3257 4798 habet
3293 4742 3621 4805 voluntatem
3657 4758 3752 4798 re-

2162 4828 2493 4887 conciliandi
2523 4830 2617 4902 qui
2648 4846 2709 4887 se
2735 4829 2920 4886 subdit
2949 4829 3216 4899 Creatori,
3251 4847 3354 4888 nec
3384 4830 3508 4888 facit
3547 4829 3753 4903 aliquid

2162 4926 2495 4994 contrarium
2539 4927 2660 4997 ejus
2715 4927 3003 4985 voluntati.
3072 4928 3381 4986 Notandum
3437 4936 3521 4985 est
3581 4943 3752 5001 quare

2159 5022 2359 5081 dixerit
2388 5024 2547 5081 bonae
2578 5025 2890 5094 voluntatis,
2933 5035 2987 5082 et
3012 5041 3123 5081 non
3153 5025 3405 5094 actionis,
3436 5026 3564 5101 quia
3600 5023 3751 5081 sufﬁ-

2161 5120 2238 5177 cit
2265 5120 2410 5177 bona
2440 5121 2719 5186 voluntas,
2759 5122 2925 5179 etiam
2948 5121 2995 5178 si
3049 5122 3188 5180 desit
3216 5122 3546 5195 operationis
3574 5120 3748 5179 facul-

2160 5228 2264 5275 tas.
2306 5221 2498 5294 Itaque
2527 5221 2669 5277 bona
2699 5222 2951 5278 voluntas
2981 5222 3127 5279 valet
3167 5222 3377 5295 aliquid
3406 5222 3523 5278 sine
3551 5237 3747 5295 opera-

2160 5318 2329 5387 tione,
2356 5318 2499 5375 bona
2528 5319 2779 5390 Operatio
2809 5336 3113 5393 numquam
3143 5320 3262 5377 sine
3293 5321 3431 5377 bona
3455 5319 3745 5377 voluntate.

2158 5415 2345 5472 Maluit
2376 5431 2511 5490 ergo
2540 5416 2723 5473 dicere
2750 5398 2909 5475 bonae
2936 5417 3243 5485 voluntatis,
3275 5417 3421 5490 quod
3463 5432 3747 5475 commune

2154 5522 2236 5571 est
2276 5514 2331 5571 in
2371 5514 2633 5571 omnibus
2675 5514 2925 5571 salvatis.
2972 5515 3349 5584 Ostendimus,
3388 5514 3587 5572 fratres
3614 5517 3745 5572 cha-

2154 5612 2377 5680 rissimi,
2446 5612 2603 5669 vobis
2669 5613 2948 5686 quomodo
3015 5613 3279 5687 apparuit
3326 5613 3656 5688 benignitas,
3694 5629 3745 5676 et

2152 5710 2479 5779 humanitas,
2512 5719 2643 5779 etc.,
2673 5710 2773 5767 sed
2801 5727 2911 5769 non
2933 5719 3021 5769 est
3049 5710 3294 5767 silendus
3322 5711 3459 5769 ordo
3487 5712 3605 5781 ejus
3634 5710 3745 5783 g‘o.

2150 5806 2317 5865 riosaa
2336 5808 2659 5866 nativitatis.
2678 5809 2977 5868 Prmdictus
3007 5813 3121 5867 erat
3136 5812 3253 5882 ejus
3273 5809 3543 5867 adventus
3559 5808 3741 5865 multis

2145 5904 2272 5956 ante
2309 5897 2664 5973 temporibus,
2714 5915 2745 5955 a
2790 5898 3076 5975 prophetis
3112 5899 3479 5978 praesignatus
3531 5907 3647 5959 erat
3682 5899 3736 5958 in
