3924 6388
186 424 293 479 793

1162 419 1749 477 DEFLOBATIONES
1786 420 1891 475 SS.
1921 419 2235 477 PATRUM.
2276 451 2348 461 —
2384 421 2517 475 LIB.
2564 423 2605 474 l.

3408 424 3511 478 794

188 546 375 605 multis
406 545 635 620 ﬁguris.
675 545 763 601 Ait
790 546 935 603 enim
978 547 1160 602 Isaias:
1228 570 1249 595 «ι
1309 547 1632 620 Egredietur
1658 545 1810 617 virga
1838 545 1894 605 A
1923 562 2105 602 mense
2146 564 2178 600 a
2226 545 2577 617 conceptione
2625 544 2864 612 Joannis,
2929 552 3221 616 conceptus
3266 553 3347 600 est
3372 547 3521 602 Chri-

189 636 259 693 de
278 635 473 692 radice
501 637 680 703 Iesse,
723 642 777 689 et
804 634 902 689 ﬂos
941 636 1007 690 de
1038 636 1216 691 radice
1246 635 1364 705 ejus
1392 635 1643 691 ascendet
1672 634 1806 701 (Ira.

188 728 321 796 xx).-
350 726 452 779 Hic
484 725 657 779 etiam
688 723 893 793 primus
921 731 1162 779 ostensus
1191 732 1268 779 est
1298 725 1353 779 in
1384 732 1624 795 tempore
1698 726 1808 778 Aa-

188 830 289 869 ron
321 813 377 867 in
409 812 617 885 ﬁgura.
652 812 913 867 Dominus
942 813 1083 868 enim
1111 813 1369 883 praecepit
1387 812 1553 883 Moysi
1598 812 1665 866 de
1694 812 1809 865 sin-

188 910 333 983 gulis
363 909 624 964 tribubus
641 908 826 980 virgas
876 906 1077 964 aﬂ'erri.
1117 910 1303 964 Allata:
1349 915 1471 963 sunt
1525 908 1808 963 duodecim

192 999 365 1071 virga:
392 1018 403 1052 :
440 998 590 1053 inter
619 1013 755 1067 quas
784 996 945 1050 etiam
976 1014 1082 1052 una
1111 999 1272 1053 allata
1302 1005 1399 1061 est,
1459 1013 1578 1068 quae
1634 999 1809 1051 Aaron

189 1087 367 1142 fuerat
395 1086 725 1141 sacerdotis.
758 1084 951 1140 Positae
980 1094 1103 1140 sunt
1143 1103 1275 1159 ergo
1328 1104 1360 1141 a
1390 1093 1573 1141 sancto
1627 1087 1807 1155 Moyse

192 1175 244 1229 in
299 1175 719 1231 tabernaculum
780 1173 1095 1230 testimonii.
1160 1176 1324 1247 Virga
1399 1183 1575 1229 autem
1630 1175 1807 1227 Aaron

189 1272 313 1335 post
360 1264 597 1318 alteram
657 1263 801 1317 diem
870 1262 1137 1320 invenitur
1202 1264 1515 1335 produxisse
1571 1262 1728 1317 ﬂores
1756 1268 1805 1315 et

191 1359 416 1416 frondes
448 1375 505 1414 et
550 1361 827 1432 peperisse
872 1378 1035 1417 nuces
1069 1362 1257 1429 (Num.
1309 1362 1465 1429 xvii).
1496 1360 1635 1414 Ecce
1658 1374 1805 1429 ,quo-

190 1449 355 1505 modo
384 1450 732 1507 conveniunt
756 1453 1021 1522 propheta
1066 1458 1121 1506 et
1158 1449 1349 1521 ﬁgura.
1400 1450 1546 1503 Jesse
1576 1447 1670 1502 fuit
1702 1464 1803 1518 pa-

191 1547 272 1594 ter
302 1538 510 1607 David,
543 1539 704 1594 radix
733 1540 881 1594 Iesse
917 1547 993 1595 est
1044 1538 1250 1594 familia
1289 1538 1619 1605 Judzeorum,
1651 1537 1804 1607 virga

191 1634 270 1683 est
297 1625 517 1696 Maria;
562 1627 667 1682 ﬂos
710 1626 850 1683 ﬁlius
903 1628 1090 1700 ipsius,
1145 1644 1307 1699 super
1342 1643 1503 1697 quem
1533 1624 1807 1680 descendit

193 1722 430 1794 Spiritus
450 1729 679 1777 sanctus
716 1722 771 1776 in
815 1723 996 1795 specie
1037 1722 1323 1778 columba.
1367 1720 1624 1777 Similiter
1651 1719 1805 1790 virga

188 1812 369 1866 Aaron
427 1827 559 1881 qum
616 1810 734 1866 sine
779 1811 983 1867 semine
1039 1811 1260 1883 protulit
1302 1826 1485 1879 nuces,
1538 1807 1803 1881 signiﬁcat

1920 642 2047 689 stus.
2081 634 2200 704 Quo
2228 641 2487 705 concepto
2519 633 2648 688 abiit
2678 634 2846 689 Maria
2892 634 2946 689 in
2984 641 3239 689 montana
3267 650 3388 689 cum
3423 632 3508 689 fe-

1918 724 2222 789 stinatione,
2294 729 2342 777 et
2419 721 2632 778 intravit
2702 722 2755 776 in
2814 723 3031 778 domum
3108 721 3395 788 Zacharia,
3454 728 3507 777 et

1918 812 2168 867 salutavit
2213 812 2503 866 Elisabeth.
2557 812 2621 865 Et
2681 812 2861 865 audita
2908 812 3224 866 salutatione
3270 811 3513 866 exsulta-

1919 901 1996 955 vit
2018 900 2194 954 infans
2223 900 2274 953 in
2330 907 2482 954 utero
2530 899 2799 953 Elisabeth
2847 900 3003 970 (Luc.
3040 902 3101 969 ι).
3136 900 3313 969 Coepit
3340 901 3508 955 Joan-

1917 1012 2012 1050 nes
2042 1012 2158 1050 esse
2188 997 2448 1066 propheta
2479 1002 2764 1064 antequam
2808 1004 3147 1065 nasceretur;
3197 995 3515 1067 recognovit

1917 1101 2102 1141 servus
2130 1084 2442 1150 Dominum,
2475 1084 2815 1155 prophetavit
2846 1092 3135 1153 conceptus
3164 1092 3505 1156 conceptum,

1917 1182 1969 1229 et
1998 1190 2093 1245 per
2119 1173 2347 1245 gratiam
2380 1172 2530 1243 pueri
2571 1174 2775 1241 repleta
2830 1181 2909 1227 est
2965 1181 3136 1227 mater
3162 1173 3351 1246 spiritu
3376 1189 3509 1243 pro-

1915 1262 2131 1334 phetiae,
2156 1269 2208 1317 et
2237 1262 2336 1316 ait:
2378 1285 2398 1307 α
2435 1260 2585 1316 Unde
2616 1262 2716 1315 hoc
2748 1261 2901 1329 mihi,
2925 1270 2982 1315 ut
3011 1262 3191 1316 veniat
3208 1268 3379 1316 mater
3406 1262 3513 1316 Do-

1914 1348 2044 1403 mini
2075 1350 2181 1403 mei
2212 1350 2279 1404 ad
2312 1366 2396 1403 me
2419 1350 2447 1401 ‘I
2482 1350 2546 1403 Et
2574 1350 2768 1404 mansit
2797 1350 2871 1404 ibi
2902 1350 3070 1405 Maria
3112 1351 3277 1405 tribus
3305 1350 3513 1405 mensi-

1912 1437 2031 1505 bus,
2064 1446 2118 1492 et
2144 1454 2358 1493 reversa
2387 1446 2467 1491 est
2514 1438 2568 1492 in
2625 1438 2848 1493 domum
2907 1456 3058 1494 suam
3091 1440 3293 1507 (ibid.).
3330 1462 3352 1486 υ
3390 1440 3513 1493 Post

1914 1536 2028 1590 haec
2054 1535 2280 1606 contigit
2307 1535 2383 1590 ire
2413 1536 2611 1607 Joseph
2670 1536 2978 1590 Bethlehem
3041 1553 3162 1592 cum
3210 1552 3379 1592 uxore
3415 1553 3511 1592 sua

1911 1630 2247 1696 praegnante.
2307 1624 2553 1693 Cumque
2609 1624 2816 1696 impleti
2875 1631 3051 1680 essent
3107 1624 3222 1679 dies
3258 1633 3315 1679 ut
3343 1640 3506 1696 pare-

1910 1720 2008 1783 ret,
2068 1712 2283 1768 divertit
2338 1712 2394 1766 in
2450 1712 2740 1781 stabulum,
2792 1720 2848 1767 et
2894 1714 3103 1784 peperit
3148 1713 3263 1767 sine
3294 1712 3499 1781 dolore,

1910 1810 1963 1857 et
1989 1800 2185 1871 pannis
2214 1817 2337 1855 eum
2369 1800 2614 1867 involvit,
2668 1808 2720 1854 et
2749 1800 2934 1857 divina
2982 1801 3221 1873 potentia
3251 1808 3506 1871 operante

190 1900 443 1966 latium,
479 1915 610 1970 qua
638 1898 754 1955 sine
790 1899 998 1955 semine
1027 1899 1214 1972 genuit
1241 1899 1507 1955 Christum
1532 1917 1544 1953 :
1569 1898 1624 1953 in
1645 1913 1799 1964 nuce,
1830 1893 1883 1953 B
1913 1906 2066 1955 natus
2095 1906 2173 1953 est
2202 1897 2267 1952 de
2297 1898 2508 1970 virgine
2554 1900 2709 1968 (Luc.
2769 1900 2832 1969 ιι)
2888 1900 3056 1955 Maria
3097 1899 3352 1970 Christus,
3398 1916 3507 1955 non

191 2000 312 2056 quae
341 1984 625 2058 signiﬁcat
652 1984 993 2040 Dominicum
1023 2000 1237 2056 corpus,
1268 1984 1369 2039 tria
1394 1991 1516 2039 sunt
1547 2000 1561 2037 :
1595 1989 1797 2049 cortex,

190 2078 352 2140 testa,
376 2073 629 2130 nucleus.
663 2073 857 2128 Cortex
887 2090 1101 2130 amarus
1129 2071 1395 2146 signiﬁcat
1420 2088 1659 2137 carnem,
1683 2085 1802 2140 que

190 2162 381 2217 habuit
452 2161 728 2233 passionis
811 2162 1242 2217 amaritudinem.
1310 2161 1466 2217 Testa
1539 2156 1805 2233 signiﬁcat

191 2275 348 2329 Ossa;
386 2261 619 2315 nucleus
646 2260 887 2327 interior,
919 2261 1157 2317 animam
1181 2260 1468 2316 candidam
1499 2258 1799 2314 virtutibus.

192 2349 327 2405 Cum
378 2350 466 2404 his
497 2358 554 2405 et
601 2349 869 2404 similibus
924 2358 1064 2405 esset
1114 2349 1331 2407 Domini
1379 2347 1626 2403 nativitas
1670 2362 1801 2418 pro-

195 2438 439 2494 nuntiata
489 2446 549 2493 et
604 2437 989 2505 demonstrata,
1038 2438 1207 2493 voluit
1234 2437 1495 2493 Dominus
1538 2435 1804 2506 promissa

195 2525 443 2598 implere.
480 2526 678 2581 Missus
697 2534 779 2581 est
804 2526 982 2596 itaque
1031 2526 1250 2583 Gabriel
1279 2526 1347 2581 ad
1377 2524 1600 2581 Mariam
1629 2524 1803 2595 virgi-

198 2631 320 2672 nem
378 2615 436 2671 in
494 2616 786 2681 Nazareth,
828 2615 1161 2670 annuntiavit
1214 2614 1528 2670 descensum
1586 2613 1803 2669 Domini

195 2703 249 2759 in
287 2712 501 2759 uterum
545 2703 689 2773 ejus.
738 2704 976 2776 Dignum
1014 2712 1129 2759 erat
1165 2710 1221 2758 ut
1258 2703 1499 2771 Gabriel,
1530 2703 1619 2773 qui
1639 2703 1806 2774 forti-

199 2791 327 2848 tudo
359 2794 461 2849 Dei
489 2792 708 2861 dicitur,
740 2792 1081 2847 annuntiaret
1131 2792 1455 2847 nasciturum
1485 2791 1679 2857 Deum,
1713 2790 1803 2860 qui

198 2880 319 2937 forti
386 2897 561 2936 manu
619 2887 957 2952 pugnaturus
1020 2888 1206 2936 contra
1270 2878 1454 2935 mundi
1499 2879 1801 2952 principem

200 2987 329 3032 erat.
390 2979 458 3037 Et
516 2976 679 3033 valde
734 2977 1063 3033 conveniens
1120 2983 1254 3043 erat,
1311 2983 1368 3031 ut
1416 2976 1673 3045 Christus,
1715 2975 1804 3047 qui

195 3066 321 3122 ﬂore
347 3065 666 3139 supradicto
718 3066 1075 3138 praesignatus
1123 3073 1256 3129 erat,
1287 3065 1341 3119 in
1371 3065 1636 3120 Nazareth
1667 3081 1804 3120 con-

195 3154 480 3227 ciperetur,
502 3171 627 3226 quae
654 3155 756 3223 ﬂos
785 3162 840 3211 et
864 3156 1177 3228 virgultum
1221 3153 1614 3227 interpretatur,
1646 3171 1806 3227 egre-

1907 1995 2092 2058 aperta
2120 1987 2343 2059 virginis
2400 1995 2573 2058 porta,
2635 1988 2762 2059 quia
2818 1989 2970 2061 virgo
3026 1995 3150 2044 ante
3187 1996 3420 2060 partum,
3452 1995 3506 2043 et

1911 2073 2064 2143 virgo
2095 2071 2148 2125 in
2179 2078 2353 2142 partu,
2384 2079 2438 2126 et
2465 2070 2620 2143 virgo
2664 2079 2787 2143 post
2837 2079 3070 2142 partum.
3102 2072 3181 2128 De
3201 2075 3302 2128 hac
3329 2072 3505 2145 virgi-

1909 2169 1993 2223 nis
2038 2177 2193 2239 porta
2232 2168 2372 2223 dixit
2408 2170 2670 2224 Dominus
2707 2169 2775 2224 ad
2815 2170 3149 2225 Ezechietem
3196 2189 3208 2224 :
3265 2193 3286 2218 «ι
3349 2171 3506 2225 Porta

1910 2259 2025 2313 Ι]ωο
2060 2274 2221 2328 quam
2254 2256 2404 2313 vides
2432 2258 2612 2312 clausa
2642 2257 2742 2313 erit
2785 2267 2837 2312 et
2874 2275 2980 2313 non
3027 2259 3313 2330 aperietur,
3346 2266 3397 2313 et
3426 2257 3507 2313 vir

1909 2363 2017 2403 non
2078 2346 2297 2401 transiet
2352 2363 2449 2417 per
2503 2362 2643 2414 eam,
2712 2348 2966 2416 quoniam
3034 2348 3297 2403 Dominus
3361 2347 3505 2402 Deus

1910 2436 2072 2490 Israel
2104 2436 2376 2508 ingressus
2422 2444 2499 2490 est
2553 2451 2650 2507 per
2686 2452 2827 2504 eam,
2861 2445 2913 2492 et
2940 2452 3156 2508 semper
3196 2436 3298 2491 erit
3326 2437 3505 2491 clausa

1911 2524 2132 2593 (Ezech.
2166 2524 2333 2594 κων).
2362 2546 2382 2571 »
2420 2525 2672 2596 Magnum
2697 2524 2965 2594 meritum,
2990 2541 3247 2597 magnum
3278 2524 3500 2592 donum,

1908 2629 2109 2685 magna
2135 2612 2309 2684 gratia
2334 2632 2346 2667 :
2378 2613 2571 2667 ancilla
2601 2613 2810 2685 peperit
2844 2613 3037 2680 Deum,
3070 2622 3312 2669 creatura
3342 2615 3503 2668 Crea-

1912 2719 2101 2779 torem,
2132 2711 2243 2767 tilia
2275 2719 2571 2783 parentem,
2604 2710 2715 2766 ﬁlia
2761 2711 3074 2779 divinitatis,
3106 2719 3276 2765 mater
3306 2711 3500 2765 huma-

1909 2801 2107 2855 nitatis.
2166 2801 2311 2855 Duas
2366 2800 2673 2855 nativitates
2730 2800 2948 2856 Domini
2996 2799 3308 2871 accipimus,
3339 2814 3501 2853 unam

1910 2888 2169 2956 divinam,
2201 2889 2424 2943 alteram
2455 2890 2744 2943 humanam
2772 2905 2784 2940 :
2816 2888 2963 2943 illam
2992 2887 3109 2943 sine
3130 2896 3316 2955 matre,
3346 2886 3501 2942 istam

1911 2977 2029 3033 sine
2084 2983 2253 3049 patre.
2313 2976 2507 3042 Hodie,
2565 2976 2757 3031 fratres
2821 2976 3139 3044 charissimi,
3170 2976 3505 3031 celebramus

1914 3065 2265 3135 temporalem
2291 3065 2625 3120 nativitatem
2655 3071 2875 3136 propter
2911 3081 3011 3119 nos
3035 3072 3330 3135 acceptam,
3360 3079 3502 3135 gau-

1913 3154 2136 3209 deamus
2191 3161 2409 3225 propter
2453 3153 2844 3224 reparationem
2891 3161 3153 3208 nostram.
3198 3151 3372 3206 Hodie
3408 3168 3504 3205 su-

191 3243 337 3316 gium
402 3260 799 3317 praecursorem
877 3244 1083 3298 habuit.
1172 3244 1439 3317 Egregius
1505 3242 2074 3336 imperatorCscepit
2129 3243 2360 3297 mundus
2405 3241 2648 3297 inﬁrmus
2703 3241 3008 3310 sanitatem,
3069 3240 3228 3295 hodie
3258 3240 3502 3310 captivus

191 3333 450 3389 Joannem
480 3333 803 3405 Baptistam,
839 3333 929 3403 qui
960 3332 1029 3388 ab
1062 3340 1210 3388 utero
1232 3333 1417 3388 matris
1440 3332 1616 3388 Deum
1646 3348 1794 3387 reco-

196 3431 399 3502 gnovit,
433 3431 529 3501 qui
551 3447 654 3501 per
681 3430 932 3485 eumdem
986 3430 1243 3501 angelum
1300 3430 1610 3486 Gabrielem
1649 3447 1791 3484 nun-

193 3517 346 3574 tiatus
400 3527 503 3585 est,
537 3527 589 3576 et
619 3526 806 3574 contra
847 3535 1002 3573 usum
1046 3527 1248 3574 natura
1278 3518 1346 3575 de
1375 3519 1560 3581 sterili.
1615 3519 1792 3573 Elisa-

194 3605 315 3661 beth
362 3608 621 3665 videlicet
678 3614 908 3679 cognata
965 3607 1147 3663 Mariae
1203 3615 1357 3663 natus
1403 3614 1501 3663 est.
1552 3608 1613 3661 In
1642 3614 1792 3662 sexto

1904 3340 2225 3406 libertatem,
2288 3338 2447 3393 hodie
2501 3338 2838 3410 recuperavit
2906 3337 3062 3393 exsul
3112 3335 3499 3392 haereditatem.

1904 3427 2270 3499 Suscipiamus
2300 3427 2460 3482 hodie
2508 3427 2712 3499 Regem
2767 3425 3095 3493 venientem,
3137 3439 3502 3496 praeparemus

1905 3516 2207 3571 habitacula
2236 3522 2514 3584 pectorum
2573 3521 2758 3570 contra
2813 3515 2974 3572 talem
3006 3513 3409 3583 imperatorem,
3441 3518 3499 3567 ut

1901 3605 2152 3677 dignetur
2179 3619 2276 3659 nos
2305 3604 2542 3674 recipere
2572 3603 2623 3658 in
2650 3603 2852 3660 caelesti
2884 3602 3238 3659 Hierusalem.

254 3945 876 4051 DOMINICA
952 3946 1529 4050 PROXIMA
1603 3944 1928 4051 POST
1996 3943 2870 4049 NA'I‘IVITlTEM
2949 3944 3431 4051 DOMINI.

274 4231 295 4256 ο
331 4211 493 4269 Ibant
520 4218 678 4284 pater
697 4213 821 4267 Jesu
851 4220 903 4267 et
934 4220 1103 4267 mater
1138 4211 1463 4266 admirantes
1510 4226 1672 4282 super
1716 4211 1799 4265 his

206 4312 319 4366 qua:
345 4300 670 4358 dicebantur
725 4301 792 4355 de
850 4300 964 4368 illo,
1022 4308 1076 4354 et
1128 4299 1404 4355 benedixit
1443 4298 1548 4353 illis
1576 4299 1798 4355 Simeon

206 4387 351 4452 (Luc.
381 4393 464 4459 ιι).
504 4412 526 4438 u

272 4476 492 4549 (ΒεοΑ.)
550 4479 771 4550 Ioseph,
845 4478 973 4549 quia
1045 4476 1291 4532 nutritius
1345 4485 1477 4543 erat,
1519 4485 1573 4531 ct
1616 4477 1797 4532 Mariae

209 4561 400 4620 famam
431 4567 765 4623 observabat
780 4568 1075 4623 secundum
1106 4566 1420 4636 opinionem
1449 4567 1617 4637 vulgi,
1641 4567 1796 4622 Pater

209 4649 501 4712 Salvatoris
527 4655 847 4727 appellatur.

278 4764 300 4789 α
336 4745 398 4799 Ει
421 4745 565 4800 dixit
594 4744 662 4799 ad
692 4745 917 4801 Mariam
956 4753 1181 4800 matrem
1213 4744 1365 4814 ejus:
1420 4744 1556 4799 Ecce
1594 4744 1796 4814 positus

211 4837 284 4884 est
310 4832 395 4888 hic
423 4834 480 4889 in
508 4832 719 4888 ruinam
768 4840 821 4889 et
849 4833 903 4887 in
931 4832 1374 4891 resurrectionem
1423 4832 1711 4888 multorum
1742 4832 1794 4886 in

210 4918 362 4975 Israel
389 4930 446 4978 et
473 4922 531 4975 in
559 4920 775 4994 signum
804 4921 891 4977 cui
920 4921 1332 4979 contradicetur.
1366 4945 1387 4970 υ

273 5008 331 5062 ln
358 5011 572 5067 ruinam
627 5010 915 5065 multorum
962 5010 1167 5080 positus
1202 5017 1280 5064 est
1326 5010 1619 5076 Dominus,
1668 5010 1794 5081 quia

210 5092 313 5164 ipse
330 5106 407 5154 est
428 5099 569 5170 lapis
590 5096 919 5163 offensionis,
944 5107 993 5153 et
1010 5106 1161 5171 petra
1181 5098 1436 5165 scandali,
1460 5098 1513 5153 id
1532 5108 1610 5154 est
1624 5099 1792 5155 ruinae

210 5181 285 5238 his
329 5187 416 5257 qui
475 5185 755 5247 offendunt
809 5188 997 5255 verbo,
1048 5204 1146 5243 nec
1199 5187 1441 5244 credunt.
1488 5188 1568 5244 De
1600 5188 1793 5258 quibus

210 5267 313 5342 ipse
365 5276 533 5332 dicit:
566 5299 587 5322 σε
652 5275 709 5331 Si
767 5292 875 5330 non
930 5276 1196 5331 venissem
1255 5284 1306 5333 et
1344 5277 1549 5332 locutus
1577 5277 1654 5332 eis
1683 5294 1790 5333 non

209 5358 435 5432 fuissem,
497 5371 777 5436 peccatum
836 5380 942 5419 non
1001 5363 1267 5420 haberent
1308 5366 1488 5436 (Joan.
1522 5367 1634 5436 xv).
1672 5389 1693 5414 »ι
1731 5367 1791 5420 In

206 5454 634 5509 resurrectionem
692 5461 870 5509 autem
928 5454 1134 5523 positus
1189 5463 1289 5530 est,
1350 5454 1475 5525 quia
1516 5454 1792 5511 credentes

208 5535 256 5589 in
309 5557 425 5597 eum
485 5550 893 5597 resurrexerunt
923 5558 952 5597 a
984 5544 1217 5614 peccatis
1264 5560 1363 5614 per
1417 5560 1561 5598 eum.
1594 5545 1652 5598 In
1683 5545 1792 5599 suis

209 5629 637 5695 praedicatoribus
711 5646 923 5700 quoque
970 5632 1173 5703 positus
1242 5641 1319 5688 est
1373 5630 1427 5687 in
1479 5633 1687 5688 ruinam
1741 5643 1793 5689 et

206 5721 656 5784 resurrectionem,
715 5726 771 5772 ut
831 5720 902 5773 ait
959 5722 1287 5792 Apostolus:
1328 5744 1350 5768 «
1386 5722 1577 5776 Christi
1618 5722 1793 5778 bonus

210 5798 329 5861 Odor
355 5824 543 5864 sumus
570 5806 687 5863 Deo
719 5805 770 5860 in
802 5806 885 5861 his
911 5807 1001 5878 qui
1048 5809 1179 5864 salvi
1238 5807 1388 5878 ﬁunt,
1422 5819 1475 5866 et
1504 5810 1557 5865 in
1588 5811 1671 5865 his
1699 5811 1789 5882 qui

200 5904 405 5979 pereunt
430 5897 513 5975 (II
544 5894 676 5952 Cor.
715 5894 796 5969 ιι).
834 5918 855 5943 »ι
886 5896 1128 5973 Signum
1177 5897 1260 5954 cui
1307 5898 1701 5956 contradicetur
1727 5898 1789 5956 ﬁ-

1905 4214 2028 4270 dem
2060 4212 2357 4270 Dominica:
2395 4212 2567 4268 crucis
2595 4210 2798 4282 accipe,
2830 4211 2897 4266 de
2926 4227 3033 4281 qua
3058 4210 3229 4267 Judaei
3268 4209 3337 4265 ad
3366 4211 3498 4265 Pau-

1906 4304 2016 4357 lum
2046 4304 2325 4357 dixerunt:
2361 4302 2439 4356 De
2471 4304 2569 4356 hac
2623 4308 2769 4357 secta
2824 4307 3011 4356 notum
3039 4307 3120 4356 est
3144 4299 3321 4366 nobis,
3352 4298 3497 4370 quod

1905 4398 2104 4467 ubique
2134 4397 2185 4451 ei
2215 4396 2630 4452 contradicetur.
2666 4419 2688 4442 «α
2742 4397 2807 4450 Et
2853 4403 2999 4451 tuam
3046 4395 3214 4466 ipsius
3259 4395 3495 4451 animam

1906 4484 2225 4557 petransibit
2251 4485 2483 4557 gladius,
2521 4508 2542 4532 η
2580 4484 2634 4538 id
2688 4492 2769 4539 est
2821 4483 2976 4540 dolor
3029 4483 3329 4539 Dominicaa
3376 4499 3497 4554 pas-

1904 4574 2089 4643 sionis,
2120 4574 2246 4644 quia
2275 4590 2385 4628 non
2432 4574 2602 4644 potuit
2650 4573 2841 4627 Filium
2890 4570 3071 4627 videre
3116 4570 3355 4643 cruciﬁgi
3384 4570 3499 4625 sine

1907 4661 2098 4717 affectu
2128 4661 2355 4718 materni
2383 4662 2603 4729 doloris,
2637 4662 2733 4715 etsi
2774 4660 3026 4732 sperabat
3054 4668 3493 4715 resurrecturum.

1904 4751 2083 4820 Usque
2140 4751 2207 4805 ad
2264 4750 2427 4805 ﬁdem
2493 4751 2671 4805 saeculi
2728 4750 2963 4804 animam
3008 4748 3265 4813 Ecclesia:
3285 4746 3499 4821 gladius

1907 4840 2262 4895 tribulationis
2292 4839 2594 4911 pertransit,
2645 4856 2767 4894 cum
2797 4839 2955 4911 signo
2985 4836 3108 4892 ﬁdei
3138 4835 3209 4892 ab
3238 4835 3501 4908 improbis

1904 4928 2304 4995 contradicitur,
2336 4945 2457 4982 cum
2490 4930 2686 4983 multos
2710 4944 2863 4983 ruere
2893 4927 3057 4983 videt.
3108 4926 3292 4980 Aliter.
3326 4925 3495 4996 (Oru-

1901 5017 2137 5085 δεμες.)
2193 5017 2399 5072 Positus
2430 5026 2511 5073 est
2551 5018 2814 5072 Dominus
2870 5017 2924 5071 in
2973 5016 3180 5071 ruinam
3220 5013 3493 5082 vitiorum,

1900 5111 1954 5158 et
2007 5105 2062 5158 in
2111 5105 2555 5160 resurrectionem
2603 5106 2877 5170 virtutum,
2940 5123 3038 5160 nec
3083 5102 3142 5158 ﬁt
3182 5102 3495 5158 resurrectio

1899 5192 1998 5248 nisi
2027 5193 2183 5247 ruina
2210 5194 2496 5263 prlecedat.
2529 5193 2726 5250 Omnia
2778 5210 2899 5265 qua
2927 5195 2993 5249 de
3043 5193 3249 5249 Christo
3277 5206 3497 5246 narran-

1901 5290 2002 5351 tur,
2035 5284 2179 5352 quod
2208 5289 2363 5337 natus
2408 5282 2474 5337 de
2522 5284 2751 5356 virgine,
2803 5283 2946 5354 quod
3000 5282 3305 5348 resurrexit,
3352 5281 3494 5353 quod

1893 5370 2075 5441 januis
2146 5370 2341 5426 clausis
2412 5370 2647 5437 intravit,
2714 5373 2917 5441 omnia,
2970 5373 3205 5443 inquam,
3278 5369 3493 5442 signum

1899 5468 2023 5514 sunt
2059 5459 2143 5514 cui
2191 5458 2572 5515 contradicitur
2616 5459 2687 5514 ab
2732 5460 3056 5516 inﬁdelibus.
3098 5460 3495 5531 (.iunaosrvs.)

1904 5570 1927 5595 σι
1961 5548 2129 5603 Tuam
2188 5548 2355 5619 ipsius
2403 5546 2639 5602 animam
2699 5548 3042 5619 pertransibit
3078 5548 3310 5619 gladius,
3348 5570 3369 5594 υ
3407 5545 3497 5617 qui

1901 5644 1980 5689 est
2010 5636 2234 5691 verbum
2282 5637 2402 5702 Dei,
2443 5636 2690 5690 revelans
2737 5636 2830 5690 tibi
2878 5636 3166 5706 mysteria;
3207 5660 3228 5683 α
3270 5645 3328 5692 ιιι
3353 5652 3497 5692 reve-

1900 5725 2074 5781 lentur
2127 5742 2195 5779 ex
2252 5726 2434 5780 multis
2494 5725 2747 5780 cordibus
2785 5726 3161 5798 cogitationes.
3202 5749 3223 5773 ι»
3273 5726 3493 5796 aiam.)

1898 5816 2032 5869 Ante
2062 5821 2175 5869 erat
2219 5814 2499 5881 incertum,
2559 5814 2685 5884 quia
2727 5814 3034 5870 Iudaeorum
3090 5814 3356 5869 Christum
3402 5829 3495 5867 re-

1897 5903 2157 5976 ciperent,
2205 5904 2293 5977 qui
2331 5911 2642 5977 respuerent
2675 5924 2689 5975 ;
2740 5904 2833 5958 sed
2876 5902 3058 5959 audita
3096 5902 3372 5963 natiVitatc
3402 5916 3493 5959 re-
