3924 6396
432 450 536 504 ’795

1584 447 1930 506 WERNEBI
1969 445 2211 501 ABATIS
2253 448 2309 502 S.
2355 446 2573 501 BLASII

3613 447 3725 500 796

417 571 742 628 valebantur
770 573 1153 645 cogitationes,
1186 593 1309 634 cum
1350 576 1598 632 Herodes
1627 581 1681 629 et
1717 572 1799 628 sui
1829 571 2008 628 turha-
2036 573 2091 633 A
2122 579 2206 629 est
2230 571 2351 645 ipsa
2382 571 2660 638 divinitas,
2696 587 2799 642 qua
2829 569 3025 643 plenus
3068 570 3207 635 erat,
3259 568 3436 643 gratia
3468 585 3603 627 vero
3632 576 3725 626 est

427 660 645 716 bantur.
688 661 882 717 Postea
921 680 1053 720 vero
1091 664 1334 721 doctrina
1381 665 1501 736 ejus
1532 672 1583 719 et
1606 662 1807 719 virtute
1852 659 2013 716 ditia-

419 756 581 815 mata,
619 749 711 805 alii
734 766 859 806 eum
880 753 1035 824 quasi
1056 755 1381 827 magistrum
1401 753 1650 810 veritatis
1677 751 2013 807 habuerunt.

419 845 531 901 Alii
562 847 631 901 ab
660 863 731 903 eo
761 849 914 919 quasi
946 865 978 905 a
1009 850 1298 908 seductore
1328 858 1690 909 recesserunt.

493 960 514 984 α
550 936 611 991 Ει
641 944 756 991 erat
790 940 945 993 Anna
973 941 1325 1013 prophetissa
1358 940 1471 996 ﬁlia
1505 938 1742 995 Phanuel
1772 938 1842 994 de
1872 936 2013 993 tribu

417 1027 578 1081 Aser.
623 1027 755 1082 Haec
790 1038 1143 1099 processerat
1172 1030 1225 1085 in
1250 1030 1444 1086 diebus
1475 1029 1684 1095 multis,
1718 1037 1771 1084 et
1799 1028 2017 1083 vixerat

416 1131 537 1171 cum
583 1115 700 1171 viro
760 1132 861 1173 suo
917 1119 1077 1173 annis
1135 1137 1211 1175 vn
1241 1136 1271 1175 a
1304 1119 1618 1193 virginitate
1647 1135 1765 1175 sua.
1797 1118 1866 1172 Et
1895 1116 2016 1172 haec

415 1212 572 1269 vidua
601 1216 722 1268 erat
748 1229 928 1287 usque
952 1216 1020 1272 ad
1041 1233 1214 1273 annos
1244 1233 1505 1284 Lxxxun,
1542 1233 1664 1289 quae
1693 1231 1803 1272 non
1835 1213 2013 1271 disce-

416 1301 578 1357 debat
608 1302 677 1359 de
705 1304 925 1376 templo,
953 1306 1177 1377 jejuniis
1195 1316 1248 1363 et
1268 1306 1741 1364 obsecrationibus
1767 1306 2015 1363 serviens

416 1392 530 1447 Deo
562 1392 650 1448 die
680 1408 742 1449 ac
772 1386 959 1449 nocte.
997 1419 1017 1443 ι
1053 1396 1228 1451 Juxta
1257 1396 1539 1452 historiam
1567 1397 1729 1450 Anna
1758 1404 1811 1451 et
1838 1395 2014 1452 devo-

420 1486 487 1536 ta:
512 1482 943 1538 conversationis
973 1492 1026 1539 et
1056 1485 1381 1542 venerandae
1410 1484 1591 1541 aetatis
1617 1484 1785 1556 digna
1811 1484 2018 1540 descri-

413 1569 577 1637 bitur,
608 1589 729 1641 quas
759 1572 992 1628 Domino
1021 1574 1392 1631 testimonium
1424 1573 1761 1646 perhibebat.
1792 1573 2016 1646 Mystice

415 1667 596 1715 autem
628 1660 903 1732 signiﬁcat
945 1663 1275 1734 Ecclesium,
1326 1681 1446 1737 quae
1484 1664 1539 1719 in
1579 1663 1831 1735 praesenti
1860 1662 2015 1735 quasi

416 1757 603 1830 sponsi
633 1759 851 1815 Domini
901 1760 987 1815 sui
1032 1770 1211 1818 morte
1261 1762 1479 1817 viduata
1526 1769 1634 1818 est.
1675 1760 1889 1832 Septies
1915 1776 2012 1830 xu,

415 1862 642 1902 Lxxxun
672 1848 903 1905 iaciunt.
943 1851 1009 1905 Et
1038 1867 1111 1907 vn
1142 1851 1420 1921 pertinent
1453 1851 1521 1906 ad
1550 1867 1769 1907 cursum
1803 1849 2010 1917 saeculi,

417 1936 506 2010 qui
537 1922 735 1992 diebus
764 1947 977 2010 septem
1021 1939 1256 1995 volvitur
1293 1956 1306 2009 ;
1356 1958 1433 1996 XII
1474 1925 1602 1996 vero
1640 1939 1914 2012 pertinent
1944 1937 2014 1995 ad

417 2032 817 2105 perfectionem
851 2036 1165 2108 apostolicae
1185 2038 1465 2094 doctrinae.
1491 2037 1757 2110 Quisquis
1778 2053 1910 2108 ergo
1940 2044 2020 2093 to-

421 2130 529 2178 tum
563 2123 686 2179 vitae
717 2141 832 2180 suae
862 2132 1077 2197 tempus
1097 2127 1411 2197 apostolicis
1434 2126 1715 2198 mancipat
1744 2126 2016 2192 institutis,

418 2211 575 2285 quasi
606 2230 830 2267 Lxxxmi
860 2214 1016 2269 annis
1054 2215 1294 2271 caelestis
1341 2216 1528 2287 templi
1556 2215 1738 2270 limina
1768 2231 2017 2283 servare,

418 2315 471 2364 et
500 2309 717 2366 Domini
743 2311 1027 2382 postulare
1056 2312 1350 2368 adventum
1376 2312 1644 2379 laudatur,
1677 2312 1807 2368 dum
1836 2328 1869 2368 a
1896 2313 2018 2368 Do-

418 2397 566 2453 mino
594 2400 998 2471 peregrinatur.
1033 2401 1259 2473 Septem
1302 2402 1430 2457 anni
1477 2402 1676 2473 quibus
1707 2406 1864 2457 Anna
1893 2418 2017 2457 cum

421 2485 539 2542 viro
570 2502 670 2542 suo
697 2488 851 2555 vixit,
883 2489 1199 2562 signiﬁcant
1246 2490 1648 2562 perfectionem
1698 2490 1843 2545 illius
1872 2498 2017 2545 tem-

419 2584 572 2655 poris
603 2600 710 2655 quo
756 2602 787 2640 a
834 2586 1071 2642 Domino
1109 2587 1165 2641 in
1208 2603 1369 2643 carne
1410 2595 1769 2647 conversante
1797 2588 2022 2644 docetur

424 2671 709 2730 Ecclesia.
743 2674 848 2744 Qui
871 2676 1001 2730 anni
1020 2685 1204 2747 postea
1228 2692 1419 2748 perxn
1439 2676 1891 2748 multiplicantur,
1909 2694 2023 2748 pro-

423 2769 547 2832 pter
575 2762 932 2833 apostolicam
955 2765 1283 2833 doctrinam,
1307 2766 1505 2823 deinde
1521 2774 1805 2839 regentem
1834 2767 2022 2824 Eccle-

422 2859 580 2917 siam.

501 2974 522 3000 α
558 2952 627 3007 Ει
656 2952 775 3009 haec
805 2952 926 3024 ipsa
954 2954 1084 3010 hora
1110 2954 1506 3026 superveniens
1528 2954 1884 3012 conﬁtebatur
1912 2955 2021 3012 Do-

422 3038 589 3107 mino,
624 3048 677 3096 et
708 3040 1032 3114 loquebatur
1075 3043 1143 3098 de
1186 3043 1280 3100 illo
1327 3043 1582 3101 omnibus
1613 3044 1705 3116 qui
1734 3052 2021 3118 exspecta-

420 3139 554 3195 bant
582 3142 1049 3199 resurrectionem
1076 3143 1267 3200 Israel.
1304 3169 1328 3194 ι

492 3231 617 3301 Ipsa
643 3231 776 3287 hora
815 3248 922 3304 qua
966 3232 1193 3289 Simeon
1236 3234 1452 3305 accepit
1493 3249 1725 3305 puerum
1754 3248 2024 3305 superve-

419 3317 575 3375 niens
592 3323 752 3377 Anna
764 3320 1146 3389 conﬁtebatur,
1167 3322 1220 3380 id
1244 3331 1325 3381 est
1344 3324 1604 3381 laudabat
1627 3323 1950 3391 Dominum,
1970 3330 2024 3379 et

419 3415 672 3473 omnibus
700 3416 955 3473 ﬁdelibus
983 3419 1075 3489 qui
1098 3418 1239 3491 jugo
1289 3418 1526 3475 Herodis
1554 3418 1881 3493 alienigenae
1903 3435 2026 3491 gra-

422 3505 529 3559 vati
558 3505 940 3563 liberationem
972 3509 1379 3579 exspectabant,
1414 3507 1770 3579 promittebat
1799 3524 1898 3578 per
1924 3508 2024 3563 ad-

423 3602 654 3649 ventum
677 3594 878 3651 Christi
899 3594 953 3650 in
977 3595 1230 3666 proximo
1251 3596 1723 3669 redemptionem
1739 3595 1879 3654 ﬁeri.
1898 3598 2024 3653 Non

426 3690 600 3745 solum
633 3691 835 3763 angeli,
878 3692 975 3746 sed
1005 3700 1059 3748 et
1086 3694 1264 3749 omnis
1313 3703 1447 3750 aetas
1492 3703 1547 3751 et
1577 3712 1740 3752 sexus
1771 3697 2022 3753 testimo-

420 3780 571 3834 nium
602 3787 726 3835 nato
766 3780 999 3836 reddidit
1028 3798 1220 3854 puero,
1282 3792 1333 3839 et
1362 3784 1501 3839 sicut
1531 3785 1603 3840 ab
1633 3786 1878 3841 omnium
1909 3801 2015 3841 saa-

420 3866 668 3924 culorum
725 3868 979 3925 ﬁdelibus
1033 3871 1489 3945 praesagiebatur,
1540 3874 1614 3929 ita
1642 3874 1869 3931 veniens
1898 3890 2023 3931 om—

419 3957 569 4012 nium
610 3964 936 4015 sanctorum
989 3959 1151 4025 laude
1203 3962 1551 4033 praedicatur.
1589 3963 1825 4034 (ΒΕυΑ.)
1865 3954 2053 4045 Ωιιοᾶ⁸
2100 4006 2103 4011 -

420 4054 643 4112 Simeon
691 4065 740 4113 et
789 4059 950 4113 Anna
998 4060 1242 4129 provecti
1296 4060 1482 4116 Jesum
1514 4062 1793 4133 excipiunt
1821 4071 1873 4119 et
1901 4063 2024 4119 lau-

421 4146 569 4209 dant,
587 4144 869 4216 signiﬁcat
888 4144 1105 4202 ﬁdelem
1127 4148 1497 4222 Synagogam,
1523 4167 1645 4222 quae
1663 4159 1785 4222 post
1803 4150 2025 4224 longam

427 4234 894 4303 exspectationem
940 4236 1366 4306 promissionum
1413 4253 1522 4293 non
1585 4237 1711 4296 ﬁcta
1758 4239 1865 4296 iide
1901 4255 2027 4297 eum

427 4339 758 4401 receperunt
787 4331 879 4404 qui
905 4332 1398 4403 praenuntiabatur.

501 4461 521 4483 α
544 4437 686 4492 Etut
703 4438 1052 4510 perfecerunt
1069 4443 1254 4498 omnia
1267 4442 1764 4519 secundumlegem
1786 4444 2026 4513 Domini,

426 4527 632 4582 reversi
666 4535 791 4583 sunt
815 4526 870 4583 in
905 4528 1188 4587 Galilaeam
1232 4530 1286 4587 in
1334 4533 1607 4589 civitatem
1659 4548 1818 4589 suam
1844 4535 2027 4589 Naza-

423 4626 541 4683 rcth
554 4668 566 4681 .

425 4715 559 4771 satis
589 4717 837 4788 exposita
866 4727 1117 4786 noverat,
1140 4719 1431 4775 Dominum
1458 4720 1733 4791 videlicet,
1763 4730 1886 4794 post
1913 4723 2033 4780 hanc

425 4819 495 4860 ne
526 4805 595 4860 ab
626 4806 842 4863 Herode
899 4808 1191 4865 necandus
1252 4809 1614 4880 inveniretur,
1660 4812 1952 4882 Egyptum
2002 4825 2036 4867 a

425 4895 745 4966 parentibus
776 4912 900 4952 esse
931 4897 1196 4954 delatum.
1247 4896 1631 4970 Defunctoque
1677 4899 1914 4967 Herode,
1955 4899 2037 4957 sic

427 4997 647 5054 demum
706 4998 994 5055 Galilmam
1053 5016 1380 5070 reversum,
1422 5003 1694 5059 Nazareth
1752 5003 2032 5060 civitatem

427 5102 581 5142 suam
611 5087 917 5145 inhabitare
952 5089 1206 5160 coepisse.
1255 5090 1442 5147 Solent
1491 5092 1636 5148 enim
1682 5091 2036 5164 evangelista

426 5175 627 5249 singuli
647 5177 727 5233 sic
748 5177 995 5234 omittere
1018 5178 1289 5251 qumdam,
1313 5197 1434 5252 qua:
1456 5180 1540 5235 vel
1565 5180 1634 5237 ab
1651 5180 1773 5238 aliis
1792 5196 2036 5237 comme-

427 5283 543 5331 rata
574 5275 804 5332 viderint
841 5274 925 5332 vel
958 5277 1028 5331 ab
1071 5276 1195 5333 aliis
1240 5278 1722 5335 commemoranda
1753 5278 1808 5339 in
1840 5278 2037 5351 spiritu

429 5364 800 5434 prreviderint,
870 5374 927 5422 ut
989 5366 1298 5423 continuata
1337 5384 1449 5424 suae
1490 5367 1817 5424 narrationis
1866 5367 2035 5436 serie,

429 5461 589 5530 quasi
611 5461 763 5519 nulla
820 5463 1250 5535 pratermisisse
1306 5464 1613 5522 videantur.
1675 5463 1818 5534 Quia
1847 5472 2036 5521 tamen

431 5557 656 5614 alterius
686 5561 1047 5634 evangelista:
1074 5563 1417 5619 considerata
1446 5562 1751 5635 Scriptura,
1776 5579 1886 5636 quo
1913 5562 2039 5620 loco

429 5662 693 5717 transulta
723 5661 937 5732 fuerint,
968 5664 1204 5738 diligens
1236 5666 1414 5723 lector
1441 5664 1708 5723 inveniat.

502 5791 522 5813 α
560 5767 702 5823 Puer
730 5776 910 5825 autem
942 5770 1228 5828 crescebat
1290 5781 1341 5829 et
1385 5773 1807 5830 confortabatur
1839 5772 2041 5845 plenus

436 5869 720 5940 sapientia,
753 5879 808 5927 et
835 5872 1011 5944 gratia
1041 5872 1140 5928 Dei
1187 5881 1302 5928 erat
1329 5872 1382 5928 in
1414 5873 1526 5930 illo.
1566 5899 1587 5923 υ
1622 5872 1881 5931 Crescere
1913 5890 2038 5930 cor-

435 5968 565 6024 pore
595 5963 649 6015 et
676 5957 991 6028 confortari,
1025 5968 1182 6017 aetate
1205 5960 1441 6018 humana
1469 5944 1736 6034 intelligo.
1764 5961 2042 6033 Sapientia

2123 661 2435 731 conjunctio
2465 660 2757 717 divinitatis
2787 659 2841 714 in
2869 674 3033 714 unam
3053 674 3365 730 personam.
3406 659 3595 715 Gratia
3626 674 3721 714 au-

2122 761 2252 819 tem,
2286 752 2411 825 quia
2440 750 2618 807 eidem
2647 748 2936 805 mediatori
2964 748 3063 804 Dei
3094 756 3147 804 et
3163 748 3472 827 hominum,
3503 748 3719 805 homini

2121 849 2255 904 Jesu
2286 848 2505 905 Christo
2535 863 2735 921 magna
2764 847 2940 920 gratia
2982 846 3239 901 donatum
3270 852 3370 911 est,
3420 852 3475 899 ut
3508 860 3576 899 ex
3606 861 3722 917 quo

2122 938 2286 994 homo
2316 935 2437 994 ﬁeri
2466 938 2738 1009 coepisset,
2798 935 3073 1007 perfectus
3118 942 3171 990 et
3201 934 3345 989 Deus
3401 942 3565 989 esset.
3600 935 3725 991 Hoc

2121 1026 2402 1084 hominum
2432 1035 2632 1082 natura
2661 1042 2771 1082 non
2801 1024 3009 1096 recipit,
3041 1031 3099 1079 ut
3129 1031 3254 1079 ante
3290 1022 3579 1079 duodecim
3612 1038 3724 1078 an-

2122 1140 2224 1180 nos
2254 1124 2516 1195 sapientia
2548 1122 2854 1194 impleatur.
2886 1120 3175 1191 Quomodo
3216 1120 3398 1176 omnia
3419 1119 3513 1175 illo
3542 1119 3729 1175 mira-

2122 1214 2249 1270 bilia
2280 1212 2517 1279 fuerunt,
2570 1212 2645 1267 ita
2690 1210 2924 1284 pueritia
2971 1208 3232 1265 mirabilis
3262 1209 3381 1278 fuit,
3413 1217 3468 1264 ut
3498 1208 3602 1265 Dei
3630 1224 3725 1265 sa-

2124 1302 2323 1374 pientia
2352 1302 2697 1374 impleretur.

2380 1442 2620 1499 SERMO
2658 1443 2753 1498 DE
2790 1440 3038 1498 TRIBUS
3078 1438 3442 1497 SILENTIIS.

2202 1571 2223 1600 ι
2263 1550 2409 1605 Dum
2437 1548 2683 1605 medium
2738 1547 3009 1603 silentium
3067 1553 3313 1603 tenerent
3358 1547 3558 1615 omnia,
3612 1554 3721 1603 etc.

2121 1639 2274 1713 (Sap.
2309 1640 2481 1707 xvm).
2515 1662 2534 1686 »
2568 1637 2696 1694 Tria
2725 1644 2847 1692 sunt
2880 1636 3136 1692 silentia:
3184 1632 3415 1691 Primum
3443 1643 3524 1692 est
3552 1634 3724 1709 igno-

2125 1724 2308 1780 rantia
2356 1724 2674 1796 languoris;
2718 1723 3040 1788 secundum,
3064 1720 3377 1793 desperatio
3409 1721 3723 1787 curatoris;

2126 1809 2345 1865 tertium
2400 1808 2677 1864 silentium
2724 1815 2818 1863 est
2885 1806 3106 1879 adoptio
3159 1805 3432 1861 sanitatis.
3482 1805 3726 1861 Primum

2043 1934 2097 1996 Β
2126 1907 2397 1964 silentium
2420 1905 2539 1972 fuit,
2573 1904 2795 1979 quando
2831 1905 2997 1961 homo
3053 1919 3161 1960 non
3193 1902 3415 1975 agnovit
3467 1901 3726 1958 morbum

2129 2013 2306 2062 suum,
2341 2004 2393 2052 et
2422 1994 2626 2052 idcirco
2650 1994 2868 2058 silebat,
2899 2009 3001 2050 nec
3032 1993 3373 2066 quaerebatur
3399 1990 3723 2047 remedium.

2130 2094 2239 2151 Sed
2269 2100 2567 2166 postquam
2600 2092 2683 2148 lex
2716 2091 3057 2158 subintravit,
3109 2098 3163 2146 et
3190 2088 3423 2146 ostendit
3451 2087 3727 2164 languidis

2129 2183 2356 2241 vulnera
2387 2197 2506 2249 sua,
2533 2183 2717 2238 statim
2749 2188 2967 2252 ruptum
2999 2187 3084 2236 est
3128 2179 3420 2247 silentium,
3454 2187 3508 2235 et
3535 2193 3729 2250 crepe-

2131 2281 2255 2329 runt
2286 2288 2415 2328 mox
2446 2274 2583 2346 aegri
2605 2271 2835 2327 salutem
2859 2284 3124 2341 quaerere.
3149 2268 3255 2324 Sed
3284 2269 3413 2339 quia
3440 2283 3540 2339 per
3557 2281 3732 2339 opera

2130 2362 2274 2436 legis
2303 2361 2395 2417 ubi
2425 2361 2575 2417 salus
2603 2377 2713 2417 non
2738 2367 2820 2415 est
2848 2359 3031 2414 sanari
3078 2357 3351 2424 volebant,
3398 2357 3542 2430 quod
3571 2373 3728 2430 quae-

2129 2452 2329 2508 rebant
2359 2467 2469 2507 non
2500 2454 2755 2523 poterant
2782 2448 3057 2504 invenire.
3113 2447 3354 2503 Tandem
3384 2461 3513 2519 ergo
3539 2444 3729 2502 consi-

2133 2542 2338 2598 deruns
2366 2541 2551 2605 homo,
2586 2555 2687 2610 per
2714 2537 2893 2611 legem
2912 2536 3197 2593 neminem
3219 2534 3511 2605 justiﬁcari
3539 2548 3729 2607 posse,

2133 2638 2290 2710 quasi
2318 2644 2443 2709 post
2471 2636 2757 2692 diuturnos
2802 2634 3068 2691 clamores
3122 2633 3397 2707 fatigatus,
3443 2631 3607 2689 etiam
3639 2646 3727 2687 se-

2132 2728 2368 2784 cundum
2392 2725 2686 2781 silentium.
2711 2726 2969 2781 Locutum
2984 2731 3065 2779 est
3084 2739 3292 2795 pacem,
3308 2721 3455 2779 dedit
3470 2721 3728 2793 desespe-

2134 2841 2286 2896 rans,
2318 2824 2470 2897 loqui
2502 2839 2721 2879 rursum
2758 2821 3014 2889 cessavit,
3039 2830 3091 2878 et
3120 2822 3470 2878 subsecutum
3491 2827 3572 2875 est
3593 2836 3724 2893 gra-

2128 2914 2281 2981 tiam,
2318 2913 2597 2985 proposuit
2626 2911 3087 2979 misericordiam,
3134 2909 3381 2982 promisit
3407 2908 3639 2977 veniam,
3674 2916 3727 2965 et

2133 3010 2420 3075 coeperunt
2460 3000 2593 3074 aegri
2639 3016 2858 3058 currere
2902 2999 2972 3056 ad
3020 2999 3315 3069 medicum,
3343 3006 3396 3055 et
3425 2997 3581 3071 quasi
3607 3012 3726 3052 ma-

2134 3100 2261 3174 gnis
2290 3099 2632 3167 clamoribus,
2667 3097 2747 3155 sic
2765 3084 2902 3170 pura
2932 3095 3041 3154 ﬁde
3070 3097 3255 3154 cordis
3284 3103 3336 3152 et
3358 3111 3486 3153 vera
3505 3094 3724 3151 confes-

2137 3184 2289 3246 Sione
2319 3190 2434 3245 oris
2472 3186 2702 3260 ﬂagitari
2750 3187 3073 3243 remedium.
3126 3187 3240 3243 Hoc
3286 3185 3470 3258 itaque
3499 3192 3551 3241 et
3580 3200 3723 3240 nunc

2052 3299 2101 3363 α
2136 3286 2190 3341 in
2220 3287 2323 3342 vita
2367 3286 2470 3343 hac
2508 3285 2766 3358 prmsenti
2812 3284 3012 3358 agitur,
3061 3292 3117 3339 ut
3156 3300 3279 3341 cum
3320 3284 3480 3340 homo
3505 3298 3602 3355 per
3628 3279 3724 3363 Dei

2131 3376 2363 3447 gratiam
2394 3375 2681 3431 sanitatem
2713 3373 3001 3447 receperit,
3035 3381 3086 3429 et
3116 3373 3186 3429 ad
3237 3373 3386 3428 illam
3416 3360 3724 3429 felicitatem

2133 3481 2382 3530 ventura:
2426 3472 2848 3530 immortalitatis
2904 3471 3200 3544 perductus
3244 3471 3424 3536 fuerit,
3471 3486 3575 3527 non
3623 3469 3723 3527 erit

2130 3564 2366 3637 amplius
2410 3562 2536 3636 quid
2586 3571 2771 3635 petat;
2805 3569 2854 3618 et
2889 3570 3012 3618 tunc
3042 3560 3281 3634 sequitur
3313 3560 3533 3616 tertium
3562 3559 3724 3616 silen-

2132 3654 2287 3721 tium,
2320 3652 2466 3723 quod
2497 3667 2775 3723 nunquam
2808 3650 2970 3705 linem
3018 3648 3264 3705 habebit.
3306 3646 3453 3705 inter
3492 3649 3720 3720 primum

2132 3750 2186 3799 et
2215 3742 2449 3799 medium
2481 3740 2759 3797 silentium
2809 3740 2976 3794 multa
3025 3739 3194 3795 verba
3244 3745 3557 3805 sonuerunt,
3589 3738 3723 3792 inter

2131 3840 2368 3897 medium
2405 3846 2457 3895 et
2485 3838 2734 3894 ultimum
2767 3837 3046 3894 silentium
3077 3842 3236 3893 sonat
3265 3852 3430 3891 unum
3466 3834 3713 3892 verbum.

2132 3931 2311 4007 Multa
2340 3929 2557 3985 fuerunt
2596 3926 2923 4001 multiplicia
2959 3926 3103 3998 legis
3147 3925 3429 3990 mandata;
3458 3939 3581 3997 qua:
3624 3938 3722 4005 per

2136 4010 2361 4092 Moysen
2392 4018 2520 4074 data
2551 4024 2652 4073 est.
2690 4018 2865 4073 Unum
2893 4017 3128 4072 verbum
3157 4024 3257 4084 est,
3288 4030 3398 4070 una
3427 4013 3523 4069 Dei
3553 4011 3722 4085 gratia

2135 4132 2264 4187 quae
2292 4131 2395 4186 per
2422 4115 2608 4171 Jesum
2641 4113 2915 4169 Christum
2945 4112 3089 4169 facta
3118 4119 3219 4178 est,
3252 4109 3337 4166 vel
3365 4110 3543 4183 potius
3570 4110 3722 4164 Jesus

2136 4205 2385 4263 Christus
2413 4211 2518 4260 est.
2551 4205 2769 4276 Moyses
2799 4201 3034 4259 famulus
3061 4201 3162 4258 Dei
3185 4198 3573 4269 multayerba,
3593 4196 3724 4253 mul-

2134 4302 2221 4351 tos
2264 4306 2548 4350 sermones
2590 4292 2799 4363 edidit;
2846 4293 2999 4349 Deus
3043 4292 3204 4347 Pater
3244 4305 3409 4345 unum
3469 4287 3721 4356 Verbum,

2135 4406 2301 4447 unum
2330 4405 2639 4446 sermonem
2668 4388 2841 4445 misit.
2874 4389 2981 4445 Sed
3013 4402 3293 4444 sermones
3324 4384 3525 4456 Moysis
3553 4382 3723 4440 omni-

2135 4486 2387 4553 potentes
2441 4495 2555 4536 non
2612 4478 2846 4548 fuerunt,
2908 4477 3033 4551 quia
3087 4476 3235 4549 quod
3274 4475 3531 4531 dicebant
3559 4472 3724 4529 facere

2135 4595 2244 4637 non
2282 4586 2628 4651 potuerunt:
2687 4577 2813 4634 ideo
2866 4576 3088 4632 tandem
3123 4573 3448 4648 quandoque
3496 4572 3552 4626 in
3598 4585 3722 4642 pre-

610 4651 631 4675 ”
670 4626 1017 4733 “armis”
1047 4629 1302 4733 500,100?
1334 4632 1542 4733 Ῑλυεθεῖν,
1563 4648 1754 4733 QP?“
1791 4634 2027 4733 ΜεὲίίΡθο
2059 4662 2111 4726 D
2137 4626 3088 4726 Sgazgﬁgaggna;“angui:
3110 4626 3724 4733 it'agt‘aanspém

2141 4754 2336 4811 Sermo
2391 4752 2565 4822 venit,
2622 4752 2716 4825 qui
2761 4766 2873 4807 non
2929 4750 3107 4807 solum
3149 4747 3301 4816 dixit,
3345 4746 3443 4802 sed
3473 4759 3722 4818 qumcun-

2142 4872 2248 4929 que
2278 4856 2431 4923 dixit,
2465 4856 2575 4911 imo
2613 4868 2951 4928 quaecunque
2989 4850 3177 4918 Voluit,
3210 4850 3361 4907 fecit.
3391 4849 3499 4903 Iste
3525 4847 3721 4914 Sermo,

2142 4946 2287 5001 istud
2323 4946 2564 5002 Verbum
2608 4945 2785 5000 adhuc
2831 4941 3092 5015 loquitur,
3137 4939 3372 5013 quandiu
3398 4938 3453 4993 in
3483 4934 3721 4992 ﬁdelibus

2142 5047 2259 5104 suis
2289 5047 2687 5120 promissiones
2720 5054 2997 5118 operatur.
3030 5043 3141 5101 Sed
3176 5056 3302 5100 cum
3331 5040 3597 5114 promissa
3625 5037 3723 5092 im-

2142 5146 2394 5219 pleverit,
2431 5154 2560 5203 tunc
2591 5145 2743 5218 quasi
2781 5142 3040 5200 cessavit.
3093 5142 3224 5199 Cum
3262 5147 3437 5196 autem
3466 5135 3724 5210 promissa

2144 5234 2341 5292 fuerint
2368 5236 2608 5307 impleta,
2657 5232 2783 5307 quia
2829 5232 3061 5305 amplius
3113 5228 3260 5303 quod
3313 5235 3546 5301 petatur,
3601 5222 3721 5279 nihil

2144 5325 2335 5392 deerit,
2356 5326 2485 5381 tunc
2501 5323 2624 5380 felix
2640 5330 2693 5378 et
2711 5322 3105 5393 sempiternum
3125 5318 3400 5376 silentium
3419 5315 3536 5372 erit.
3556 5337 3578 5361 ιι
3595 5314 3719 5369 Dum

2146 5430 2279 5488 ergo
2326 5414 2564 5470 medium
2615 5410 2887 5468 silentium
2940 5416 3189 5466 tenerent
3249 5405 3457 5464 omnia.
3519 5427 3540 5452 η
3593 5403 3723 5457 Bene

2146 5502 2336 5559 omnia
2370 5522 2383 5558 :
2410 5503 2528 5559 Hoc
2558 5512 2667 5557 non
2696 5500 2875 5556 solum
2907 5498 2983 5553 illi
3014 5498 3105 5570 qui
3153 5497 3207 5551 in
3237 5495 3512 5568 {petitione
3541 5490 3723 5563 despe-

2150 5593 2356 5660 rabant,
2390 5592 2486 5648 sed
2516 5599 2571 5646 et
2601 5589 2691 5645 illa
2721 5606 2842 5662 qua:
2872 5588 2927 5643 in
2956 5585 3355 5661 promissione:
3396 5604 3418 5635 «
3448 5583 3519 5663 'Et
3552 5595 3648 5636 nox
3675 5578 3721 5632 in

2145 5697 2246 5739 suo
2275 5697 2438 5737 cursu
2469 5680 2572 5736 iter
2600 5680 2852 5735 haberet.
2884 5702 2905 5726 »
2928 5675 3055 5732 Nox
3081 5676 3133 5731 in
3160 5689 3321 5731 sacra
3344 5671 3618 5742 Scriptura
3637 5666 3724 5723 alio

2149 5782 2366 5857 quando
2397 5799 2498 5856 pro
2527 5781 2767 5851 diabolo,
2800 5778 3097 5854 aliquando
3144 5793 3245 5849 pro
3275 5774 3481 5833 umbris
3514 5771 3646 5843 ejus,
3674 5769 3718 5826 in

2148 5872 2531 5947 peccatoribus
2562 5880 2615 5929 et
2642 5871 2867 5942 iniquis,
2897 5868 3192 5942 aliquando
3220 5882 3323 5939 pro
3352 5862 3608 5937 peccatis,
3628 5859 3719 5916 ali-

2150 5960 2369 6034 quando
2414 5976 2513 6034 pro
2569 5959 2823 6033 praesenti
2879 5958 2986 6017 vita
3040 5948 3328 6030 accipitur.
3397 5953 3499 6009 Per
3528 5957 3719 6007 noctem
