3956 6422
52 404 153 465 l93

1253 403 1617 463 MORALIUM
1659 404 1728 462 IN
1766 404 2066 464 GENESIN
2106 404 2233 463 LIB.
2280 402 2389 461 VII.

3490 410 3590 470 194

46 543 354 612 passiones
392 541 574 613 hujus
612 540 880 610 temporis
928 538 1000 595 ad
1041 538 1299 595 futuram
1341 538 1616 609 judicans
1656 538 1769 611 glo-
1805 539 1853 593 A
1884 539 2015 593 dum
2050 538 2229 593 adhuc
2273 540 2389 608 ipse
2416 541 2640 607 viveret,
2680 537 2756 593 ad
2796 540 3022 609 plagam
3063 544 3395 599 orientalem.
3446 547 3586 600 Dum

47 631 220 698 riam,
256 646 397 701 quae
426 629 775 686 revelabitur
810 628 869 683 in
902 628 1068 683 nobis
1108 628 1289 698 (Rom.
1323 643 1438 692 vui,
1479 628 1594 698 l8);
1628 642 1769 697 pro-

50 720 245 789 prium
305 721 508 790 itaque
550 717 888 773 admirando
935 717 1243 785 compellat
1290 715 1581 772 allectum.
1636 718 1768 785 Quis

46 814 146 875 est,
200 807 424 879 inquit,
458 814 632 863 tantae
661 804 1040 862 humanitatis
1084 806 1142 860 in
1185 807 1296 860 Deo
1326 806 1559 861 motus?
1589 819 1767 876 quam

48 897 350 966 profundo
385 895 594 951 mentis
632 894 849 950 intuitu
874 893 1278 961 attendendus,
1311 896 1408 962 qui
1430 911 1531 964 per
1550 909 1765 961 agrum,

50 986 106 1039 id
139 993 227 1041 est
258 984 568 1055 spirituale
596 982 935 1039 exercitium
986 983 1150 1038 nobis
1194 984 1267 1038 ad
1308 997 1366 1037 se
1402 982 1770 1038 tendentibus

49 1074 311 1144 gratuito
347 1073 601 1130 occurrit
633 1087 858 1142 semper
889 1072 1132 1127 auxilio!
1174 1072 1323 1127 Solet
1354 1081 1546 1127 autem
1594 1071 1766 1127 etiam

48 1163 383 1219 secundum
430 1163 614 1232 ipsam
656 1162 923 1217 deitatem
973 1161 1269 1216 humanus
1298 1160 1408 1216 dici
1448 1162 1612 1224 Deus,
1657 1161 1769 1230 spi-

49 1253 198 1307 ritus
246 1266 496 1322 quoque
544 1252 836 1306 humanus
866 1257 920 1305 et
950 1249 1174 1305 stabilis
1224 1249 1524 1319 appellari,
1577 1250 1769 1305 verbis

51 1342 265 1397 nostris
294 1341 621 1397 necessario
662 1340 735 1395 ad
764 1340 963 1395 divina
1005 1338 1287 1394 traductis
1335 1352 1431 1407 per
1463 1338 1766 1395 'bominem

50 1443 187 1499 ergo
262 1428 625 1495 humanitas,
688 1427 743 1482 id
792 1435 879 1483 est
932 1426 1130 1496 pietas.
1200 1428 1503 1496 Apparuit,
1553 1426 1763 1497 inquit,

54 1518 392 1583 benignitas,
436 1523 486 1571 et
529 1518 843 1571 humanitas
885 1516 1177 1570 salvatoris
1228 1516 1362 1585 (Tit.
1412 1531 1493 1582 ιιι,
1534 1516 1609 1584 4).
1665 1517 1768 1571 Hic

52 1611 147 1671 est,
203 1607 308 1672 ait,
359 1604 622 1672 allectus,
672 1605 922 1659 dominus
967 1619 1137 1670 meus,
1195 1605 1349 1660 hunc
1391 1606 1595 1675 utique
1651 1619 1767 1660 non

56 1695 343 1749 immerito
386 1694 652 1764 przeelegi
701 1693 1041 1760 dominatui,
1092 1700 1387 1763 tantopere
1436 1695 1617 1763 pium,
1666 1696 1766 1765 qui

55 1792 105 1837 et
138 1798 309 1839 suam
355 1797 462 1838 nos
498 1783 916 1854 agriculturam
950 1781 1147 1847 ellicit,
1196 1790 1251 1838 et
1297 1782 1462 1838 nobis
1510 1785 1770 1839 resisten-

56 1872 209 1928 tibus
240 1882 425 1942 atque
451 1873 691 1941 superbe
723 1872 939 1927 aversis
984 1878 1329 1941 precaturus
1363 1880 1424 1928 ut
1466 1873 1767 1928 redeamus

58 1963 329 2017 occurrit.
377 1962 468 2017 Ad
510 1962 631 2016 haec
663 1962 915 2017 Rebecca
964 1962 1073 2016 cito
1119 1962 1350 2030 pallium
1395 1962 1560 2029 tollit,
1613 1969 1669 2017 et
1715 1977 1770 2016 se

59 2051 275 2120 operit,‘
307 2051 456 2121 quia
503 2050 775 2119 patientia
825 2050 951 2105 licet
1000 2049 1105 2105 sibi
1145 2064 1245 2119 pro
1294 2050 1407 2105 Deo
1440 2052 1623 2107 multa
1652 2052 1768 2120 pati

62 2141 348 2206 videatur,
388 2138 753 2194 verecundiae
781 2146 1052 2194 ornatum
1084 2138 1282 2206 sumit,
1313 2139 1452 2195 dum
1488 2154 1619 2210 quae
1649 2139 1769 2210 agit

63 2228 220 2283 nulla
262 2229 540 2295 aestimat,
582 2236 635 2283 et
679 2228 746 2283 de
794 2228 1096 2298 praeteritis
1156 2228 1464 2293 erubescit,
1518 2229 1668 2283 unde
1714 2238 1769 2284 et

65 2317 367 2387 insigniter
424 2315 536 2372 hac
589 2317 711 2386 ipsa
766 2316 1089 2372 humilitate
1138 2324 1271 2372 ante
1320 2317 1419 2373 Dei
1464 2317 1659 2373 oculos
1710 2330 1769 2372 se

66 2408 264 2475 operit.
304 2408 493 2461 Potest
527 2414 581 2462 et
626 2419 725 2475 per
756 2404 996 2475 pallium
1025 2405 1180 2475 quod
1213 2405 1453 2461 inferius
1492 2405 1770 2461 dilatatur

67 2502 115 2549 et
163 2494 436 2563 superius
495 2500 861 2564 angustatur,
921 2492 1164 2548 actualis
1212 2500 1265 2547 et
1326 2492 1771 2563 contemplativa

71 2591 180 2638 vita
220 2583 427 2653 accipi,
465 2596 720 2653 quarum
766 2582 946 2637 altera
992 2581 1064 2636 ad
1111 2596 1314 2637 curam
1364 2582 1614 2651 proximi
1656 2582 1771 2637 lata

71 2682 164 2739 est,
215 2675 399 2728 altera
444 2672 518 2727 ad
550 2673 646 2727 Dei
677 2672 955 2726 visionem
999 2670 1250 2727 acuitur.
1283 2670 1493 2726 Narrat
1532 2670 1770 2727 allectus

79 2767 215 2815 l0»
252 2769 452 2817 noster
479 2775 611 2831 qua:
638 2761 807 2830 gessit
837 2760 1015 2825 Isaac,
1040 2774 1174 2815 cum
1205 2758 1492 2831 quidquid
1525 2759 1766 2829 agendo,

76 2852 151 2906 \el
208 2850 653 2920 contemplaudo
709 2849 934 2905 allicere
992 2850 1222 2905 videtur
1275 2849 1348 2905 ad
1402 2849 1766 2905 emerendam

72 2941 303 2995 cmlestis
334 2939 538 3011 gaudii
570 2939 813 3011 gratiam
838 2945 1110 3008 reportat.

137 3030 303 3084 VERS.
338 3034 431 3083 6‘7.
465 3058 536 3067 -——
581 3030 690 3093 Qui
734 3028 1048 3081 introduxit
1089 3042 1206 3080 eam
1258 3028 1317 3080 in
1363 3026 1770 3081 tabernaculum

76 3120 213 3172 Sara:
258 3121 460 3172 matris
513 3132 643 3185 suae,
692 3121 741 3170 et
799 3118 1005 3184 accepit
1050 3130 1293 3181 uxorem,
1339 3122 1389 3170 et
1446 3117 1505 3169 in
1555 3121 1767 3170 tantum

76 3210 258 3262 dilexit
283 3213 345 3262 ut
377 3207 616 3262 dolorem
657 3207 756 3275 qui
801 3220 869 3259 ea:
897 3211 1066 3259 morte
1100 3206 1291 3258 matris
1322 3206 1597 3259 acciderat
1630 3210 1767 3259 tem-

75 3303 293 3365 peraret.
343 3298 510 3352 Isaac
547 3296 860 3351 Rebeccam
891 3297 949 3348 in
986 3296 1181 3347 matris
1231 3294 1641 3347 tabernaculum
1672 3294 1769 3348 in—

78 3386 241 3454 ducit,
299 3400 434 3442 cum
495 3385 737 3439 caelestis
790 3382 988 3454 gaudii
1036 3382 1385 3438 desiderium
1436 3384 1767 3452 patientiam

80 3474 217 3529 intra
238 3475 342 3544 piae
374 3473 695 3530 voluntatis
719 3472 1022 3537 ambitum,
1057 3486 1189 3542 quae
1222 3472 1398 3527 totius
1428 3472 1562 3527 boni
1588 3480 1771 3528 mater

79 3573 169 3627 est.
220 3565 325 3620 sibi
373 3563 910 3630 commilitaturam,
957 3569 1012 3616 et
1058 3574 1092 3615 a
1138 3575 1196 3616 se
1239 3561 1453 3616 sanctis
1499 3561 1771 3631 operibus

83 3653 496 3708 lecundandam
531 3650 788 3720 suscipit,
823 3655 873 3704 et
904 3653 961 3703 in
1006 3654 1216 3703 tantum
1260 3664 1362 3719 pro
1394 3651 1509 3705 Deo
1544 3651 1662 3720 jam
1711 3664 1770 3705 se

83 3742 185 3809 pati
235 3742 484 3808 laetatur,
531 3749 598 3796 ut
648 3740 810 3796 dolor
859 3739 1225 3803 pmnitentize.
1280 3740 1380 3809 qui
1420 3755 1489 3794 cr.
1548 3740 1770 3795 delectu

84 3831 206 3885 olim
235 3831 493 3901 ejusdem
522 3829 685 3884 bonae
728 3828 1041 3884 voluntatis
1083 3828 1387 3895 acciderat,
1421 3829 1584 3883 nimii
1634 3842 1770 3898 pro-

83 3933 233 3975 cessu
267 3920 484 3975 amoris
517 3924 671 3974 certa
701 3931 797 3987 spe
835 3916 1019 3972 venite
1047 3916 1167 3987 jam
1204 3916 1431 3987 penitus
1470 3916 1767 3973 leniretur.

699 4060 926 4118 CAPUT
967 4058 1144 4115 XXV.

149 4186 306 4242 Vens.
343 4190 389 4241 l.
420 4215 496 4228 —
527 4185 807 4240 Abraham
835 4200 959 4239 vero
998 4186 1168 4238 aliam
1200 4183 1362 4238 duxit
1400 4199 1645 4253 umorem,
1673 4199 1768 4239 no-

83 4276 214 4328 mine
256 4276 563 4331 Cethuram.
617 4273 867 4331 Cethura
908 4273 1123 4329 dicitur
1171 4274 1461 4328 thimiama
1518 4273 1766 4341 offerens,

85 4363 165 4418 vel
195 4366 460 4434 copulata.
510 4364 822 4433 Postquam
868 4362 1027 4427 Sara,
1062 4362 1331 4418 voluntas
1372 4361 1605 4428 scilicet,
1636 4377 1768 4433 quae

1876 629 2131 685 vivimus
2186 628 2337 684 enim
2399 628 2474 682 ad
2524 630 2839 683 orientalem
2890 632 3133 699 plagam,
3186 646 3456 703 separare
3514 635 3583 688 ab

1876 719 2031 771 Isaac
2052 716 2169 787 ﬁlio
2206 732 2302 772 eos
2331 717 2626 785 debemus,
2656 718 2797 787 quia
2828 718 3114 775 subtiliter
3137 721 3580 779 discernendum

1878 806 2042 861 nobis
2066 813 2169 872 est,
2203 806 2342 862 dum
2373 806 2495 862 veri
2525 806 2772 862 Orientis
2804 807 2965 863 vitali
2992 809 3116 863 luce
3148 810 3580 881 perfundimur,

1876 909 1949 950 ne
1979 908 2152 965 opera
2200 895 2538 951 humanitus
2567 895 2717 951 facta
2761 896 2832 951 ad
2885 896 3261 954 intentionem
3304 900 3583 956 mercedis

1876 998 2140 1054 supernze
2173 985 2513 1054 permiscere
2531 985 2870 1040 audeamus.
2904 985 3073 1040 Filios
3098 987 3580 1057 concubinarum,

1876 1088 2049 1143 opera
2069 1073 2547 1129 alTectualitatum
2569 1073 2975 1144 corporalium,
3009 1075 3169 1130 Isaac
3192 1076 3395 1145 lilium,
3424 1092 3583 1148 spem

1876 1164 2118 1218 caelestis
2163 1162 2361 1233 gaudii
2401 1163 2665 1217 dicimus.
2708 1163 2860 1219 Ordo
2890 1172 3082 1219 autem
3115 1173 3199 1220 est
3233 1180 3244 1219 :
3276 1168 3417 1221 Dum
3440 1170 3583 1221 vive-

1874 1258 1957 1305 ret
1988 1252 2061 1304 ad
2085 1251 2399 1305 orientalem
2420 1252 2664 1321 plagam,
2700 1255 2979 1321 separavit
3007 1268 3112 1307 eos.

1950 1340 2122 1397 Vens.
2173 1345 2225 1406 7,
2256 1343 2303 1395 8.
2343 1369 2417 1381 —
2445 1343 2683 1395 Fuerunt
2716 1348 2895 1396 autem
2943 1345 3081 1397 anni
3121 1346 3249 1398 vitae
3303 1343 3421 1413 ejus
3466 1362 3585 1399 cen-

1878 1435 1991 1483 tum
2023 1432 2375 1499 septuaginta
2422 1433 2660 1500 quinque
2708 1447 2992 1487 annorum.
3028 1432 3106 1486 Et
3145 1432 3397 1502 deﬁciens
3435 1450 3580 1489 mor-

1879 1526 2002 1573 tuus
2045 1524 2124 1573 est
2162 1521 2219 1571 in
2248 1523 2512 1572 senectute
2552 1520 2708 1587 bona,
2738 1526 3109 1589 provectaeque
3138 1525 3340 1592 aetatis,
3370 1526 3421 1576 et
3457 1525 3582 1593 ple-

1878 1622 1979 1661 nus
2015 1608 2245 1660 dierum.
2283 1609 2384 1661 Per
2416 1606 2754 1677 quinarium
2787 1609 3039 1664 exterior
3070 1610 3239 1665 homo
3271 1618 3477 1674 noster,
3508 1611 3581 1668 ob

1877 1697 2141 1767 quinque
2162 1711 2297 1751 suos
2326 1710 2530 1751 sensus
2554 1696 2852 1765 accipitur.
2888 1697 3377 1767 Septuagenarius
3405 1708 3583 1770 septe-

1879 1787 2109 1841 narium
2156 1794 2210 1841 et
2241 1784 2542 1839 denarium
2577 1785 2901 1839 evidentius
2941 1785 3168 1854 praefert
3214 1786 3269 1839 in
3311 1793 3582 1855 septena-

1880 1876 1984 1942 rio,
2030 1874 2129 1945 qui
2180 1887 2461 1929 numerus
2492 1873 2809 1942 spiritualis
2852 1880 2955 1940 est,
3012 1882 3066 1929 et
3095 1888 3165 1928 ex
3200 1882 3453 1944 quatuor
3481 1873 3581 1930 tri-

1878 1963 2105 2033 busque
2137 1967 2375 2023 constat.
2429 1960 2670 2030 spiritus
2723 1969 2914 2015 noster
2947 1960 3185 2031 intelligi
3237 1968 3437 2031 potest,
3480 1962 3581 2031 qui

1878 2059 2132 2123 quatuor
2174 2049 2595 2120 principalibus
2636 2049 2974 2116 virtutibus,
3016 2056 3070 2104 et
3101 2049 3339 2116 ratione,
3371 2050 3580 2106 volun—

1877 2148 1992 2197 tate
2037 2138 2363 2208 aliectuque
2412 2138 2727 2206 praeminet,
2760 2145 2814 2192 et
2843 2137 2998 2193 solus
3039 2137 3353 2207 septiformi
3381 2138 3580 2209 gratia:

1878 2228 2241 2299 capessendae
2282 2227 2521 2281 idoneus
2558 2234 2670 2293 est;
2718 2225 2874 2281 hunc
2921 2226 3313 2295 septenarium
3345 2226 3581 2282 denario

1880 2318 2203 2389 adjicimus,
2259 2316 2397 2371 dum
2465 2314 2726 2370 animum
2806 2327 2984 2368 sacras
3042 2313 3387 2369 documento
3441 2313 3583 2384 legis

1881 2402 2217 2458 imbuimus.
2260 2403 2398 2458 Inde
2427 2417 2564 2473 ergo
2594 2403 2664 2457 ad
2696 2403 3093 2458 centenarium
3125 2404 3227 2473 qui
3259 2404 3485 2472 transit,
3522 2404 3581 2460 in

1880 2492 2175 2547 dexteram
2214 2492 2477 2560 ferimur,
2538 2492 2591 2547 id
2636 2502 2719 2547 est
2767 2492 2839 2547 ad
2884 2493 3423 2561 contemplationem
3454 2494 3578 2553 Dei.

1880 2595 2011 2651 quae
2054 2580 2281 2637 initium
2309 2581 2575 2650 perennis
2614 2580 2735 2650 jam
2772 2581 3141 2636 beatitudinis
3172 2590 3275 2649 est,
3306 2597 3579 2639 conscen-

1879 2670 2089 2725 dimus.
2132 2670 2299 2725 Hunc
2342 2684 2527 2740 usque
2566 2669 2963 2725 centenarium
3009 2670 3301 2725 Abraham
3353 2671 3581 2728 intelle-

1878 2758 2084 2814 ctualis
2140 2758 2332 2813 vivere
2375 2772 2609 2828 quoque
2660 2768 2822 2827 pacto
2870 2759 3081 2814 sreeulo
3132 2759 3336 2828 potuit,
3372 2762 3471 2816 sed
3521 2762 3577 2817 in

1882 2845 1987 2901 hoc
2035 2846 2382 2901 constitutus
2413 2846 2681 2901 deticiens
2723 2845 3141 2915 cupiditatibus
3174 2860 3377 2903 earum
3406 2863 3582 2920 nego-

1880 2933 1971 2990 tiis
2009 2933 2168 3002 obiit,
2201 2948 2335 2989 cum
2364 2935 2557 3002 plenus
2605 2935 2833 3000 dierum,
2869 2948 3169 2990 sacrarum
3200 2936 3414 2992 scilicet
3455 2938 3583 2995 luce

1881 3022 2183 3092 multiplici
2214 3022 2609 3085 scientiarum,
2660 3030 2715 3078 et
2763 3028 3025 3091 provecta:
3050 3026 3249 3090 etatis,
3286 3033 3584 3093 promotus

1880 3126 2017 3167 sane
2047 3112 2175 3167 altis
2224 3111 2502 3183 gradibus
2539 3111 2857 3167 sanctitatis
2895 3114 2953 3164 in
2990 3116 3272 3178 senectute,
3317 3127 3430 3168 non
3461 3128 3581 3184 qua

1880 3198 2791 3257 inveteraveritinterinimicosin
2829 3206 2980 3255 terra
3008 3200 3193 3255 aliena
3212 3202 3381 3271 (Psal.
3414 3217 3490 3270 vr,
3511 3205 3578 3273 8;

1877 3290 2110 3345 Baruch.
2154 3304 2234 3355 ιιι,
2277 3289 2383 3359 ll).
2418 3287 2514 3343 sed
2546 3301 2665 3358 qua
2703 3288 3091 3357 permaturuit
3130 3289 3411 3359 religiosae
3436 3305 3581 3347 con-

1875 3379 2215 3435 versationis
2245 3377 2629 3433 diuturnitate
2668 3376 2839 3432 bona.

1949 3469 2120 3525 Vens.
2156 3470 2207 3521 9.
2244 3498 2313 3507 -—
2353 3468 2827 3535 Congregatusque
2868 3471 2945 3520 est
2989 3465 3064 3520 ad
3089 3467 3349 3537 populum
3396 3483 3577 3536 suum,

1877 3562 1927 3612 et
1962 3556 2285 3625 sepelierunt
2313 3571 2431 3609 eum
2464 3556 2618 3609 Isaac
2650 3559 2701 3608 et
2728 3556 2941 3621 Ismael,
2983 3554 3096 3624 ﬁlii
3124 3559 3212 3610 sui
3236 3558 3294 3611 in
3323 3558 3582 3626 spelunca

1877 3645 2106 3714 duplici,
2156 3660 2275 3713 quae
2322 3647 2431 3698 sita
2459 3650 2537 3698 est
2584 3646 2642 3697 in
2688 3659 2821 3712 agro
2864 3645 3104 3713 Epliron.
3150 3654 3257 3701 etc.
3296 3648 3477 3716 Isaac,
3532 3652 3583 3701 et

1876 3735 2070 3790 Ismaet
2108 3734 2219 3799 ﬁlii
2255 3734 2570 3795 Abraham,
2622 3733 2908 3801 sepeliunt
2958 3737 3014 3787 in
3062 3736 3319 3803 spelunca
3347 3736 3579 3807 duplici,

1877 3837 2009 3879 cum
2067 3829 2122 3877 et
2176 3835 2306 3892 spes
2357 3821 2596 3877 cmlestis
2650 3821 2871 3891 gaudii,
2920 3828 2975 3876 et
3028 3821 3414 3894 allectusjam
3468 3826 3583 3883 Deo

1877 3911 2150 3968 obediens
2194 3924 2312 3965 non
2351 3910 2459 3965 sibi
2509 3910 2718 3980 quietis
2766 3909 3006 3965 internae
3061 3912 3343 3969 rationem
3396 3916 3585 3987 gratia

1877 4007 2209 4071 contegunt,
2249 4007 2311 4055 ut
2355 4014 2460 4055 nec
2488 3998 2765 4069 spelunca
2811 3999 3219 4065 sensualitatis,
3261 4017 3366 4059 nec
3408 4004 3581 4060 etiam

1876 4089 2076 4159 ipsius,
2115 4102 2246 4159 quae
2299 4088 2588 4144 molestior
2626 4103 2747 4144 esse
2786 4088 2945 4153 solet,
2999 4089 3435 4160 imaginalitatis
3476 4093 3585 4163 spi-

1877 4179 2057 4234 ritum
2090 4179 2202 4234 Deo
2250 4178 2535 4234 intentum
2578 4178 2840 4248 prodant,
2896 4176 2991 4233 sed
3044 4178 3228 4234 eidem
3276 4180 3495 4237 servire
3546 4196 3580 4238 a

1877 4267 2123 4337 negotiis
2164 4281 2441 4323 curarum
2509 4267 2816 4337 parcendo,
2884 4266 3127 4324 fovendo
3182 4260 3612 4341 consentiant;

1877 4364 2082 4411 caetera
2116 4356 2383 4425 superius
2431 4362 2674 4411 tractata
2703 4364 3067 4425 quaerantur.
3114 4356 3220 4413 Sed
3263 4366 3579 4429 antequam

86 4453 329 4524 princeps
365 4452 634 4519 Abralize,
686 4451 738 4506 id
769 4458 851 4507 est
891 4451 1132 4506 rationis
1174 4459 1278 4518 est,
1312 4466 1428 4507 non
1479 4453 1635 4522 quod
1668 4466 1766 4508 ra—
1808 4469 1852 4524 υ
1881 4445 2132 4514 sepeliat,
2167 4446 2241 4499 ad
2265 4446 2526 4514 populum
2554 4459 2711 4499 suum
2739 4455 3127 4517 congregatus
3152 4448 3413 4505 ordinate
3445 4450 3582 4506 satis

87 4542 212 4597 tioni
239 4543 614 4613 principetur.
668 4540 764 4595 sed
798 4540 951 4611 quod
981 4553 1052 4595 ex
1081 4540 1206 4609 ejus
1234 4542 1520 4596 consortio
1549 4541 1770 4610 princi-

87 4630 231 4698 pium
263 4632 435 4687 totius
478 4628 777 4701 probitatis
827 4630 918 4696 sit,
967 4636 1295 4699 postquam,
1334 4629 1595 4700 inquam,
1648 4630 1769 4685 huic

88 4720 276 4775 saeculo
320 4720 546 4784 occidit,
606 4718 669 4775 lit
714 4719 985 4785 Cetbura,
1037 4718 1178 4773 dum
1226 4717 1305 4773 ita
1338 4725 1451 4774 toto
1499 4718 1767 4774 desiderii

89 4808 272 4864 ardore
299 4816 608 4874 crematur,
643 4814 707 4863 ut
736 4809 854 4863 vita
886 4806 1153 4874 hominis,
1189 4806 1301 4861 Deo
1336 4821 1436 4877 per
1475 4807 1767 4863 internum

91 4891 348 4951 individui
391 4894 605 4950 amoris
663 4893 845 4949 [tellus
901 4892 1187 4963 copulata,
1248 4893 1320 4948 ad
1380 4894 1457 4949 De
1489 4910 1561 4948 ;:n
1609 4893 1768 4949 omni

90 4980 242 5037 odore
292 4983 609 5039 sanctitatis
674 4982 928 5037 conlecta
992 4981 1213 5037 feratur
1267 4981 1464 5051 (Vens.
1527 4983 1601 5052 5.)
1663 4982 1767 5037 Dat

92 5068 348 5126 Abraham
387 5078 582 5127 cuncta
633 5087 749 5140 qua:
793 5071 1043 5142 possidet
1080 5072 1258 5138 Isaac,
1306 5071 1448 5141 quia
1476 5070 1765 5141 quidquid

96 5158 387 5218 intellectus
432 5162 487 5219 in
519 5161 803 5231 spirituali
833 5161 1156 5217 substantia
1204 5160 1538 5226 faeneratur,
1582 5167 1764 5215 totum

94 5242 156 5296 ad
212 5247 441 5303 cmlestis
489 5246 688 5301 laetitia
741 5246 904 5303 lucra
952 5245 1393 5316 multiplicanda
1448 5245 1762 5301 confertur.

97 5329 264 5399 (VERS.
307 5337 380 5407 6.)
413 5337 582 5390 Filiis
613 5337 1032 5390 concubinarum
1064 5333 1310 5406 largitur
1335 5350 1581 5400 munera,
1624 5333 1763 5389 dum

96 5423 334 5486 operibus
394 5425 814 5481 rationabiliter
874 5425 1107 5496 quidem
1155 5424 1374 5493 emptis,
1426 5423 1522 5479 sed
1572 5424 1767 5479 minus

99 5507 322 5579 legitima
375 5516 649 5571 humana:
705 5512 1019 5570 allectionis
1079 5512 1419 5568 admistione
1478 5512 1761 5582 perlectis,

102 5610 197 5653 non
244 5611 465 5672 aeterna,
524 5602 624 5659 sed
682 5605 1041 5673 temporariae
1091 5599 1486 5672 prosperitatis
1530 5599 1765 5655 ascribit

100 5694 320 5753 prtemia.
351 5696 417 5748 Et
457 5694 760 5764 separavit,
820 5692 1029 5763 inquit,
1074 5706 1159 5746 eos
1191 5690 1259 5743 ab
1292 5691 1446 5744 Isaac
1480 5688 1598 5750 lilio
1644 5703 1762 5752 suo,

1877 4535 2108 4598 dicitur,
2160 4535 2269 4591 nisi
2316 4534 2467 4589 enim
2514 4547 2548 4589 a
2596 4547 2703 4588 sua
2752 4534 3108 4605 dispersione
3160 4536 3482 4593 intellectus
3508 4540 3579 4595 ad

1877 4622 1985 4679 sibi
2035 4622 2346 4679 uniendam
2387 4623 2806 4694 cogitationum
2839 4624 3006 4693 quasi
3046 4624 3209 4696 vulgi
3261 4626 3581 4684 multitudi-

1877 4726 2009 4767 nem
2040 4726 2161 4767 sese
2191 4712 2502 4781 collegerit,
2536 4725 2840 4781 nunquam
2871 4713 3203 4782 sepulcrum
3236 4714 3373 4770 illud
3407 4717 3579 4786 quie-

1878 4807 1990 4857 tem
2023 4801 2231 4856 mentis
2268 4801 2519 4872 attingit.
2556 4799 2747 4871 (Vens.
2780 4800 2898 4867 11.)
2931 4803 2999 4856 Et
3038 4808 3163 4871 post
3190 4802 3396 4857 obitum
3424 4806 3577 4861 illius

1878 4890 2154 4944 benedixit
2185 4891 2451 4945 Dominus
2475 4890 2629 4943 Isaac
2655 4889 2768 4957 ﬁlio
2806 4890 2944 4958 ejus,
2973 4892 3075 4961 qui
3095 4891 3379 4946 habitabat
3402 4893 3578 4964 juxta

1872 4985 2096 5049 puteum
2179 4980 2416 5034 Viventis
2472 4984 2523 5031 et
2607 4978 2879 5033 Videntis.
2964 4978 3250 5035 Benedicit
3317 4984 3578 5041 Dominus

1879 5070 2029 5123 Isaac
2083 5069 2194 5137 ﬁlio
2248 5076 2371 5138 post
2428 5068 2633 5123 obitum
2681 5068 2949 5135 Abrahae,
3006 5067 3147 5124 dum
3191 5070 3312 5140 spei
3369 5080 3578 5130 nostra;

1874 5156 2193 5228 spiritualis
2240 5156 2449 5212 lzetitize
2506 5156 2950 5214 exuberantiam
3001 5158 3364 5228 multiplicat,
3416 5171 3577 5232 post-

1875 5260 2052 5318 quam
2103 5245 2423 5301 intellectus
2472 5254 2665 5303 noster
2710 5261 2783 5303 ex
2846 5255 2960 5303 toto
2990 5247 3180 5304 deficit
3228 5248 3284 5303 in
3316 5251 3577 5320 appetitu

1874 5334 2190 5391 mundialis
2227 5334 2441 5405 gloriae.
2473 5337 2648 5389 Juxta
2681 5342 2905 5405 puteum
2940 5337 3186 5392 Viventis
3228 5343 3278 5392 et
3330 5339 3577 5398 Videntis

1873 5423 2119 5489 habitat,
2151 5437 2285 5479 cum
2320 5424 2606 5479 interioris
2637 5425 2886 5481 hominis
2917 5426 3182 5497 gloriatio
3211 5442 3342 5484 eum
3378 5428 3436 5485 in
3460 5446 3578 5502 quo

1871 5520 1956 5568 est
2006 5512 2178 5567 totius
2208 5512 2342 5567 boni
2382 5512 2562 5582 origo,
2609 5520 2663 5569 ct
2713 5515 2867 5570 unde
2898 5515 3205 5571 haurimus
3249 5518 3423 5574 totius
3453 5522 3578 5590 spi-

1874 5600 2210 5657 ritualitatis
2265 5615 2333 5656 ac
2384 5601 2685 5657 vitalitatis
2742 5603 2951 5668 undas,
3008 5604 3367 5660 observando
3420 5607 3577 5663 omni

1873 5689 2170 5760 diligentia
2212 5690 2671 5761 conlrequentat.
2718 5691 2803 5746 Illi
2834 5692 2986 5748 enim
3026 5694 3107 5749 rei
3138 5694 3384 5750 assidere
3425 5695 3579 5752 sole-
