3924 6396
149 472 259 527 79"!

1108 473 1688 573 DEFLOBA'I’IQNES
1729 474 1832 528 SS.
1880 474 2186 532 PATRI'M.
2236 510 2305 519 —
2338 480 2466 533 LIB.
2518 482 2563 532 l.

3414 468 3515 533 798

146 608 289 667 ergo
308 593 370 648 in
402 593 523 651 hoc
553 594 719 663 loco,
754 597 1004 653 mortalis
1036 598 1196 667 hujus
1235 597 1358 653 vitae
1388 599 1586 653 ﬂuctus
1620 597 1809 671 signa-
1837 601 1891 662 A
1922 602 2069 674 quod
2099 610 2198 666 est.
2224 603 2482 659 credatur
2524 604 2670 675 quod
2712 623 2821 663 non
2871 614 2977 662 est.
3034 606 3270 676 Quidam
3326 610 3511 674 putant

150 700 255 758 tur,
289 691 439 747 sicut
475 709 591 764 per
644 694 799 749 diem
855 695 985 750 alibi
1036 695 1252 751 claritas
1302 696 1426 751 vitae
1486 703 1790 767 perpetuae.

153 781 424 836 Praesens
457 797 615 854 ergo
651 782 769 838 vita
798 800 948 840 mors
979 791 1085 849 est,
1118 784 1228 838 vita
1253 800 1385 839 vero
1426 783 1610 839 futura
1649 784 1795 839 dies.

153 872 286 926 Nox
318 870 430 925 ista
462 869 692 926 habeat
719 888 1032 944 vesperam,
1056 872 1174 928 dies
1195 872 1283 927 illa
1304 873 1496 928 habeat
1520 888 1797 928 auroram.

154 959 408 1029 Vespera
440 959 634 1029 hujus
669 960 848 1015 noctis
878 961 1035 1016 etiam
1067 960 1162 1015 fuit
1186 977 1250 1015 ex
1282 978 1387 1034 quo
1416 961 1586 1016 Adam
1616 976 1811 1031 pecca-

155 1043 255 1109 vit,
286 1043 483 1099 donec
516 1053 768 1116 accepta
798 1044 1067 1100 sententia
1097 1046 1309 1111 mortis,
1343 1062 1375 1100 a
1401 1045 1659 1117 paradiso
1681 1044 1809 1117 pul-

154 1147 248 1186 sus
279 1138 369 1186 est
412 1131 474 1185 in
512 1133 795 1188 tenebras
825 1132 987 1203 hujus
1025 1133 1234 1188 mundi.
1290 1133 1434 1189 Exiit
1478 1149 1677 1189 aurora
1716 1150 1809 1189 se-

160 1225 393 1297 quentis
422 1224 573 1293 diei,
602 1226 666 1283 id
689 1235 774 1283 est
806 1243 839 1283 a
870 1228 1271 1284 resurrectione
1313 1227 1508 1284 Christi
1540 1244 1711 1300 usque
1740 1227 1812 1284 ad

161 1314 330 1369 tinem
368 1315 607 1372 saeculi.
646 1316 809 1371 Gutta
840 1315 942 1370 ista
973 1332 1079 1371 nox
1112 1325 1213 1371 est.
1247 1317 1355 1371 Sed
1388 1317 1509 1388 quis
1552 1324 1635 1371 est
1682 1332 1811 1372 cur-

160 1417 255 1458 sus
282 1403 458 1472 hujus
494 1404 689 1460 vitae?
720 1403 895 1477 Igitur
922 1404 1012 1459 via
1044 1405 1297 1460 mortalis
1327 1407 1580 1460 deorsum
1629 1412 1711 1460 est
1756 1404 1813 1459 in

160 1490 381 1560 inferis,
418 1491 589 1549 sicut
651 1493 764 1548 vita
809 1493 1130 1549 immortalis
1182 1510 1427 1549 sursum.
1488 1496 1645 1548 ltem.
1704 1493 1814 1548 lter

156 1595 385 1635 sursum
419 1588 511 1637 est
546 1580 611 1635 in
645 1581 822 1636 crelis.
859 1582 993 1637 Item
1025 1580 1264 1636 medium
1313 1590 1397 1637 est
1439 1582 1671 1636 stadium
1689 1581 1814 1638 vita:

162 1669 475 1739 praesentis
514 1687 531 1723 :
570 1670 725 1741 quod
758 1670 1036 1726 nascendo
1082 1671 1365 1737 intramus,
1412 1670 1647 1726 vivendo
1691 1686 1816 1742 per-

153 1758 464 1821 currimus,
508 1758 812 1813 moriendo
843 1757 1080 1813 eximus.
1117 1758 1390 1826 Quoniam
1420 1774 1556 1829 ergo
1604 1774 1711 1815 nox
1759 1757 1815 1812 in

156 1861 259 1900 suo
307 1862 494 1901 cursu
530 1846 787 1901 medium
819 1846 919 1901 iter
946 1847 1195 1911 haberet,
1222 1846 1347 1903 ideo
1394 1847 1614 1919 quando
1664 1862 1815 1901 mors

1915 715 2137 756 carnem
2166 700 2315 757 illam
2343 719 2463 773 quae
2493 712 2772 773 assumpta
2802 708 2885 759 est
2914 720 2947 759 a
2975 704 3179 769 Verbo,
3204 702 3275 757 ita
3292 701 3366 757 ab
3406 700 3507 757 ini-

1917 789 1991 844 tio
2043 797 2095 842 et
2134 789 2306 860 primo
2352 799 2596 861 parente,
2644 793 2860 863 quando
2903 800 3013 847 tota
3060 806 3246 847 massa
3300 798 3512 846 natura

1920 879 2169 932 humanae
2198 895 2294 949 per
2323 888 2611 950 peccatum
2653 888 2912 951 corrupta
2958 889 3058 946 est,
3106 895 3138 934 a
3185 879 3514 952 contagione

1918 983 1969 1031 et
2000 992 2032 1031 a
2062 977 2411 1047 corruptione
2440 978 2653 1048 peccati
2686 979 2983 1033 immunem
3044 978 3214 1033 fuisse
3270 975 3515 1033 custodi-

1917 1073 2049 1131 tam,
2092 1073 2144 1120 et
2173 1066 2241 1119 ab
2270 1065 2389 1135 ipso
2421 1066 2596 1138 primo
2627 1077 2848 1138 parente
2877 1084 3049 1139 usque
3088 1066 3161 1122 ad
3204 1065 3510 1136 susceptio-

1917 1184 2042 1222 nem
2073 1167 2155 1221 sui
2184 1182 2216 1222 a
2242 1167 2447 1234 Verbo,
2478 1168 2710 1224 liberam
2738 1169 2809 1224 ab
2839 1170 2986 1225 omni
3018 1175 3241 1240 peccato
3274 1175 3328 1223 et
3353 1182 3514 1222 mun-

1917 1265 2045 1320 dam
2075 1264 2380 1334 deductam,
2415 1273 2470 1320 ut
2499 1281 2799 1338 numquam
2833 1267 2931 1322 sub
2963 1274 3186 1338 peccato
3234 1264 3415 1329 fuerit,
3460 1271 3513 1320 et

1917 1354 2043 1409 ideo
2073 1370 2102 1408 a
2138 1363 2362 1424 peccato
2395 1370 2505 1410 non
2551 1354 2858 1423 liberatam,
2906 1356 3005 1411 sed
3051 1355 3298 1409 liberam.
3350 1353 3512 1409 Aiunt

1918 1444 2064 1499 enim
2090 1444 2217 1513 quia
2236 1442 2330 1498 illa
2357 1458 2489 1515 pars
2517 1452 2728 1501 naturae
2748 1446 3004 1500 humanae
3038 1444 3142 1499 sub
3161 1450 3387 1513 peccato
3416 1458 3510 1497 es-

1918 1557 1979 1597 se
2007 1555 2118 1595 non
2145 1539 2351 1606 debuit,
2384 1556 2485 1611 per
2513 1556 2678 1612 quam
2720 1541 2839 1613 ipsa
2889 1549 3084 1596 natura
3133 1541 3379 1595 humana
3420 1538 3510 1595 ubi

1920 1628 2162 1685 obnoxia
2188 1637 2411 1700 peccato
2438 1628 2631 1696 fuerat,
2674 1647 2705 1685 a
2751 1637 2980 1701 peccato
3027 1628 3316 1684 liberanda
3359 1635 3501 1683 erat.

1921 1731 2000 1785 Ad
2030 1731 2371 1803 probandam
2406 1746 2625 1803 quoque
2654 1732 2900 1788 eamdem
2940 1730 3354 1787 aestimationem
3401 1729 3507 1783 ad—

1922 1828 2126 1884 ducunt
2153 1827 2284 1884 illud
2317 1829 2463 1900 quod
2491 1829 2804 1899 Apostolus,
2851 1844 2973 1885 cum
3008 1844 3208 1885 novum
3257 1826 3501 1883 saccrdo~

158 1934 467 1990 universos
504 1952 658 2007 quos
690 1937 747 1988 in
780 1935 956 1990 stadio
988 1935 1108 1990 vitae
1138 1916 1427 2007 praesentis
1458 1936 1685 2007 reperit,
1710 1951 1802 1990 se-

1924 1918 2052 1973 tium
2073 1918 2247 1973 veteri
2276 1917 2678 1987 praeferendum
2732 1925 3024 1983 assereret,
3088 1916 3505 1981 Melchisedech,

157 2047 285 2087 cum
319 2033 392 2087 ad
427 2032 659 2087 inferos
690 2033 872 2101 traxit,
905 2041 954 2087 et
987 2048 1147 2087 nemo
1179 2033 1488 2089 mortalium
1517 2032 1586 2087 ad
1633 2034 1803 2093 vitam

163 2118 565 2174 immortalem
600 2120 901 2175 ascendere
933 2119 1123 2189 potuit.
1149 2120 1305 2176 Unde
1322 2132 1423 2189 per
1456 2128 1672 2175 noctem
1704 2136 1804 2178 ac-

161 2208 355 2278 cipere
388 2223 710 2279 possumus
740 2217 1041 2279 peccatum.
1104 2207 1236 2278 Qua:
1280 2208 1534 2264 videlicet
1579 2225 1685 2264 nox
1734 2210 1804 2265 ab

166 2295 448 2367 originali
480 2305 725 2368 peccato
764 2297 950 2367 erepit,
1002 2305 1056 2351 et
1102 2313 1203 2367 per
1250 2297 1486 2352 actualia
1532 2298 1799 2355 cucurrit.

166 2383 414 2453 Quando
435 2384 616 2457 igitur
626 2393 753 2456 post
764 2385 1085 2455 originalem
1099 2384 1596 2456 praevaricationem
1619 2386 1805 2456 prima:

165 2473 669 2543 praevaricationis
686 2474 949 2528 naturalis
966 2474 1198 2545 legis,ac
1215 2474 1411 2529 deinde
1432 2474 1648 2545 scriptae
1663 2474 1805 2546 legis

170 2561 656 2633 praevaricatione
689 2563 1038 2628 succedente,
1078 2571 1360 2633 peccatum
1410 2564 1481 2618 ad
1530 2578 1802 2618 summum

174 2649 599 2707 incrementum
631 2660 879 2716 venerat,
933 2652 1082 2723 quasi
1138 2667 1246 2705 nox
1303 2651 1359 2705 in
1413 2667 1514 2706 suo
1564 2652 1805 2709 medium

173 2753 338 2794 cursu
361 2739 472 2795 iter
509 2740 781 2795 habebat.
822 2740 931 2795 Sed
960 2739 1066 2793 ista
1092 2755 1197 2795 nox
1229 2754 1361 2794 vera
1398 2739 1518 2795 luce
1539 2756 1807 2811 apparen-

181 2830 257 2895 te,
310 2842 447 2883 mox
507 2829 778 2885 deorsum
837 2844 1070 2901 vergere
1120 2828 1301 2898 erepit,
1364 2837 1417 2883 et
1473 2845 1582 2884 non
1644 2831 1804 2901 quasi

183 2916 425 2987 quadam
459 2916 681 2974 alterna
734 2917 1109 2972 immutatione
1167 2916 1424 2987 paulatim
1480 2917 1807 2974 decrescens

188 3004 440 3078 elongat,
475 3022 774 3079 quousque
803 3005 891 3060 lux
919 3005 1226 3061 crescendo
1275 3005 1345 3060 ad
1395 3006 1613 3076 plenam
1657 3008 1805 3063 diem

183 3095 501 3162 perveniat.
544 3095 681 3149 Vide
712 3110 848 3166 ergo
881 3094 1349 3151 ordinatissimum
1364 3094 1563 3150 divinae
1578 3096 1805 3167 dispen—

188 3182 420 3239 sationis
452 3183 772 3241 consilium.
807 3183 1039 3251 Quando
1067 3183 1247 3237 omnis
1273 3185 1662 3253 recuperandae
1709 3198 1807 3239 sa-

187 3267 321 3325 lutis
353 3288 490 3343 spes
524 3273 786 3344 perierat,
820 3280 873 3327 et
902 3286 1048 3326 mors
1079 3272 1259 3327 omnia
1307 3288 1492 3329 secum
1537 3273 1803 3328 deorsum

188 3358 469 3428 rapiebat,
524 3371 660 3417 tunc
715 3360 1059 3431 omnipotens
1111 3376 1290 3416 sermo
1342 3362 1413 3417 ad
1468 3363 1810 3417 liberandum

191 3445 442 3515 mittitur,
484 3456 545 3504 ut
575 3447 811 3519 amplius
838 3448 1037 3503 divinas
1063 3448 1254 3521 gratiae
1282 3464 1479 3504 munus
1526 3465 1807 3506 commen-

192 3532 372 3591 detur.
401 3540 593 3605 Venit,
616 3537 807 3609 inquit.
834 3536 968 3606 Quis
986 3537 1014 3590 ?
1037 3538 1243 3593 Sermo
1266 3538 1547 3604 Altissimi,
1574 3540 1810 3595 Verbum

195 3622 316 3693 Dei,
349 3627 554 3684 unicus
592 3627 786 3693 Patris,
820 3642 917 3683 rex
947 3625 1089 3680 ﬁlius
1118 3627 1285 3697 regis.
1320 3627 1495 3697 Unde,
1529 3628 1614 3684 vel
1654 3631 1809 3700 quo?

197 3710 279 3767 De
328 3729 612 3773 concessu
670 3715 865 3781 Patris,
927 3716 996 3770 ad
1052 3715 1440 3772 celebrandum
1497 3717 1812 3788 mysterium

190 3800 494 3873 passionis,
541 3804 613 3859 de
659 3803 972 3875 equalitate
1019 3803 1320 3874 majestatis
1369 3805 1437 3859 ad
1509 3806 1809 3876 patibulum

194 3890 395 3962 crucis,
427 3894 507 3949 de
537 3893 672 3948 sede
700 3892 881 3965 regali
910 3891 979 3946 ad
1007 3891 1281 3948 ofﬁcinam
1326 3894 1564 3964 peccati,
1615 3894 1685 3949 de
1732 3894 1814 3949 lu-

195 3985 336 4043 mine
368 3991 506 4046 omli
536 4006 712 4061 usque
743 3989 812 4044 ad
847 3989 1105 4045 tenebras
1144 3988 1369 4045 inferni.
1411 3991 1519 4045 Sed
1567 3992 1813 4063 nunquid

201 4071 324 4131 ideo
380 4094 626 4153 regnum
694 4078 951 4149 perdidit,
1008 4078 1116 4133 imo
1169 4094 1264 4133 eos
1320 4079 1411 4149 qui
1467 4079 1609 4135 servi
1660 4088 1812 4135 erant

200 4168 413 4232 peccati
444 4167 701 4223 liberans
728 4180 904 4237 usque
932 4166 1003 4221 ad
1033 4167 1483 4239 conregnandum
1512 4167 1616 4223 sibi
1644 4167 1812 4223 subltu

208 4254 389 4322 mavit,
423 4263 486 4311 et
514 4256 640 4310 ideo
670 4254 918 4310 fortassis
946 4270 977 4308 a
1028 4254 1305 4325 regalibus
1362 4255 1582 4311 sedibus
1637 4258 1807 4321 venit,

210 4340 341 4408 quia
364 4344 424 4399 in
457 4344 628 4401 domo
686 4343 857 4398 Patris
914 4343 1021 4398 mei
1077 4344 1393 4399 mansiones
1448 4346 1632 4399 multa;
1688 4353 1812 4401 sunt

212 4428 386 4496 (toan.
422 4434 573 4502 xxv),
608 4439 663 4487 et
691 4431 999 4502 regnabant
1026 4445 1153 4487 cum
1181 4430 1277 4487 illo
1304 4431 1357 4485 in
1375 4440 1663 4499 aeternum,
1688 4449 1811 4489 cum

211 4522 534 4590 acceperint
565 4535 794 4592 regnum
827 4521 974 4592 quod
1019 4524 1273 4591 paratum
1330 4529 1414 4577 est
1472 4523 1542 4577 ab
1598 4523 1811 4594 origine

207 4621 408 4677 mundi.

215 4803 281 4861 De
312 4824 371 4865 eo
391 4809 540 4884 quod
569 4809 795 4865 Verbum
826 4824 1057 4864 carnem
1093 4809 1335 4880 sumpsit
1358 4826 1481 4864 cum
1500 4826 1666 4882 poma
1686 4812 1809 4866 sine

376 4900 570 4970 culpa,
604 4915 732 4953 cum
764 4898 1121 4953 mortalitate
1152 4900 1276 4955 sine
1308 4899 1637 4970 iniquitate.

286 5051 378 5111 Dei
409 5056 596 5127 itaque
625 5054 789 5110 Filius
817 5070 942 5112 cum
973 5062 1123 5112 esset
1151 5055 1467 5128 unigenitus
1501 5058 1675 5113 Patris
1717 5056 1813 5113 Fi-

219 5135 315 5195 lius
342 5145 537 5202 volens
558 5143 663 5199 sibi
682 5144 882 5200 fratres
911 5145 1236 5216 adiungere,
1268 5145 1552 5203 descendit
1593 5148 1662 5201 ad
1707 5151 1810 5202 hu-

219 5240 431 5289 manum
456 5248 656 5306 genus,
682 5240 732 5289 et
753 5234 1050 5304 assumpsit
1069 5233 1363 5301 hominem,
1387 5241 1446 5289 ut
1468 5232 1674 5291 faceret
1709 5235 1811 5291 sibi

220 5314 428 5389 fratres,
463 5321 672 5376 nullum
696 5321 1008 5392 despiciens
1036 5321 1090 5375 in
1121 5322 1359 5377 fraterno
1387 5321 1511 5379 loco
1531 5324 1813 5395 suscipere

224 5416 369 5475 quem
386 5410 669 5483 cognovit
699 5410 1043 5467 obedientem
1061 5409 1127 5463 iri
1150 5418 1546 5481 praeceptorum
1567 5429 1808 5468 suorum.

222 5491 353 5553 Multi
382 5508 565 5555 autem
601 5508 846 5571 quaerunt
876 5499 945 5554 de
976 5513 1141 5554 carne
1173 5496 1269 5552 illa
1300 5516 1460 5571 quam
1492 5501 1810 5571 assumpsit,

224 5595 437 5661 qualiter
475 5612 511 5653 a
563 5603 790 5667 peccato
848 5595 1052 5651 munda
1113 5595 1349 5662 fuerunt,
1415 5598 1642 5670 qualiter
1696 5599 1814 5654 sine

226 5693 441 5748 peccato
471 5700 688 5757 poenam
719 5683 927 5755 peccati
971 5684 1283 5754 portaverit.
1327 5686 1395 5739 Et
1449 5687 1517 5741 de
1566 5701 1631 5741 eo
1671 5687 1813 5758 quod

226 5774 436 5839 qualiter
466 5786 497 5829 a
529 5782 757 5845 peccato
789 5773 1000 5827 munda
1032 5771 1251 5827 fuerunt
1280 5774 1367 5830 vel
1388 5776 1667 5840 mundata,
1692 5791 1814 5845 quo-

231 5863 468 5919 rumdam
498 5861 913 5919 mstimationem
940 5862 1132 5916 tacere
1154 5877 1262 5917 non
1285 5863 1568 5931 debemus,
1590 5876 1659 5916 ne
1680 5862 1815 5919 forte

234 5946 402 6010 Sinon
432 5960 748 6025 experiatur
772 5966 887 6008 non
916 5950 1186 6019 videatur,
1232 5961 1283 6008 et
1326 5950 1374 6009 si
1412 5969 1522 6011 non
1570 5951 1818 6008 videatur

1914 2007 2007 2079 qui
2033 2016 2217 2078 typum
2249 2006 2428 2077 ipsius
2456 2008 2656 2062 Christi
2683 2022 2749 2064 ac
2776 2007 2906 2064 novi
2936 2006 3222 2062 sacerdotii
3253 2004 3502 2078 gerebat,

1909 2105 1979 2158 ab
2005 2104 2278 2158 Abraham
2308 2102 2549 2158 decimas
2581 2103 2865 2175 accepisse
2894 2102 3148 2167 ostendit,
3184 2102 3239 2156 in
3271 2116 3380 2173 qua
3411 2100 3508 2155 dc-

1912 2192 2199 2248 cimatione
2231 2192 2392 2247 etiam
2426 2192 2580 2257 Levi,
2615 2208 2646 2247 a
2677 2209 2784 2264 quo
2815 2192 3012 2247 veteris
3038 2190 3324 2247 sacerdotii
3345 2189 3508 2245 mini-

1910 2290 2055 2337 stros
2085 2282 2440 2338 descendisse
2469 2282 2695 2336 dubium
2726 2297 2839 2336 non
2869 2267 2953 2335 est
2980 2280 3313 2337 decimatum
3342 2294 3499 2335 com—

1909 2380 2179 2450 probavit,
2217 2394 2280 2433 ac
2326 2394 2429 2449 per
2484 2380 2586 2433 hoc
2637 2387 2793 2433 vetus
2837 2378 3209 2434 sacerdotium
3252 2377 3399 2449 quod
3446 2375 3501 2431 in

1911 2469 2039 2523 Levi
2065 2468 2309 2523 decimas
2339 2467 2487 2522 dedit
2519 2466 2769 2533 inferius,
2801 2480 3000 2523 novum
3028 2474 3214 2521 autem
3242 2465 3392 2538 quod
3445 2465 3502 2519 in

1910 2564 2314 2622 Melchisedech
2347 2565 2439 2636 qui
2466 2565 2637 2621 forma
2658 2565 2854 2620 Christi
2877 2572 2980 2634 est,
3004 2564 3243 2620 decimas
3273 2562 3502 2633 accepit,

1910 2656 2161 2725 superius
2180 2663 2233 2709 et
2266 2654 2487 2726 dignius
2515 2654 2895 2709 aestimandum
2925 2654 3105 2721 (Hebr.
3146 2654 3265 2721 vn).
3300 2652 3405 2708 Ubi
3435 2659 3513 2706 ta-

1910 2760 2037 2799 men
2067 2743 2314 2798 Christus
2347 2744 2440 2814 qui
2473 2751 2597 2801 tunc
2628 2743 2930 2799 secundum
2983 2757 3198 2799 carnem
3259 2739 3510 2796 similiter

1912 2848 1969 2895 ut
1999 2841 2124 2896 Levi
2153 2840 2208 2895 in
2237 2840 2438 2896 lumbis
2471 2841 2704 2897 Abrahae
2735 2840 2853 2907 fuit,
2887 2839 3217 2897 decimatum
3269 2854 3377 2894 non
3417 2834 3508 2893 di-

1911 2930 2104 2993 cimus,
2141 2944 2209 2984 ne
2241 2929 2402 2984 simili
2436 2929 2644 2985 ratione
2692 2942 2895 2985 novum
2935 2928 3306 2984 sacerdotium
3362 2922 3509 3000 quod

1910 3017 1967 3072 in
1997 3017 2211 3073 Christo
2251 3026 2350 3082 est,
2402 3017 2606 3073 ibidem
2653 3017 2897 3073 decimas
2941 3017 3160 3073 dedisse
3205 3016 3509 3072 convinca-

1912 3129 2059 3168 mur.
2101 3111 2389 3182 Quomodo
2421 3120 2599 3168 autem
2633 3113 2763 3168 Levi
2797 3113 2895 3184 qui
2945 3111 3242 3168 secundum
3292 3126 3512 3166 carnem

1912 3202 1966 3257 in
1998 3201 2197 3257 lumbis
2228 3202 2397 3257 Patris
2429 3210 2558 3257 tunc
2614 3200 2711 3255 fuit
2757 3200 3060 3256 decimatus
3111 3206 3212 3265 est,
3265 3206 3319 3254 et
3360 3198 3514 3253 Chri-

1914 3299 2052 3360 stus,
2089 3290 2178 3362 qui
2209 3291 2511 3347 secundum
2540 3306 2758 3346 carnem
2788 3289 2991 3344 ibidem
3041 3287 3155 3353 fuit,
3206 3288 3512 3343 decimatus

1919 3407 2029 3445 non
2084 3398 2184 3457 est,
2246 3389 2450 3444 nullam
2516 3405 2738 3445 causam
2807 3389 2967 3443 aliam
3042 3386 3273 3443 inveniri
3347 3402 3512 3458 posse

1920 3487 2124 3551 putant,
2160 3477 2264 3533 nisi
2283 3478 2409 3551 quia
2432 3493 2557 3534 caro
2598 3478 2723 3534 Levi
2760 3494 2879 3535 cum
2922 3477 3077 3549 culpa
3114 3475 3186 3530 ibi
3228 3475 3346 3542 fuit,
3381 3489 3512 3531 caro

1920 3568 2115 3624 Christi
2143 3584 2251 3623 non
2283 3568 2401 3634 fuit,
2434 3575 2595 3639 atque
2625 3568 2748 3623 ideo
2778 3567 2925 3642 quod
2958 3573 3179 3638 peccato
3219 3563 3512 3621 obnoxium

1920 3673 2053 3736 erat,
2089 3665 2394 3737 expiatione
2417 3665 2635 3739 eguisse
2660 3684 2673 3730 ;
2698 3665 2840 3738 quod
2862 3673 3040 3721 autem
3064 3664 3327 3720 mundum
3350 3670 3512 3734 atque

1920 3772 1950 3809 a
1978 3762 2201 3827 peccato
2232 3754 2466 3810 liberum
2498 3762 2635 3821 erat,
2670 3770 2780 3810 non
2810 3754 3048 3825 eguisse.
3068 3752 3182 3808 Tali
3203 3768 3339 3825 ergo
3356 3768 3415 3806 se
3434 3766 3515 3805 ra-

1923 3843 2065 3899 tione
2100 3844 2336 3915 probare
2366 3851 2572 3915 putant,
2595 3843 2738 3915 quod
2779 3859 2909 3900 caro
2943 3841 3059 3909 illa,
3099 3858 3219 3914 quae
3260 3856 3294 3896 a
3348 3840 3516 3895 verbo

1919 3950 2197 4012 assumpta
2256 3949 2355 4006 est,
2384 3957 2659 4012 nunquam
2691 3940 2937 3997 obnoxia
2957 3947 3186 4013 peccato
3216 3937 3396 4003 fuerit,
3415 3937 3514 4005 sed

1922 4029 1992 4086 ab
2022 4029 2174 4086 initio
2202 4030 2316 4085 sive
2347 4031 2401 4083 in
2434 4046 2498 4084 eo
2527 4047 2558 4084 a
2588 4046 2699 4102 quo
2729 4029 3016 4085 descendit
3043 4028 3159 4084 sive
3189 4026 3242 4081 in
3281 4026 3365 4081 his
3414 4042 3515 4097 per

1921 4134 2058 4190 quos
2088 4118 2391 4182 descendit,
2426 4119 2629 4174 munda
2662 4126 2875 4174 servata
2904 4118 2974 4173 sit
3004 4133 3039 4175 a
3067 4123 3313 4189 peccato,
3332 4122 3391 4170 ut
3418 4114 3514 4173 ali-

1920 4215 2139 4286 quando
2170 4232 2292 4270 esse
2323 4215 2496 4286 possit
2526 4216 2706 4271 hostia
2745 4230 2846 4286 pro
2875 4223 3118 4285 peccato.
3155 4212 3265 4270 Sed
3296 4211 3516 4269 catholi-

1920 4319 1999 4361 ca:
2029 4304 2277 4360 veritatis
2304 4302 2554 4360 difﬁnitio
2582 4305 2778 4360 Filium
2804 4304 2905 4360 Dei
2930 4306 3024 4376 qui
3052 4319 3154 4376 pro
3202 4302 3514 4374 peccatori-

1920 4392 2022 4448 bus
2050 4401 2104 4448 et
2134 4395 2202 4449 de
2232 4393 2628 4464 peccatoribus
2657 4402 2817 4449 natus
2848 4401 2931 4449 est
2961 4393 3030 4450 de
3071 4408 3241 4449 carne
3279 4389 3517 4448 obnoxia

1919 4499 2144 4561 peccato
2175 4505 2401 4546 carnem
2433 4491 2798 4561 assumpsisse
2827 4491 3026 4545 asserit
3054 4490 3284 4545 liberam
3316 4505 3347 4543 a
3389 4503 3516 4559 pec-

1920 4587 2059 4646 cato,
2097 4584 2151 4635 et
2182 4579 2308 4636 ideo
2336 4579 2561 4635 liberam
2591 4579 2715 4651 quia
2755 4579 3064 4635 liberatam.
3111 4578 3241 4634 Ideo
3284 4577 3511 4633 liberam

1839 4673 1890 4732 Ι)
1920 4685 2037 4724 ncn-
2058 4669 2187 4741 quia
2213 4669 2321 4725 sub
2351 4668 2448 4724 illo
2478 4684 2718 4740 unquam
2740 4667 2857 4735 fuit,
2884 4668 2981 4723 sed
3005 4666 3136 4739 quia
3150 4666 3254 4721 sub
3272 4665 3367 4723 illo
3386 4679 3513 4721 esse

1920 4765 2220 4837 aliquando
2248 4765 2511 4821 cessavit.
2550 4764 2783 4833 Quando
2809 4770 3088 4834 assumpta
3118 4769 3220 4829 est,
3251 4761 3518 4817 mundata

1918 4869 2028 4909 est.
2071 4855 2176 4909 Per
2204 4854 2453 4909 eamdem
2492 4855 2692 4924 quippe
2746 4852 2978 4924 gratiam
3028 4858 3226 4906 natura
3281 4850 3516 4905 humana

1916 4944 2180 4998 mundata
2206 4952 2288 4998 est
2321 4951 2376 4997 ut
2406 4944 2577 4999 verbo
2609 4942 2705 4997 Dei
2734 4941 2903 4997 libera
2924 4956 2961 4997 a
2998 4948 3231 5011 peccato
3245 4938 3512 4997 imitetur.

1918 5042 2026 5095 Per
2055 5056 2215 5111 quem
2247 5041 2587 5096 Christianus
2609 5056 2637 5094 a
2666 5046 2893 5111 peccato
2916 5037 3189 5104 liberatur,
3240 5045 3299 5091 ut
3335 5036 3514 5092 eidem

1919 5137 2129 5184 natura;
2158 5130 2496 5185 Christianus
2528 5130 2580 5184 in
2613 5128 2833 5185 Christo
2865 5127 3041 5198 capite
3084 5126 3341 5182 societur.
3391 5129 3511 5195 Ap-

1918 5226 2107 5289 pareat
2136 5218 2318 5289 itaque
2348 5218 2528 5285 nobis,
2564 5219 2704 5273 sicut
2734 5216 2861 5273 dicit
2914 5218 3102 5271 leatus
3155 5213 3513 5287 Augustinus,

1920 5316 2097 5389 gratia
2129 5316 2183 5369 in
2214 5322 2398 5371 nostro
2456 5315 2653 5387 capite,
2713 5315 2855 5370 unde
2919 5312 3214 5369 secundum
3269 5306 3518 5368 uniuscu-

1916 5407 2113 5475 jusque
2143 5419 2454 5458 mensuram
2489 5420 2552 5459 se
2582 5420 2682 5475 per
2708 5411 2903 5459 cuncta
2932 5400 3181 5457 membra
3211 5402 3328 5470 ejus
3360 5399 3518 5456 diffu-

1922 5492 2016 5547 dit.
2054 5495 2133 5547 Ea
2160 5493 2339 5563 gratia
2371 5492 2427 5547 tit
2455 5492 2524 5547 ab
2554 5493 2709 5547 initio
2736 5492 2863 5547 tidei
2892 5508 3006 5547 sure
3027 5492 3190 5547 homo
3212 5492 3519 5563 quicunque

1922 5588 2280 5655 Christianus,
2316 5603 2417 5659 qua
2450 5588 2624 5659 gratia
2655 5590 2817 5643 homo
2848 5588 2939 5642 ille
2970 5587 3036 5642 ab
3067 5586 3217 5642 initio
3276 5603 3375 5643 suo
3434 5588 3519 5641 fa-

1923 5686 2039 5733 ctus
2070 5685 2151 5732 est
2182 5676 2455 5732 Christus.
2491 5678 2568 5730 De
2601 5676 2721 5747 ipso
2752 5676 2944 5746 spiritu
2976 5684 3029 5730 et
3058 5676 3146 5732 hic
3177 5685 3404 5732 renatus
3452 5674 3521 5732 de

1924 5783 2029 5839 quo
2060 5775 2140 5821 est
2170 5766 2261 5822 ille
2289 5774 2446 5820 natus
2478 5765 2670 5820 eodem
2704 5765 2895 5836 spiritu
2927 5763 2983 5819 ﬁt
3033 5758 3095 5819 in
3135 5767 3293 5822 nobis
3334 5765 3523 5821 remis-

1925 5863 2005 5919 sio
2036 5872 2405 5935 peccatorum,
2438 5878 2545 5933 quo
2593 5861 2784 5933 spiritu
2825 5860 3029 5917 factum
3078 5869 3159 5918 est
3207 5869 3263 5917 ut
3310 5861 3519 5917 nullum

1924 5953 2150 6011 haberet
2176 5953 2271 6011 ille
2296 5959 2603 6025 peccatum.
2644 5952 2735 6008 Sic
2766 5960 2901 6023 ergo
2930 5950 3128 6007 factum
3160 5956 3241 6009 est
3266 5967 3365 6026 per
3391 5952 3519 6021 gra-
