3924 6394
433 397 536 452 799

1601 400 1908 458 VERNERI
1944 401 2236 458 ABBATIS
2275 401 2333 458 S.
2376 402 2599 459 BLASII

3634 406 3741 461 800

430 520 588 590 tiam,
621 528 678 578 ut
700 538 829 581 caro
857 523 951 582 illa
979 540 1013 583 a
1041 535 1292 599 peccato,
1322 528 1423 583 sub
1454 543 1561 599 quo
1589 528 1657 582 ab
1685 526 1901 602 origine
1931 543 2031 583 sua
2061 528 2118 588 A
2145 525 2353 584 debuit.
2384 526 2523 596 Quia
2551 544 2688 603 ergo
2714 528 2972 585 Christus
3003 536 3056 586 et
3085 527 3281 586 lumbis
3310 528 3545 586 Abrahae
3574 544 3735 586 suam

437 617 577 678 erat,
608 613 982 683 mundaretur,
1007 622 1062 672 et
1091 616 1347 673 mundata
1384 617 1440 672 in
1482 615 1577 672 illo
1625 616 1719 688 qui
1768 616 1908 671 liber
1960 616 2030 670 ab

439 700 586 756 omni
615 710 865 773 peccato,
896 704 949 758 in
973 720 1039 760 ea
1070 706 1281 762 futurus
1302 714 1442 772 erat,
1491 722 1521 760 a
1578 713 1808 776 peccato
1858 705 2029 760 libera

437 798 828 859 assumeretur,
861 799 921 846 ut
948 807 1050 850 nec
1078 794 1255 867 gratia
1282 793 1616 865 corruptioni
1648 800 1857 850 natura
1886 809 2029 865 prse-

432 875 697 945 judicium
726 878 948 947 faceret,
971 898 1072 937 nec
1101 883 1382 955 corruptio
1410 891 1624 939 naturae
1664 882 1895 956 gratiam
1933 881 2030 937 im-

437 974 665 1046 pediret.
703 975 991 1045 Quomodo
1021 997 1178 1055 ergo,
1203 980 1470 1054 inquiunt,
1506 981 1759 1038 Christus
1789 981 1842 1036 in
1881 981 2027 1035 lum-

437 1062 522 1119 bis
551 1064 792 1121 Abrahae
813 1067 1114 1125 decimatas
1145 1086 1255 1127 non
1289 1070 1405 1137 fuit,
1465 1070 1512 1126 si
1550 1086 1678 1127 caro
1727 1071 1848 1140 ejus
1893 1086 2028 1142 pec-

435 1159 561 1209 cato
588 1153 826 1211 obnoxia
854 1156 955 1212 fuit
984 1159 1012 1214 ?
1042 1158 1151 1215 Sed
1182 1160 1466 1216 sciendum
1488 1167 1590 1225 est,
1615 1159 1743 1232 quia
1763 1160 1883 1216 licet
1900 1175 2028 1217 caro

437 1240 637 1297 Christi
665 1242 805 1299 sicut
832 1260 962 1303 caro
994 1247 1122 1303 Levi
1148 1248 1329 1305 adhuc
1356 1249 1412 1303 in
1440 1249 1640 1304 lumbis
1666 1248 1899 1305 Abrahae
1927 1249 2027 1303 sub

435 1339 663 1400 peccato
692 1331 813 1399 fuit,
843 1340 1023 1391 tamen
1052 1335 1228 1407 ipsum
1271 1337 1552 1408 peccatum
1595 1337 1712 1406 ejus
1760 1354 1869 1393 non
1908 1337 2025 1405 fuit,

435 1418 538 1472 sub
567 1434 677 1491 quo
725 1422 843 1491 ejus
886 1438 1017 1480 caro
1040 1425 1155 1481 fuit.
1179 1427 1297 1482 Hoc
1314 1427 1459 1482 enim
1477 1426 1651 1481 solum
1674 1426 1881 1499 ejusibi
1902 1426 2025 1494 fuit,

436 1516 581 1588 quod
612 1517 741 1575 inde
769 1519 1006 1576 futurum
1037 1523 1155 1592 ejus
1184 1522 1302 1580 fuit.
1347 1523 1694 1595 Quapropter
1746 1524 1871 1579 Levi
1916 1523 2029 1581 illic

451 1613 501 1660 et
528 1614 775 1663 naturam
805 1617 859 1664 et
887 1609 1102 1683 culpam
1134 1612 1336 1680 habuit,
1372 1613 1501 1685 quia
1530 1612 1657 1669 inde
1686 1629 1786 1685 per
1824 1629 2028 1685 propa-

431 1694 708 1768 gationem
735 1698 988 1771 originis,
1019 1708 1075 1760 et
1115 1708 1367 1760 naturam
1425 1710 1480 1760 et
1534 1702 1750 1775 culpam
1813 1704 2028 1760 trahere

2138 622 2391 671 naturam
2420 616 2628 685 habuit,
2661 625 2958 690 propterea
2990 618 3137 691 quod
3171 618 3358 700 ipsam
3414 617 3588 674 solam
3645 628 3733 674 ta-

2136 729 2263 769 men
2294 720 2621 783 accepturus
2650 714 2772 781 fuit,
2832 715 3021 786 procul
3080 715 3243 772 dubio
3286 715 3563 772 oblatione
3621 732 3734 773 non

2137 802 2305 875 eguit,
2339 819 2459 875 quas
2486 818 2583 875 pro
2615 819 2681 860 eo
2710 804 2858 876 quod
2895 804 3016 875 ejus
3045 803 3221 860 solum
3250 804 3324 860 ibi
3361 813 3498 875 erat,
3529 820 3738 861 neces-

2138 891 2283 946 saria
2311 908 2420 948 non
2453 892 2553 947 fuit
2582 910 2596 960 ;
2632 891 2839 948 oblatio
2860 893 3007 949 enim
3064 909 3173 949 non
3219 902 3431 956 natura.
3484 893 3581 950 sed
3627 909 3735 965 pro

2136 980 2301 1051 culpa
2329 979 2574 1047 offertur,
2607 981 2734 1054 quia
2761 981 2807 1037 si
2830 998 2927 1054 pro
2958 981 3122 1053 culpa
3158 998 3268 1039 non
3314 990 3486 1051 esset,
3535 991 3736 1038 natura

2136 1066 2412 1125 oblatione
2442 1084 2582 1140 Opus
2612 1086 2720 1125 non
2752 1070 3003 1126 haberet.
3040 1071 3129 1127 Sic
3156 1070 3351 1144 itaque
3379 1072 3506 1127 Levi
3525 1070 3577 1126 in
3595 1071 3736 1126 lum-

2134 1168 2221 1223 bis
2274 1168 2512 1225 Abrahe
2569 1168 2877 1226 decimatas
2929 1177 3031 1236 est,
3083 1169 3212 1243 quia
3266 1177 3319 1226 et
3376 1176 3621 1225 naturam
3678 1177 3736 1225 et

2136 1256 2355 1328 culpam
2412 1257 2487 1313 ibi
2541 1258 2748 1323 habuit,
2820 1258 2913 1331 qui
2969 1265 3027 1314 et
3081 1266 3332 1314 naturam
3401 1266 3456 1314 et
3510 1258 3734 1329 culpam

2135 1345 2265 1401 inde
2328 1354 2654 1419 accepturus
2717 1347 2840 1403 fuit.
2921 1348 3171 1403 Christus
3234 1362 3365 1403 vero
3428 1346 3735 1404 decimatas

2136 1450 2253 1492 non
2282 1439 2386 1491 est.
2421 1435 2720 1508 Propterea
2760 1436 2908 1508 quod
2959 1436 3093 1492 inde
3130 1437 3301 1492 solam
3345 1443 3592 1492 naturam
3632 1452 3734 1492 ac-

2137 1532 2396 1596 cepturus
2426 1534 2564 1593 erat,
2596 1525 2747 1581 illam
2778 1524 2939 1582 etiam
2971 1533 3097 1585 tunc
3124 1525 3201 1582 ibi
3227 1525 3441 1598 culpam
3479 1541 3583 1582 non
3627 1526 3736 1580 ha-

2139 1613 2273 1679 buit,
2306 1613 2391 1669 cui
2419 1613 2540 1686 ipsa
2571 1631 2693 1687 quae
2713 1614 2830 1684 ejus
2858 1614 3037 1671 futura
3052 1623 3166 1671 erat
3181 1614 3301 1673 sine
3328 1614 3485 1686 culpa
3514 1622 3731 1683 natura,

2138 1702 2197 1759 in
2226 1716 2327 1758 sua
2355 1702 2571 1776 origine
2598 1702 2773 1776 culpa:
2801 1702 3035 1761 obnoxia
3067 1703 3188 1761 fuit.

1426 2018 1557 2124 IN
1636 2016 2155 2125 OCTAVA
2234 2020 2635 2124 DOMIN
2645 2022 2723 2123 Ι.

502 2284 524 2309 α
563 2263 851 2336 Postquam
881 2264 1240 2320 consummati
1268 2273 1396 2320 sunt
1423 2265 1544 2322 dies
1563 2274 1688 2323 octo
1709 2272 1767 2321 ut
1796 2266 2031 2323 circum-
2064 2240 2117 2302 Β
2147 2318 2155 2327 ,
2223 2262 2496 2332 Ωιιωιίιιιι
2522 2270 2703 2319 autem
2733 2279 2905 2336 quare
2936 2262 3236 2335 baptismus
3264 2263 3589 2320 successerit
3624 2262 3742 2321 cir-

437 2349 711 2408 cideretur
736 2367 896 2425 puer,
929 2362 1179 2411 vocatum
1199 2362 1284 2411 est
1311 2371 1511 2411 nomen
1542 2356 1659 2425 ejus
1678 2356 1857 2411 Jesus.
1873 2355 2033 2425 Quod

438 2448 692 2496 vocatum
724 2448 813 2497 est
842 2443 912 2497 ab
940 2443 1140 2516 angelo
1170 2444 1488 2516 priusquam
1535 2444 1591 2499 in
1642 2453 1798 2501 utero
1843 2444 2032 2501 conci-

435 2533 665 2602 peretur
686 2532 845 2599 (Luc.
875 2531 957 2601 ιι).
984 2555 1006 2581 ιο
1029 2532 1187 2588 Ritus
1213 2533 1651 2590 circumcisionis
1667 2534 1737 2590 ab
1753 2534 2031 2589 Abraham

435 2618 669 2690 sumpsit
698 2620 1005 2689 exordium,
1040 2621 1261 2693 quando
1316 2631 1372 2677 et
1431 2622 1669 2678 nominis
1723 2622 2023 2694 ampliﬁca-

439 2705 662 2776 tionem,
695 2708 927 2779 accepit.
959 2710 1040 2765 Ad
1063 2710 1220 2779 cujus
1250 2709 1603 2767 imitationem
1633 2726 1831 2768 nomen
1860 2711 2034 2783 impo-

441 2794 677 2853 nebatur
703 2796 891 2867 pueris
931 2796 984 2852 in
1038 2798 1127 2854 die
1180 2798 1613 2856 circumcisionis
1667 2816 1880 2856 eorum.
1944 2800 2035 2857 Sic

439 2883 609 2940 etiam
636 2884 839 2941 factum
869 2894 952 2942 est
978 2886 1082 2958 ipsi
1106 2887 1258 2944 Jesn.
1293 2889 1438 2944 Bene
1477 2896 1664 2945 autem
1709 2897 1901 2946 octava
1943 2889 2032 2945 die

436 2972 842 3030 circumciditur
870 2984 929 3030 ut
953 2985 1007 3031 et
1035 2977 1153 3046 ejus
1184 2977 1509 3034 resurrectio
1536 2986 1727 3035 octava
1756 2979 1847 3035 die
1885 2978 2033 3035 cele-

437 3062 661 3130 branda,
692 3071 747 3119 et
776 3073 961 3121 nostra
989 3064 1321 3136 ﬁguraretur
1366 3075 1563 3124 octava
1608 3076 1764 3126 aetate
1805 3067 2023 3124 futura.

432 3151 539 3208 Sex
578 3153 779 3209 etenim
822 3162 948 3209 sunt
967 3162 1173 3223 aetates,
1203 3156 1259 3210 in
1283 3155 1482 3228 quibus
1497 3172 1600 3229 pro
1628 3157 1863 3214 Domino
1881 3156 2035 3214 labo-

433 3248 585 3297 ratur
616 3261 630 3302 ;
663 3243 895 3314 septima
923 3252 1007 3299 est
1028 3245 1330 3300 animarum
1359 3262 1536 3317 usque
1564 3246 1633 3302 ad
1683 3255 1898 3318 tempus
1945 3263 2034 3302 re-

434 3330 811 3387 surrectionis.
845 3331 1055 3391 Octava
1094 3343 1182 3389 est
1212 3335 1564 3401 resurrectio,
1601 3336 1821 3407 quando
1853 3335 2035 3407 gloria

434 3419 691 3491 perfectae
718 3420 1153 3478 circumcisionis
1181 3423 1514 3491 coruscabit,
1560 3432 1613 3478 et
1670 3431 1815 3479 totus
1871 3425 2036 3480 homo

438 3506 632 3566 visioni
664 3509 977 3565 Conditoris
1032 3510 1322 3567 inhaerebit
1359 3512 1584 3585 (Βιιωλ).
1640 3514 1800 3569 Nunc
1852 3521 2035 3568 autem

2141 2352 2491 2409 cumcisioni.
2530 2353 2599 2408 Ut
2628 2352 2776 2408 enim
2818 2352 3012 2408 beatus
3069 2351 3377 2425 Gregorius
3422 2352 3495 2407 ait
3547 2360 3743 2425 quarto

2141 2441 2283 2499 libro
2309 2442 2364 2496 in
2391 2441 2495 2497 Job
2529 2456 2541 2495 :
2576 2441 2735 2511 Quod
2779 2442 2927 2513 apud
2956 2457 3059 2498 nos
3094 2441 3241 2498 valet
3291 2457 3436 2514 aqua
3462 2441 3740 2512 baptismi,

2141 2530 2249 2587 hoc
2277 2531 2391 2602 egit
2416 2530 2567 2601 apud
2598 2538 2815 2587 veteres
2848 2530 2934 2586 vel
2962 2546 3061 2602 pro
3091 2530 3340 2603 parvulis
3359 2530 3475 2587 sola
3492 2531 3631 2586 fides
3653 2531 3741 2586 vel

2142 2636 2246 2692 pro
2276 2619 2574 2691 majoribus
2604 2620 2777 2676 virtus
2806 2618 3224 2687 sacrificiorum,
3256 2619 3341 2676 vel
3370 2634 3467 2691 pro
3504 2619 3589 2674 his
3644 2617 3740 2691 qui

2141 2725 2208 2766 ex
2240 2710 2474 2766 Abrahae
2502 2709 2671 2781 stirpe
2700 2708 3029 2781 prodierunt
3074 2708 3396 2781 mysterium
3449 2708 3739 2766 circumci-

2143 2798 2335 2855 sionis.

2213 2887 2445 2945 Solutio.
2479 2887 2721 2945 Decebat
2750 2902 2953 2945 novum
2980 2903 3171 2960 regem
3198 2902 3398 2945 novam
3423 2887 3607 2962 legem
3654 2887 3742 2943 in-

2142 2976 2388 3048 stituere,
2416 2976 2732 3034 inimicitias
2758 2977 2903 3033 inter
2931 2976 3152 3034 Iudaeos
3172 2985 3227 3034 et
3250 2976 3479 3045 gentiles
3500 2976 3738 3043 solvere,

2143 3074 2202 3122 ut
2226 3066 2334 3122 duo
2364 3066 2554 3138 populi
2578 3066 2637 3122 in
2669 3082 2838 3122 unum
2866 3066 3259 3140 jungerentur,
3305 3074 3359 3122 et
3396 3065 3551 3123 fieret
3603 3081 3741 3123 unus

2144 3155 2410 3227 p0pulus.
2452 3154 2638 3226 Quare
2660 3171 2891 3212 necesse
2922 3154 3023 3211 fuit
3075 3154 3474 3213 inimicitiarum
3525 3169 3737 3221 causas,

2145 3243 2402 3301 videlicet
2430 3244 2565 3301 ritus
2592 3244 2908 3301 Judaeorum
2930 3259 3039 3317 quo
3095 3244 3359 3316 gentiles’
3380 3243 3745 3300 abhorrebant

2144 3348 2435 3399 evacuare,
2469 3342 2520 3390 et
2550 3332 2662 3389 alia
2716 3341 3065 3390 sacramenta
3117 3350 3240 3406 quae
3290 3332 3534 3406 utrisque
3587 3348 3740 3389 com-

2144 3420 2327 3476 munia
2360 3420 2542 3477 forent
2583 3421 2932 3477 substituere.
2977 3422 3213 3492 Propter
3247 3422 3353 3478 hoc
3381 3437 3599 3493 quoque
3645 3421 3740 3475 ba-

2144 3510 2379 3582 ptismus
2410 3509 2846 3566 circumcisionis
2876 3510 2997 3566 loco
3019 3510 3206 3577 subiit,
3239 3509 3369 3582 quia
3398 3509 3742 3566 circumcisio

440 3596 532 3669 qui
562 3596 754 3653 videns
784 3598 1068 3655 mulierem
1098 3598 1170 3654 ad
1214 3600 1722 3672 concupiscendam
1764 3616 1906 3667 eam,
1954 3601 2043 3655 in-
2073 3597 2121 3661 C
2149 3606 2268 3655 erat
2292 3598 2675 3670 imperfectum
2705 3607 3131 3666 sacramentum,
3164 3606 3353 3671 utpote
3380 3598 3622 3653 maribus
3652 3613 3741 3654 so-

441 3684 823 3743 circumcisum
856 3687 1031 3745 visum
1065 3688 1299 3745 habens.
1336 3689 1710 3745 Incircumsisi
1733 3698 1856 3744 sunt
1899 3688 2045 3746 auri-

443 3772 546 3829 bus
574 3774 774 3847 quibus
806 3775 1016 3832 Veritas
1045 3774 1180 3831 dixit
1214 3791 1228 3831 :
1265 3798 1287 3828 ι
1324 3774 1428 3846 Qui
1464 3786 1545 3833 est
1575 3793 1640 3833 ex
1683 3777 1825 3842 Deo,
1873 3778 2043 3833 verba

442 3861 544 3919 Dei
573 3862 742 3920 audit.
769 3864 1069 3937 Propterea
1103 3880 1202 3921 vos
1232 3882 1343 3921 non
1371 3866 1596 3933 auditis,
1630 3866 1758 3939 quia
1803 3883 1868 3923 ex
1924 3867 2043 3923 Deo

438 3967 549 4007 non
575 3953 709 4009 estis
738 3955 921 4024 (Joan.
957 3955 1097 4025 vui).
1135 3978 1157 4003 ι
1185 3955 1577 4012 lncircumcisi
1621 3964 1748 4011 sunt
1776 3955 1964 4027 lingua
1991 3964 2045 4012 et

439 4040 735 4098 manibus:
778 4067 798 4091 ι
835 4058 1071 4115 quorum
1106 4059 1171 4100 os
1213 4043 1453 4100 locutum
1508 4052 1591 4100 est
1631 4044 1941 4112 vanitatem,
1992 4055 2046 4102 et

439 4131 665 4188 dextera
697 4146 898 4188 eorum
929 4132 1160 4188 dextera
1193 4132 1496 4205 iniquitatis
1546 4135 1722 4199 (Psal.
1754 4134 1972 4201 cxuu).
2017 4156 2038 4183 ι

439 4220 811 4276 lncircumcisi
841 4229 968 4277 sunt
1016 4229 1203 4295 gustu,
1254 4238 1394 4294 quos
1441 4223 1717 4295 pr0pheta
1768 4222 2047 4296 redarguit

439 4309 676 4366 dicens:
716 4327 738 4360 ι
778 4308 868 4366 Vae
895 4310 987 4381 qui
1014 4317 1267 4383 potentes
1297 4311 1429 4367 estis
1479 4312 1550 4366 ad
1611 4311 1909 4368 bibendum
1958 4311 2044 4367 vi-

438 4414 591 4466 num,
623 4407 677 4455 et
699 4398 809 4456 viri
842 4397 1011 4455 fortes
1047 4400 1117 4455 ad
1154 4400 1499 4456 miscendam
1532 4400 1854 4457 ebrietatem
1896 4401 2036 4473 (Ira.

442 4488 526 4551 ν).
571 4508 593 4540 ι
636 4487 1004 4545 lncircumcisi
1039 4496 1167 4543 sunt
1214 4488 1418 4545 olfactu
1470 4497 1524 4545 et
1562 4497 1704 4546 tactu
1750 4489 1840 4561 qui
1878 4490 2046 4545 variis

438 4577 702 4635 odoribus
731 4576 959 4633 delibuti
1006 4587 1317 4650 sequuntur
1374 4579 1668 4650 amplexus
1713 4578 2043 4645 meretricis,

439 4667 787 4723 cinnamomo
806 4666 989 4724 cubile
1016 4683 1172 4723 suum
1231 4668 1608 4741 aspergentis.
1676 4666 2049 4725 lncircumcisi

439 4763 566 4813 sunt
594 4757 900 4830 gressibus,
939 4756 1008 4813 de
1038 4756 1240 4828 quibus
1268 4757 1555 4812 Psalmista
1602 4763 2000 4813 commemorat
2029 4790 2042 4829 ε

2148 3687 2220 3743 lis
2257 3688 2517 3744 attinens.
2559 3687 2870 3759 Baptismus
2919 3703 3049 3744 vero
3091 3687 3390 3760 perfectum
3434 3694 3520 3742 est
3553 3702 3740 3744 sacra-

2150 3784 2419 3843 mentum,
2452 3777 2579 3850 quia
2606 3777 2823 3848 utrique
2861 3777 3020 3833 sexui
3048 3776 3168 3834 sine
3194 3776 3390 3833 dolore
3426 3776 3743 3832 commoda-

2151 3872 2255 3922 tur.
2285 3866 2345 3921 ln
2375 3881 2519 3936 aqua
2546 3882 2682 3923 vero
2714 3866 2838 3923 ideo
2866 3864 3207 3922 uniformiter
3242 3873 3598 3931 consecratur
3644 3865 3744 3920 ba-

2148 3955 2378 4026 ptisma,
2410 3957 2540 4028 quia
2560 3956 2628 4011 de
2652 3954 2852 4010 Christi
2868 3957 3040 4011 latere
3060 3954 3299 4011 manavit
3322 3969 3481 4025 aqua,
3515 3962 3567 4011 et
3621 3954 3746 4027 quia

2150 4044 2335 4100 nullus
2365 4043 2548 4117 liquor
2570 4045 2712 4100 adeo
2743 4044 2889 4100 valet
2914 4043 2985 4100 ad
3006 4042 3335 4101 abluendum
3367 4043 3744 4115 sicutaqua,et

2151 4133 2300 4206 apud
2328 4149 2523 4190 omnes
2549 4132 2710 4191 facile
2758 4133 3081 4206 acquiritur,
3119 4148 3188 4188 ne
3216 4147 3280 4189 se
3306 4131 3501 4205 aliquis
3528 4139 3744 4203 propter

2149 4221 2392 4294 inopiam
2422 4230 2729 4280 excusaret.

2221 4313 2366 4368 Nota
2395 4312 2525 4385 quia
2553 4311 2934 4383 multipliciter
2988 4311 3255 4382 accipitur
3286 4327 3300 4365 :
3349 4309 3740 4382 Baptismorum

2152 4416 2390 4474 namque
2418 4417 2587 4456 unum
2615 4410 2825 4458 tantum
2854 4409 2943 4457 est
2997 4416 3162 4473 aqua,
3218 4408 3277 4456 ut
3329 4400 3541 4466 Joanis,
3594 4400 3738 4472 quod

2150 4490 2535 4547 remissionem
2554 4498 2907 4562 peccatorum
2931 4505 3040 4546 non
3059 4490 3230 4546 dedit.
3255 4488 3422 4544 Aliud
3443 4489 3498 4545 in
3510 4489 3641 4560 igne
3660 4489 3739 4544 vel

2152 4579 2363 4649 spiritu,
2398 4595 2506 4651 quo
2527 4579 2781 4649 baptizati
2812 4586 2943 4634 sunt
2973 4578 3208 4650 apostoli
3239 4577 3293 4633 in
3350 4578 3439 4633 die
3488 4578 3740 4633 Penteco-

2154 4672 2290 4724 stes.
2322 4667 2477 4725 Unde.
2503 4667 2676 4723 illud:
2714 4691 2737 4717 κ
2781 4670 2889 4724 Vos
2920 4675 3103 4723 autem
3128 4666 3525 4737 baptizabimini
3548 4665 3741 4737 Spiritu

2154 4766 2345 4813 sancto
2374 4756 2599 4829 (Matth.
2632 4759 2781 4826 ιιι).ι
2818 4757 3059 4813 Tertium
3118 4756 3173 4811 in
3228 4770 3374 4828 aqua
3426 4764 3482 4812 et
3534 4754 3739 4826 spiritu,

443 4867 468 4897 ι
501 4845 768 4902 Contritio
799 4853 852 4902 et
881 4844 1176 4902 infelicitas
1205 4844 1260 4900 in
1293 4845 1394 4901 viis
1423 4860 1634 4909 eorum,
1659 4855 1712 4901 et
1740 4846 1884 4901 viam
1900 4844 2052 4917 pacis
2155 4860 2264 4917 quo
2295 4844 2709 4915 buptizaverunt
2738 4844 2973 4914 apostoli
3001 4845 3148 4911 (Act.
3168 4849 3226 4911 ι).
3247 4842 3505 4911 Quartum
3526 4842 3581 4897 in
3613 4857 3739 4897 san-

439 4949 549 4992 non
576 4942 960 5008 cognoverunt
987 4934 1165 5005 (Paul.
1198 4938 1323 5004 xm)
1376 4955 1399 4984 ι
1446 4935 1615 4990 Porro
1648 4934 1740 5005 qui
1770 4934 1823 4989 in
1846 4933 2049 4989 simili-
2077 4963 2129 5025 Β
2160 4933 2343 5006 guinis
2372 4932 2661 4990 eﬂ'usione.
2684 4933 2809 4989 Tria
2830 4932 3085 5002 visibilis,
3110 4933 3162 4987 id
3178 4941 3262 4989 est
3275 4930 3733 5025 sacerdos,bapti-

439 5024 628 5081 tudine
663 5025 854 5081 carnis
891 5023 1105 5096 peccati
1144 5031 1375 5079 venerat
1411 5022 1747 5092 remedium,
1779 5039 1887 5095 quo
1915 5036 2048 5081 caro

438 5113 650 5185 peccati
679 5112 1057 5169 mundabatur
1087 5127 1196 5166 non
1222 5111 1450 5183 respuit,
1472 5113 1575 5169 sed
1586 5112 1943 5169 circumcisus
1962 5115 2049 5169 est

439 5200 611 5259 factus
628 5202 731 5259 sub
749 5202 895 5276 lege,
915 5210 969 5257 ut
986 5215 1111 5256 eam
1121 5200 1322 5269 justam
1343 5201 1618 5271 probaret,
1640 5211 1692 5257 et
1713 5217 1809 5258 eos
1829 5202 1919 5274 qui
1941 5202 2044 5258 sub

438 5288 562 5365 lege
582 5299 737 5349 erant
759 5291 1075 5350 redimeret.
1096 5290 1239 5346 Nota
1261 5290 1406 5361 quod
1436 5290 1584 5345 idem
1622 5290 1877 5347 auxilium
1926 5292 2043 5347 cir-

440 5379 792 5436 cumcisionis
819 5380 873 5435 in
902 5378 1032 5453 lege
1064 5377 1419 5435 circumcisio
1441 5388 1630 5435 contra
1674 5379 1885 5451 peccati
1929 5378 2045 5435 ori-

442 5466 641 5538 ginalis
670 5468 869 5525 vulnus
899 5467 1177 5541 praestitit,
1219 5466 1368 5540 quod
1396 5484 1543 5525 nunc
1570 5467 1875 5540 baptismus
1907 5477 2045 5524 tem-

440 5571 577 5625 pore
605 5559 800 5629 gratia
828 5557 1061 5625 confert,
1121 5572 1229 5613 non
1258 5557 1406 5621 quod
1434 5557 1689 5615 introitus
1731 5560 1785 5613 iu
1816 5574 2045 5632 regnum

444 5643 693 5699 nondum
725 5644 947 5718 patebat
977 5643 1345 5712 circumcisis,
1394 5653 1453 5701 ut
1507 5646 1671 5705 modo
1724 5645 2035 5719 baptizatis.

444 5731 522 5788 At
549 5747 689 5789 vero
719 5733 827 5790 hoc
854 5747 963 5789 non
998 5733 1176 5789 solum
1206 5733 1512 5805 baptismns
1539 5735 1685 5804 facit,
1709 5736 1806 5791 sed
1835 5745 1889 5791 et
1909 5752 2040 5808 pas-

445 5819 617 5877 sionis
636 5820 934 5889 adjunctio.
967 5821 1102 5892 Quin
1134 5820 1179 5876 si
1210 5819 1613 5880 circumcisioni
1652 5823 1835 5880 addita
1874 5832 2039 5891 esset,

446 5911 501 5979 ει
529 5908 778 5969 similiter
804 5909 878 5967 ibi
906 5908 1079 5968 ﬁeret.

2160 5020 2386 5091 zandus,
2418 5036 2581 5095 aqua,
2613 5029 2739 5078 sunt
2765 5022 2822 5077 in
2853 5021 3179 5093 baptismate
3202 5036 3216 5089 ;
3237 5027 3293 5075 et
3314 5017 3741 5088 triainvisibilis,

2159 5106 2214 5162 id
2243 5116 2326 5164 est
2354 5108 2512 5179 fides,
2545 5110 2748 5175 anima,
2779 5108 3014 5181 Spiritus
3042 5114 3288 5164 sanctus.
3322 5107 3526 5162 Verum
3552 5105 3742 5161 Domi-

2152 5213 2275 5265 nus,
2306 5206 2361 5253 ut
2403 5198 2479 5254 ait
2509 5198 2829 5255 Ambrosius
2857 5198 2909 5252 in
2942 5198 3126 5269 primo
3154 5196 3294 5253 libro
3322 5196 3402 5252 De
3421 5194 3739 5251 Sacramw-

2153 5285 2245 5357 tis,
2281 5285 2404 5343 ideo
2434 5287 2581 5359 prior
2605 5286 2889 5344 descendit
2917 5286 2975 5341 in
3008 5285 3340 5359 baptismum
3370 5299 3528 5357 quam
3571 5282 3739 5356 Spiri-

2153 5384 2240 5430 tus
2268 5382 2493 5435 sanctus
2525 5392 2647 5433 cum
2679 5376 2846 5432 modo
2876 5391 3180 5432 econverso
3211 5374 3322 5437 ﬁat,
3382 5372 3506 5446 quia
3560 5372 3740 5429 Domi-

2156 5483 2257 5522 nus
2286 5483 2397 5523 non
2426 5465 2555 5522 inde
2586 5465 2820 5523 debebat
2850 5464 3132 5521 mundari.
3168 5464 3342 5521 Nobis
3369 5471 3552 5519 autem
3584 5462 3743 5519 virtus

2152 5566 2202 5609 et
2231 5556 2522 5627 praesentia
2553 5553 2834 5610 Trinitatis
2879 5571 3003 5626 quae
3062 5553 3115 5609 in
3174 5553 3497 5627 baptismate
3553 5550 3741 5608 Christi

2155 5645 2495 5703 manifestata
2513 5643 2979 5712 est,invisibiliter
3002 5652 3269 5715 operatur
3313 5640 3366 5696 iu
3407 5640 3740 5712 baptismatis

2155 5733 2351 5789 visibili
2385 5741 2752 5790 sacramento.
2787 5733 3199 5790 Sacramentum
3226 5746 3355 5787 vero
3410 5738 3494 5786 est
3542 5729 3738 5785 visibile

2156 5822 2374 5895 signum
2407 5822 2700 5877 invisibilis
2728 5821 2940 5896 gratiae,
2992 5820 3161 5877 veluti
3187 5835 3312 5877 cum
3352 5817 3472 5891 quis
3514 5817 3737 5893 baptiu-

2158 5920 2266 5981 tur,
2297 5913 2419 5985 ipsa
2447 5911 2686 5968 exterior
2713 5910 2961 5985 corporis
3004 5909 3209 5968 ablutio
3248 5924 3409 5982 quam
3448 5906 3687 5967 videmus
3718 5927 3728 5972 ;
