3924 6420
133 420 225 477 801

1034 396 1617 473 DEFLORATIONES
1656 410 1761 467 ss.
1811 404 2121 468 PATRUM.
2167 440 2237 452 —
2276 406 2415 467 LIB.
2460 410 2516 472 ι.

3323 413 3433 471 8οἱ

132 544 336 616 signum
381 550 463 597 est
492 541 773 598 interioris
828 539 1116 597 ablutionis
1143 541 1359 609 animae,
1391 556 1511 611 quae
1547 538 1731 595 consi-
1761 539 1816 599 Α
1845 534 2110 608 legalibus
2136 536 2323 592 hostiis
2364 536 2417 590 in
2448 535 2649 608 templo
2675 544 2757 591 est
2803 544 3169 607 praesentatus.
3225 536 3448 593 Juvenis

131 641 282 697 stitin
310 640 634 696 remissione
687 646 1048 712 peccatorum.
1107 642 1259 708 Aqua
1289 638 1449 693 etiam
1500 652 1738 709 purgans

132 730 352 785 exterius
404 745 438 784 a
494 728 756 783 sordibus
802 728 1169 799 corporalibus
1224 727 1438 799 signum
1478 734 1556 779 est
1616 724 1740 778 ﬁdei

131 826 426 882 mundantis
460 826 697 881 interius
726 843 757 881 a
786 826 1038 899 peccatis;
1090 825 1355 881 Sacerdos
1410 841 1623 894 quoque
1655 824 1738 878 la-

130 933 254 973 vans
280 916 333 969 in
365 931 509 985 aqua
562 915 819 988 designat
849 914 1105 984 Spiritum
1135 914 1189 968 in
1218 912 1323 967 ﬁde
1381 914 1741 967 remittentem

132 1011 366 1075 peccata.
424 1003 742 1058 Videndum
805 1011 983 1058 tamen
1013 1011 1091 1056 est
1148 1002 1215 1058 de
1246 1003 1348 1057 hoc
1385 1009 1741 1068 sacramento,

148 1094 275 1147 sicut
300 1092 367 1146 de
414 1092 557 1160 aliis,
623 1091 750 1162 quia
782 1091 912 1146 nihil
967 1091 1187 1146 referta
1220 1105 1539 1160 quocunque
1593 1089 1747 1142 detur

150 1181 404 1236 ministro.
436 1181 691 1237 Minister
736 1179 881 1234 enim
937 1179 1219 1249 ministrat,
1278 1179 1512 1232 Christus
1563 1176 1745 1246 bapti-

150 1279 243 1325 zat.
282 1268 437 1326 Unde
461 1268 642 1325 illud:
683 1293 705 1317 α
740 1268 838 1323 Hic
861 1277 938 1324 est
969 1268 1058 1339 qui
1080 1267 1312 1339 baptizat
1334 1268 1556 1339 (Matth.
1580 1270 1681 1335 ιιι).
1720 1290 1741 1311 ι»

151 1358 484 1429 Quapmpter
534 1358 655 1415 sive
705 1374 736 1412 a
784 1358 995 1413 clericis
1041 1357 1154 1413 sive
1183 1372 1214 1411 a
1242 1356 1410 1422 laicis,
1458 1372 1551 1409 seu
1588 1355 1748 1408 etiam

152 1455 516 1511 amulieribus
575 1454 893 1510 necessitate
930 1453 1243 1508 imminente
1295 1452 1469 1519 detur,
1503 1466 1609 1506 non
1666 1458 1750 1506 ta-

150 1567 265 1606 men
294 1552 608 1607 reiteratur.
674 1552 789 1607 lIoc
834 1557 1228 1606 sacramentum
1283 1548 1418 1604 sicut
1474 1557 1526 1604 et
1570 1563 1753 1604 sacra-

150 1649 382 1695 mentum
415 1640 627 1708 altaris,
679 1640 769 1695 alii
800 1639 866 1695 ad
896 1640 1084 1706 vitam,
1141 1639 1231 1693 alii
1262 1638 1329 1693 ad
1351 1646 1578 1692 mortem
1626 1636 1758 1692 acci-

156 1730 326 1800 piunt.
363 1729 472 1798 Qui
533 1729 684 1784 enim
731 1736 875 1785 recte
924 1728 1202 1794 accedunt,
1237 1736 1289 1781 et
1338 1743 1453 1782 rem
1483 1734 1536 1782 et
1584 1742 1758 1781 sacra-

154 1826 387 1873 mentum
437 1819 723 1890 accipiunt
752 1832 766 1886 ;
796 1818 887 1888 qui
916 1817 1058 1885 ﬁcte,
1089 1824 1480 1873 sacramentum
1530 1824 1753 1870 tantum.

149 1906 296 1962 Unde
324 1907 370 1961 si
400 1907 757 1978 postmodum
810 1906 1127 1978 resipuerint
1185 1922 1292 1961 non
1346 1904 1749 1974 rebaptizabun-
1778 1890 1830 1950 Β

149 2004 243 2050 tur.
273 1996 477 2051 Forma
529 2003 713 2051 autem
742 1995 995 2067 baptismi
1024 2003 1146 2049 sunt
1173 1994 1273 2049 ista
1292 1993 1458 2051 verba
1488 2012 1501 2048 :
1533 1995 1593 2047 In
1648 2008 1751 2047 no-

148 2083 286 2137 mine
314 2084 493 2139 Patris
515 2092 575 2139 et
604 2083 727 2138 Filii
757 2091 809 2139 et
838 2083 1068 2155 Spiritus
1119 2082 1308 2149 sancti,
1341 2082 1426 2137 vel
1454 2097 1550 2136 sua
1589 2081 1756 2151 tequi-

147 2181 419 2252 pollentia.
480 2182 754 2237 Dominus
781 2182 924 2236 enim
968 2181 1293 2253 generaliter
1344 2181 1609 2235 instruens
1661 2180 1755 2235 ba-

149 2270 421 2339 ptismum,
456 2270 725 2341 praicepit
750 2270 933 2325 dicens
962 2290 979 2326 :
1017 2294 1039 2318 «
1073 2271 1170 2336 Ite,
1202 2269 1387 2324 docete
1416 2284 1604 2323 omnes
1631 2285 1758 2339 gen-

150 2366 241 2427 tes,
271 2358 617 2430 baptizantes
646 2375 741 2414 eos
785 2359 839 2414 in
858 2359 1077 2415 nomine
1097 2359 1266 2414 Patris
1310 2367 1362 2413 et
1384 2357 1501 2413 Filii
1529 2366 1581 2412 et
1625 2358 1756 2428 Spi-

150 2448 276 2502 ritus
309 2449 485 2503 sancti
526 2449 754 2520 (Matlh.
790 2447 990 2518 xxvu).
1018 2470 1040 2495 ι»
1075 2451 1117 2502 Δ
1138 2455 1308 2502 morte
1337 2447 1528 2503 Christi
1558 2454 1612 2501 et
1636 2462 1758 2501 san-

153 2535 327 2609 guinis
350 2534 624 2593 eﬂ'usione
656 2536 819 2591 habet
854 2537 1152 2606 baptismus
1201 2536 1449 2591 virtutem
1478 2542 1530 2589 et
1570 2533 1755 2589 etiica-

154 2625 288 2680 ciam
317 2626 458 2680 sicut
486 2625 601 2681 alia
635 2634 971 2680 sacramenta
1006 2625 1119 2680 sive
1145 2633 1268 2681 ante
1296 2624 1493 2696 legem,
1525 2624 1638 2679 sive
1702 2624 1759 2677 in

155 2712 291 2786 lege.
326 2714 431 2769 Per
450 2716 601 2769 hunc
633 2714 777 2767 enim
807 2713 1044 2769 Christus
1090 2730 1209 2785 quae
1239 2713 1380 2769 facta
1407 2720 1530 2768 sunt
1572 2712 1758 2766 dimit-

158 2802 233 2869 tit,
264 2802 492 2872 adjuvat
544 2819 614 2858 ne
662 2802 893 2872 amplius
938 2801 1086 2871 ﬁant,
1138 2801 1385 2872 perducit
1437 2809 1493 2856 ut
1538 2801 1758 2856 omnino

157 2898 264 2955 ﬁeri
294 2916 405 2955 non
464 2899 699 2971 possint,
755 2900 883 2955 facit
910 2908 967 2955 ut
994 2901 1080 2955 lex
1128 2900 1431 2971 impleatur,
1472 2907 1530 2954 ut
1574 2907 1760 2954 natura

157 2996 504 3067 liberetur,ne
528 3006 812 3069 peccatum
852 2998 1173 3053 dominetur.
1206 2998 1333 3053 Haec
1351 2998 1419 3052 de
1474 2995 1760 3052 circumci-

155 3085 302 3143 sione
326 3087 383 3142 in
410 3087 693 3158 baptismo
720 3086 1000 3143 suﬂiciant.
1058 3086 1216 3156 Quod
1262 3096 1439 3143 autem
1485 3086 1762 3141 circumci-

158 3175 314 3231 sioin
341 3176 601 3231 membro
660 3176 805 3230 virili
834 3175 1206 3244 ﬁebatcausa,
1263 3194 1330 3231 ne
1383 3176 1529 3231 aliud
1583 3191 1761 3230 mem-

159 3270 308 3326 brum
341 3281 436 3328 aut
458 3272 644 3327 debile
674 3271 842 3339 ﬁeret,
874 3281 964 3328 aut
996 3280 1145 3343 turpe
1173 3273 1316 3343 quod
1346 3273 1559 3342 publice
1603 3271 1760 3327 vide-

159 3369 316 3428 retur,
374 3371 430 3417 et
479 3369 539 3416 ut
588 3361 827 3417 Christus
884 3377 982 3433 per
1033 3361 1329 3417 castitatem
1377 3359 1766 3433 signiﬁcaretur

160 3458 429 3505 venturus.
463 3452 594 3521 Ipso
615 3465 829 3520 quoque
858 3451 911 3504 in
941 3466 1101 3505 carne
1144 3450 1393 3521 praeputii
1437 3448 1599 3505 ﬁebat
1653 3448 1763 3503 cir-

162 3548 440 3613 cumcisio,
475 3547 607 3617 quia
636 3547 691 3601 in
720 3555 869 3619 parte
929 3548 1021 3603 illa
1058 3548 1233 3620 magis
1277 3546 1582 3602 dominatur
1628 3555 1765 3602 con-

163 3637 517 3706 cupiscentia,
556 3652 655 3708 per
701 3652 862 3706 quam
893 3636 1155 3708 originale
1181 3644 1460 3706 peccatum
1506 3651 1772 3708 propaga-

167 3740 264 3787 tur.
297 3733 403 3789 Ubi
425 3749 564 3805 ergo
597 3733 685 3787 via
716 3732 919 3804 peccati
959 3742 1054 3801 est,
1086 3733 1161 3788 ibi
1191 3741 1313 3803 apte
1367 3731 1770 3804 signiﬁcabatur

170 3823 369 3891 peccati
399 3820 729 3890 remedium,
762 3830 814 3877 et
848 3821 1250 3895 signiﬁcabatur
1277 3838 1373 3895 per
1400 3820 1766 3877 circumcisio-

168 3936 286 3975 nem
313 3923 496 3977 carnis
523 3921 861 3977 circumcisio
891 3923 1104 3988 mentis,
1137 3940 1244 3994 qua
1272 3921 1630 3977 mundabatur
1656 3920 1770 3977 ani-

168 4024 254 4064 ma
280 4026 313 4065 a
353 4011 522 4066 vitiis.
580 4010 711 4065 Tres
760 4009 940 4080 itaque
990 4017 1197 4066 constat
1250 4027 1367 4066 esse
1410 4009 1771 4066 circumcisio-

168 4113 259 4153 nes
289 4119 301 4155 :
336 4101 461 4156 Una
492 4107 574 4156 est
602 4106 1016 4168 sacramentum,
1047 4100 1168 4155 dum
1195 4116 1323 4158 vero
1376 4102 1602 4154 'suntres
1631 4098 1772 4153 illius

165 4188 512 4255 sacramenti,
545 4187 798 4243 videlicet
822 4188 1156 4245 circumcisio
1176 4206 1206 4245 a
1226 4195 1465 4261 peccato,
1497 4204 1615 4259 quae
1645 4203 1771 4257 quo

164 4275 288 4333 tidie
316 4286 397 4332 est
433 4277 488 4331 in
536 4276 739 4345 anima,
770 4285 821 4333 et
850 4277 1187 4334 circumcicio
1218 4295 1250 4334 a
1269 4286 1489 4351 peccato
1525 4276 1593 4332 ab
1622 4277 1772 4333 omni

167 4382 323 4437 pmna
352 4365 591 4439 peccati,
626 4382 746 4435 qum
775 4367 829 4421 in
858 4367 1251 4424 resurrectione
1303 4366 1401 4423 erit
1416 4366 1469 4421 in
1484 4366 1665 4422 anima
1719 4372 1772 4420 et

167 4478 415 4534 corpore.
480 4463 714 4518 Petrinis
750 4471 929 4520 autem
976 4464 1160 4521 cultris
1221 4464 1558 4522 circumcidit
1611 4464 1771 4519 Josue

168 4552 459 4608 intraturos
518 4561 712 4608 terram
762 4553 1212 4623 repromissionis,
1276 4554 1403 4624 quia
1454 4560 1605 4625 petra
1659 4559 1773 4607 erat

171 4640 411 4697 Christus
439 4641 490 4711 (Ι
518 4641 640 4698 Cor.
662 4644 721 4713 ι)
753 4642 842 4712 qui
874 4642 1009 4697 tollit
1037 4649 1256 4714 peccata
1286 4640 1471 4697 mundi
1500 4642 1682 4711 (Joan,
1707 4640 1768 4714 ι).

484 4756 718 4813 SERMO
757 4758 831 4813 ΙΝ
868 4756 1144 4815 OCTAVA
1181 4758 1455 4814 DOMINI.

239 4874 452 4931 Natalis
481 4873 749 4929 Dominici
777 4873 922 4931 diem
952 4874 1111 4930 hodie
1139 4875 1472 4931 celebramus
1498 4880 1770 4944 octavum,

175 4970 228 5024 in
256 4988 367 5042 quo
393 4986 533 5041 puer
574 4971 777 5026 Jesusa
805 4971 1116 5043 parentibus
1162 4972 1338 5028 carnis
1390 4988 1502 5031 sure
1546 4972 1774 5028 carnalis

175 5059 596 5115 circumcisionis
644 5062 851 5132 accepit
894 5068 1288 5116 sacramentum
1318 5062 1477 5133 (Luc.
1509 5063 1592 5131 ιι).
1650 5062 1774 5117 Non

176 5148 319 5203 enim
348 5150 489 5204 sicut
516 5149 633 5220 ipse
664 5150 758 5215 ait,
790 5149 967 5223 legem
999 5158 1221 5206 venerat
1272 5150 1501 5218 solvere,
1532 5149 1627 5204 sed
1682 5149 1775 5205 ad-

176 5236 402 5307 implere
434 5238 659 5307 (Hatth.
713 5240 816 5308 ιιι).
848 5238 1049 5310 Legem
1082 5238 1300 5309 quidem
1330 5239 1591 5310 implevit,
1650 5239 1777 5310 quia

176 5325 243 5381 de
262 5326 399 5381 faece
429 5326 726 5383 carnalium
758 5326 1195 5383 Observationum
1224 5328 1498 5399 spirituale
1552 5327 1779 5398 elinquit

179 5422 528 5492 intellectum,
588 5430 643 5478 et
669 5424 902 5493 quadam
959 5440 1155 5479 arcana
1191 5431 1462 5496 praecepta
1506 5423 1773 5490 mortalia,

178 5537 299 5590 qua:
326 5521 527 5577 Judmis
553 5528 774 5592 propter
826 5519 1188 5576 inﬁrmitatem
1216 5536 1368 5576 suam
1396 5519 1619 5575 remissa
1663 5518 1754 5574 fue

179 5626 279 5673 rat.
310 5621 446 5675 Item
476 5618 532 5674 in
564 5617 860 5689 Evangelio
898 5617 1209 5690 superaddit
1235 5617 1518 5690 praaceptis
1570 5631 1776 5685 eorum,

182 5724 233 5771 et
274 5717 415 5788 ipsas
448 5715 861 5773 observationes
913 5716 1155 5772 carnales
1200 5732 1371 5787 usque
1447 5715 1516 5771 ad
1573 5721 1782 5786 tempus

183 5815 531 5870 correctionis
550 5812 875 5871 observavit.
910 5810 1042 5868 Inde
1071 5820 1151 5868 est
1177 5815 1321 5884 quod
1378 5828 1511 5885 puer
1538 5829 1570 5868 a
1599 5825 1781 5883 paren-

187 5910 324 5967 tibus
366 5919 564 5968 octava
592 5909 683 5966 die
711 5918 792 5968 est
816 5908 1177 5979 circumcisus,
1204 5927 1274 5967 xx.
1300 5909 1388 5967 die
1414 5911 1485 5967 ab
1528 5909 1607 5966 eis
1659 5922 1780 5965 cum

1848 625 2011 679 etiam
2050 624 2117 679 ad
2172 625 2319 682 diem
2367 625 2559 680 festum
2605 623 2958 679 dedicationis
3013 631 3066 679 et
3107 624 3175 679 ad
3232 633 3455 681 caateros

1848 713 1965 766 dies
2019 713 2183 768 festos
2238 713 2643 785 Hierosolymis,
2692 713 2828 768 sicut
2857 712 2911 767 in
2961 710 3265 785 Evangelia
3311 714 3454 785 legi-

1851 818 1988 867 mus,
2014 802 2322 871 frequenter
2372 801 2600 857 occurrit
2627 810 2679 857 et
2712 802 2765 856 in
2794 800 2941 857 nullo
2985 809 3319 857 sacramenta
3366 802 3448 857 le-

1850 890 1997 962 galia
2025 890 2295 957 refutavit,
2328 890 2501 946 donec
2529 891 2586 945 in
2613 898 2795 946 sancto
2813 890 2901 946 die
2945 891 3126 945 Caenea
3153 891 3453 960 immolato,

1853 987 2019 1042 veteri
2052 987 2271 1054 Pascha,
2304 994 2456 1043 vetus
2486 987 2841 1042 sacerdotium
2872 986 3148 1045 innovavit
3193 995 3244 1041 et
3273 995 3453 1042 muta-

1856 1085 1952 1152 vit,
1985 1085 2198 1155 quando
2256 1085 2488 1156 seipsam
2514 1085 2801 1141 convivam
2833 1085 2899 1139 ad
2928 1085 3233 1141 convivium
3288 1084 3454 1139 disci-

1856 1173 1996 1242 pulis
2020 1173 2287 1228 exhibuit.
2339 1173 2617 1228 Translata
2664 1189 2794 1245 ergo
2824 1172 3120 1229 sacerdotio
3169 1173 3305 1227 sicut
3333 1189 3456 1245 apo-

1856 1262 2023 1315 stolus
2042 1263 2136 1331 ait,
2169 1278 2385 1317 necesse
2416 1270 2531 1316 erat
2560 1270 2615 1316 ut
2646 1258 2795 1316 ﬁeret
2823 1270 2873 1317 et
2904 1262 3037 1333 legis
3069 1262 3357 1329 translatio,
3405 1272 3457 1317 et

1861 1365 1962 1417 hoc
2010 1371 2122 1417 erat
2182 1369 2391 1435 tempus
2420 1363 2783 1432 correctionis,
2843 1364 3059 1433 quando
3113 1364 3456 1420 removenda:

1860 1470 2014 1516 erant
2034 1463 2277 1517 carnales
2332 1462 2539 1517 umbra:
2595 1463 2695 1518 sub
2738 1462 2931 1532 quibus
2973 1472 3144 1532 natus,
3204 1470 3259 1517 ct
3292 1480 3456 1532 usque

1863 1559 1932 1614 ad
1968 1561 2229 1629 puerilem
2257 1568 2471 1616 aetatem
2498 1561 2751 1617 educatus
2778 1569 2858 1616 est
2888 1562 3140 1618 Christus.
3189 1561 3343 1619 Unde
3368 1562 3457 1616 di-

1863 1657 2241 1728 citApostolus
2266 1676 2277 1712 :
2306 1681 2328 1706 ι
2365 1659 2655 1729 Postquam
2692 1659 2841 1715 venit
2884 1660 3160 1730 plenitudo
3202 1660 3458 1731 temporis

1865 1745 2009 1799 misit
2036 1746 2181 1800 Deus
2210 1746 2402 1801 Filium
2457 1763 2634 1815 suum,
2665 1755 2849 1802 natum
2872 1766 2940 1802 ex
2960 1749 3203 1816 muliere,
3260 1749 3456 1806 factum

1866 1834 1965 1889 sub
1996 1835 2136 1905 lege,
2160 1843 2260 1889 etc.
2297 1835 2448 1904 (Gal.
2486 1835 2586 1905 iv).
2631 1858 2653 1884 ιι
2690 1837 2746 1892 Si
2775 1837 2920 1891 enim
2950 1854 2982 1892 a
3009 1837 3130 1911 lege
3180 1838 3313 1893 alter
3353 1838 3460 1893 ali-

1865 1922 1983 1993 quis
2011 1922 2384 1979 observatione
2418 1930 2702 1979 extraneus
2745 1924 3035 1980 scientibus
3061 1925 3239 1998 legem
3292 1942 3463 1982 sacra-

1864 2018 2045 2065 menta
2074 2017 2385 2081 exponeret,
2419 2010 2538 2080 quis
2592 2012 2640 2066 ei
2662 2011 2899 2066 auditum
2958 2012 3239 2083 praeberet.
3296 2013 3460 2070 Recto

1862 2106 2026 2180 igitur
2075 2107 2262 2161 ordine
2318 2106 2635 2178 magisterii,
2691 2107 2781 2177 qui
2836 2108 2983 2179 prius
3034 2109 3201 2165 voluit
3253 2111 3464 2167 auditor

1864 2220 1978 2258 esse
2036 2220 2198 2274 quam
2246 2204 2451 2272 doctor,
2501 2204 2646 2275 prius
2693 2220 2813 2260 eam
2876 2222 3090 2262 servare
3144 2222 3306 2276 quam
3345 2208 3463 2277 ejus

1862 2300 2199 2347 sacramenta
2245 2307 2501 2359 reserare,
2572 2301 2628 2347 ut
2672 2308 2769 2364 per
2822 2292 2986 2349 vitam
3031 2302 3084 2349 et
3161 2294 3458 2351 doctrinam

1862 2397 2014 2435 suam
2068 2380 2181 2449 ipse
2213 2396 2327 2435 esse
2383 2390 2796 2452 cognosceretur
2839 2381 2926 2437 cui
2957 2383 3317 2439 testimonium
3372 2384 3460 2441 da-

1865 2476 1994 2533 bant
2014 2479 2101 2533 lex
2122 2485 2175 2533 et
2201 2480 2502 2549 propheta.

1935 2593 2088 2648 Hunc
2143 2593 2308 2662 igitur
2360 2592 2488 2663 quia
2570 2593 2829 2664 quasdam
2906 2610 3094 2651 causas
3161 2597 3449 2668 reddimus,

1866 2697 2031 2752 quare
2059 2681 2159 2735 sub
2190 2682 2309 2751 lege
2338 2688 2493 2736 natus
2538 2690 2619 2738 est
2646 2683 2910 2738 Dominus
2938 2698 2953 2753 ;
2984 2684 3050 2739 de
3105 2685 3464 2744 circumcisio-

1865 2775 1949 2829 nis
1976 2782 2313 2831 sacramento
2341 2791 2504 2845 quam
2562 2776 2617 2830 in
2674 2776 2926 2832 manibus
2976 2778 3256 2849 habemus,
3317 2783 3461 2852 quod

1866 2862 2129 2919 Dominus
2156 2862 2363 2918 dederit
2387 2870 2693 2919 tractemus.
2734 2864 2940 2922 Octava
2988 2868 3186 2924 etenim
3240 2869 3467 2926 circum-

1865 2961 1997 3016 cisio
2025 2961 2117 3016 uni
2167 2959 2438 3016 concinuit
2491 2971 2846 3019 sacramento.
2877 2963 3080 3021 Octava
3123 2966 3179 3021 in
3233 2969 3468 3042 Scriptu-

1867 3050 1939 3104 ris
1967 3065 2063 3120 pro
2112 3049 2410 3104 aeternitate
2437 3049 2610 3119 accipi
2637 3054 2936 3108 consuevit.
2988 3055 3135 3110 Sicut
3185 3058 3329 3112 enim
3383 3074 3465 3113 se-

1867 3146 2094 3217 ptenarii
2142 3147 2349 3201 numeri
2405 3147 2625 3203 circuitu
2653 3165 2832 3205 rerum
2885 3152 3260 3223 temporalium
3313 3156 3465 3212 volu-

1789 3243 1838 3310 C
1868 3243 2066 3309 bilitas,
2126 3243 2199 3297 ita
2269 3258 2367 3313 per
2423 3251 2669 3300 octavam
2738 3245 2828 3315 qui
2876 3249 3178 3317 septenario
3227 3252 3465 3305 succedit

1870 3347 2107 3404 congrue
2137 3331 2449 3404 designatur
2500 3333 2785 3388 aeternitas.
2846 3332 3062 3391 Octava;
3117 3344 3295 3391 autem
3341 3338 3463 3395 ideo

1872 3421 2226 3487 celebrantur,
2261 3420 2387 3490 quia
2408 3421 2597 3493 primis
2625 3420 2814 3476 diebus
2831 3433 3151 3480 concurrunt
3167 3426 3304 3480 sicut
3347 3428 3463 3498 pri-

1873 3525 1994 3564 mus
2048 3509 2363 3564 Dominicus
2419 3510 2535 3564 dies
2570 3509 2639 3565 ad
2694 3510 2918 3566 alterum
2976 3513 3067 3583 qui
3118 3514 3309 3570 eodem
3363 3516 3464 3572 ritu

1873 3606 2196 3661 celebratur.
2263 3606 2328 3661 Et
2385 3607 2642 3677 quoniam
2685 3609 2959 3679 sequentia
3017 3625 3181 3682 opera
3207 3611 3352 3668 bona
3397 3614 3466 3669 ad

1876 3695 2049 3767 prima
2069 3703 2365 3764 recurrunt,
2411 3696 2590 3766 aliquo
2646 3697 2809 3752 modo
2866 3705 3082 3753 octavas
3136 3717 3464 3757 exercemus.

1875 3785 2046 3839 Tanta
2074 3784 2289 3839 miseria
2314 3784 2416 3838 fuit
2444 3784 2497 3839 in
2522 3786 2832 3841 hominibus
2863 3794 2984 3841 ante
3030 3787 3223 3843 Christi
3278 3790 3470 3846 adven-

1878 3880 2014 3941 tum,
2044 3880 2103 3928 ut
2129 3888 2288 3929 nemo
2334 3874 2402 3928 ad
2449 3874 2694 3929 eamdem
2755 3874 3116 3931 innocentiam
3171 3880 3473 3949 perveniret

1877 3986 2038 4039 quam
2067 3970 2255 4026 babuit
2282 3971 2486 4041 primus
2514 3971 2678 4026 homo
2705 3978 2988 4042 antequam
3036 3982 3300 4044 peccaret.
3330 3977 3470 4032 Nam

1877 4076 1931 4124 et
1957 4067 2296 4124 circumcisio
2326 4083 2447 4137 quae
2477 4073 2666 4123 octava
2695 4068 2781 4123 die
2798 4069 3114 4141 celebratur,
3147 4073 3201 4127 in
3219 4076 3472 4132 recorda-

1880 4158 2022 4213 tione
2052 4157 2241 4228 primaa
2294 4156 2613 4212 innocentiae
2668 4157 2948 4230 agebatur,
3008 4160 3063 4214 id
3110 4170 3272 4217 estut
3322 4181 3488 4230 mens.

1877 4244 2190 4301 circumcisa
2219 4251 2358 4298 esset
2385 4244 2454 4298 ab
2492 4244 2640 4299 omni
2696 4246 3016 4318 contagione
3042 4250 3263 4319 carnali,
3312 4268 3472 4323 quam

1873 4333 2169 4405 jussitipsa
2187 4332 2380 4388 umbra
2409 4333 2706 4388 futurorum
2761 4350 3030 4392 verorum.
3088 4338 3327 4395 Christus
3379 4358 3477 4414 per

1876 4422 2203 4494 baptismum
2223 4421 2450 4475 restituit
2486 4421 2541 4476 in
2568 4437 2769 4494 genere
2824 4425 3060 4483 humano
3089 4427 3339 4485 eamdem
3394 4431 3474 4486 in-

1878 4510 2202 4575 nocentiam,
2243 4509 2469 4579 ideoque
2500 4518 2691 4567 octava
2737 4510 2845 4580 die,
2878 4512 2930 4567 id
2961 4521 3043 4569 est
3068 4516 3351 4573 Dominica
3406 4536 3476 4574 ex

1801 4600 1852 4662 D
1879 4599 2149 4671 baptismo
2180 4598 2492 4653 resurrectio
2527 4598 2738 4668 colitur,
2796 4600 2897 4657 hoc
2918 4609 2999 4657 est
3048 4602 3187 4659 inter
3211 4604 3341 4662 istos
3386 4607 3478 4678 qui

1879 4688 2038 4760 primi
2068 4688 2431 4743 innocentiam
2486 4687 2722 4743 hominis
2753 4688 3030 4744 imitantur
3056 4698 3109 4746 et
3136 4692 3258 4749 illos
3284 4695 3373 4765 qui
3420 4696 3477 4751 in

1881 4776 2055 4833 Veteri
2073 4776 2414 4832 Testamento
2461 4784 2631 4832 erant.
2676 4776 2834 4846 Quod
2862 4779 3109 4847 quamvis
3128 4780 3202 4834 illi
3244 4780 3375 4850 justi
3404 4800 3480 4838 es-

1878 4883 2015 4941 sent,
2048 4882 2227 4932 tamen
2257 4872 2634 4929 detinebantur
2660 4873 2802 4929 infra
2846 4875 3075 4932 claustra
3104 4877 3296 4933 interni
3354 4889 3477 4937 ante

1881 4972 2073 5028 Christi
2104 4971 2415 5036 adventum,
2441 4970 2525 5025 isti
2581 4978 2862 5042 penetrant
2887 4987 3055 5044 regna
3076 4975 3354 5032 caelorum.
3412 4978 3478 5034 Et

1881 5061 2135 5131 quoniam
2164 5059 2232 5114 ad
2288 5059 2567 5115 meliorem
2619 5067 2814 5115 statum
2867 5061 2981 5116 vult
3030 5078 3129 5118 nos
3182 5064 3476 5133 perducere

1882 5156 2210 5225 Redemptor
2226 5163 2422 5221 noster,
2455 5171 2617 5225 quam
2649 5156 2871 5211 haberet
2896 5157 3100 5228 primus
3151 5159 3351 5230 Adam,
3383 5161 3477 5218 ad-

1883 5256 1986 5309 huc
2010 5259 2351 5323 exspectatur
2405 5258 2596 5306 octava
2643 5251 2758 5307 dies
2814 5268 2936 5323 qua:
2992 5254 3091 5309 erit
3142 5255 3197 5310 in
3252 5273 3477 5315 resurre-

1883 5351 2059 5407 ctione
2079 5363 2384 5419 corporum.
2415 5345 2625 5401 Primus
2670 5346 2841 5402 Adam
2867 5348 2942 5404 ita
2969 5357 3082 5404 erat
3110 5350 3367 5409 innocens
3422 5362 3479 5412 ut

1884 5447 2065 5510 posset
2091 5452 2334 5509 peccare,
2363 5435 2407 5490 si
2436 5435 2619 5502 vellet,
2651 5435 2706 5491 ef
2735 5452 2833 5491 nos
2888 5437 2962 5491 ita
2980 5439 3275 5509 accipimus
3327 5443 3475 5500 inuo-

1884 5536 2115 5592 centiam
2174 5549 2270 5606 per
2322 5533 2669 5604 baptismum,
2720 5540 2777 5588 ut
2819 5535 3092 5603 possimus
3146 5554 3372 5609 peccare
3427 5551 3482 5599 et

1888 5619 2153 5693 possimus
2207 5633 2316 5673 non
2361 5617 2519 5685 velle,
2576 5615 2673 5673 sed
2729 5624 2849 5688 post
2884 5620 3248 5692 receptionem
3291 5640 3480 5700 corpo-

1886 5723 2006 5764 rum
2025 5723 2184 5762 nemo
2214 5706 2426 5778 poterit,
2454 5720 2614 5761 nemo
2643 5704 2789 5762 volet
2807 5720 3050 5777 peccare.

1958 5814 2128 5888 Igitur
2169 5813 2295 5883 quia
2322 5813 2391 5868 ad
2445 5815 2550 5869 hoc
2594 5811 2848 5868 institutae
2875 5821 2999 5868 sunt
3026 5823 3251 5891 octavae,
3291 5829 3349 5876 ut
3402 5838 3479 5879 re-

1891 5905 2054 5962 deant
2078 5902 2147 5958 ad
2178 5902 2431 5974 primum,
2463 5908 2675 5973 oportet
2699 5900 3039 5961 considerare
3068 5905 3196 5976 quid
3224 5907 3280 5963 in
3334 5916 3481 5967 octau-
