3924 6394
409 347 509 400 803

1524 328 1879 387 WERNERI
1935 326 2224 384 ABBATIS
2276 323 2333 382 S.
2390 324 2621 387 BLASI.

3623 320 3732 385 804

412 467 496 525 vis
544 462 764 521 Domini
821 461 1011 518 redeat
1063 459 1136 516 ad
1191 430 1426 530 primum
1479 432 1625 510 diem
1678 450 1999 510 nativitatis.
2038 450 2094 512 Ᾱ
2124 424 2469 506 similitudini
2522 448 2716 505 mortis
2769 449 2913 519 ejus,
2972 450 3135 505 simul
3208 457 3263 506 et
3308 448 3738 507 resurrectionis

413 564 596 620 Primo
647 561 736 618 die
778 556 1076 615 nativitatis
1123 553 1289 610 exivit
1333 553 1402 609 de
1449 559 1603 609 utero
1650 549 1911 623 Virginis,
1962 554 2016 603 et

410 654 661 711 inventus
693 657 775 707 est
802 649 857 704 in
889 645 1158 719 praesepio
1189 642 1463 700 involutus
1510 641 1723 713 pannis.
1756 635 2017 708 Nunquid

413 751 605 801 octava
632 740 723 796 die
750 738 948 794 iterum
977 734 1144 791 exivit
1169 733 1237 789 de
1267 740 1431 787 utero
1458 728 1720 802 Virginis,
1754 728 2017 783 etinven—

414 842 502 890 tus
532 838 619 888 est
654 828 930 885 involutus
968 822 1168 897 pannis
1196 822 1251 877 in
1308 822 1579 893 praesepio
1634 825 1687 873 et
1742 815 2017 873 celebrata

414 937 534 986 sunt
569 944 635 984 ea
664 942 770 999 que
826 924 893 979 de
938 920 1261 995 angelorum
1315 917 1477 973 aifatu
1533 916 1788 990 leguntur
1841 911 2018 985 prima

411 1021 501 1076 die
531 1024 653 1074 acta
681 1017 709 1069 εἰ
737 1016 1034 1069 Possumus
1089 1018 1272 1065 tamen
1302 1005 1553 1063 invenire
1613 1006 1669 1059 in
1699 1018 1809 1076 quo
1871 1008 2019 1058 octa-

414 1124 482 1166 va
514 1106 634 1163 dies
689 1108 956 1176 congruat
1010 1099 1225 1171 prima).
1293 1096 1439 1150 Duas
1495 1108 1693 1151 causas
1750 1089 2019 1162 intelligi-

412 1213 534 1253 mus
582 1195 637 1249 in
666 1191 862 1249 Christi
918 1188 1199 1245 nativitate
1257 1203 1271 1240 :
1330 1183 1583 1256 primam,
1616 1180 1828 1238 scilicet
1857 1178 2017 1235 Chri-

414 1296 558 1343 stum
588 1282 807 1339 venisse
830 1279 900 1336 ad
929 1277 1180 1335 homines
1212 1293 1226 1339 ;
1261 1273 1557 1331 secundam
1604 1269 1860 1326 homines
1923 1283 2022 1324 ve—
2050 1264 2053 1269 ’

413 1385 559 1442 nisse
590 1381 661 1438 ad
687 1379 986 1437 Christum.
1032 1377 1113 1430 De
1142 1389 1250 1445 qua
1292 1387 1353 1427 re
1397 1369 1536 1427 dicit
1583 1366 1926 1442 Augustinus
1965 1365 2019 1420 in

413 1483 552 1539 libro
573 1478 751 1553 primo
779 1477 861 1531 De
891 1472 1137 1531 doctrina
1183 1468 1515 1526 Christiana.
1586 1467 1712 1521 Non
1769 1463 1914 1519 enim
1953 1460 2022 1516 ad

412 1550 692 1642 eum,'qui
740 1566 943 1637 ubique
993 1576 1240 1634 praesens
1296 1564 1380 1615 est
1399 1556 1538 1612 locis
1574 1569 1877 1622 movemur,
1927 1550 2021 1607 sed

412 1670 556 1726 bono
574 1665 778 1734 studio,
809 1661 1077 1733 bonisque
1097 1657 1357 1714 moribus.
1395 1653 1555 1725 Quod
1586 1668 1696 1709 non
1731 1662 2027 1723 possemus

414 1767 523 1824 nisi
551 1766 675 1838 ipsa
708 1760 977 1834 sapientia
1006 1765 1172 1813 tantae
1192 1755 1355 1812 etiam
1384 1750 1692 1808 inﬁrmitati
1719 1762 2027 1819 congruere

414 1858 763 1931 dignaretur,
801 1859 857 1907 ut
885 1846 1107 1906 vivendi
1155 1841 1473 1915 exemplum
1520 1840 1679 1896 nobis
1734 1838 2024 1910 praeberet.

426 1952 534 2010 Sed
557 1968 666 2009 non
697 1950 858 2006 aliter
888 1961 1045 2017 quam
1077 1943 1133 1999 in
1158 1942 1405 1999 homine.
1442 1940 1580 1994 Nam
1613 1945 1664 1993 et
1693 1952 1795 1991 nos
1840 1933 2028 1989 homi-

419 2058 519 2100 nes
551 2056 773 2097 sumus.
832 2035 944 2093 Sed
994 2032 1256 2108 quianos
1313 2045 1434 2087 cum
1464 2028 1531 2083 ad
1569 2027 1718 2083 illam
1774 2023 2027 2080 venimus

420 2132 703 2205 sapienter
737 2126 990 2191 facimus,
1021 2123 1162 2196 ipsa,
1196 2136 1319 2178 cum
1352 2119 1422 2175 ad
1458 2134 1562 2173 nos
1585 2116 1734 2172 venit
1748 2114 1816 2170 ab
1836 2112 2027 2170 homi-

418 2203 579 2278 nibus
610 2217 869 2291 superbis
900 2212 1061 2287 quasi
1109 2211 1274 2267 stulte
1302 2208 1522 2274 fecisse,
1570 2213 1757 2277 putata
1813 2210 1921 2259 est.
1961 2203 2027 2257 Et

422 2320 679 2395 quoniam
710 2333 813 2372 nos
842 2315 911 2370 ad
938 2312 1089 2368 illam
1123 2308 1368 2367 venimus
1413 2303 1866 2369 convalescimus,
1909 2301 2027 2372 ipsa

425 2436 551 2478 cum
590 2417 661 2474 ad
717 2431 820 2471 nos
872 2411 1022 2469 venit
1076 2407 1232 2481 quasi
1267 2405 1482 2461 inﬁrma
1538 2401 1853 2459 existimata
1908 2406 2017 2455 est.

424 2507 565 2562 Cum
592 2517 726 2575 ergo
755 2500 874 2571 ipsa
904 2496 973 2553 sit
1027 2493 1228 2567 patria,
1253 2491 1397 2546 viam
1418 2503 1633 2561 quoque
1689 2502 1749 2541 se
1775 2484 1900 2541 fecit
1956 2483 2025 2538 ad

425 2572 683 2666 patriam:
717 2589 784 2644 Et
814 2602 940 2644 cum
978 2599 1112 2640 sano
1151 2588 1206 2639 et
1235 2596 1370 2652 puro
1420 2576 1669 2633 interiori
1683 2575 1844 2631 oculo
1900 2572 2026 2628 ubi-

427 2662 534 2756 que
565 2682 636 2737 sit
661 2692 929 2752 praesens,
961 2687 1155 2731 eorum
1184 2670 1278 2741 qui
1304 2667 1524 2725 oculum
1545 2665 1698 2721 illum
1752 2662 2026 2718 inﬁrmum

428 2776 882 2846 immundumque
928 2770 1152 2836 habent,
1217 2765 1389 2824 oculis
1466 2778 1732 2836 apparere
1805 2760 2028 2833 dignata

432 2877 535 2927 est.
565 2866 706 2936 Quia
735 2864 883 2921 enim
920 2861 973 2918 in
996 2857 1267 2931 sapientia
1302 2854 1426 2921 Dei,
1467 2868 1579 2909 non
1602 2858 1813 2923 poterat
1868 2865 2030 2904 mun-

428 2961 558 3026 dus,
623 2964 685 3013 et
731 2970 832 3027 per
880 2966 1036 3008 suam
1063 2945 1329 3020 sapientia
1354 2943 1474 3010 Dei,
1506 2958 1615 3001 non
1632 2948 1847 3013 poterat
1870 2955 2030 2996 mun-

428 3060 551 3125 dus,
609 3062 666 3113 et
722 3067 824 3125 per
872 3064 1027 3106 suam
1083 3044 1409 3118 sapientiam
1436 3056 1779 3114 cognoscere
1806 3040 2026 3105 Deum;

2123 549 2329 605 erimus
2378 551 2555 619 (Rom.
2587 551 2685 619 v1).
2718 571 2739 596 η
2764 548 2898 617 Quae
2928 555 3112 605 autem
3164 547 3259 604 illa
3307 549 3375 603 sit
3433 547 3736 604 similitudo

2123 646 2315 701 mortis
2343 645 2626 701 audiamus
2663 646 2731 700 ab
2761 643 2921 718 ipso:
2958 670 2978 695 «
3015 645 3379 719 Complantati
3438 646 3584 702 enim
3643 662 3738 700 su-

2124 751 2245 791 mus
2277 735 2328 791 ei
2379 751 2480 807 per
2523 734 2858 806 baptismum
2915 735 2970 791 in
3029 742 3283 803 mortem,
3342 741 3400 789 ut
3455 735 3738 807 quomodo

2127 832 2376 889 Christus
2403 834 2751 889 resurrexita
2779 833 3027 899 mortuis,
3086 849 3186 904 per
3241 831 3473 905 gloriam
3532 830 3735 889 Patris.

2124 924 2202 978 ita
2254 930 2307 979 et
2351 938 2452 978 nos
2507 923 2563 977 in
2618 921 2860 979 novitate
2886 922 3010 978 vitae
3064 921 3404 977 ambulemus
3455 920 3671 989 (ibid.).
3707 942 3729 968 υ

2125 1011 2254 1068 Haec
2285 1011 2479 1067 mortis
2505 1010 2800 1067 similitudo
2829 1009 3047 1083 peccati
3075 1017 3157 1066 est
3186 1009 3391 1066 ablutio
3438 1007 3687 1080 perfecta
3719 1023 3734 1077 ;
3774 1015 3779 1021 '

2127 1108 2339 1166 novitas
2367 1124 2496 1165 vero
2525 1110 2651 1165 vitae
2681 1107 2993 1165 observatio
3033 1108 3283 1181 justitiae.
3314 1107 3444 1164 Haec
3469 1107 3592 1180 ipsa
3646 1113 3738 1161 est

2127 1198 2306 1270 prima
2345 1198 2677 1255 resurrectio
2734 1197 2953 1264 animm,
3002 1198 3070 1254 de
3119 1212 3228 1270 qua
3275 1197 3407 1253 dicit
3435 1197 3673 1252 Joannes
3709 1212 3725 1249 :

2136 1310 2156 1337 ‹‹
2191 1286 2342 1343 Beati
2392 1287 2484 1360 qui
2521 1287 2725 1343 habent
2749 1295 2958 1358 partem
3012 1286 3067 1343 in
3096 1286 3499 1342 resurrectione
3544 1284 3728 1356 prima

2132 1387 2323 1460 (Apoc.
2357 1389 2480 1457 xx).
2524 1409 2545 1437 ››
2580 1388 2643 1441 In
2689 1383 2775 1441 his
2806 1383 3046 1441 secunda
3076 1398 3245 1451 mors,
3304 1381 3359 1437 id
3390 1389 3474 1437 est
3526 1388 3735 1437 aeterna

2130 1499 2242 1539 non
2271 1485 2437 1541 habet
2466 1490 2811 1554 potestatem.
2846 1482 2975 1537 Haec
3005 1479 3200 1537 eadem
3229 1494 3360 1535 vera
3387 1486 3469 1534 est
3508 1477 3738 1534 circum-

2133 1583 2288 1653 cisio,
2319 1598 2421 1654 per
2449 1595 2618 1654 quam
2670 1595 2780 1636 non
2811 1586 2990 1636 cutem
3023 1576 3206 1634 carnis
3259 1574 3485 1648 petrinis
3540 1573 3737 1632 cultris

2136 1678 2525 1752 exspoliamus,
2550 1677 2649 1733 sed
2689 1686 2933 1734 veterem
2958 1675 3256 1741 hominem,
3317 1673 3372 1729 id
3397 1681 3479 1727 est
3533 1670 3737 1728 veteris

2054 1815 2107 1874 B
2136 1778 2371 1835 hominis
2397 1775 2806 1832 similitudinem
2827 1774 3043 1829 Christo
3074 1770 3421 1837 conformati,
3455 1785 3580 1827 cum
3617 1769 3737 1824 suis

2136 1868 2353 1927 actibus
2382 1866 2726 1938 deponimus.
2772 1864 2853 1920 De
2882 1878 2987 1935 qua
3043 1861 3173 1918 alibi
3227 1860 3358 1917 dicit
3393 1858 3684 1931 Apostolus
3719 1875 3733 1912 :

2142 1991 2163 2017 «ε
2197 1969 2319 2023 Non
2346 1965 2491 2021 enim
2522 1962 2862 2021 circumcisio
2893 1968 2976 2018 est
3005 1976 3128 2033 qua:
3156 1960 3228 2014 sit
3253 1959 3309 2013 in
3336 1958 3646 2028 manifesto,
3677 1956 3735 2011 id

2134 2062 2219 2112 est
2245 2055 2304 2110 in
2328 2070 2517 2120 carne,
2559 2053 2660 2108 sed
2709 2048 3053 2108 circumcisio
3112 2047 3295 2104 cordis
3336 2063 3456 2118 qum
3509 2060 3621 2101 non
3670 2043 3735 2099 ﬁt

2133 2145 2332 2213 littera,
2389 2143 2488 2200 sed
2534 2142 2725 2213 spiritu
2754 2140 2981 2213 (Ephcs.
3014 2140 3105 2209 ιι).
3157 2160 3178 2185 »π
3205 2136 3309 2192 Illa
3324 2150 3456 2209 ergo
3486 2133 3731 2191 exterior

2133 2234 2297 2304 hujus
2327 2231 2638 2288 interiorius
2667 2229 2850 2303 ﬁgura
2870 2227 3130 2294 est,sicut
3149 2226 3492 2283 deAbraham
3505 2222 3736 2295 jamper

2132 2323 2298 2378 ﬁdem
2321 2321 2618 2391 iustiﬁcato
2647 2318 2779 2376 dicit
2832 2317 2952 2389 ipse
2972 2314 3285 2388 Apostolus,
3342 2313 3468 2385 quia
3511 2313 3734 2385 signum

2133 2410 2569 2470 circumcisionis
2626 2407 2837 2479 accepit
2864 2404 3204 2479 signaculum
3257 2403 3482 2473 justitim
3536 2404 3723 2470 (Bern.

2133 2504 2237 2572 ιν).
2284 2503 2434 2557 Bene
2451 2507 2628 2556 autem
2660 2495 2915 2555 convenit
2942 2504 3152 2552 octavae
3180 2496 3420 2561 nostrae;
3451 2490 3601 2564 quod
3627 2490 3734 2547 cir-

2130 2590 2393 2648 cumcisio
2411 2587 2601 2645 carnis
2628 2586 2684 2642 in
2741 2601 2807 2642 ea
2836 2593 2986 2657 parte
3021 2582 3081 2638 ﬁt
3099 2582 3361 2653 corporis,
3421 2597 3518 2653 per
3569 2595 3733 2652 quam

2132 2681 2371 2737 humana
2408 2676 2704 2734 mortalitas
2753 2680 3111 2746 propagatur.
3146 2673 3287 2729 Vera
3306 2669 3449 2726 enim
3496 2668 3734 2726 circum-

2134 2778 2269 2835 cisio
2297 2777 2357 2832 in
2378 2783 2571 2831 nostra
2623 2780 2836 2840 octava,
2886 2771 2944 2826 id
2975 2777 3059 2825 est
3109 2770 3166 2824 in
3192 2766 3439 2841 generali
3490 2781 3734 2822 resurre-

2136 2868 2317 2925 ctione
2345 2862 2726 2936 complebitur,
2767 2877 2891 2918 cum
2953 2856 3303 2930 corruptibile
3330 2857 3437 2913 hoc
3490 2854 3736 2912 incorru-

2136 2955 2328 3029 ptibili,
2363 2962 2417 3010 et
2444 2951 2674 3009 mortale
2703 2951 2809 3007 hoc
2865 2946 3213 3004 imortalitate
3234 2944 3520 3003 vestietur.
3582 2944 3737 3000 Sicut

2138 3052 2319 3102 autem
2353 3043 2407 3099 in
2428 3058 2495 3098 ea
2536 3049 2696 3113 parte
2725 3038 2913 3096 carnis
2959 3036 3080 3094 visa
3109 3043 3192 3092 est
3244 3032 3461 3105 impleri
3513 3031 3734 3089 carnali-

424 3121 628 3229 placuit
658 3121 779 3209 Deo
815 3164 919 3221 per
946 3145 1225 3202 stultitiam
1283 3138 1690 3214 praedicationis
1733 3137 1916 3193 salvos
1943 3134 2032 3189 fa-
2058 3152 2107 3215 c
2138 3144 2235 3204 ter,
2270 3142 2326 3189 ut
2355 3130 2759 3206 signiﬁcaretur
2787 3126 3068 3199 implenda
3085 3123 3461 3197 Spiritualiter,
3518 3121 3649 3179 licet
3674 3128 3733 3176 ut

426 3270 554 3313 cere
576 3250 867 3311 credentes
896 3248 945 3317 (1
972 3247 1100 3303 Cor.
1151 3248 1215 3311 ι).
1261 3242 1388 3297 Non
1418 3238 1587 3312 igitur
1642 3252 1734 3308 per
1784 3235 2026 3290 locorum

427 3342 605 3416 spatia
642 3338 936 3404 veniendo,
990 3334 1088 3390 sed
1133 3333 1189 3387 in
1233 3345 1401 3388 carne
1428 3325 1649 3384 mortali
1705 3322 2031 3380 mortalibus

425 3411 740 3505 apparando
769 3426 990 3484 venisse
1035 3423 1108 3479 ad
1134 3437 1236 3477 nos
1264 3419 1480 3475 dicitur.
1513 3416 1647 3471 Illuc
1702 3428 1837 3486 ergo
1875 3411 2031 3468 venit

422 3531 518 3589 ubi
566 3536 705 3594 erat,
749 3525 882 3598 quia
927 3523 984 3578 in
1020 3522 1125 3577 hoc
1179 3517 1383 3574 mundo
1414 3523 1551 3584 erat,
1585 3520 1638 3570 et
1662 3511 1898 3568 mundus
1927 3524 2032 3582 per

419 3636 545 3679 eum
584 3619 758 3675 factus
779 3622 860 3671 est
875 3614 1059 3687 (Joan.
1084 3614 1146 3672 ι).

1095 3708 1304 3765 Divisio
1317 3747 1329 3759 .

493 3813 695 3875 Christi
741 3813 1036 3869 adventum
1092 3806 1164 3862 ad
1244 3801 1500 3860 homines
1554 3798 1785 3857 colimus
1842 3796 1898 3851 in
1936 3794 2027 3851 die

418 3904 759 3965 Nativitatis.
798 3899 1092 3957 Hominum
1124 3902 1307 3951 autem
1335 3893 1627 3948 adventum
1654 3888 1724 3943 ad
1750 3886 2025 3942 Christum

420 3998 655 4057 colimus
680 3994 736 4050 in
766 3988 973 4047 octavis
1003 3987 1149 4057 ejus.
1190 3984 1341 4040 Sicut
1369 3980 1515 4037 enim
1562 3975 1877 4048 septenario
1901 3974 2025 4030 die-

421 4111 543 4152 rum
572 4090 747 4164 spatio
775 4084 1135 4159 temporalem
1169 4079 1507 4136 nativitatem
1563 4073 1761 4131 Christi
1818 4088 2024 4144 reprae-

423 4162 778 4248 sentavimus,
835 4190 945 4249 qua
1000 4172 1148 4231 venit
1193 4170 1338 4225 inter
1394 4166 1647 4223 homines
1702 4162 1878 4219 exsilii
1917 4163 2024 4217 hu-

419 4273 514 4344 jus
571 4268 725 4327 mala
771 4263 1041 4338 perferre.
1086 4268 1141 4316 et
1193 4255 1475 4329 languenti
1526 4252 1733 4310 mundo
1762 4267 1859 4307 sua
1882 4251 2026 4306 bona

427 4339 705 4426 conferre,
737 4356 810 4411 ita
830 4349 1094 4426 praesenti
1120 4356 1314 4406 octava
1361 4361 1480 4402 eam
1537 4341 1735 4398 Christi
1772 4339 2023 4395 nativita-

424 4460 557 4519 tem,
607 4447 665 4502 in
702 4442 884 4517 ﬁgura
909 4439 1273 4506 celebramus,
1306 4451 1428 4508 quae
1457 4448 1578 4490 curn
1618 4437 1900 4503 assumpto
1928 4429 2026 4484 ho-

425 4550 571 4606 mine
592 4541 847 4602 transivit
893 4540 962 4596 de
992 4540 1097 4595 hoc
1141 4534 1347 4592 mundo
1402 4532 1472 4589 ad
1500 4520 1736 4597 Patrem,
1787 4527 1917 4602 quia
1974 4534 2026 4583 et

426 4635 810 4695 transformata
842 4638 923 4687 est
948 4628 1073 4699 ejus
1128 4642 1252 4684 caro
1308 4623 1379 4679 de
1435 4619 1786 4693 corruptione
1839 4617 1907 4672 ad
1938 4617 2027 4671 in-

424 4723 851 4799 corruptionem,
893 4719 963 4776 de
1018 4715 1351 4773 mortalitate
1403 4711 1471 4766 ad
1528 4707 2015 4765 immortalitatem.

423 4819 487 4873 In
541 4796 709 4873 carne
762 4810 909 4867 illius
939 4808 1060 4878 jam
1114 4805 1368 4875 absorpta
1423 4808 1507 4857 est
1534 4798 1727 4854 mortis
1776 4796 2021 4865 victoria,

419 4905 549 4979 quia
577 4904 719 4960 sicut
770 4900 832 4955 in
872 4913 993 4955 eam
1021 4894 1347 4966 completam
1380 4896 1558 4947 certa
1584 4886 1692 4944 ﬁde
1735 4888 1852 4958 jam
1899 4902 2024 4943 cre-

418 5003 619 5069 dimus,
645 5000 716 5056 ita
744 4998 802 5054 in
826 5011 995 5053 carne
1044 4996 1240 5050 nostra
1293 4989 1528 5046 futuram
1585 4989 1734 5043 certa
1758 5001 1856 5058 spe
1912 5000 2024 5040 non

419 5093 759 5148 dubitamus.

486 5182 566 5238 Ita
594 5178 741 5238 enim
771 5174 903 5231 dicit
923 5170 1220 5247 Apostolus
1254 5183 1267 5224 :
1307 5191 1329 5219 «
1366 5166 1425 5224 Si
1462 5163 1795 5239 complantai
1830 5176 2021 5221 sumus

2140 3239 2252 3279 non
2281 3221 2607 3278 exhibeatur
2647 3216 3029 3288 corporaliter,
3090 3222 3380 3288 quatenus,
3437 3210 3737 3268 secundum

2140 3311 2479 3385 Apostolum,
2517 3332 2537 3358 ‹-
2575 3325 2685 3365 ιιοιι
2714 3307 3067 3363 exhibeamus
3097 3302 3343 3359 membra
3366 3306 3557 3356 nostra
3584 3315 3737 3355 arma

2140 3400 2436 3475 iniquitatis
2491 3405 2739 3470 peccato,
2799 3396 2897 3452 sed
2925 3409 3081 3449 arma
3121 3392 3345 3461 iustitiae
3402 3390 3516 3446 Deo
3545 3391 3725 3457 (Rom.

2141 3492 2243 3564 vi).
2281 3514 2301 3539 υ
2329 3486 2792 3546 Circumcidamus
2823 3500 2955 3557 ergo
2985 3497 3141 3537 aures
3189 3480 3258 3535 ab
3286 3479 3471 3535 illicito
3526 3478 3730 3544 auditu,

2140 3581 2329 3638 oculos
2367 3579 2437 3635 ab
2466 3577 2652 3633 illicito
2708 3574 2859 3642 visu,
2882 3589 3045 3628 nares
3075 3571 3144 3627 ab
3193 3568 3379 3625 illicito
3408 3567 3624 3635 olfactu,
3670 3584 3733 3623 os

2140 3672 2210 3726 ab
2240 3669 2426 3725 illicito
2458 3676 2640 3741 gustu,
2673 3681 2769 3723 cor
2796 3663 2863 3718 ab
2893 3663 3082 3719 illicita
3110 3658 3456 3732 cogitatione,
3490 3656 3730 3729 linguam

2139 3761 2208 3817 ab
2238 3758 2421 3814 illicita
2450 3756 2746 3822 locutione,
2778 3768 2970 3808 manus
3008 3750 3079 3807 ab
3123 3749 3311 3805 illicito
3340 3755 3507 3815 tactu,
3565 3748 3733 3819 pedes

2140 3846 2210 3901 ab
2238 3843 2426 3900 illicito
2457 3842 2696 3909 incessu,
2730 3855 2819 3905 ne,
2862 3836 3161 3893 secundum
3193 3833 3534 3905 pr0phetam,
3584 3847 3728 3886 mors

2138 3933 2300 3990 intret
2321 3932 2392 3989 ad
2419 3932 2628 3987 animas
2689 3935 2909 3984 nostras
2969 3941 3067 3997 per
3094 3923 3363 3980 fenestras
3421 3922 3557 3992 (Jcr.
3615 3922 3720 3989 Ix).

2136 4032 2290 4089 Unde
2316 4030 2522 4103 primus
2543 4032 2751 4100 martyr
2778 4041 2789 4080 :
2813 4024 3015 4080 Iudaeis
3034 4039 3229 4080 sensus
3251 4017 3498 4092 corporis
3528 4018 3595 4075 ab
3624 4017 3728 4073 ilii-

2136 4129 2258 4186 citis
2277 4143 2388 4183 non
2412 4124 2830 4182 observantibus
2860 4120 3010 4178 dicit.
3051 4143 3070 4169 (ι
3098 4116 3463 4177 Incircumcisi
3477 4113 3729 4171 cordibus

2138 4228 2195 4276 et
2228 4217 2474 4287 auribus,
2533 4231 2639 4271 vos
2696 4228 2914 4285 semper
2965 4207 3187 4282 Spiritui
3218 4214 3408 4263 sancto
3465 4203 3729 4261 restitistis

2137 4319 2299 4389 (Act.
2337 4318 2422 4387 v).
2465 4338 2486 4365 ι)
2520 4313 2746 4384 Quoties
2766 4325 2903 4386 ergo
2943 4308 3292 4365 festivitatem
3315 4305 3477 4360 istam
3533 4303 3724 4358 annuis

2137 4404 2580 4463 solemnitatibus
2607 4401 3040 4474 frequentamus,
3081 4394 3381 4452 secundum
3436 4391 3599 4448 ﬁdem
3626 4407 3724 4462 ge—

2054 4517 2106 4577 D
2137 4505 2367 4562 storum,
2402 4510 2525 4566 quae
2571 4491 2640 4547 de
2672 4506 2739 4547 ea
2793 4489 3046 4561 leguntur
3099 4487 3447 4549 honoremus,
3503 4486 3559 4538 et
3611 4496 3725 4536 eam

2137 4586 2208 4644 ad
2237 4599 2454 4641 morum
2482 4580 2905 4638 aediﬁcationem
2934 4576 3256 4643 referentes,
3291 4570 3451 4627 ﬁdem
3499 4569 3725 4637 ﬁrmam,

2135 4681 2457 4739 charitatem
2488 4694 2602 4735 non
2642 4676 3009 4746 ﬁctam,spem
3055 4678 3261 4728 certam
3294 4676 3401 4723 tam
3445 4666 3535 4722 diu
3574 4674 3725 4722 tenea

2135 4796 2279 4850 mus,
2304 4780 2501 4845 donec,
2519 4782 2785 4833 evacuato
2811 4772 2953 4846 quod
2971 4787 3037 4827 ex
3054 4776 3208 4842 parte
3224 4774 3325 4834 est,
3346 4764 3724 4839 perfectionem

2134 4878 2294 4936 nobis
2321 4875 2652 4949 promissam
2669 4869 3135 4945 comprehendere
3146 4864 3577 4923 mereamur.His
3587 4862 3723 4919 enim

2134 4978 2464 5033 inconcusse
2489 4971 2841 5029 manentibus
2869 4967 3137 5025 dissoluta
3171 4965 3338 5035 hujus
3384 4959 3724 5018 habitationis

2130 5076 2318 5142 domo,
2351 5072 2573 5128 domum
2610 5084 2719 5125 non
2748 5066 3121 5122 manufactam
3163 5069 3424 5118 aeternam
3482 5058 3537 5112 in
3592 5056 3721 5113 coelo

2130 5168 2491 5238 pracparatam
2521 5159 2841 5225 habeamus,
2877 5160 3167 5228 praestante
3198 5149 3433 5207 Domino
3451 5154 3651 5204 nostro.

1334 5448 1464 5552 IN
1541 5445 2225 5552 EPIPHANIA
2300 5440 2751 5548 DOMINI
2776 5517 2801 5543 .

493 5726 515 5751 (ι
552 5701 686 5757 Cum
716 5706 877 5754 natus
919 5703 1067 5777 esset
1092 5697 1255 5771 Iasus
1284 5694 1340 5751 in
1384 5693 1704 5752 Bethlehem
1742 5691 1915 5762 Judaa,
1961 5693 2025 5750 in-
2123 5690 2441 5750 Iudaeorum
2471 5691 2501 5745 ‘2
2539 5712 2560 5738 α
2594 5686 2815 5759 (Matth.
2848 5684 2949 5753 ιι.)
2977 5682 3195 5753 (Bern).
3243 5679 3479 5751 Tempus
3508 5689 3714 5749 quoque

418 5790 614 5867 diebus
644 5786 878 5843 Herodis
906 5787 1077 5860 regis,
1110 5801 1242 5842 ecce
1258 5784 1403 5856 Magi
1425 5784 1493 5839 ab
1508 5783 1733 5861 Oriente
1749 5789 2019 5841 venerunt

418 5875 878 5971 Hierosolymam,
910 5875 1158 5941 dicentes
1188 5889 1203 5928 :
1236 5872 1337 5928 Ubi
1366 5879 1451 5930 est
1491 5872 1586 5945 qui
1612 5879 1776 5931 natus
1802 5879 1889 5928 est
1915 5885 2019 5930 rex

2127 5778 2363 5837 Herodis
2411 5778 2696 5836 Dominico
2748 5783 3031 5834 attestatur
3075 5771 3332 5828 adventu.
3401 5765 3713 5823 Praedictum

2125 5885 2365 5944 namque
2393 5867 2592 5941 fuerat,
2632 5866 2761 5942 quia
2788 5889 2811 5916 α
2846 5880 2957 5925 non
2985 5860 3202 5923 deﬁciet
3212 5855 3707 5933 princepsexJuda,
