3924 6402
376 396 479 453 807

1529 369 1875 432 WERNERI
1910 367 2200 427 ABBATIS
2239 363 2298 426 S.
2338 366 2558 426 BLASII

3601 355 3716 412 808

376 521 562 579 vinam
584 519 762 574 lucem
791 518 1095 585 recuperat,
1141 517 1198 565 ut
1235 503 1510 563 Christum
1542 500 1729 558 credat
1754 499 1823 555 de
1854 497 1981 555 Vir-
2011 497 2064 557 A
2094 495 2298 569 prioris
2327 494 2448 550 vitae
2477 492 2774 549 abstinere.
2812 487 3204 561 (Gnacomus).
3237 487 3336 541 Per
3361 483 3525 540 aliam
3554 481 3716 539 viam

381 612 512 686 gine
533 615 745 664 natum.
781 603 951 661 Stella
981 599 1272 657 Dominum
1329 593 1650 650 discernens
1681 605 1789 646 non
1816 586 1987 642 tenuit

379 677 628 758 sidereas
660 695 794 761 vias,
852 691 949 748 sed
978 689 1126 746 domi
1158 687 1331 744 vicina
1361 683 1511 739 stetit
1558 697 1721 752 supra
1776 677 1984 733 subau-

380 800 465 856 dis
495 798 678 854 locum
710 793 802 849 ubi
833 799 949 848 erat
977 805 1133 861 puer.
1164 786 1298 842 Haec
1346 783 1526 848 stella,
1558 788 1613 835 ut
1641 780 1720 834 ait
1751 777 1988 849 Fulgen-

378 890 504 954 tius,
556 899 832 956 nunquam
862 888 1023 935 antea
1079 873 1338 948 apparuit
1393 887 1549 944 quam
1581 867 1755 939 Magis
1793 863 1990 938 praevia

381 953 816 1052 putareturpsed
869 977 998 1024 tunc
1035 973 1224 1023 creata
1275 971 1377 1031 est,
1419 971 1470 1017 et
1529 965 1748 1032 peracto
1806 953 1988 1012 ol’ticio

383 1082 506 1122 mox
536 1078 660 1119 esse
689 1059 872 1116 desiit.

453 1205 474 1229 α
511 1180 773 1236 Videntes
804 1183 991 1230 autem
1041 1171 1258 1227 stellam
1318 1166 1464 1240 Magi
1493 1163 1666 1238 gavisi
1697 1169 1821 1217 sunt
1849 1175 1995 1231 gau-

381 1274 470 1328 dio
509 1282 709 1339 magno
745 1263 926 1320 valde.
975 1262 1044 1316 Et
1095 1261 1369 1315 intrantes
1416 1257 1637 1310 domum
1675 1252 1997 1307 invenerunt

397 1338 623 1433 puerum
649 1371 774 1412 cum
795 1353 968 1408 Maria
1016 1359 1187 1405 matre
1209 1348 1348 1417 ejus,
1388 1353 1442 1400 et
1469 1342 1820 1416 procidentes
1857 1338 1994 1392 ado-

388 1428 650 1505 raverunt
682 1459 833 1499 eum.
869 1461 890 1492 ι
924 1441 987 1495 Et
1017 1440 1284 1494 intrantes
1313 1436 1556 1499 domum,
1578 1432 1633 1487 id
1651 1439 1734 1485 est
1752 1428 1996 1484 diverso-

386 1546 548 1611 rium,
581 1541 727 1616 quod
762 1540 937 1596 Lucas
967 1542 1384 1599 commemorat,
1419 1531 1740 1586 invenerunt
1765 1541 1995 1597 puerum

386 1643 442 1691 et
466 1614 694 1688 matrem
727 1630 866 1699 ejus.
898 1625 1109 1697 Joseph
1160 1631 1348 1679 autem
1380 1620 1582 1677 idcirco
1613 1624 1839 1681 tacetur,
1870 1614 1999 1686 quia

386 1723 595 1780 nullum
624 1719 693 1775 de
756 1716 945 1774 ofﬁciis
974 1715 1046 1770 ad
1103 1711 1383 1769 nutritium
1415 1704 1812 1782 pertinentibus
1840 1718 1995 1760 com-

384 1816 736 1868 memoratur.
803 1805 900 1861 Vel
968 1802 1220 1860 fortassis
1284 1816 1396 1856 non
1451 1798 1660 1864 aderat,
1719 1809 1789 1848 ne
1855 1791 1994 1845 male

389 1897 720 1971 suspicionis
751 1893 972 1951 occasio
1003 1899 1170 1948 esset.
1220 1891 1288 1945 Et
1316 1886 1664 1960 procidentes
1701 1892 1806 1938 tam
1839 1896 1994 1936 men-

390 2009 442 2056 te
471 2013 633 2071 quam
665 2009 897 2065 corpore
925 1989 1201 2046 humiliter
1230 1985 1535 2044 adorantin
1564 1998 1726 2040 carne
1742 1980 1996 2036 Verbum.

451 2128 487 2161 .«
517 2105 586 2160 Et
615 2100 816 2174 apertis
842 2097 1114 2154 thesauris
1146 2095 1258 2150 suis
1324 2091 1642 2148 obtulerunt
1671 2087 1720 2144 ei
1751 2100 1999 2151 munera,

393 2218 606 2268 aurum,
639 2201 766 2255 thus
796 2205 848 2253 et
875 2195 1185 2267 myrrham.
1216 2217 1237 2240 υ
1275 2192 1334 2245 In
1366 2204 1506 2245 auro
1527 2201 1738 2260 regem,
1769 2184 1825 2238 in
1847 2184 2003 2236 thure

388 2294 589 2356 Deum,
623 2289 678 2343 in
706 2287 934 2358 myrrha
960 2282 1255 2339 mortalem
1286 2278 1550 2349 intellige.
1604 2280 1812 2330 Aurum
1853 2287 2007 2326 nam-

388 2397 494 2453 que
525 2378 596 2434 ad
648 2377 931 2440 tributum,
992 2373 1114 2427 thus
1143 2371 1212 2425 ad
1270 2365 1625 2430 sacrificium,
1684 2361 1907 2433 myrrha
1936 2359 2006 2414 ad

392 2449 731 2542 sepulturam
770 2463 1010 2536 pertinet
1065 2467 1425 2522 mortuorum,
1460 2454 1586 2525 quia
1615 2452 1754 2510 solet
1784 2449 2006 2521 myrrha

392 2564 603 2624 condiri
641 2579 710 2618 ne
748 2565 1096 2634 putrescant.
1146 2553 1556 2626 (Gnacontus.)
1610 2551 1794 2604 Habes
1823 2547 2008 2618 itaque

397 2657 454 2712 in
488 2655 575 2708 his
646 2667 756 2707 non
811 2648 1088 2704 modicam
1149 2658 1432 2700 sacrorum
1487 2639 1878 2712 cognitionem,
1954 2635 2008 2689 in

401 2742 624 2800 homine
655 2738 866 2806 mortis,
900 2737 956 2791 in
985 2736 1099 2790 Deo
1131 2729 1571 2795 resurrectionis,
1605 2727 1659 2782 in
1691 2741 1828 2797 rege
1852 2723 2007 2796 judi-

404 2839 494 2906 cii,
528 2838 583 2892 in
623 2851 759 2892 auro
790 2847 1008 2904 quoque
1049 2828 1371 2901 sapientiam
1401 2824 1663 2896 intellige,
1715 2831 1771 2877 ut
1799 2821 1875 2878 ait
1904 2821 2008 2876 Sa-

404 2930 621 2985 lomon:
655 2949 675 2973 α
708 2925 1021 2979 Thesaurus
1040 2916 1461 2979 desiderabitur,
1492 2913 1804 2984 requiescet
1832 2911 1886 2965 in
1909 2925 2008 2965 ore

402 3015 663 3090 sapientis
693 3015 885 3081 (Prov.
921 3011 1060 3079 xxx).
1101 3031 1122 3057 ι
1156 3009 1216 3061 In
1244 3007 1399 3060 thure
1430 3003 1685 3061 virtutem
1727 2998 2004 3064 orationis,

400 3123 456 3172 ut
481 3113 652 3169 illud:
691 3135 712 3159 α
751 3109 1034 3182 Dirigatur
1091 3105 1264 3161 oratio
1296 3117 1420 3158 mea
1467 3100 1608 3156 sicut
1636 3099 1918 3154 incensum
1949 3095 2008 3148 in

401 3209 700 3274 conspectu
757 3206 850 3254 tuo
881 3197 1063 3267 (Psat.
1129 3209 1254 3248 exn.
1289 3193 1338 3264 )3
1398 3191 1458 3245 ln
1489 3189 1715 3260 myrrha
1765 3185 2009 3257 intellige

405 3301 608 3349 nostrae
630 3287 814 3346 carnis
836 3282 1329 3342 mortiﬁcationem.
1361 3279 1516 3336 Unde
1545 3277 1678 3332 illud
1713 3294 1726 3331 :
1764 3297 1785 3326 ι
1821 3276 2011 3328 Manus

405 3398 542 3438 mea
591 3377 990 3434 distillaverunt
1017 3373 1303 3444 myrrham
1359 3369 1594 3441 primam
1653 3366 1841 3433 (Cant.
1875 3363 1949 3431 v).
1983 3384 2003 3410 »

407 3470 652 3543 Mystice,
685 3466 857 3523 stellae
895 3471 1041 3519 ortus
1071 3462 1309 3534 primum
1329 3475 1360 3514 a
1389 3457 1561 3529 Magis
1580 3454 1887 3510 intellectus
1919 3454 2009 3506 in-

403 3541 547 3618 dicat
597 3573 722 3613 mox
778 3562 973 3628 gentes
1011 3553 1068 3608 in
1131 3551 1400 3607 Christum
1459 3545 1781 3602 credituras.
1844 3541 2011 3598 Stella

406 3657 553 3717 enim
618 3672 716 3730 per
772 3651 1157 3728 propheticum
1211 3661 1526 3704 sermonem
1578 3642 1774 3700 Christi
1831 3648 2009 3698 ortum

408 3729 757 3807 confitentem
805 3740 1097 3815 significat.
1129 3736 1374 3794 Herodes
1415 3750 1542 3791 vero
1574 3733 1875 3797 diabolum,
1917 3729 2010 3802 qui

407 3837 628 3912 cognita
658 3833 761 3891 sibi
791 3831 1068 3888 nativitate
1113 3826 1458 3900 persequitur
1513 3839 1636 3879 eum
1669 3821 1721 3876 in
1750 3819 2010 3876 membris

409 3908 543 3984 suis.
584 3925 665 3980 Ad
704 3939 866 3996 quem
907 3919 1049 3992 Magi
1092 3923 1351 3990 pergunt,
1407 3913 1536 3968 dum
1592 3913 1661 3967 ab
1699 3908 2011 3966 idololatria

409 4025 602 4092 gentes
642 4012 924 4076 recedunt,
959 4017 1012 4065 et
1041 4009 1109 4063 ad
1146 4006 1367 4062 domum
1395 4003 1451 4058 in
1480 4017 1589 4075 qua
1619 3999 1869 4056 Christus
1905 4005 2006 4065 est,

411 4089 468 4163 id
497 4110 582 4162 est
609 4103 676 4159 ad
707 4098 1041 4158 Catholicam
1073 4095 1380 4153 Ecclesium
1401 4089 1820 4164 perveniunt.In
1850 4102 2009 4160 quam

408 4221 508 4278 per
539 4203 702 4258 fidem
723 4201 988 4256 intrantes
1005 4197 1367 4251 invenuerunt
1395 4191 1668 4247 Christum
1700 4203 1822 4244 cum
1846 4185 2014 4241 Maria

407 4276 584 4349 matre
615 4291 754 4360 ejus.
805 4285 1003 4343 Christi
1050 4293 1225 4340 mater
1280 4280 1601 4353 intelligitur
1645 4276 1882 4333 ﬁdelium
1915 4289 2010 4330 so-

410 4384 604 4448 cietas,
635 4380 690 4434 in
736 4393 839 4450 qua
893 4374 1142 4431 Christus
1172 4388 1269 4444 per
1322 4368 1487 4426 ﬁdem
1519 4367 1749 4423 habitat.
1796 4363 2013 4436 Apertis

411 4468 703 4536 thesauris,
735 4466 789 4521 id
846 4473 930 4522 est
977 4464 1280 4519 litterarum
1335 4459 1550 4531 peritia,
1609 4455 1928 4513 obtulerunt
1963 4453 2015 4510 ei

2095 585 2162 640 ad
2195 584 2481 658 regionem
2511 590 2754 638 nostram
2785 578 3126 652 regredimur
3153 573 3479 641 obediendo,
3522 589 3558 627 a
3598 587 3718 644 qua

2096 673 2451 731 discessimus
2482 668 2870 727 inobediendo.

2096 801 2172 856 De
2204 815 2265 856 eo
2294 799 2439 871 quod
2470 797 2657 853 omnis
2675 798 2941 850 creatura
2956 792 3070 849 dici
3088 792 3292 862 posssit
3321 786 3713 860 TheOphania,

2453 890 2510 942 et
2539 885 2607 942 de
2655 884 2833 940 tribus
2869 880 3342 955 apparitionibus.

2170 1001 2518 1075 TheOphania
2548 1008 2630 1057 est
2657 998 2926 1072 apparitio
2982 996 3190 1054 divina.
3233 995 3358 1066 Ipsa
3387 1001 3470 1049 est
3497 991 3715 1048 simili-

2099 1093 2230 1149 tudo
2260 1091 2464 1156 divina,
2496 1090 2553 1144 in
2612 1104 2722 1162 qua
2751 1094 2981 1159 apparet
3028 1093 3082 1141 et
3108 1083 3480 1140 manifestatur
3528 1081 3711 1137 Deus.

2103 1191 2158 1247 Si
2200 1189 2322 1262 quis
2361 1203 2583 1245 omnem
2656 1193 2962 1241 creaturam
3015 1180 3423 1253 Theophaniam
3476 1176 3711 1243 dixerit,

2103 1295 2211 1336 non
2244 1277 2468 1334 errabit.
2509 1274 2862 1344 Theophania
2923 1271 3177 1343 potentiae
3221 1276 3304 1325 est
3331 1275 3713 1324 creaturarum

2103 1366 2452 1441 magnitudo.
2489 1363 2837 1434 TheOphania
2893 1359 3174 1432 sapientiae
3220 1366 3525 1414 creaturam
3573 1354 3712 1426 pul-

2103 1457 2382 1514 chritudo.
2407 1452 2761 1524 Theophania
2794 1450 3047 1506 bonitatis
3077 1457 3446 1505 creaturarum
3469 1444 3711 1500 utilitas.

2105 1546 2298 1603 Omnis
2356 1551 2604 1601 creatura
2651 1542 2894 1613 aliquam
2929 1538 3335 1594 similitudinem
3365 1536 3522 1591 habet
3579 1549 3712 1590 cum

2107 1642 2362 1698 Domino.
2423 1640 2608 1696 Prima
2635 1637 2934 1694 similitudo
2987 1644 3252 1693 creatura
3280 1633 3350 1690 ad
3405 1633 3579 1688 Deum
3623 1639 3714 1686 est

2107 1731 2252 1804 quod
2308 1737 2430 1794 est;
2491 1728 2753 1795 secunda,
2813 1727 2959 1799 quod
3014 1741 3118 1781 una
3169 1732 3299 1790 est;
3347 1722 3520 1788 tertia,
3555 1719 3712 1792 quod

2027 1853 2080 1913 B
2112 1836 2275 1876 omne
2313 1818 2460 1891 quod
2489 1826 2590 1886 est,
2624 1817 2679 1871 in
2709 1817 2813 1872 hoc
2843 1823 2942 1885 est,
2975 1814 3119 1886 quod
3149 1829 3313 1868 unum
3362 1819 3469 1867 est.
3502 1809 3612 1865 Sed
3642 1824 3712 1864 ex

2107 1919 2194 1973 his
2224 1933 2346 1990 quae
2376 1924 2518 1982 sunt,
2578 1923 2630 1971 et
2661 1930 2827 1969 unum
2882 1917 3032 1979 sunt,
3064 1911 3170 1966 alia
3216 1927 3283 1966 ex
3312 1925 3417 1965 uno
3465 1916 3608 1970 sunt,
3645 1914 3712 1962 ut

2106 2005 2421 2063 naturaliter
2445 2003 2715 2075 simplicia
2758 2021 2772 2068 ;
2819 2001 2926 2056 alia
2957 2017 3022 2056 ex
3055 1999 3350 2071 pluribus.
3384 2005 3440 2052 ut
3485 2010 3713 2066 compo-

2111 2097 2233 2152 sita.
2269 2094 2370 2150 llla
2398 2102 2582 2149 autem
2612 2107 2733 2164 quae
2761 2098 2887 2146 sunt
2948 2097 3000 2145 et
3031 2105 3194 2144 unum
3247 2095 3390 2154 sunt,
3421 2094 3473 2142 et
3504 2102 3570 2142 ex
3599 2099 3712 2140 uno

2111 2201 2254 2259 sunt,
2278 2191 2462 2264 magis
2495 2191 2610 2246 Deo
2639 2187 2840 2244 similia
2869 2195 3012 2252 sunt,
3059 2183 3348 2257 pmcipue,
3369 2183 3416 2238 si
3444 2183 3710 2238 unitatem

2112 2305 2266 2348 suam
2299 2305 2459 2360 quam
2488 2303 2560 2343 ex
2591 2285 2839 2359 pluribus
2866 2300 2976 2340 non
2998 2283 3276 2354 colligunt,
3311 2281 3382 2338 ad
3409 2281 3568 2352 plura
3598 2295 3709 2336 non

2113 2378 2402 2435 effundunt
2414 2419 2427 2432 .
2452 2376 2614 2432 Tales
2631 2383 2755 2430 sunt
2768 2382 2976 2430 naturae
2995 2371 3289 2442 spiritales,
3313 2387 3436 2443 quae
3450 2371 3625 2440 magis
3637 2369 3711 2424 ad

2115 2466 2529 2524 similitudinem
2551 2464 2649 2520 Dei
2661 2463 2951 2528 accedunt,
2969 2462 3092 2533 quia
3104 2475 3206 2517 nec
3217 2475 3282 2516 ex
3295 2459 3547 2531 pluribus
3559 2466 3707 2524 sunt,

2117 2556 2246 2628 quia
2274 2563 2398 2611 sunt
2429 2562 2625 2610 natura
2641 2551 2945 2623 simplicia;
2979 2567 3078 2606 nec
3102 2549 3262 2622 plura
3303 2565 3370 2605 ex
3397 2548 3548 2620 ipsis,
3583 2547 3711 2618 quia

2113 2668 2226 2711 non
2243 2657 2472 2723 possunt
2501 2665 2625 2704 esse
2644 2645 2892 2702 materia.
2925 2647 2985 2700 In
3008 2645 3093 2700 his
3112 2645 3290 2716 posuit
3320 2643 3582 2699 Dominus
3602 2643 3710 2698 duo

2119 2743 2191 2797 ad
2223 2748 2494 2805 naturam,
2553 2737 2662 2792 duo
2683 2735 2754 2790 ad
2783 2733 3014 2790 formam
3046 2750 3060 2788 :
3091 2732 3255 2789 vitam
3285 2740 3339 2788 et
3382 2746 3602 2787 sensum
3639 2729 3708 2785 ad

2119 2838 2387 2894 naturam,
2407 2825 2773 2899 cognitionem
2801 2833 2856 2879 et
2882 2822 3229 2879 dilectionem
3257 2821 3326 2876 ad
3349 2819 3614 2889 formam;
3637 2819 3708 2875 ad

2118 2930 2281 2987 vitam
2310 2924 2703 2999 cognitionem,
2727 2922 2798 2978 ad
2811 2936 3034 2976 sensum
3052 2920 3416 2976 dilectionem.
3449 2920 3574 2974 Hac
3603 2919 3710 2974 duo

2119 3031 2405 3088 suprema,
2437 3021 2491 3070 et
2519 3015 2636 3069 Deo
2663 3011 2914 3083 proxima
2943 3017 3086 3075 sunt,
3117 3017 3172 3064 et
3199 3023 3466 3080 expressa
3485 3009 3667 3081 imago
3694 3027 3705 3064 :

2119 3104 2362 3178 cognitio
2394 3101 2642 3158 veritatis
2670 3108 2723 3156 et
2752 3114 2905 3155 amor
2931 3099 3168 3154 virtutis.
3234 3101 3499 3154 Praeterea
3527 3098 3710 3153 viden-

2040 3210 2088 3271 ο
2118 3195 2247 3250 dum
2280 3200 2361 3248 est
2408 3191 2478 3246 de
2517 3188 2694 3245 tribus
2748 3187 2964 3244 indiciis
3019 3187 3219 3259 quibus
3260 3186 3503 3242 Christus
3551 3186 3712 3240 hodie

2121 3296 2388 3355 apparere
2417 3277 2610 3334 voluit.
2650 3277 2782 3333 Cum
2815 3277 3039 3332 Creator
3097 3275 3246 3342 olim,
3277 3275 3475 3331 fratres
3505 3274 3707 3331 charis-

2121 3379 2264 3447 simi,
2297 3377 2530 3433 formam
2571 3375 2718 3431 servi
2751 3389 2849 3444 pro
2878 3373 3060 3429 servis
3088 3373 3381 3444 accipiens,
3399 3371 3630 3428 latenter
3654 3371 3708 3426 in

2118 3468 2388 3525 mundum
2445 3463 2705 3526 venisset,
2750 3463 2921 3518 voluit
2977 3478 3037 3517 se
3095 3463 3267 3517 tribus
3306 3461 3468 3516 hodie
3500 3461 3709 3516 indiciis

2119 3555 2430 3612 hominibus
2480 3553 2876 3609 demonstrare.
2913 3550 3087 3606 Hodie
3107 3551 3252 3605 enim
3273 3550 3325 3604 in
3348 3550 3654 3606 Bethlehem
3679 3565 3708 3603 a

2120 3645 2296 3719 Magis
2326 3651 2410 3700 est
2465 3642 2722 3698 adoratus
2769 3641 2992 3712 (Matth.
3037 3639 3120 3712 ll).
3161 3639 3331 3696 Hodie
3361 3655 3394 3694 a
3419 3639 3623 3695 Joanne
3655 3639 3710 3694 in

2119 3745 2366 3801 Jordane
2424 3741 2727 3813 baptizatus
2783 3747 2868 3794 est
2907 3740 3072 3808 (Luc.
3136 3741 3238 3809 ιη).
3297 3738 3470 3794 Hodie
3517 3737 3572 3792 in
3616 3754 3709 3793 nu-

2117 3835 2245 3906 ptiis
2307 3830 2614 3888 mutatione
2686 3844 2845 3901 aqua:
2900 3828 2954 3883 in
3012 3828 3194 3884 vinum
3253 3827 3579 3884 clarificatus
3630 3836 3709 3883 est

2122 3926 2307 3990 (Joan.
2341 3926 2423 3992 ιι).

2189 4031 2369 4086 Prima
2397 4026 2763 4084 manifestatio
2783 4025 2922 4082 facta
2944 4029 3027 4082 est
3047 4033 3130 4082 est
3151 4025 3206 4081 in
3223 4025 3404 4097 primo
3428 4040 3568 4081 anno
3589 4026 3707 4080 nati-

2118 4129 2304 4186 vitatis
2357 4142 2502 4193 sute;
2536 4124 2794 4192 secunda,
2855 4123 2910 4178 in
2964 4124 3281 4191 tricesimo;
3313 4124 3365 4178 in
3424 4124 3602 4190 tertia,
3654 4124 3706 4178 in

2118 4217 2367 4289 sequenti
2394 4230 2576 4272 annno
2607 4221 2732 4286 post
2761 4212 3088 4269 tricesimum
3118 4229 3340 4268 annum.
3377 4214 3569 4270 Divina
3599 4213 3706 4268 dis-

2119 4307 2387 4381 positione
2408 4307 2527 4361 ha-c
2547 4309 2662 4360 tres
2681 4301 3149 4359 manifestationes
3169 4304 3362 4358 eodem
3381 4303 3470 4358 die
3489 4302 3708 4358 diversis

2120 4399 2280 4455 annis
2336 4395 2699 4466 contigerunt.
2759 4392 2868 4447 Sed
2915 4392 3080 4448 modo
3135 4393 3204 4449 de
3257 4392 3432 4465 prima
3471 4408 3700 4466 agamus.

2122 4495 2309 4554 Voluit
2339 4510 2574 4566 namque
2605 4492 2867 4548 Dominus
2899 4491 3212 4548 ostensione
3243 4507 3398 4549 nova:
3429 4492 3594 4549 stellae
3614 4493 3704 4548 tri-

409 4579 564 4628 terna
593 4580 846 4632 munera,
880 4563 1089 4622 scilicet
1117 4559 1418 4634 physicam,
1450 4556 1705 4629 logicam,
1756 4553 2005 4621 ethicam,

2129 4553 2228 4642 bus
2287 4584 2460 4656 Magis
2489 4553 2565 4637 “in
2622 4581 2878 4638 Chaltlzea
2923 4581 3115 4653 positis
3172 4581 3506 4639 nativitatem
3563 4597 3703 4638 suam

406 4660 495 4716 vel
531 4655 836 4725 historiam,
869 4652 1214 4725 allegoriam,
1247 4647 1638 4721 tropologiam,
1688 4645 1774 4701 vel
1804 4650 2009 4700 sanctae

407 4748 687 4806 Trinitatis
725 4743 914 4801 fidem.
987 4739 1224 4798 Nomina
1262 4747 1449 4794 autem
1505 4736 1667 4791 trium
1722 4735 2010 4806 Magorum

411 4837 678 4896 Hebraice
715 4832 1014 4906 Appellius,
1066 4833 1323 4895 Amerus,
1364 4827 1688 4882 Damascus.
1730 4822 2010 4894 Appellius

409 4939 797 5009 interpretatur
822 4930 1027 5003 ﬁdelis.
1052 4933 1282 4986 Amerus
1315 4924 1570 4991 humilis,
1596 4923 1897 4979 Damascus
1914 4922 2014 4976 mi-

411 5027 650 5084 sericors
675 5041 689 5088 ;
715 5021 911 5078 Graeca
927 5025 1112 5074 autem
1128 5017 1318 5089 lingua
1338 5013 1512 5071 vocati
1529 5020 1682 5068 sunt:
1706 5009 2010 5084 Magalach,

416 5113 738 5188 Galgalach,
763 5109 1008 5166 Saracin.
1027 5105 1317 5178 Magalacb
1337 5103 1721 5175 interpretatur
1744 5101 2008 5166 nuntius,

413 5203 715 5276 Galgalach
743 5201 992 5264 devotus,
1028 5194 1254 5251 Saracin
1283 5194 1497 5264 gratia.

487 5336 508 5360 α
544 5311 612 5366 Εῑ
639 5321 908 5381 responso
962 5309 1193 5374 accepto
1224 5301 1280 5356 in
1309 5299 1518 5356 somnis
1566 5315 1636 5354 ne
1677 5296 1918 5354 redirent
1947 5295 2015 5352 ad

414 5399 706 5466 Herodem,
737 5413 838 5468 per
865 5395 1026 5452 aliam
1057 5393 1203 5450 viam
1254 5391 1467 5446 reversi
1497 5393 1624 5445 sunt
1649 5389 1703 5444 in
1735 5387 2017 5460 regionem

415 5513 588 5552 suam.
625 5518 646 5543 π
683 5493 778 5550 Pio
804 5492 1003 5549 affectu
1057 5488 1440 5546 desiderantes
1467 5486 1600 5557 quid
1638 5485 1827 5541 divina
1849 5483 2017 5554 jube-

411 5600 496 5647 ret
533 5589 807 5657 voluntas,
839 5587 1111 5660 accipiunt
1128 5599 1451 5657 responsum
1473 5598 1583 5640 non
1612 5598 1710 5655 per
1730 5581 2010 5655 angelum,

417 5688 514 5745 sed
553 5704 582 5743 a
620 5686 856 5742 Domino
884 5685 1141 5742 divinitus
1195 5683 1515 5748 edocentur,
1564 5695 1635 5737 ne
1665 5680 1892 5737 redeant
1947 5680 2019 5738 ad

420 5785 720 5842 Herodem.
752 5785 1091 5853 (Hiualus).
1152 5785 1213 5838 In
1253 5797 1361 5853 quo
1400 5782 1771 5837 admonemur
1799 5797 2018 5838 omnem

411 5881 644 5938 salutem
699 5890 754 5938 et
808 5895 966 5954 spem
993 5881 1049 5936 in
1090 5879 1307 5935 Christo
1349 5878 1553 5946 locare,
1608 5880 1774 5935 etab
1827 5879 2020 5937 itinere

2117 4674 2427 4732 ostendere.
2486 4672 2732 4744 Cumque
2762 4669 2922 4740 periti
2951 4679 3220 4726 astrorum
3249 4679 3305 4726 et
3352 4685 3548 4727 novam
3579 4670 3703 4727 stel-

2119 4779 2229 4834 1am
2258 4776 2528 4835 apparere
2585 4760 2852 4826 viderent,
2880 4759 2999 4828 ejus
3025 4759 3223 4830 peritia
3260 4761 3389 4816 artis
3417 4770 3590 4816 ortum
3617 4776 3705 4817 no-

2119 4876 2248 4917 vum
2274 4873 2459 4932 regem
2490 4855 2874 4912 intellexerunt
2901 4855 3128 4926 (Matth.
3180 4859 3264 4927 n).
3297 4855 3417 4914 Sed
3445 4859 3568 4931 quia
3595 4859 3702 4930 qui-

2121 4951 2248 5007 dam
2278 4947 2544 5020 pr0pheta
2586 4945 2770 5001 multis
2799 4951 2926 5004 ante
2953 4947 3289 5017 temporibus
3337 4947 3547 5004 Balaam
3577 4950 3703 5021 apud

2121 5065 2219 5107 eos
2247 5047 2609 5122 prmdixrrat:
2647 5070 2667 5094 α
2696 5045 2916 5102 Orietur
2940 5045 3097 5102 stella
3127 5063 3191 5103 ex
3221 5048 3412 5116 Iacob,
3450 5057 3503 5105 et
3530 5066 3702 5106 exsur-

2122 5147 2213 5210 get
2241 5138 2329 5194 vir
2357 5137 2426 5193 de
2458 5135 2626 5191 Israel
2654 5136 2842 5204 (Num.
2879 5137 3049 5206 xxrv),
3077 5156 3099 5187 ι
3133 5151 3254 5193 cum
3276 5138 3704 5196 mirabilemstel-

2124 5228 2233 5283 lam
2261 5241 2364 5282 nec
2400 5225 2498 5282 ulli
2531 5224 2960 5296 comparabilem
3019 5226 3418 5298 conspicerent,
3448 5229 3611 5295 illum,
3635 5229 3698 5286 de

2124 5341 2233 5398 quo
2260 5324 2477 5379 Balaam
2533 5323 3001 5395 pronuntiaverat,
3057 5329 3242 5379 natum
3278 5325 3443 5382 fuisse
3472 5327 3697 5384 credide-

2124 5422 2267 5471 runt.
2303 5411 2535 5468 Veniunt
2589 5419 2767 5468 autem
2823 5411 3007 5466 divina
3037 5411 3388 5484 inSpiratione
3445 5415 3499 5470 in
3529 5416 3698 5472 Hiem-

2127 5505 2321 5570 salem,
2353 5517 2472 5574 quae
2493 5501 2812 5572 metropolis
2838 5509 2950 5556 erat
2997 5501 3167 5557 Juda'.
3211 5503 3494 5559 Divertunt
3521 5505 3586 5561 ad
3611 5506 3699 5562 He-

2127 5591 2340 5659 rodem,
2374 5593 2628 5663 qumrunt
2657 5590 2725 5646 de
2781 5605 2982 5662 puero.
3033 5591 3276 5664 Cumque
3303 5592 3594 5651 diverteret
3639 5593 3697 5650 ad

2129 5687 2708 5760 Herodem,disparuit
2730 5688 2810 5745 eis
2827 5687 3004 5745 stella.
3039 5688 3280 5746 Herodes
3313 5695 3494 5747 autem
3526 5709 3697 5748 vocans

2131 5787 2356 5845 Scribas
2411 5787 2764 5860 interrogavit
2827 5787 2917 5843 ubi
2966 5787 3211 5856 Messias,
3270 5791 3359 5862 qui
3432 5791 3698 5862 promissus

2132 5889 2254 5941 erat
2281 5886 2335 5942 in
2391 5886 2534 5958 lege,
2569 5885 2874 5944 nasciturus
2918 5895 3084 5944 esset.
3116 5885 3312 5945 Dicunt
3341 5889 3391 5947 ei
3427 5909 3441 5945 :
3476 5888 3531 5946 ln
3560 5892 3696 5949 Beth-
