  <div class='ocr_page' id='page_1' title='image "/cluster/home/n/w/nwhite01/storage/ocr_20150623/156-157/uc1.31175010662024/1046.png"; bbox 0 0 3924 6398; ppageno 0'>
   <div class='ocr_carea' id='block_1_1' title="bbox 155 375 252 425">
    <p class='ocr_par' dir='ltr' id='par_1_1' title="bbox 155 375 252 425">
     <span class='ocr_line' id='line_1_1' title="bbox 155 375 252 425; baseline 0 0"><span class='ocrx_word' id='word_1_1' title='bbox 155 375 252 425; x_wconf 82' lang='grc'>809</span> 
     </span>
    </p>
   </div>
   <div class='ocr_carea' id='block_1_2' title="bbox 1095 367 2510 426">
    <p class='ocr_par' dir='ltr' id='par_1_2' title="bbox 1095 367 2510 426">
     <span class='ocr_line' id='line_1_2' title="bbox 1095 367 2510 426; baseline 0.001 -3"><span class='ocrx_word' id='word_1_2' title='bbox 1095 367 1678 425; x_wconf 82' lang='lat' dir='ltr'>DEFLORATIONES</span> <span class='ocrx_word' id='word_1_3' title='bbox 1715 368 1821 426; x_wconf 88' lang='lat' dir='ltr'>SS.</span> <span class='ocrx_word' id='word_1_4' title='bbox 1867 368 2167 426; x_wconf 80' lang='lat' dir='ltr'>PATRUM.</span> <span class='ocrx_word' id='word_1_5' title='bbox 2197 400 2269 411; x_wconf 96' lang='lat'><strong>—</strong></span> <span class='ocrx_word' id='word_1_6' title='bbox 2297 369 2424 426; x_wconf 86' lang='lat' dir='ltr'>LIB.</span> <span class='ocrx_word' id='word_1_7' title='bbox 2467 372 2510 425; x_wconf 82' lang='grc' dir='ltr'><strong>Ι.</strong></span> 
     </span>
    </p>
   </div>
   <div class='ocr_carea' id='block_1_3' title="bbox 3345 376 3446 429">
    <p class='ocr_par' dir='ltr' id='par_1_3' title="bbox 3345 376 3446 429">
     <span class='ocr_line' id='line_1_3' title="bbox 3345 376 3446 429; baseline 0.02 -2"><span class='ocrx_word' id='word_1_8' title='bbox 3345 376 3446 429; x_wconf 87' lang='grc'>810</span> 
     </span>
    </p>
   </div>
   <div class='ocr_carea' id='block_1_4' title="bbox 155 491 3452 566">
    <p class='ocr_par' dir='ltr' id='par_1_4' title="bbox 155 491 3452 566">
     <span class='ocr_line' id='line_1_4' title="bbox 155 491 3452 566; baseline 0 -19"><span class='ocrx_word' id='word_1_9' title='bbox 155 495 349 548; x_wconf 87' lang='lat' dir='ltr'>lehem.</span> <span class='ocrx_word' id='word_1_10' title='bbox 383 492 636 549; x_wconf 88' lang='lat' dir='ltr'>Herodes</span> <span class='ocrx_word' id='word_1_11' title='bbox 669 491 850 566; x_wconf 80' lang='lat' dir='ltr'>igitur,</span> <span class='ocrx_word' id='word_1_12' title='bbox 882 509 1002 550; x_wconf 91' lang='lat' dir='ltr'>cum</span> <span class='ocrx_word' id='word_1_13' title='bbox 1053 502 1189 548; x_wconf 89' lang='lat' dir='ltr'>esset</span> <span class='ocrx_word' id='word_1_14' title='bbox 1226 494 1548 564; x_wconf 88' lang='lat' dir='ltr'>alienigena,</span> <span class='ocrx_word' id='word_1_15' title='bbox 1581 501 1633 548; x_wconf 93' lang='lat' dir='ltr'>et</span> <span class='ocrx_word' id='word_1_16' title='bbox 1661 509 1751 546; x_wconf 89' lang='lat' dir='ltr'>re-</span> <span class='ocrx_word' id='word_1_17' title='bbox 1781 492 1835 552; x_wconf 84' lang='lat' dir='ltr'><strong>A</strong></span> <span class='ocrx_word' id='word_1_18' title='bbox 1869 492 2105 546; x_wconf 82' lang='lat' dir='ltr'>Herodes</span> <span class='ocrx_word' id='word_1_19' title='bbox 2137 492 2405 547; x_wconf 76' lang='lat' dir='ltr'>diabolus.</span> <span class='ocrx_word' id='word_1_20' title='bbox 2447 493 2524 547; x_wconf 79' lang='lat' dir='ltr'>Ad</span> <span class='ocrx_word' id='word_1_21' title='bbox 2555 509 2711 564; x_wconf 86' lang='lat' dir='ltr'>quem</span> <span class='ocrx_word' id='word_1_22' title='bbox 2735 492 2826 564; x_wconf 88' lang='lat' dir='ltr'>qui</span> <span class='ocrx_word' id='word_1_23' title='bbox 2858 492 3071 549; x_wconf 89' lang='lat' dir='ltr'>divertit</span> <span class='ocrx_word' id='word_1_24' title='bbox 3089 493 3287 551; x_wconf 80' lang='lat' dir='ltr'>amisso</span> <span class='ocrx_word' id='word_1_25' title='bbox 3327 513 3452 552; x_wconf 85' lang='lat' dir='ltr'>vero</span> 
     </span>
    </p>
   </div>
   <div class='ocr_carea' id='block_1_5' title="bbox 150 589 1750 664">
    <p class='ocr_par' dir='ltr' id='par_1_5' title="bbox 150 589 1750 664">
     <span class='ocr_line' id='line_1_5' title="bbox 150 589 1750 664; baseline -0.001 -19"><span class='ocrx_word' id='word_1_26' title='bbox 150 606 314 664; x_wconf 85' lang='lat' dir='ltr'>gnum</span> <span class='ocrx_word' id='word_1_27' title='bbox 343 590 552 647; x_wconf 67' lang='lat' dir='ltr'>Judaeaa</span> <span class='ocrx_word' id='word_1_28' title='bbox 583 592 736 648; x_wconf 90' lang='lat' dir='ltr'>dono</span> <span class='ocrx_word' id='word_1_29' title='bbox 782 592 1146 647; x_wconf 82' lang='lat' dir='ltr'>Romanorum</span> <span class='ocrx_word' id='word_1_30' title='bbox 1190 590 1384 659; x_wconf 77' lang='lat' dir='ltr'>injuste</span> <span class='ocrx_word' id='word_1_31' title='bbox 1436 589 1750 662; x_wconf 82' lang='lat' dir='ltr'>possideret,</span> 
     </span>
    </p>
   </div>
   <div class='ocr_carea' id='block_1_6' title="bbox 157 679 1754 752">
    <p class='ocr_par' dir='ltr' id='par_1_6' title="bbox 157 679 1754 752">
     <span class='ocr_line' id='line_1_6' title="bbox 157 679 1754 752; baseline -0.001 -17"><span class='ocrx_word' id='word_1_32' title='bbox 157 680 413 751; x_wconf 78' lang='lat' dir='ltr'>cogitavit</span> <span class='ocrx_word' id='word_1_33' title='bbox 441 697 553 750; x_wconf 89' lang='lat' dir='ltr'>quo</span> <span class='ocrx_word' id='word_1_34' title='bbox 605 697 835 752; x_wconf 89' lang='lat' dir='ltr'>puerum</span> <span class='ocrx_word' id='word_1_35' title='bbox 883 688 1064 750; x_wconf 82' lang='lat' dir='ltr'>posset</span> <span class='ocrx_word' id='word_1_36' title='bbox 1109 679 1376 747; x_wconf 90' lang='lat' dir='ltr'>occidere,</span> <span class='ocrx_word' id='word_1_37' title='bbox 1437 679 1631 733; x_wconf 89' lang='lat' dir='ltr'>timens</span> <span class='ocrx_word' id='word_1_38' title='bbox 1686 694 1754 734; x_wconf 91' lang='lat' dir='ltr'>ne</span> 
     </span>
    </p>
   </div>
   <div class='ocr_carea' id='block_1_7' title="bbox 151 769 1751 840">
    <p class='ocr_par' dir='ltr' id='par_1_7' title="bbox 151 769 1751 840">
     <span class='ocr_line' id='line_1_7' title="bbox 151 769 1751 840; baseline -0.001 -17"><span class='ocrx_word' id='word_1_39' title='bbox 151 785 374 840; x_wconf 78' lang='lat' dir='ltr'>regnum</span> <span class='ocrx_word' id='word_1_40' title='bbox 405 769 708 826; x_wconf 88' lang='lat' dir='ltr'>amitteret.</span> <span class='ocrx_word' id='word_1_41' title='bbox 758 770 881 825; x_wconf 91' lang='lat' dir='ltr'>Non</span> <span class='ocrx_word' id='word_1_42' title='bbox 936 777 1015 824; x_wconf 91' lang='lat' dir='ltr'>est</span> <span class='ocrx_word' id='word_1_43' title='bbox 1074 769 1234 840; x_wconf 88' lang='lat' dir='ltr'>igitur</span> <span class='ocrx_word' id='word_1_44' title='bbox 1285 785 1443 823; x_wconf 91' lang='lat' dir='ltr'>ausus</span> <span class='ocrx_word' id='word_1_45' title='bbox 1498 769 1574 823; x_wconf 90' lang='lat' dir='ltr'>ire</span> <span class='ocrx_word' id='word_1_46' title='bbox 1629 783 1751 823; x_wconf 90' lang='lat' dir='ltr'>cum</span> 
     </span>
    </p>
   </div>
   <div class='ocr_carea' id='block_1_8' title="bbox 150 866 1752 938">
    <p class='ocr_par' dir='ltr' id='par_1_8' title="bbox 150 866 1752 938">
     <span class='ocr_line' id='line_1_8' title="bbox 150 866 1752 938; baseline -0.001 -18"><span class='ocrx_word' id='word_1_47' title='bbox 150 867 317 938; x_wconf 80' lang='lat' dir='ltr'>Magis</span> <span class='ocrx_word' id='word_1_48' title='bbox 345 866 414 921; x_wconf 91' lang='lat' dir='ltr'>ad</span> <span class='ocrx_word' id='word_1_49' title='bbox 446 867 810 936; x_wconf 67' lang='lat' dir='ltr'>quaerendum</span> <span class='ocrx_word' id='word_1_50' title='bbox 839 883 1088 936; x_wconf 87' lang='lat' dir='ltr'>puerum,</span> <span class='ocrx_word' id='word_1_51' title='bbox 1122 883 1187 920; x_wconf 88' lang='lat' dir='ltr'>ne</span> <span class='ocrx_word' id='word_1_52' title='bbox 1234 873 1482 938; x_wconf 89' lang='lat' dir='ltr'>parentes</span> <span class='ocrx_word' id='word_1_53' title='bbox 1528 881 1752 936; x_wconf 89' lang='lat' dir='ltr'>puerum</span> 
     </span>
    </p>
   </div>
   <div class='ocr_carea' id='block_1_9' title="bbox 151 954 1751 1027">
    <p class='ocr_par' dir='ltr' id='par_1_9' title="bbox 151 954 1751 1027">
     <span class='ocr_line' id='line_1_9' title="bbox 151 954 1751 1027; baseline -0.003 -17"><span class='ocrx_word' id='word_1_54' title='bbox 151 955 499 1020; x_wconf 83' lang='lat' dir='ltr'>occultarent,</span> <span class='ocrx_word' id='word_1_55' title='bbox 543 972 674 1010; x_wconf 89' lang='lat' dir='ltr'>cum</span> <span class='ocrx_word' id='word_1_56' title='bbox 732 955 1022 1010; x_wconf 79' lang='lat' dir='ltr'>adventum</span> <span class='ocrx_word' id='word_1_57' title='bbox 1079 954 1224 1027; x_wconf 85' lang='lat' dir='ltr'>regis</span> <span class='ocrx_word' id='word_1_58' title='bbox 1278 954 1542 1009; x_wconf 86' lang='lat' dir='ltr'>audirent.</span> <span class='ocrx_word' id='word_1_59' title='bbox 1602 954 1751 1007; x_wconf 64' lang='lat' dir='ltr'>Prte-</span> 
     </span>
    </p>
   </div>
   <div class='ocr_carea' id='block_1_10' title="bbox 152 1041 1754 1118">
    <p class='ocr_par' dir='ltr' id='par_1_10' title="bbox 152 1041 1754 1118">
     <span class='ocr_line' id='line_1_10' title="bbox 152 1041 1754 1118; baseline -0.002 -21"><span class='ocrx_word' id='word_1_60' title='bbox 152 1044 286 1114; x_wconf 89' lang='lat' dir='ltr'>cepit</span> <span class='ocrx_word' id='word_1_61' title='bbox 314 1061 448 1115; x_wconf 88' lang='lat' dir='ltr'>ergo</span> <span class='ocrx_word' id='word_1_62' title='bbox 475 1045 661 1117; x_wconf 83' lang='lat' dir='ltr'>Magis</span> <span class='ocrx_word' id='word_1_63' title='bbox 707 1045 994 1118; x_wconf 82' lang='lat' dir='ltr'>diligenter</span> <span class='ocrx_word' id='word_1_64' title='bbox 1041 1059 1263 1115; x_wconf 90' lang='lat' dir='ltr'>puerum</span> <span class='ocrx_word' id='word_1_65' title='bbox 1313 1042 1599 1113; x_wconf 87' lang='lat' dir='ltr'>inquirere,</span> <span class='ocrx_word' id='word_1_66' title='bbox 1650 1041 1754 1095; x_wconf 86' lang='lat' dir='ltr'>sibi</span> 
     </span>
    </p>
   </div>
   <div class='ocr_carea' id='block_1_11' title="bbox 152 1138 1756 1207">
    <p class='ocr_par' dir='ltr' id='par_1_11' title="bbox 152 1138 1756 1207">
     <span class='ocr_line' id='line_1_11' title="bbox 152 1138 1756 1207; baseline -0.001 -13"><span class='ocrx_word' id='word_1_67' title='bbox 152 1140 474 1207; x_wconf 88' lang='lat' dir='ltr'>renuntiare,</span> <span class='ocrx_word' id='word_1_68' title='bbox 511 1151 567 1196; x_wconf 91' lang='lat' dir='ltr'>et</span> <span class='ocrx_word' id='word_1_69' title='bbox 599 1142 677 1196; x_wconf 87' lang='lat' dir='ltr'>ait</span> <span class='ocrx_word' id='word_1_70' title='bbox 717 1158 775 1197; x_wconf 91' lang='lat' dir='ltr'>se</span> <span class='ocrx_word' id='word_1_71' title='bbox 819 1141 956 1198; x_wconf 89' lang='lat' dir='ltr'>velle</span> <span class='ocrx_word' id='word_1_72' title='bbox 999 1157 1122 1195; x_wconf 91' lang='lat' dir='ltr'>eum</span> <span class='ocrx_word' id='word_1_73' title='bbox 1169 1139 1414 1195; x_wconf 89' lang='lat' dir='ltr'>adorare.</span> <span class='ocrx_word' id='word_1_74' title='bbox 1465 1138 1756 1194; x_wconf 86' lang='lat' dir='ltr'>Discedunt</span> 
     </span>
    </p>
   </div>
   <div class='ocr_carea' id='block_1_12' title="bbox 153 1227 1756 1301">
    <p class='ocr_par' dir='ltr' id='par_1_12' title="bbox 153 1227 1756 1301">
     <span class='ocr_line' id='line_1_12' title="bbox 153 1227 1756 1301; baseline -0.001 -17"><span class='ocrx_word' id='word_1_75' title='bbox 153 1230 312 1301; x_wconf 83' lang='lat' dir='ltr'>Magi,</span> <span class='ocrx_word' id='word_1_76' title='bbox 345 1229 570 1284; x_wconf 89' lang='lat' dir='ltr'>videtur</span> <span class='ocrx_word' id='word_1_77' title='bbox 602 1231 794 1285; x_wconf 88' lang='lat' dir='ltr'>iterum</span> <span class='ocrx_word' id='word_1_78' title='bbox 825 1231 998 1285; x_wconf 85' lang='lat' dir='ltr'>stella.</span> <span class='ocrx_word' id='word_1_79' title='bbox 1033 1230 1301 1284; x_wconf 67' lang='lat' dir='ltr'>Laetamur</span> <span class='ocrx_word' id='word_1_80' title='bbox 1346 1237 1397 1283; x_wconf 91' lang='lat' dir='ltr'>et</span> <span class='ocrx_word' id='word_1_81' title='bbox 1443 1243 1508 1283; x_wconf 89' lang='lat' dir='ltr'>ea</span> <span class='ocrx_word' id='word_1_82' title='bbox 1552 1227 1756 1299; x_wconf 63' lang='lat' dir='ltr'>praevia</span> 
     </span>
    </p>
   </div>
   <div class='ocr_carea' id='block_1_13' title="bbox 155 1315 1754 1375">
    <p class='ocr_par' dir='ltr' id='par_1_13' title="bbox 155 1315 1754 1375">
     <span class='ocr_line' id='line_1_13' title="bbox 155 1315 1754 1375; baseline -0.001 -4"><span class='ocrx_word' id='word_1_83' title='bbox 155 1319 373 1372; x_wconf 88' lang='lat' dir='ltr'>veniunt</span> <span class='ocrx_word' id='word_1_84' title='bbox 401 1319 458 1372; x_wconf 92' lang='lat' dir='ltr'>in</span> <span class='ocrx_word' id='word_1_85' title='bbox 487 1319 833 1374; x_wconf 88' lang='lat' dir='ltr'>Bethlehem.</span> <span class='ocrx_word' id='word_1_86' title='bbox 868 1318 1036 1374; x_wconf 84' lang='lat' dir='ltr'>Stella</span> <span class='ocrx_word' id='word_1_87' title='bbox 1062 1333 1190 1375; x_wconf 89' lang='lat' dir='ltr'>vero</span> <span class='ocrx_word' id='word_1_88' title='bbox 1220 1332 1330 1372; x_wconf 90' lang='lat' dir='ltr'>non</span> <span class='ocrx_word' id='word_1_89' title='bbox 1359 1325 1473 1372; x_wconf 90' lang='lat' dir='ltr'>erat</span> <span class='ocrx_word' id='word_1_90' title='bbox 1516 1315 1572 1370; x_wconf 91' lang='lat' dir='ltr'>in</span> <span class='ocrx_word' id='word_1_91' title='bbox 1617 1316 1754 1371; x_wconf 85' lang='lat' dir='ltr'>coelo</span> 
     </span>
    </p>
   </div>
   <div class='ocr_carea' id='block_1_14' title="bbox 156 1412 1756 1487">
    <p class='ocr_par' dir='ltr' id='par_1_14' title="bbox 156 1412 1756 1487">
     <span class='ocr_line' id='line_1_14' title="bbox 156 1412 1756 1487; baseline -0.001 -19"><span class='ocrx_word' id='word_1_92' title='bbox 156 1415 276 1480; x_wconf 85' lang='lat' dir='ltr'>ﬁxa,</span> <span class='ocrx_word' id='word_1_93' title='bbox 309 1417 404 1471; x_wconf 90' lang='lat' dir='ltr'>sed</span> <span class='ocrx_word' id='word_1_94' title='bbox 436 1416 492 1470; x_wconf 90' lang='lat' dir='ltr'>in</span> <span class='ocrx_word' id='word_1_95' title='bbox 547 1433 675 1472; x_wconf 90' lang='lat' dir='ltr'>aere</span> <span class='ocrx_word' id='word_1_96' title='bbox 725 1414 1018 1487; x_wconf 86' lang='lat' dir='ltr'>pendebat.</span> <span class='ocrx_word' id='word_1_97' title='bbox 1074 1414 1318 1471; x_wconf 89' lang='lat' dir='ltr'>Ostendit</span> <span class='ocrx_word' id='word_1_98' title='bbox 1357 1429 1488 1486; x_wconf 88' lang='lat' dir='ltr'>ergo</span> <span class='ocrx_word' id='word_1_99' title='bbox 1534 1412 1756 1468; x_wconf 88' lang='lat' dir='ltr'>domum</span> 
     </span>
    </p>
   </div>
   <div class='ocr_carea' id='block_1_15' title="bbox 157 1503 1756 1575">
    <p class='ocr_par' dir='ltr' id='par_1_15' title="bbox 157 1503 1756 1575">
     <span class='ocr_line' id='line_1_15' title="bbox 157 1503 1756 1575; baseline -0.003 -15"><span class='ocrx_word' id='word_1_100' title='bbox 157 1505 436 1560; x_wconf 81' lang='lat' dir='ltr'>manifeste</span> <span class='ocrx_word' id='word_1_101' title='bbox 475 1505 575 1560; x_wconf 89' lang='lat' dir='ltr'>ubi</span> <span class='ocrx_word' id='word_1_102' title='bbox 635 1511 750 1559; x_wconf 88' lang='lat' dir='ltr'>erat</span> <span class='ocrx_word' id='word_1_103' title='bbox 805 1520 960 1575; x_wconf 88' lang='lat' dir='ltr'>puer.</span> <span class='ocrx_word' id='word_1_104' title='bbox 1026 1504 1174 1558; x_wconf 87' lang='lat' dir='ltr'>More</span> <span class='ocrx_word' id='word_1_105' title='bbox 1237 1510 1415 1558; x_wconf 90' lang='lat' dir='ltr'>autem</span> <span class='ocrx_word' id='word_1_106' title='bbox 1477 1503 1756 1558; x_wconf 88' lang='lat' dir='ltr'>Persarum</span> 
     </span>
    </p>
   </div>
   <div class='ocr_carea' id='block_1_16' title="bbox 156 1592 1755 1664">
    <p class='ocr_par' dir='ltr' id='par_1_16' title="bbox 156 1592 1755 1664">
     <span class='ocr_line' id='line_1_16' title="bbox 156 1592 1755 1664; baseline -0.003 -16"><span class='ocrx_word' id='word_1_107' title='bbox 156 1592 377 1649; x_wconf 81' lang='lat' dir='ltr'>offerunt</span> <span class='ocrx_word' id='word_1_108' title='bbox 406 1610 663 1662; x_wconf 87' lang='lat' dir='ltr'>munera,</span> <span class='ocrx_word' id='word_1_109' title='bbox 705 1599 1042 1648; x_wconf 89' lang='lat' dir='ltr'>sacramento</span> <span class='ocrx_word' id='word_1_110' title='bbox 1096 1599 1202 1645; x_wconf 89' lang='lat' dir='ltr'>tam</span> <span class='ocrx_word' id='word_1_111' title='bbox 1254 1607 1516 1664; x_wconf 89' lang='lat' dir='ltr'>congrua,</span> <span class='ocrx_word' id='word_1_112' title='bbox 1567 1607 1755 1644; x_wconf 90' lang='lat' dir='ltr'>aurum</span> 
     </span>
    </p>
   </div>
   <div class='ocr_carea' id='block_1_17' title="bbox 156 1678 1758 1752">
    <p class='ocr_par' dir='ltr' id='par_1_17' title="bbox 156 1678 1758 1752">
     <span class='ocr_line' id='line_1_17' title="bbox 156 1678 1758 1752; baseline -0.004 -14"><span class='ocrx_word' id='word_1_113' title='bbox 156 1683 371 1750; x_wconf 85' lang='lat' dir='ltr'>scilicet,</span> <span class='ocrx_word' id='word_1_114' title='bbox 396 1686 523 1738; x_wconf 90' lang='lat' dir='ltr'>thus</span> <span class='ocrx_word' id='word_1_115' title='bbox 545 1691 602 1738; x_wconf 90' lang='lat' dir='ltr'>et</span> <span class='ocrx_word' id='word_1_116' title='bbox 618 1684 913 1752; x_wconf 78' lang='lat' dir='ltr'>myrrham.</span> <span class='ocrx_word' id='word_1_117' title='bbox 946 1683 1089 1734; x_wconf 80' lang='lat' dir='ltr'>Auro</span> <span class='ocrx_word' id='word_1_118' title='bbox 1105 1695 1312 1751; x_wconf 86' lang='lat' dir='ltr'>regem,</span> <span class='ocrx_word' id='word_1_119' title='bbox 1340 1680 1490 1733; x_wconf 89' lang='lat' dir='ltr'>thure</span> <span class='ocrx_word' id='word_1_120' title='bbox 1511 1678 1683 1733; x_wconf 87' lang='lat' dir='ltr'>Deum</span> <span class='ocrx_word' id='word_1_121' title='bbox 1705 1685 1758 1732; x_wconf 88' lang='lat' dir='ltr'>et</span> 
     </span>
    </p>
   </div>
   <div class='ocr_carea' id='block_1_18' title="bbox 155 1765 1756 1842">
    <p class='ocr_par' dir='ltr' id='par_1_18' title="bbox 155 1765 1756 1842">
     <span class='ocr_line' id='line_1_18' title="bbox 155 1765 1756 1842; baseline -0.004 -16"><span class='ocrx_word' id='word_1_122' title='bbox 155 1771 515 1838; x_wconf 87' lang='lat' dir='ltr'>sacerdotem,</span> <span class='ocrx_word' id='word_1_123' title='bbox 576 1772 798 1842; x_wconf 81' lang='lat' dir='ltr'>myrrha</span> <span class='ocrx_word' id='word_1_124' title='bbox 840 1768 1122 1825; x_wconf 86' lang='lat' dir='ltr'>mortalem</span> <span class='ocrx_word' id='word_1_125' title='bbox 1169 1765 1552 1838; x_wconf 89' lang='lat' dir='ltr'>signiﬁcantes.</span> <span class='ocrx_word' id='word_1_126' title='bbox 1620 1767 1756 1822; x_wconf 86' lang='lat' dir='ltr'>Ecce</span> 
     </span>
    </p>
   </div>
   <div class='ocr_carea' id='block_1_19' title="bbox 154 1859 650 1932">
    <p class='ocr_par' dir='ltr' id='par_1_19' title="bbox 154 1859 650 1932">
     <span class='ocr_line' id='line_1_19' title="bbox 154 1859 650 1932; baseline -0.002 -18"><span class='ocrx_word' id='word_1_127' title='bbox 154 1860 326 1928; x_wconf 90' lang='lat' dir='ltr'>prima</span> <span class='ocrx_word' id='word_1_128' title='bbox 351 1859 650 1932; x_wconf 84' lang='lat' dir='ltr'>apparitio.</span> 
     </span>
    </p>
   </div>
   <div class='ocr_carea' id='block_1_20' title="bbox 222 1961 1756 2041">
    <p class='ocr_par' dir='ltr' id='par_1_20' title="bbox 222 1961 1756 2041">
     <span class='ocr_line' id='line_1_20' title="bbox 222 1961 1756 2041; baseline -0.005 -19"><span class='ocrx_word' id='word_1_129' title='bbox 222 1969 282 2022; x_wconf 91' lang='lat' dir='ltr'>In</span> <span class='ocrx_word' id='word_1_130' title='bbox 339 1966 629 2041; x_wconf 87' lang='lat' dir='ltr'>trigesimo</span> <span class='ocrx_word' id='word_1_131' title='bbox 671 1981 799 2021; x_wconf 91' lang='lat' dir='ltr'>vero</span> <span class='ocrx_word' id='word_1_132' title='bbox 841 1981 982 2020; x_wconf 90' lang='lat' dir='ltr'>anno</span> <span class='ocrx_word' id='word_1_133' title='bbox 1020 1965 1168 2022; x_wconf 87' lang='lat' dir='ltr'>venit</span> <span class='ocrx_word' id='word_1_134' title='bbox 1204 1963 1271 2020; x_wconf 90' lang='lat' dir='ltr'>ad</span> <span class='ocrx_word' id='word_1_135' title='bbox 1328 1963 1609 2031; x_wconf 87' lang='lat' dir='ltr'>Joannem,</span> <span class='ocrx_word' id='word_1_136' title='bbox 1665 1961 1756 2032; x_wconf 88' lang='lat' dir='ltr'>qui</span> 
     </span>
    </p>
   </div>
   <div class='ocr_carea' id='block_1_21' title="bbox 154 2052 1749 2127">
    <p class='ocr_par' dir='ltr' id='par_1_21' title="bbox 154 2052 1749 2127">
     <span class='ocr_line' id='line_1_21' title="bbox 154 2052 1749 2127; baseline -0.003 -17"><span class='ocrx_word' id='word_1_137' title='bbox 154 2055 461 2127; x_wconf 83' lang='lat' dir='ltr'>baptizabat</span> <span class='ocrx_word' id='word_1_138' title='bbox 521 2071 634 2112; x_wconf 91' lang='lat' dir='ltr'>non</span> <span class='ocrx_word' id='word_1_139' title='bbox 695 2055 748 2109; x_wconf 91' lang='lat' dir='ltr'>in</span> <span class='ocrx_word' id='word_1_140' title='bbox 811 2053 1126 2109; x_wconf 87' lang='lat' dir='ltr'>remissione</span> <span class='ocrx_word' id='word_1_141' title='bbox 1189 2060 1530 2123; x_wconf 82' lang='lat' dir='ltr'>peccatorum</span> <span class='ocrx_word' id='word_1_142' title='bbox 1586 2052 1749 2122; x_wconf 85' lang='lat' dir='ltr'>(Luc.</span> 
     </span>
    </p>
   </div>
   <div class='ocr_carea' id='block_1_22' title="bbox 157 2139 1760 2216">
    <p class='ocr_par' dir='ltr' id='par_1_22' title="bbox 157 2139 1760 2216">
     <span class='ocr_line' id='line_1_22' title="bbox 157 2139 1760 2216; baseline -0.004 -17"><span class='ocrx_word' id='word_1_143' title='bbox 157 2148 259 2214; x_wconf 75' lang='lat' dir='ltr'>tu),</span> <span class='ocrx_word' id='word_1_144' title='bbox 317 2145 414 2200; x_wconf 85' lang='lat' dir='ltr'>sed</span> <span class='ocrx_word' id='word_1_145' title='bbox 472 2145 532 2200; x_wconf 90' lang='lat' dir='ltr'>in</span> <span class='ocrx_word' id='word_1_146' title='bbox 593 2143 990 2216; x_wconf 63' lang='lat' dir='ltr'>praeparatione</span> <span class='ocrx_word' id='word_1_147' title='bbox 1046 2142 1386 2214; x_wconf 87' lang='lat' dir='ltr'>baptismatis</span> <span class='ocrx_word' id='word_1_148' title='bbox 1441 2139 1655 2204; x_wconf 90' lang='lat' dir='ltr'>Christi,</span> <span class='ocrx_word' id='word_1_149' title='bbox 1703 2147 1760 2194; x_wconf 93' lang='lat' dir='ltr'>ut</span> 
     </span>
    </p>
   </div>
   <div class='ocr_carea' id='block_1_23' title="bbox 157 2228 1757 2302">
    <p class='ocr_par' dir='ltr' id='par_1_23' title="bbox 157 2228 1757 2302">
     <span class='ocr_line' id='line_1_23' title="bbox 157 2228 1757 2302; baseline -0.004 -14"><span class='ocrx_word' id='word_1_150' title='bbox 157 2234 400 2289; x_wconf 89' lang='lat' dir='ltr'>homines</span> <span class='ocrx_word' id='word_1_151' title='bbox 430 2233 708 2289; x_wconf 89' lang='lat' dir='ltr'>mansueti</span> <span class='ocrx_word' id='word_1_152' title='bbox 737 2247 844 2288; x_wconf 89' lang='lat' dir='ltr'>non</span> <span class='ocrx_word' id='word_1_153' title='bbox 863 2231 1214 2286; x_wconf 87' lang='lat' dir='ltr'>abhorrerent</span> <span class='ocrx_word' id='word_1_154' title='bbox 1247 2230 1575 2302; x_wconf 88' lang='lat' dir='ltr'>baptismum</span> <span class='ocrx_word' id='word_1_155' title='bbox 1599 2228 1757 2284; x_wconf 84' lang='lat' dir='ltr'>Chri-</span> 
     </span>
    </p>
   </div>
   <div class='ocr_carea' id='block_1_24' title="bbox 159 2317 1759 2393">
    <p class='ocr_par' dir='ltr' id='par_1_24' title="bbox 159 2317 1759 2393">
     <span class='ocr_line' id='line_1_24' title="bbox 159 2317 1759 2393; baseline -0.004 -17"><span class='ocrx_word' id='word_1_156' title='bbox 159 2323 240 2377; x_wconf 91' lang='lat' dir='ltr'>sti.</span> <span class='ocrx_word' id='word_1_157' title='bbox 271 2325 522 2393; x_wconf 88' lang='lat' dir='ltr'>Cumque</span> <span class='ocrx_word' id='word_1_158' title='bbox 544 2338 704 2392; x_wconf 69' lang='lat' dir='ltr'>aquaa</span> <span class='ocrx_word' id='word_1_159' title='bbox 723 2321 872 2391; x_wconf 91' lang='lat' dir='ltr'>prius</span> <span class='ocrx_word' id='word_1_160' title='bbox 895 2319 1173 2375; x_wconf 85' lang='lat' dir='ltr'>abluerent</span> <span class='ocrx_word' id='word_1_161' title='bbox 1200 2334 1446 2388; x_wconf 89' lang='lat' dir='ltr'>corpora,</span> <span class='ocrx_word' id='word_1_162' title='bbox 1470 2317 1639 2372; x_wconf 92' lang='lat' dir='ltr'>voluit</span> <span class='ocrx_word' id='word_1_163' title='bbox 1668 2333 1759 2372; x_wconf 90' lang='lat' dir='ltr'>eas</span> 
     </span>
    </p>
   </div>
   <div class='ocr_carea' id='block_1_25' title="bbox 160 2413 1760 2489">
    <p class='ocr_par' dir='ltr' id='par_1_25' title="bbox 160 2413 1760 2489">
     <span class='ocr_line' id='line_1_25' title="bbox 160 2413 1760 2489; baseline -0.004 -13"><span class='ocrx_word' id='word_1_164' title='bbox 160 2419 512 2489; x_wconf 87' lang='lat' dir='ltr'>sanctiﬁcare,</span> <span class='ocrx_word' id='word_1_165' title='bbox 547 2428 608 2474; x_wconf 89' lang='lat' dir='ltr'>ut</span> <span class='ocrx_word' id='word_1_166' title='bbox 637 2425 956 2488; x_wconf 87' lang='lat' dir='ltr'>potestatem</span> <span class='ocrx_word' id='word_1_167' title='bbox 995 2415 1291 2471; x_wconf 90' lang='lat' dir='ltr'>mundandi</span> <span class='ocrx_word' id='word_1_168' title='bbox 1336 2415 1545 2470; x_wconf 89' lang='lat' dir='ltr'>animas</span> <span class='ocrx_word' id='word_1_169' title='bbox 1584 2413 1760 2469; x_wconf 86' lang='lat' dir='ltr'>habe-</span> 
     </span>
    </p>
   </div>
   <div class='ocr_carea' id='block_1_26' title="bbox 164 2502 1759 2580">
    <p class='ocr_par' dir='ltr' id='par_1_26' title="bbox 164 2502 1759 2580">
     <span class='ocr_line' id='line_1_26' title="bbox 164 2502 1759 2580; baseline -0.006 -15"><span class='ocrx_word' id='word_1_170' title='bbox 164 2517 295 2565; x_wconf 89' lang='lat' dir='ltr'>rent.</span> <span class='ocrx_word' id='word_1_171' title='bbox 329 2510 487 2563; x_wconf 72' lang='lat' dir='ltr'>Iesus</span> <span class='ocrx_word' id='word_1_172' title='bbox 517 2523 654 2580; x_wconf 84' lang='lat' dir='ltr'>ergo</span> <span class='ocrx_word' id='word_1_173' title='bbox 685 2506 940 2561; x_wconf 89' lang='lat' dir='ltr'>immunis</span> <span class='ocrx_word' id='word_1_174' title='bbox 978 2522 1010 2561; x_wconf 90' lang='lat' dir='ltr'>a</span> <span class='ocrx_word' id='word_1_175' title='bbox 1057 2512 1276 2576; x_wconf 89' lang='lat' dir='ltr'>peccato</span> <span class='ocrx_word' id='word_1_176' title='bbox 1320 2502 1563 2574; x_wconf 89' lang='lat' dir='ltr'>baptizar</span> <span class='ocrx_word' id='word_1_177' title='bbox 1590 2503 1759 2574; x_wconf 92' lang='lat' dir='ltr'>ipetit,</span> 
     </span>
    </p>
   </div>
   <div class='ocr_carea' id='block_1_27' title="bbox 163 2591 1758 2668">
    <p class='ocr_par' dir='ltr' id='par_1_27' title="bbox 163 2591 1758 2668">
     <span class='ocr_line' id='line_1_27' title="bbox 163 2591 1758 2668; baseline -0.005 -17"><span class='ocrx_word' id='word_1_178' title='bbox 163 2605 216 2651; x_wconf 90' lang='lat' dir='ltr'>ut</span> <span class='ocrx_word' id='word_1_179' title='bbox 263 2613 460 2668; x_wconf 89' lang='lat' dir='ltr'>aquam</span> <span class='ocrx_word' id='word_1_180' title='bbox 520 2593 900 2663; x_wconf 88' lang='lat' dir='ltr'>sanctiﬁcaret,</span> <span class='ocrx_word' id='word_1_181' title='bbox 965 2601 1021 2648; x_wconf 91' lang='lat' dir='ltr'>et</span> <span class='ocrx_word' id='word_1_182' title='bbox 1079 2592 1388 2648; x_wconf 91' lang='lat' dir='ltr'>hominibus</span> <span class='ocrx_word' id='word_1_183' title='bbox 1450 2591 1758 2662; x_wconf 86' lang='lat' dir='ltr'>exemplum</span> 
     </span>
    </p>
   </div>
   <div class='ocr_carea' id='block_1_28' title="bbox 165 2687 1759 2765">
    <p class='ocr_par' dir='ltr' id='par_1_28' title="bbox 165 2687 1759 2765">
     <span class='ocr_line' id='line_1_28' title="bbox 165 2687 1759 2765; baseline -0.004 -17"><span class='ocrx_word' id='word_1_184' title='bbox 165 2694 326 2750; x_wconf 87' lang='lat' dir='ltr'>daret.</span> <span class='ocrx_word' id='word_1_185' title='bbox 361 2696 441 2750; x_wconf 87' lang='lat' dir='ltr'>Eo</span> <span class='ocrx_word' id='word_1_186' title='bbox 471 2693 749 2765; x_wconf 84' lang='lat' dir='ltr'>baptizata</span> <span class='ocrx_word' id='word_1_187' title='bbox 781 2691 948 2763; x_wconf 89' lang='lat' dir='ltr'>aperti</span> <span class='ocrx_word' id='word_1_188' title='bbox 977 2698 1100 2745; x_wconf 91' lang='lat' dir='ltr'>sunt</span> <span class='ocrx_word' id='word_1_189' title='bbox 1127 2689 1268 2754; x_wconf 88' lang='lat' dir='ltr'>coeli,</span> <span class='ocrx_word' id='word_1_190' title='bbox 1301 2697 1353 2744; x_wconf 91' lang='lat' dir='ltr'>et</span> <span class='ocrx_word' id='word_1_191' title='bbox 1399 2688 1534 2743; x_wconf 84' lang='lat' dir='ltr'>vidit</span> <span class='ocrx_word' id='word_1_192' title='bbox 1582 2687 1759 2758; x_wconf 90' lang='lat' dir='ltr'>Spiri-</span> 
     </span>
    </p>
   </div>
   <div class='ocr_carea' id='block_1_29' title="bbox 164 2778 1757 2855">
    <p class='ocr_par' dir='ltr' id='par_1_29' title="bbox 164 2778 1757 2855">
     <span class='ocr_line' id='line_1_29' title="bbox 164 2778 1757 2855; baseline -0.006 -15"><span class='ocrx_word' id='word_1_193' title='bbox 164 2793 332 2840; x_wconf 91' lang='lat' dir='ltr'>rutum</span> <span class='ocrx_word' id='word_1_194' title='bbox 363 2784 418 2838; x_wconf 90' lang='lat' dir='ltr'>in</span> <span class='ocrx_word' id='word_1_195' title='bbox 449 2782 693 2855; x_wconf 88' lang='lat' dir='ltr'>speciem</span> <span class='ocrx_word' id='word_1_196' title='bbox 723 2780 989 2836; x_wconf 78' lang='lat' dir='ltr'>columbae</span> <span class='ocrx_word' id='word_1_197' title='bbox 1017 2778 1431 2834; x_wconf 90' lang='lat' dir='ltr'>descendentem</span> <span class='ocrx_word' id='word_1_198' title='bbox 1477 2793 1634 2848; x_wconf 88' lang='lat' dir='ltr'>super</span> <span class='ocrx_word' id='word_1_199' title='bbox 1679 2793 1757 2844; x_wconf 92' lang='lat' dir='ltr'>se,</span> 
     </span>
    </p>
   </div>
   <div class='ocr_carea' id='block_1_30' title="bbox 170 2864 1759 2930">
    <p class='ocr_par' dir='ltr' id='par_1_30' title="bbox 170 2864 1759 2930">
     <span class='ocr_line' id='line_1_30' title="bbox 170 2864 1759 2930; baseline -0.006 -2"><span class='ocrx_word' id='word_1_200' title='bbox 170 2882 216 2928; x_wconf 91' lang='lat' dir='ltr'>et</span> <span class='ocrx_word' id='word_1_201' title='bbox 243 2890 350 2930; x_wconf 86' lang='lat' dir='ltr'>vox</span> <span class='ocrx_word' id='word_1_202' title='bbox 381 2873 558 2928; x_wconf 86' lang='lat' dir='ltr'>Patris</span> <span class='ocrx_word' id='word_1_203' title='bbox 583 2870 766 2926; x_wconf 88' lang='lat' dir='ltr'>audita</span> <span class='ocrx_word' id='word_1_204' title='bbox 795 2877 872 2924; x_wconf 91' lang='lat' dir='ltr'>est</span> <span class='ocrx_word' id='word_1_205' title='bbox 901 2887 914 2924; x_wconf 88' lang='lat'>:</span> <span class='ocrx_word' id='word_1_206' title='bbox 954 2891 975 2917; x_wconf 77' lang='grc' dir='ltr'>κ</span> <span class='ocrx_word' id='word_1_207' title='bbox 1010 2867 1109 2922; x_wconf 84' lang='lat' dir='ltr'>Hic</span> <span class='ocrx_word' id='word_1_208' title='bbox 1136 2875 1217 2921; x_wconf 92' lang='lat' dir='ltr'>est</span> <span class='ocrx_word' id='word_1_209' title='bbox 1263 2867 1427 2922; x_wconf 92' lang='lat' dir='ltr'>Filius</span> <span class='ocrx_word' id='word_1_210' title='bbox 1473 2882 1624 2919; x_wconf 90' lang='lat' dir='ltr'>meus</span> <span class='ocrx_word' id='word_1_211' title='bbox 1670 2864 1759 2918; x_wconf 90' lang='lat' dir='ltr'>di-</span> 
     </span>
    </p>
   </div>
   <div class='ocr_carea' id='block_1_31' title="bbox 166 2965 1760 3042">
    <p class='ocr_par' dir='ltr' id='par_1_31' title="bbox 166 2965 1760 3042">
     <span class='ocr_line' id='line_1_31' title="bbox 166 2965 1760 3042; baseline -0.004 -17"><span class='ocrx_word' id='word_1_212' title='bbox 166 2971 323 3027; x_wconf 89' lang='lat' dir='ltr'>lectus</span> <span class='ocrx_word' id='word_1_213' title='bbox 352 2971 406 3026; x_wconf 90' lang='lat' dir='ltr'>in</span> <span class='ocrx_word' id='word_1_214' title='bbox 439 2987 549 3042; x_wconf 90' lang='lat' dir='ltr'>quo</span> <span class='ocrx_word' id='word_1_215' title='bbox 580 2969 715 3024; x_wconf 91' lang='lat' dir='ltr'>mihi</span> <span class='ocrx_word' id='word_1_216' title='bbox 744 2969 881 3022; x_wconf 91' lang='lat' dir='ltr'>bene</span> <span class='ocrx_word' id='word_1_217' title='bbox 930 2965 1230 3038; x_wconf 90' lang='lat' dir='ltr'>complacui</span> <span class='ocrx_word' id='word_1_218' title='bbox 1278 2965 1484 3034; x_wconf 78' lang='lat' dir='ltr'>(ibid.).</span> <span class='ocrx_word' id='word_1_219' title='bbox 1545 2987 1567 3012; x_wconf 75' lang='grc' dir='ltr'>ιι</span> <span class='ocrx_word' id='word_1_220' title='bbox 1622 2965 1760 3018; x_wconf 86' lang='lat' dir='ltr'>Ecce</span> 
     </span>
    </p>
   </div>
   <div class='ocr_carea' id='block_1_32' title="bbox 166 3053 1757 3125">
    <p class='ocr_par' dir='ltr' id='par_1_32' title="bbox 166 3053 1757 3125">
     <span class='ocr_line' id='line_1_32' title="bbox 166 3053 1757 3125; baseline -0.007 -9"><span class='ocrx_word' id='word_1_221' title='bbox 166 3061 398 3116; x_wconf 86' lang='lat' dir='ltr'>secunda</span> <span class='ocrx_word' id='word_1_222' title='bbox 427 3057 843 3115; x_wconf 89' lang='lat' dir='ltr'>demonstratio.</span> <span class='ocrx_word' id='word_1_223' title='bbox 877 3058 937 3111; x_wconf 91' lang='lat' dir='ltr'>In</span> <span class='ocrx_word' id='word_1_224' title='bbox 967 3057 1208 3125; x_wconf 89' lang='lat' dir='ltr'>sequenti</span> <span class='ocrx_word' id='word_1_225' title='bbox 1247 3070 1376 3111; x_wconf 91' lang='lat' dir='ltr'>vero</span> <span class='ocrx_word' id='word_1_226' title='bbox 1425 3069 1565 3109; x_wconf 90' lang='lat' dir='ltr'>anno</span> <span class='ocrx_word' id='word_1_227' title='bbox 1612 3053 1757 3107; x_wconf 91' lang='lat' dir='ltr'>invi-</span> 
     </span>
    </p>
   </div>
   <div class='ocr_carea' id='block_1_33' title="bbox 166 3141 1757 3219">
    <p class='ocr_par' dir='ltr' id='par_1_33' title="bbox 166 3141 1757 3219">
     <span class='ocr_line' id='line_1_33' title="bbox 166 3141 1757 3219; baseline -0.005 -16"><span class='ocrx_word' id='word_1_228' title='bbox 166 3158 299 3204; x_wconf 88' lang='lat' dir='ltr'>tatus</span> <span class='ocrx_word' id='word_1_229' title='bbox 327 3157 408 3205; x_wconf 91' lang='lat' dir='ltr'>est</span> <span class='ocrx_word' id='word_1_230' title='bbox 437 3149 508 3204; x_wconf 90' lang='lat' dir='ltr'>ad</span> <span class='ocrx_word' id='word_1_231' title='bbox 532 3147 777 3219; x_wconf 89' lang='lat' dir='ltr'>nuptias;</span> <span class='ocrx_word' id='word_1_232' title='bbox 807 3145 1003 3201; x_wconf 86' lang='lat' dir='ltr'>defecit</span> <span class='ocrx_word' id='word_1_233' title='bbox 1021 3145 1226 3212; x_wconf 91' lang='lat' dir='ltr'>vinum,</span> <span class='ocrx_word' id='word_1_234' title='bbox 1255 3143 1413 3213; x_wconf 88' lang='lat' dir='ltr'>jussit</span> <span class='ocrx_word' id='word_1_235' title='bbox 1434 3141 1644 3213; x_wconf 89' lang='lat' dir='ltr'>impleri</span> <span class='ocrx_word' id='word_1_236' title='bbox 1661 3157 1757 3196; x_wconf 89' lang='lat' dir='ltr'>sex</span> 
     </span>
    </p>
   </div>
   <div class='ocr_carea' id='block_1_34' title="bbox 165 3231 1758 3309">
    <p class='ocr_par' dir='ltr' id='par_1_34' title="bbox 165 3231 1758 3309">
     <span class='ocr_line' id='line_1_34' title="bbox 165 3231 1758 3309; baseline -0.003 -18"><span class='ocrx_word' id='word_1_237' title='bbox 165 3238 374 3309; x_wconf 84' lang='lat' dir='ltr'>hydrias</span> <span class='ocrx_word' id='word_1_238' title='bbox 410 3253 577 3308; x_wconf 87' lang='lat' dir='ltr'>aqua,</span> <span class='ocrx_word' id='word_1_239' title='bbox 611 3243 664 3290; x_wconf 90' lang='lat' dir='ltr'>et</span> <span class='ocrx_word' id='word_1_240' title='bbox 691 3234 917 3289; x_wconf 82' lang='lat' dir='ltr'>mutavit</span> <span class='ocrx_word' id='word_1_241' title='bbox 947 3249 1141 3302; x_wconf 89' lang='lat' dir='ltr'>aquam</span> <span class='ocrx_word' id='word_1_242' title='bbox 1173 3233 1228 3286; x_wconf 92' lang='lat' dir='ltr'>in</span> <span class='ocrx_word' id='word_1_243' title='bbox 1274 3232 1480 3286; x_wconf 91' lang='lat' dir='ltr'>vinum.</span> <span class='ocrx_word' id='word_1_244' title='bbox 1544 3231 1610 3285; x_wconf 94' lang='lat' dir='ltr'>Et</span> <span class='ocrx_word' id='word_1_245' title='bbox 1654 3232 1758 3287; x_wconf 90' lang='lat' dir='ltr'>hoc</span> 
     </span>
    </p>
   </div>
   <div class='ocr_carea' id='block_1_35' title="bbox 165 3328 1758 3407">
    <p class='ocr_par' dir='ltr' id='par_1_35' title="bbox 165 3328 1758 3407">
     <span class='ocr_line' id='line_1_35' title="bbox 165 3328 1758 3407; baseline -0.004 -18"><span class='ocrx_word' id='word_1_246' title='bbox 165 3335 259 3390; x_wconf 87' lang='lat' dir='ltr'>fuit</span> <span class='ocrx_word' id='word_1_247' title='bbox 288 3336 499 3391; x_wconf 91' lang='lat' dir='ltr'>initium</span> <span class='ocrx_word' id='word_1_248' title='bbox 549 3334 854 3407; x_wconf 89' lang='lat' dir='ltr'>signorum.</span> <span class='ocrx_word' id='word_1_249' title='bbox 914 3331 1010 3387; x_wconf 82' lang='lat' dir='ltr'>His</span> <span class='ocrx_word' id='word_1_250' title='bbox 1066 3331 1234 3387; x_wconf 91' lang='lat' dir='ltr'>tribus</span> <span class='ocrx_word' id='word_1_251' title='bbox 1289 3329 1518 3397; x_wconf 91' lang='lat' dir='ltr'>indiciis,</span> <span class='ocrx_word' id='word_1_252' title='bbox 1570 3328 1758 3383; x_wconf 86' lang='lat' dir='ltr'>fratres</span> 
     </span>
    </p>
   </div>
   <div class='ocr_carea' id='block_1_36' title="bbox 167 3417 1754 3493">
    <p class='ocr_par' dir='ltr' id='par_1_36' title="bbox 167 3417 1754 3493">
     <span class='ocr_line' id='line_1_36' title="bbox 167 3417 1754 3493; baseline -0.005 -14"><span class='ocrx_word' id='word_1_253' title='bbox 167 3425 479 3493; x_wconf 89' lang='lat' dir='ltr'>charissimi,</span> <span class='ocrx_word' id='word_1_254' title='bbox 522 3422 892 3479; x_wconf 90' lang='lat' dir='ltr'>manifestavit</span> <span class='ocrx_word' id='word_1_255' title='bbox 927 3438 985 3476; x_wconf 90' lang='lat' dir='ltr'>se</span> <span class='ocrx_word' id='word_1_256' title='bbox 1023 3420 1261 3476; x_wconf 87' lang='lat' dir='ltr'>Christus</span> <span class='ocrx_word' id='word_1_257' title='bbox 1315 3418 1537 3486; x_wconf 90' lang='lat' dir='ltr'>mundo,</span> <span class='ocrx_word' id='word_1_258' title='bbox 1596 3425 1649 3472; x_wconf 91' lang='lat' dir='ltr'>et</span> <span class='ocrx_word' id='word_1_259' title='bbox 1702 3417 1754 3471; x_wconf 89' lang='lat' dir='ltr'>in</span> 
     </span>
    </p>
   </div>
   <div class='ocr_carea' id='block_1_37' title="bbox 169 3505 1759 3584">
    <p class='ocr_par' dir='ltr' id='par_1_37' title="bbox 169 3505 1759 3584">
     <span class='ocr_line' id='line_1_37' title="bbox 169 3505 1759 3584; baseline -0.006 -15"><span class='ocrx_word' id='word_1_260' title='bbox 169 3515 409 3569; x_wconf 90' lang='lat' dir='ltr'>omnibus</span> <span class='ocrx_word' id='word_1_261' title='bbox 438 3515 590 3569; x_wconf 88' lang='lat' dir='ltr'>Deus</span> <span class='ocrx_word' id='word_1_262' title='bbox 618 3510 885 3584; x_wconf 89' lang='lat' dir='ltr'>apparuit.</span> <span class='ocrx_word' id='word_1_263' title='bbox 918 3512 979 3564; x_wconf 89' lang='lat' dir='ltr'>In</span> <span class='ocrx_word' id='word_1_264' title='bbox 1008 3509 1202 3581; x_wconf 91' lang='lat' dir='ltr'>primo,</span> <span class='ocrx_word' id='word_1_265' title='bbox 1231 3507 1482 3562; x_wconf 90' lang='lat' dir='ltr'>adoratur</span> <span class='ocrx_word' id='word_1_266' title='bbox 1510 3523 1542 3562; x_wconf 89' lang='lat' dir='ltr'>a</span> <span class='ocrx_word' id='word_1_267' title='bbox 1586 3505 1759 3578; x_wconf 81' lang='lat' dir='ltr'>Magis</span> 
     </span>
    </p>
   </div>
   <div class='ocr_carea' id='block_1_38' title="bbox 171 3595 1754 3668">
    <p class='ocr_par' dir='ltr' id='par_1_38' title="bbox 171 3595 1754 3668">
     <span class='ocr_line' id='line_1_38' title="bbox 171 3595 1754 3668; baseline -0.005 -12"><span class='ocrx_word' id='word_1_268' title='bbox 171 3609 224 3656; x_wconf 90' lang='lat' dir='ltr'>ut</span> <span class='ocrx_word' id='word_1_269' title='bbox 250 3603 411 3658; x_wconf 90' lang='lat' dir='ltr'>Deus.</span> <span class='ocrx_word' id='word_1_270' title='bbox 444 3605 508 3658; x_wconf 88' lang='lat' dir='ltr'>In</span> <span class='ocrx_word' id='word_1_271' title='bbox 541 3601 802 3668; x_wconf 85' lang='lat' dir='ltr'>secundo,</span> <span class='ocrx_word' id='word_1_272' title='bbox 833 3614 968 3656; x_wconf 87' lang='lat' dir='ltr'>voce</span> <span class='ocrx_word' id='word_1_273' title='bbox 997 3597 1170 3654; x_wconf 84' lang='lat' dir='ltr'>Patris</span> <span class='ocrx_word' id='word_1_274' title='bbox 1206 3596 1371 3652; x_wconf 84' lang='lat' dir='ltr'>Filius</span> <span class='ocrx_word' id='word_1_275' title='bbox 1415 3595 1514 3650; x_wconf 90' lang='lat' dir='ltr'>Dei</span> <span class='ocrx_word' id='word_1_276' title='bbox 1558 3595 1754 3651; x_wconf 86' lang='lat' dir='ltr'>asseri-</span> 
     </span>
    </p>
   </div>
   <div class='ocr_carea' id='block_1_39' title="bbox 174 3686 1759 3764">
    <p class='ocr_par' dir='ltr' id='par_1_39' title="bbox 174 3686 1759 3764">
     <span class='ocr_line' id='line_1_39' title="bbox 174 3686 1759 3764; baseline -0.005 -15"><span class='ocrx_word' id='word_1_277' title='bbox 174 3703 273 3750; x_wconf 89' lang='lat' dir='ltr'>tur.</span> <span class='ocrx_word' id='word_1_278' title='bbox 307 3698 369 3752; x_wconf 90' lang='lat' dir='ltr'>In</span> <span class='ocrx_word' id='word_1_279' title='bbox 399 3695 579 3763; x_wconf 90' lang='lat' dir='ltr'>tertio,</span> <span class='ocrx_word' id='word_1_280' title='bbox 613 3693 750 3748; x_wconf 87' lang='lat' dir='ltr'>sicut</span> <span class='ocrx_word' id='word_1_281' title='bbox 798 3707 894 3764; x_wconf 90' lang='lat' dir='ltr'>per</span> <span class='ocrx_word' id='word_1_282' title='bbox 935 3690 1255 3746; x_wconf 87' lang='lat' dir='ltr'>miraculum</span> <span class='ocrx_word' id='word_1_283' title='bbox 1300 3687 1535 3758; x_wconf 91' lang='lat' dir='ltr'>primum</span> <span class='ocrx_word' id='word_1_284' title='bbox 1577 3686 1759 3743; x_wconf 91' lang='lat' dir='ltr'>divina</span> 
     </span>
    </p>
   </div>
   <div class='ocr_carea' id='block_1_40' title="bbox 171 3775 1758 3854">
    <p class='ocr_par' dir='ltr' id='par_1_40' title="bbox 171 3775 1758 3854">
     <span class='ocr_line' id='line_1_40' title="bbox 171 3775 1758 3854; baseline -0.008 -13"><span class='ocrx_word' id='word_1_285' title='bbox 171 3785 398 3854; x_wconf 90' lang='lat' dir='ltr'>potentia</span> <span class='ocrx_word' id='word_1_286' title='bbox 446 3783 775 3847; x_wconf 89' lang='lat' dir='ltr'>declaratur,</span> <span class='ocrx_word' id='word_1_287' title='bbox 810 3787 1032 3836; x_wconf 80' lang='lat' dir='ltr'>vocatur</span> <span class='ocrx_word' id='word_1_288' title='bbox 1067 3779 1245 3848; x_wconf 88' lang='lat' dir='ltr'>itaque</span> <span class='ocrx_word' id='word_1_289' title='bbox 1293 3777 1381 3831; x_wconf 90' lang='lat' dir='ltr'>hic</span> <span class='ocrx_word' id='word_1_290' title='bbox 1420 3775 1536 3830; x_wconf 88' lang='lat' dir='ltr'>dies</span> <span class='ocrx_word' id='word_1_291' title='bbox 1576 3775 1758 3830; x_wconf 89' lang='lat' dir='ltr'>Theo-</span> 
     </span>
    </p>
   </div>
   <div class='ocr_carea' id='block_1_41' title="bbox 171 3864 1758 3944">
    <p class='ocr_par' dir='ltr' id='par_1_41' title="bbox 171 3864 1758 3944">
     <span class='ocr_line' id='line_1_41' title="bbox 171 3864 1758 3944; baseline -0.004 -15"><span class='ocrx_word' id='word_1_292' title='bbox 171 3873 378 3941; x_wconf 88' lang='lat' dir='ltr'>phania,</span> <span class='ocrx_word' id='word_1_293' title='bbox 412 3888 558 3944; x_wconf 65' lang='lat' dir='ltr'>quae,</span> <span class='ocrx_word' id='word_1_294' title='bbox 591 3878 652 3925; x_wconf 91' lang='lat' dir='ltr'>ut</span> <span class='ocrx_word' id='word_1_295' title='bbox 677 3885 840 3940; x_wconf 90' lang='lat' dir='ltr'>supra</span> <span class='ocrx_word' id='word_1_296' title='bbox 868 3868 1071 3923; x_wconf 90' lang='lat' dir='ltr'>dictum</span> <span class='ocrx_word' id='word_1_297' title='bbox 1101 3874 1200 3934; x_wconf 90' lang='lat' dir='ltr'>est,</span> <span class='ocrx_word' id='word_1_298' title='bbox 1231 3865 1427 3921; x_wconf 82' lang='lat' dir='ltr'>divina</span> <span class='ocrx_word' id='word_1_299' title='bbox 1473 3864 1758 3936; x_wconf 75' lang='lat' dir='ltr'>apparitio</span> 
     </span>
    </p>
   </div>
   <div class='ocr_carea' id='block_1_42' title="bbox 173 3953 1758 4034">
    <p class='ocr_par' dir='ltr' id='par_1_42' title="bbox 173 3953 1758 4034">
     <span class='ocr_line' id='line_1_42' title="bbox 173 3953 1758 4034; baseline -0.004 -21"><span class='ocrx_word' id='word_1_300' title='bbox 173 3960 559 4034; x_wconf 87' lang='lat' dir='ltr'>interpretatur.</span> <span class='ocrx_word' id='word_1_301' title='bbox 615 3957 849 4014; x_wconf 79' lang='lat' dir='ltr'>Audistis</span> <span class='ocrx_word' id='word_1_302' title='bbox 901 3957 1181 4014; x_wconf 86' lang='lat' dir='ltr'>veritatem</span> <span class='ocrx_word' id='word_1_303' title='bbox 1238 3953 1490 4020; x_wconf 67' lang='lat' dir='ltr'>historiae,</span> <span class='ocrx_word' id='word_1_304' title='bbox 1541 3969 1758 4009; x_wconf 87' lang='lat' dir='ltr'>causam</span> 
     </span>
    </p>
   </div>
   <div class='ocr_carea' id='block_1_43' title="bbox 175 4041 1760 4124">
    <p class='ocr_par' dir='ltr' id='par_1_43' title="bbox 175 4041 1760 4124">
     <span class='ocr_line' id='line_1_43' title="bbox 175 4041 1760 4124; baseline -0.009 -16"><span class='ocrx_word' id='word_1_305' title='bbox 175 4065 374 4124; x_wconf 82' lang='lat' dir='ltr'>quoque</span> <span class='ocrx_word' id='word_1_306' title='bbox 393 4069 424 4107; x_wconf 91' lang='lat' dir='ltr'>a</span> <span class='ocrx_word' id='word_1_307' title='bbox 443 4049 609 4106; x_wconf 87' lang='lat' dir='ltr'>nobis</span> <span class='ocrx_word' id='word_1_308' title='bbox 629 4045 888 4102; x_wconf 90' lang='lat' dir='ltr'>didicistis</span> <span class='ocrx_word' id='word_1_309' title='bbox 916 4045 1077 4115; x_wconf 89' lang='lat' dir='ltr'>hujus</span> <span class='ocrx_word' id='word_1_310' title='bbox 1115 4043 1437 4099; x_wconf 88' lang='lat' dir='ltr'>festivitatis.</span> <span class='ocrx_word' id='word_1_311' title='bbox 1471 4041 1760 4097; x_wconf 88' lang='lat' dir='ltr'>Videamus</span> 
     </span>
    </p>
   </div>
   <div class='ocr_carea' id='block_1_44' title="bbox 175 4125 1760 4206">
    <p class='ocr_par' dir='ltr' id='par_1_44' title="bbox 175 4125 1760 4206">
     <span class='ocr_line' id='line_1_44' title="bbox 175 4125 1760 4206; baseline -0.005 -18"><span class='ocrx_word' id='word_1_312' title='bbox 175 4135 338 4206; x_wconf 88' lang='lat' dir='ltr'>itaque</span> <span class='ocrx_word' id='word_1_313' title='bbox 367 4152 514 4193; x_wconf 89' lang='lat' dir='ltr'>nunc</span> <span class='ocrx_word' id='word_1_314' title='bbox 541 4133 588 4189; x_wconf 89' lang='lat' dir='ltr'>si</span> <span class='ocrx_word' id='word_1_315' title='bbox 618 4131 749 4203; x_wconf 89' lang='lat' dir='ltr'>quid</span> <span class='ocrx_word' id='word_1_316' title='bbox 777 4130 1014 4202; x_wconf 89' lang='lat' dir='ltr'>mysterii</span> <span class='ocrx_word' id='word_1_317' title='bbox 1043 4136 1302 4201; x_wconf 51' lang='lat' dir='ltr'>praeterea</span> <span class='ocrx_word' id='word_1_318' title='bbox 1344 4127 1401 4181; x_wconf 89' lang='lat' dir='ltr'>in</span> <span class='ocrx_word' id='word_1_319' title='bbox 1443 4125 1760 4196; x_wconf 86' lang='lat' dir='ltr'>supradictis</span> 
     </span>
    </p>
   </div>
   <div class='ocr_carea' id='block_1_45' title="bbox 175 4223 341 4281">
    <p class='ocr_par' dir='ltr' id='par_1_45' title="bbox 175 4223 341 4281">
     <span class='ocr_line' id='line_1_45' title="bbox 175 4223 341 4281; baseline 0.024 -5"><span class='ocrx_word' id='word_1_320' title='bbox 175 4223 341 4281; x_wconf 87' lang='lat' dir='ltr'>lateat.</span> 
     </span>
    </p>
   </div>
   <div class='ocr_carea' id='block_1_46' title="bbox 838 4377 1069 4420">
    <p class='ocr_par' dir='ltr' id='par_1_46' title="bbox 838 4377 1069 4420">
     <span class='ocr_line' id='line_1_46' title="bbox 838 4377 1069 4420; baseline -0.009 -2"><span class='ocrx_word' id='word_1_321' title='bbox 838 4377 1069 4420; x_wconf 75' lang='lat' dir='ltr'>DIVISIO.</span> 
     </span>
    </p>
   </div>
   <div class='ocr_carea' id='block_1_47' title="bbox 239 4501 1758 4582">
    <p class='ocr_par' dir='ltr' id='par_1_47' title="bbox 239 4501 1758 4582">
     <span class='ocr_line' id='line_1_47' title="bbox 239 4501 1758 4582; baseline -0.007 -17"><span class='ocrx_word' id='word_1_322' title='bbox 239 4510 380 4582; x_wconf 86' lang='lat' dir='ltr'>Ideo,</span> <span class='ocrx_word' id='word_1_323' title='bbox 414 4512 631 4575; x_wconf 87' lang='lat' dir='ltr'>fratres,</span> <span class='ocrx_word' id='word_1_324' title='bbox 656 4506 871 4579; x_wconf 84' lang='lat' dir='ltr'>fulgens</span> <span class='ocrx_word' id='word_1_325' title='bbox 899 4505 1054 4562; x_wconf 90' lang='lat' dir='ltr'>stella</span> <span class='ocrx_word' id='word_1_326' title='bbox 1098 4502 1350 4574; x_wconf 91' lang='lat' dir='ltr'>apparuit</span> <span class='ocrx_word' id='word_1_327' title='bbox 1396 4501 1522 4574; x_wconf 89' lang='lat' dir='ltr'>quia</span> <span class='ocrx_word' id='word_1_328' title='bbox 1576 4501 1758 4557; x_wconf 90' lang='lat' dir='ltr'>lumen</span> 
     </span>
    </p>
   </div>
   <div class='ocr_carea' id='block_1_48' title="bbox 175 4591 1759 4666">
    <p class='ocr_par' dir='ltr' id='par_1_48' title="bbox 175 4591 1759 4666">
     <span class='ocr_line' id='line_1_48' title="bbox 175 4591 1759 4666; baseline -0.006 -13"><span class='ocrx_word' id='word_1_329' title='bbox 175 4613 282 4656; x_wconf 89' lang='lat' dir='ltr'>esse</span> <span class='ocrx_word' id='word_1_330' title='bbox 308 4603 361 4656; x_wconf 90' lang='lat' dir='ltr'>in</span> <span class='ocrx_word' id='word_1_331' title='bbox 391 4599 632 4657; x_wconf 91' lang='lat' dir='ltr'>tenebris</span> <span class='ocrx_word' id='word_1_332' title='bbox 660 4604 902 4652; x_wconf 84' lang='lat' dir='ltr'>exortum</span> <span class='ocrx_word' id='word_1_333' title='bbox 925 4593 1125 4666; x_wconf 90' lang='lat' dir='ltr'>p0pulo</span> <span class='ocrx_word' id='word_1_334' title='bbox 1154 4591 1494 4666; x_wconf 88' lang='lat' dir='ltr'>signiﬁcavit,</span> <span class='ocrx_word' id='word_1_335' title='bbox 1543 4591 1611 4645; x_wconf 91' lang='lat' dir='ltr'>de</span> <span class='ocrx_word' id='word_1_336' title='bbox 1653 4605 1759 4662; x_wconf 90' lang='lat' dir='ltr'>quo</span> 
     </span>
    </p>
   </div>
   <div class='ocr_carea' id='block_1_49' title="bbox 179 4679 1760 4754">
    <p class='ocr_par' dir='ltr' id='par_1_49' title="bbox 179 4679 1760 4754">
     <span class='ocr_line' id='line_1_49' title="bbox 179 4679 1760 4754; baseline -0.004 -14"><span class='ocrx_word' id='word_1_337' title='bbox 179 4687 354 4745; x_wconf 90' lang='lat' dir='ltr'>dicitur</span> <span class='ocrx_word' id='word_1_338' title='bbox 384 4711 396 4747; x_wconf 91' lang='lat'>:</span> <span class='ocrx_word' id='word_1_339' title='bbox 443 4713 466 4738; x_wconf 73' lang='grc' dir='ltr'>ιι</span> <span class='ocrx_word' id='word_1_340' title='bbox 500 4689 627 4743; x_wconf 86' lang='lat' dir='ltr'>Erat</span> <span class='ocrx_word' id='word_1_341' title='bbox 655 4687 752 4740; x_wconf 87' lang='lat' dir='ltr'>lux</span> <span class='ocrx_word' id='word_1_342' title='bbox 780 4700 928 4754; x_wconf 89' lang='lat' dir='ltr'>vera,</span> <span class='ocrx_word' id='word_1_343' title='bbox 960 4691 1062 4739; x_wconf 89' lang='lat' dir='ltr'>etc.</span> <span class='ocrx_word' id='word_1_344' title='bbox 1099 4705 1121 4730; x_wconf 74' lang='grc' dir='ltr'>ι»</span> <span class='ocrx_word' id='word_1_345' title='bbox 1159 4683 1342 4750; x_wconf 83' lang='lat' dir='ltr'>(Joan.</span> <span class='ocrx_word' id='word_1_346' title='bbox 1375 4683 1453 4752; x_wconf 87' lang='grc' dir='ltr'>ι.)</span> <span class='ocrx_word' id='word_1_347' title='bbox 1483 4679 1609 4736; x_wconf 87' lang='lat' dir='ltr'>Ideo</span> <span class='ocrx_word' id='word_1_348' title='bbox 1657 4695 1760 4749; x_wconf 90' lang='lat' dir='ltr'>ap-</span> 
     </span>
    </p>
   </div>
   <div class='ocr_carea' id='block_1_50' title="bbox 179 4766 1760 4853">
    <p class='ocr_par' dir='ltr' id='par_1_50' title="bbox 179 4766 1760 4853">
     <span class='ocr_line' id='line_1_50' title="bbox 179 4766 1760 4853; baseline -0.008 -20"><span class='ocrx_word' id='word_1_349' title='bbox 179 4780 343 4846; x_wconf 86' lang='lat' dir='ltr'>paruit</span> <span class='ocrx_word' id='word_1_350' title='bbox 359 4778 617 4853; x_wconf 87' lang='lat' dir='ltr'>gentibus</span> <span class='ocrx_word' id='word_1_351' title='bbox 645 4775 770 4845; x_wconf 87' lang='lat' dir='ltr'>quia</span> <span class='ocrx_word' id='word_1_352' title='bbox 798 4780 986 4846; x_wconf 89' lang='lat' dir='ltr'>gentes</span> <span class='ocrx_word' id='word_1_353' title='bbox 1012 4771 1409 4842; x_wconf 79' lang='lat' dir='ltr'>praenuntiabat</span> <span class='ocrx_word' id='word_1_354' title='bbox 1435 4770 1606 4825; x_wconf 91' lang='lat' dir='ltr'>lucem</span> <span class='ocrx_word' id='word_1_355' title='bbox 1634 4766 1760 4823; x_wconf 89' lang='lat' dir='ltr'>ﬁdei</span> 
     </span>
    </p>
   </div>
   <div class='ocr_carea' id='block_1_51' title="bbox 179 4865 1762 4949">
    <p class='ocr_par' dir='ltr' id='par_1_51' title="bbox 179 4865 1762 4949">
     <span class='ocr_line' id='line_1_51' title="bbox 179 4865 1762 4949; baseline -0.007 -19"><span class='ocrx_word' id='word_1_356' title='bbox 179 4886 493 4949; x_wconf 87' lang='lat' dir='ltr'>recepturas,</span> <span class='ocrx_word' id='word_1_357' title='bbox 521 4877 679 4946; x_wconf 85' lang='lat' dir='ltr'>juxta</span> <span class='ocrx_word' id='word_1_358' title='bbox 705 4872 899 4928; x_wconf 88' lang='lat' dir='ltr'>Isaiam</span> <span class='ocrx_word' id='word_1_359' title='bbox 934 4889 945 4925; x_wconf 93' lang='lat'><strong>:</strong></span> <span class='ocrx_word' id='word_1_360' title='bbox 985 4891 1006 4917; x_wconf 88' lang='lat'><strong>«</strong></span> <span class='ocrx_word' id='word_1_361' title='bbox 1042 4869 1276 4940; x_wconf 86' lang='lat' dir='ltr'>Populus</span> <span class='ocrx_word' id='word_1_362' title='bbox 1313 4867 1404 4938; x_wconf 88' lang='lat' dir='ltr'>qui</span> <span class='ocrx_word' id='word_1_363' title='bbox 1449 4865 1762 4923; x_wconf 89' lang='lat' dir='ltr'>ambulabat</span> 
     </span>
    </p>
   </div>
   <div class='ocr_carea' id='block_1_52' title="bbox 179 4957 1758 5030">
    <p class='ocr_par' dir='ltr' id='par_1_52' title="bbox 179 4957 1758 5030">
     <span class='ocr_line' id='line_1_52' title="bbox 179 4957 1758 5030; baseline -0.009 -7"><span class='ocrx_word' id='word_1_364' title='bbox 179 4962 230 5017; x_wconf 85' lang='lat' dir='ltr'>in</span> <span class='ocrx_word' id='word_1_365' title='bbox 265 4967 499 5024; x_wconf 86' lang='lat' dir='ltr'>tenebris</span> <span class='ocrx_word' id='word_1_366' title='bbox 534 4963 673 5021; x_wconf 88' lang='lat' dir='ltr'>vidit</span> <span class='ocrx_word' id='word_1_367' title='bbox 701 4962 876 5016; x_wconf 90' lang='lat' dir='ltr'>lucem</span> <span class='ocrx_word' id='word_1_368' title='bbox 905 4973 1185 5030; x_wconf 86' lang='lat' dir='ltr'>magnam,</span> <span class='ocrx_word' id='word_1_369' title='bbox 1236 4965 1338 5012; x_wconf 92' lang='lat' dir='ltr'>etc.</span> <span class='ocrx_word' id='word_1_370' title='bbox 1376 4979 1398 5005; x_wconf 90' lang='lat'><strong>»</strong></span> <span class='ocrx_word' id='word_1_371' title='bbox 1463 4957 1599 5026; x_wconf 69' lang='lat' dir='ltr'>(13a.</span> <span class='ocrx_word' id='word_1_372' title='bbox 1655 4957 1758 5024; x_wconf 72' lang='grc' dir='ltr'>ιχ.)</span> 
     </span>
    </p>
   </div>
   <div class='ocr_carea' id='block_1_53' title="bbox 181 5044 1758 5118">
    <p class='ocr_par' dir='ltr' id='par_1_53' title="bbox 181 5044 1758 5118">
     <span class='ocr_line' id='line_1_53' title="bbox 181 5044 1758 5118; baseline -0.003 -13"><span class='ocrx_word' id='word_1_373' title='bbox 181 5053 235 5106; x_wconf 85' lang='lat' dir='ltr'>la</span> <span class='ocrx_word' id='word_1_374' title='bbox 260 5056 567 5112; x_wconf 88' lang='lat' dir='ltr'>Bethlehem</span> <span class='ocrx_word' id='word_1_375' title='bbox 599 5051 766 5107; x_wconf 85' lang='lat' dir='ltr'>voluit</span> <span class='ocrx_word' id='word_1_376' title='bbox 793 5047 960 5115; x_wconf 83' lang='lat' dir='ltr'>nasci,</span> <span class='ocrx_word' id='word_1_377' title='bbox 1018 5047 1145 5118; x_wconf 88' lang='lat' dir='ltr'>quia</span> <span class='ocrx_word' id='word_1_378' title='bbox 1195 5046 1505 5101; x_wconf 88' lang='lat' dir='ltr'>Bethlehem</span> <span class='ocrx_word' id='word_1_379' title='bbox 1560 5044 1758 5102; x_wconf 74' lang='lat' dir='ltr'>domu:</span> 
     </span>
    </p>
   </div>
   <div class='ocr_carea' id='block_1_54' title="bbox 177 5134 1756 5215">
    <p class='ocr_par' dir='ltr' id='par_1_54' title="bbox 177 5134 1756 5215">
     <span class='ocr_line' id='line_1_54' title="bbox 177 5134 1756 5215; baseline -0.006 -17"><span class='ocrx_word' id='word_1_380' title='bbox 177 5147 330 5213; x_wconf 72' lang='lat' dir='ltr'>pani:</span> <span class='ocrx_word' id='word_1_381' title='bbox 359 5148 761 5215; x_wconf 87' lang='lat' dir='ltr'>interpretatur.</span> <span class='ocrx_word' id='word_1_382' title='bbox 796 5139 940 5209; x_wconf 80' lang='lat' dir='ltr'>Ergo</span> <span class='ocrx_word' id='word_1_383' title='bbox 969 5137 1026 5191; x_wconf 90' lang='lat' dir='ltr'>in</span> <span class='ocrx_word' id='word_1_384' title='bbox 1051 5152 1117 5192; x_wconf 90' lang='lat' dir='ltr'>ea</span> <span class='ocrx_word' id='word_1_385' title='bbox 1145 5142 1300 5191; x_wconf 88' lang='lat' dir='ltr'>natus</span> <span class='ocrx_word' id='word_1_386' title='bbox 1328 5143 1427 5203; x_wconf 89' lang='lat' dir='ltr'>est,</span> <span class='ocrx_word' id='word_1_387' title='bbox 1459 5143 1512 5190; x_wconf 88' lang='lat' dir='ltr'>et</span> <span class='ocrx_word' id='word_1_388' title='bbox 1539 5134 1595 5188; x_wconf 90' lang='lat' dir='ltr'>in</span> <span class='ocrx_word' id='word_1_389' title='bbox 1623 5134 1756 5188; x_wconf 84' lang='lat' dir='ltr'>Hie-</span> 
     </span>
    </p>
   </div>
   <div class='ocr_carea' id='block_1_55' title="bbox 181 5222 1759 5304">
    <p class='ocr_par' dir='ltr' id='par_1_55' title="bbox 181 5222 1759 5304">
     <span class='ocr_line' id='line_1_55' title="bbox 181 5222 1759 5304; baseline -0.004 -20"><span class='ocrx_word' id='word_1_390' title='bbox 181 5235 418 5303; x_wconf 87' lang='lat' dir='ltr'>rusalem,</span> <span class='ocrx_word' id='word_1_391' title='bbox 451 5249 573 5304; x_wconf 70' lang='lat' dir='ltr'>qua:</span> <span class='ocrx_word' id='word_1_392' title='bbox 602 5237 716 5286; x_wconf 89' lang='lat' dir='ltr'>erat</span> <span class='ocrx_word' id='word_1_393' title='bbox 767 5226 1052 5298; x_wconf 88' lang='lat' dir='ltr'>populosa,</span> <span class='ocrx_word' id='word_1_394' title='bbox 1109 5231 1338 5280; x_wconf 89' lang='lat' dir='ltr'>mortem</span> <span class='ocrx_word' id='word_1_395' title='bbox 1393 5223 1574 5291; x_wconf 88' lang='lat' dir='ltr'>subiit,</span> <span class='ocrx_word' id='word_1_396' title='bbox 1632 5222 1759 5293; x_wconf 83' lang='lat' dir='ltr'>quia</span> 
     </span>
    </p>
   </div>
   <div class='ocr_carea' id='block_1_56' title="bbox 180 5312 1755 5395">
    <p class='ocr_par' dir='ltr' id='par_1_56' title="bbox 180 5312 1755 5395">
     <span class='ocr_line' id='line_1_56' title="bbox 180 5312 1755 5395; baseline -0.006 -20"><span class='ocrx_word' id='word_1_397' title='bbox 180 5335 276 5376; x_wconf 89' lang='lat' dir='ltr'>non</span> <span class='ocrx_word' id='word_1_398' title='bbox 311 5323 589 5395; x_wconf 65' lang='lat' dir='ltr'>querebat</span> <span class='ocrx_word' id='word_1_399' title='bbox 623 5317 856 5392; x_wconf 88' lang='lat' dir='ltr'>gloriam</span> <span class='ocrx_word' id='word_1_400' title='bbox 885 5313 1096 5369; x_wconf 89' lang='lat' dir='ltr'>mundi.</span> <span class='ocrx_word' id='word_1_401' title='bbox 1141 5312 1397 5385; x_wconf 83' lang='lat' dir='ltr'>Magister</span> <span class='ocrx_word' id='word_1_402' title='bbox 1449 5312 1594 5366; x_wconf 91' lang='lat' dir='ltr'>enim</span> <span class='ocrx_word' id='word_1_403' title='bbox 1650 5314 1755 5367; x_wconf 89' lang='lat' dir='ltr'>hu-</span> 
     </span>
    </p>
   </div>
   <div class='ocr_carea' id='block_1_57' title="bbox 181 5401 1752 5482">
    <p class='ocr_par' dir='ltr' id='par_1_57' title="bbox 181 5401 1752 5482">
     <span class='ocr_line' id='line_1_57' title="bbox 181 5401 1752 5482; baseline -0.004 -19"><span class='ocrx_word' id='word_1_404' title='bbox 181 5411 400 5469; x_wconf 88' lang='lat' dir='ltr'>militatis</span> <span class='ocrx_word' id='word_1_405' title='bbox 430 5411 499 5467; x_wconf 92' lang='lat' dir='ltr'>de</span> <span class='ocrx_word' id='word_1_406' title='bbox 529 5406 854 5482; x_wconf 87' lang='lat' dir='ltr'>pauperibus</span> <span class='ocrx_word' id='word_1_407' title='bbox 892 5402 1220 5476; x_wconf 88' lang='lat' dir='ltr'>parentibus,</span> <span class='ocrx_word' id='word_1_408' title='bbox 1268 5402 1323 5456; x_wconf 90' lang='lat' dir='ltr'>in</span> <span class='ocrx_word' id='word_1_409' title='bbox 1370 5401 1558 5457; x_wconf 89' lang='lat' dir='ltr'>humili</span> <span class='ocrx_word' id='word_1_410' title='bbox 1614 5401 1752 5471; x_wconf 90' lang='lat' dir='ltr'>loco,</span> 
     </span>
    </p>
   </div>
   <div class='ocr_carea' id='block_1_58' title="bbox 180 5490 1754 5574">
    <p class='ocr_par' dir='ltr' id='par_1_58' title="bbox 180 5490 1754 5574">
     <span class='ocr_line' id='line_1_58' title="bbox 180 5490 1754 5574; baseline -0.004 -21"><span class='ocrx_word' id='word_1_411' title='bbox 180 5496 229 5552; x_wconf 88' lang='lat' dir='ltr'>in</span> <span class='ocrx_word' id='word_1_412' title='bbox 255 5502 340 5555; x_wconf 91' lang='lat' dir='ltr'>vili</span> <span class='ocrx_word' id='word_1_413' title='bbox 367 5498 637 5574; x_wconf 77' lang='lat' dir='ltr'>praesepio</span> <span class='ocrx_word' id='word_1_414' title='bbox 663 5494 809 5552; x_wconf 89' lang='lat' dir='ltr'>nasci</span> <span class='ocrx_word' id='word_1_415' title='bbox 837 5493 1088 5565; x_wconf 86' lang='lat' dir='ltr'>dignatus</span> <span class='ocrx_word' id='word_1_416' title='bbox 1129 5498 1227 5558; x_wconf 89' lang='lat' dir='ltr'>est,</span> <span class='ocrx_word' id='word_1_417' title='bbox 1276 5490 1562 5546; x_wconf 89' lang='lat' dir='ltr'>moriturus</span> <span class='ocrx_word' id='word_1_418' title='bbox 1604 5505 1754 5558; x_wconf 91' lang='lat' dir='ltr'>vero,</span> 
     </span>
    </p>
   </div>
   <div class='ocr_carea' id='block_1_59' title="bbox 185 5579 1755 5664">
    <p class='ocr_par' dir='ltr' id='par_1_59' title="bbox 185 5579 1755 5664">
     <span class='ocr_line' id='line_1_59' title="bbox 185 5579 1755 5664; baseline -0.006 -24"><span class='ocrx_word' id='word_1_419' title='bbox 185 5586 331 5661; x_wconf 85' lang='lat' dir='ltr'>elegit</span> <span class='ocrx_word' id='word_1_420' title='bbox 357 5589 683 5664; x_wconf 84' lang='lat' dir='ltr'>p0pulosam</span> <span class='ocrx_word' id='word_1_421' title='bbox 710 5583 924 5650; x_wconf 86' lang='lat' dir='ltr'>urbem,</span> <span class='ocrx_word' id='word_1_422' title='bbox 958 5589 1016 5636; x_wconf 92' lang='lat' dir='ltr'>ut</span> <span class='ocrx_word' id='word_1_423' title='bbox 1043 5581 1099 5635; x_wconf 90' lang='lat' dir='ltr'>in</span> <span class='ocrx_word' id='word_1_424' title='bbox 1128 5587 1415 5650; x_wconf 89' lang='lat' dir='ltr'>conspectu</span> <span class='ocrx_word' id='word_1_425' title='bbox 1455 5587 1530 5634; x_wconf 93' lang='lat' dir='ltr'>tot</span> <span class='ocrx_word' id='word_1_426' title='bbox 1573 5579 1755 5635; x_wconf 90' lang='lat' dir='ltr'>homi-</span> 
     </span>
    </p>
   </div>
   <div class='ocr_carea' id='block_1_60' title="bbox 183 5667 1757 5750">
    <p class='ocr_par' dir='ltr' id='par_1_60' title="bbox 183 5667 1757 5750">
     <span class='ocr_line' id='line_1_60' title="bbox 183 5667 1757 5750; baseline -0.004 -22"><span class='ocrx_word' id='word_1_427' title='bbox 183 5688 316 5746; x_wconf 90' lang='lat' dir='ltr'>num,</span> <span class='ocrx_word' id='word_1_428' title='bbox 347 5680 436 5750; x_wconf 87' lang='lat' dir='ltr'>qui</span> <span class='ocrx_word' id='word_1_429' title='bbox 467 5679 836 5734; x_wconf 88' lang='lat' dir='ltr'>convenerant</span> <span class='ocrx_word' id='word_1_430' title='bbox 863 5669 933 5726; x_wconf 89' lang='lat' dir='ltr'>ad</span> <span class='ocrx_word' id='word_1_431' title='bbox 983 5669 1346 5738; x_wconf 79' lang='lat' dir='ltr'>festivitatem,</span> <span class='ocrx_word' id='word_1_432' title='bbox 1394 5685 1514 5723; x_wconf 92' lang='lat' dir='ltr'>cum</span> <span class='ocrx_word' id='word_1_433' title='bbox 1563 5667 1757 5738; x_wconf 90' lang='lat' dir='ltr'>majori</span> 
     </span>
    </p>
   </div>
   <div class='ocr_carea' id='block_1_61' title="bbox 184 5756 1755 5838">
    <p class='ocr_par' dir='ltr' id='par_1_61' title="bbox 184 5756 1755 5838">
     <span class='ocr_line' id='line_1_61' title="bbox 184 5756 1755 5838; baseline -0.003 -22"><span class='ocrx_word' id='word_1_434' title='bbox 184 5769 458 5836; x_wconf 89' lang='lat' dir='ltr'>opprobrio</span> <span class='ocrx_word' id='word_1_435' title='bbox 492 5780 593 5838; x_wconf 91' lang='lat' dir='ltr'>pro</span> <span class='ocrx_word' id='word_1_436' title='bbox 621 5761 780 5817; x_wconf 90' lang='lat' dir='ltr'>nobis</span> <span class='ocrx_word' id='word_1_437' title='bbox 807 5759 1100 5829; x_wconf 89' lang='lat' dir='ltr'>susciperet</span> <span class='ocrx_word' id='word_1_438' title='bbox 1126 5765 1375 5814; x_wconf 89' lang='lat' dir='ltr'>mortem.</span> <span class='ocrx_word' id='word_1_439' title='bbox 1403 5756 1544 5812; x_wconf 91' lang='lat' dir='ltr'>Dum</span> <span class='ocrx_word' id='word_1_440' title='bbox 1573 5756 1755 5812; x_wconf 88' lang='lat' dir='ltr'>diver-</span> 
     </span>
    </p>
   </div>
   <div class='ocr_carea' id='block_1_62' title="bbox 186 5843 1758 5919">
    <p class='ocr_par' dir='ltr' id='par_1_62' title="bbox 186 5843 1758 5919">
     <span class='ocr_line' id='line_1_62' title="bbox 186 5843 1758 5919; baseline -0.006 -9"><span class='ocrx_word' id='word_1_441' title='bbox 186 5857 287 5912; x_wconf 88' lang='lat' dir='ltr'>tunt</span> <span class='ocrx_word' id='word_1_442' title='bbox 310 5858 374 5914; x_wconf 87' lang='lat' dir='ltr'>ad</span> <span class='ocrx_word' id='word_1_443' title='bbox 402 5852 704 5919; x_wconf 86' lang='lat' dir='ltr'>Herodem,</span> <span class='ocrx_word' id='word_1_444' title='bbox 735 5849 945 5906; x_wconf 90' lang='lat' dir='ltr'>stellam</span> <span class='ocrx_word' id='word_1_445' title='bbox 991 5847 1322 5904; x_wconf 89' lang='lat' dir='ltr'>admiserunt</span> <span class='ocrx_word' id='word_1_446' title='bbox 1368 5843 1580 5916; x_wconf 91' lang='lat' dir='ltr'>ducem,</span> <span class='ocrx_word' id='word_1_447' title='bbox 1632 5845 1758 5916; x_wconf 90' lang='lat' dir='ltr'>quia</span> 
     </span>
    </p>
   </div>
   <div class='ocr_carea' id='block_1_63' title="bbox 480 5993 1022 6065">
    <p class='ocr_par' dir='ltr' id='par_1_63' title="bbox 480 5993 1022 6065">
     <span class='ocr_line' id='line_1_63' title="bbox 480 5993 1022 6065; baseline -0.018 0"><span class='ocrx_word' id='word_1_448' title='bbox 480 5999 750 6065; x_wconf 75' lang='lat' dir='ltr'>PATROL.</span> <span class='ocrx_word' id='word_1_449' title='bbox 783 5993 1022 6064; x_wconf 86' lang='lat' dir='ltr'>CLVII.</span> 
     </span>
    </p>
   </div>
   <div class='ocr_carea' id='block_1_64' title="bbox 1861 590 3456 662">
    <p class='ocr_par' dir='ltr' id='par_1_64' title="bbox 1861 590 3456 662">
     <span class='ocr_line' id='line_1_64' title="bbox 1861 590 3456 662; baseline 0.003 -18"><span class='ocrx_word' id='word_1_450' title='bbox 1861 590 2062 645; x_wconf 90' lang='lat' dir='ltr'>lumine</span> <span class='ocrx_word' id='word_1_451' title='bbox 2093 599 2410 660; x_wconf 75' lang='lat' dir='ltr'>excaecatur,</span> <span class='ocrx_word' id='word_1_452' title='bbox 2444 608 2603 661; x_wconf 90' lang='lat' dir='ltr'>quem</span> <span class='ocrx_word' id='word_1_453' title='bbox 2638 591 2726 662; x_wconf 91' lang='lat' dir='ltr'>qui</span> <span class='ocrx_word' id='word_1_454' title='bbox 2777 592 2991 660; x_wconf 89' lang='lat' dir='ltr'>deserit,</span> <span class='ocrx_word' id='word_1_455' title='bbox 3043 595 3221 648; x_wconf 83' lang='lat' dir='ltr'>statim</span> <span class='ocrx_word' id='word_1_456' title='bbox 3268 610 3456 650; x_wconf 90' lang='lat' dir='ltr'>verum</span> 
     </span>
    </p>
   </div>
   <div class='ocr_carea' id='block_1_65' title="bbox 1860 679 3458 754">
    <p class='ocr_par' dir='ltr' id='par_1_65' title="bbox 1860 679 3458 754">
     <span class='ocr_line' id='line_1_65' title="bbox 1860 679 3458 754; baseline 0.003 -21"><span class='ocrx_word' id='word_1_457' title='bbox 1860 679 2042 734; x_wconf 90' lang='lat' dir='ltr'>lumen</span> <span class='ocrx_word' id='word_1_458' title='bbox 2071 679 2260 749; x_wconf 90' lang='lat' dir='ltr'>recipit</span> <span class='ocrx_word' id='word_1_459' title='bbox 2289 679 2431 750; x_wconf 88' lang='lat' dir='ltr'>quod</span> <span class='ocrx_word' id='word_1_460' title='bbox 2460 681 2737 736; x_wconf 89' lang='lat' dir='ltr'>amiserat.</span> <span class='ocrx_word' id='word_1_461' title='bbox 2777 681 2984 737; x_wconf 91' lang='lat' dir='ltr'>Domus</span> <span class='ocrx_word' id='word_1_462' title='bbox 3031 682 3125 737; x_wconf 91' lang='lat' dir='ltr'>ubi</span> <span class='ocrx_word' id='word_1_463' title='bbox 3167 699 3300 754; x_wconf 86' lang='lat' dir='ltr'>puer</span> <span class='ocrx_word' id='word_1_464' title='bbox 3343 691 3458 738; x_wconf 89' lang='lat' dir='ltr'>erat</span> 
     </span>
    </p>
   </div>
   <div class='ocr_carea' id='block_1_66' title="bbox 1859 765 3460 842">
    <p class='ocr_par' dir='ltr' id='par_1_66' title="bbox 1859 765 3460 842">
     <span class='ocr_line' id='line_1_66' title="bbox 1859 765 3460 842; baseline 0.004 -21"><span class='ocrx_word' id='word_1_465' title='bbox 1859 767 2125 840; x_wconf 88' lang='lat' dir='ltr'>signiﬁcat</span> <span class='ocrx_word' id='word_1_466' title='bbox 2177 769 2495 824; x_wconf 86' lang='lat' dir='ltr'>Ecclesiam.</span> <span class='ocrx_word' id='word_1_467' title='bbox 2571 768 2909 840; x_wconf 88' lang='lat' dir='ltr'>Quicumque</span> <span class='ocrx_word' id='word_1_468' title='bbox 2973 778 3151 826; x_wconf 88' lang='lat' dir='ltr'>autem</span> <span class='ocrx_word' id='word_1_469' title='bbox 3215 765 3460 842; x_wconf 72' lang='lat' dir='ltr'>quaerunt</span> 
     </span>
    </p>
   </div>
   <div class='ocr_carea' id='block_1_67' title="bbox 1861 866 3456 933">
    <p class='ocr_par' dir='ltr' id='par_1_67' title="bbox 1861 866 3456 933">
     <span class='ocr_line' id='line_1_67' title="bbox 1861 866 3456 933; baseline 0.003 -13"><span class='ocrx_word' id='word_1_470' title='bbox 1861 866 2147 933; x_wconf 88' lang='lat' dir='ltr'>Christum,</span> <span class='ocrx_word' id='word_1_471' title='bbox 2180 866 2234 920; x_wconf 94' lang='lat' dir='ltr'>in</span> <span class='ocrx_word' id='word_1_472' title='bbox 2264 867 2504 922; x_wconf 85' lang='lat' dir='ltr'>Ecclesia</span> <span class='ocrx_word' id='word_1_473' title='bbox 2535 883 2657 922; x_wconf 89' lang='lat' dir='ltr'>eum</span> <span class='ocrx_word' id='word_1_474' title='bbox 2689 868 2970 923; x_wconf 90' lang='lat' dir='ltr'>inveniunt</span> <span class='ocrx_word' id='word_1_475' title='bbox 3000 888 3012 924; x_wconf 91' lang='lat'><strong>:</strong></span> <span class='ocrx_word' id='word_1_476' title='bbox 3048 869 3123 923; x_wconf 92' lang='lat' dir='ltr'>ibi</span> <span class='ocrx_word' id='word_1_477' title='bbox 3154 885 3276 924; x_wconf 90' lang='lat' dir='ltr'>eum</span> <span class='ocrx_word' id='word_1_478' title='bbox 3315 869 3456 925; x_wconf 90' lang='lat' dir='ltr'>ado-</span> 
     </span>
    </p>
   </div>
   <div class='ocr_carea' id='block_1_68' title="bbox 1859 955 3457 1027">
    <p class='ocr_par' dir='ltr' id='par_1_68' title="bbox 1859 955 3457 1027">
     <span class='ocr_line' id='line_1_68' title="bbox 1859 955 3457 1027; baseline 0.003 -19"><span class='ocrx_word' id='word_1_479' title='bbox 1859 962 1976 1009; x_wconf 88' lang='lat' dir='ltr'>rant</span> <span class='ocrx_word' id='word_1_480' title='bbox 2008 963 2059 1009; x_wconf 91' lang='lat' dir='ltr'>et</span> <span class='ocrx_word' id='word_1_481' title='bbox 2089 955 2292 1011; x_wconf 90' lang='lat' dir='ltr'>colunt.</span> <span class='ocrx_word' id='word_1_482' title='bbox 2327 957 2551 1012; x_wconf 89' lang='lat' dir='ltr'>Invento</span> <span class='ocrx_word' id='word_1_483' title='bbox 2581 964 2761 1012; x_wconf 90' lang='lat' dir='ltr'>autem</span> <span class='ocrx_word' id='word_1_484' title='bbox 2811 957 3038 1024; x_wconf 88' lang='lat' dir='ltr'>Christo,</span> <span class='ocrx_word' id='word_1_485' title='bbox 3082 957 3210 1027; x_wconf 90' lang='lat' dir='ltr'>quid</span> <span class='ocrx_word' id='word_1_486' title='bbox 3264 957 3457 1014; x_wconf 76' lang='lat' dir='ltr'>offerre</span> 
     </span>
    </p>
   </div>
   <div class='ocr_carea' id='block_1_69' title="bbox 1860 1043 3456 1117">
    <p class='ocr_par' dir='ltr' id='par_1_69' title="bbox 1860 1043 3456 1117">
     <span class='ocr_line' id='line_1_69' title="bbox 1860 1043 3456 1117; baseline 0.003 -20"><span class='ocrx_word' id='word_1_487' title='bbox 1860 1043 2154 1098; x_wconf 90' lang='lat' dir='ltr'>debeamus</span> <span class='ocrx_word' id='word_1_488' title='bbox 2192 1044 2246 1098; x_wconf 94' lang='lat' dir='ltr'>in</span> <span class='ocrx_word' id='word_1_489' title='bbox 2286 1045 2603 1099; x_wconf 89' lang='lat' dir='ltr'>muneribus</span> <span class='ocrx_word' id='word_1_490' title='bbox 2640 1061 2826 1101; x_wconf 90' lang='lat' dir='ltr'>eorum</span> <span class='ocrx_word' id='word_1_491' title='bbox 2847 1046 3151 1101; x_wconf 88' lang='lat' dir='ltr'>didicimus.</span> <span class='ocrx_word' id='word_1_492' title='bbox 3185 1047 3456 1117; x_wconf 82' lang='lat' dir='ltr'>Myrrham</span> 
     </span>
    </p>
   </div>
   <div class='ocr_carea' id='block_1_70' title="bbox 1859 1139 3458 1213">
    <p class='ocr_par' dir='ltr' id='par_1_70' title="bbox 1859 1139 3458 1213">
     <span class='ocr_line' id='line_1_70' title="bbox 1859 1139 3458 1213; baseline 0.003 -19"><span class='ocrx_word' id='word_1_493' title='bbox 1859 1139 2128 1195; x_wconf 87' lang='lat' dir='ltr'>videlicet.</span> <span class='ocrx_word' id='word_1_494' title='bbox 2159 1141 2375 1211; x_wconf 82' lang='lat' dir='ltr'>Myrrha</span> <span class='ocrx_word' id='word_1_495' title='bbox 2400 1142 2659 1213; x_wconf 88' lang='lat' dir='ltr'>competit</span> <span class='ocrx_word' id='word_1_496' title='bbox 2685 1142 2909 1198; x_wconf 89' lang='lat' dir='ltr'>mortuis</span> <span class='ocrx_word' id='word_1_497' title='bbox 2934 1141 3060 1212; x_wconf 88' lang='lat' dir='ltr'>quia</span> <span class='ocrx_word' id='word_1_498' title='bbox 3099 1142 3458 1199; x_wconf 89' lang='lat' dir='ltr'>amaritudine</span> 
     </span>
    </p>
   </div>
   <div class='ocr_carea' id='block_1_71' title="bbox 1861 1227 3458 1301">
    <p class='ocr_par' dir='ltr' id='par_1_71' title="bbox 1861 1227 3458 1301">
     <span class='ocr_line' id='line_1_71' title="bbox 1861 1227 3458 1301; baseline 0.002 -19"><span class='ocrx_word' id='word_1_499' title='bbox 1861 1227 1979 1298; x_wconf 91' lang='lat' dir='ltr'>ejus</span> <span class='ocrx_word' id='word_1_500' title='bbox 2005 1245 2217 1284; x_wconf 88' lang='lat' dir='ltr'>vermes</span> <span class='ocrx_word' id='word_1_501' title='bbox 2255 1229 2688 1301; x_wconf 83' lang='lat' dir='ltr'>exstinguuntur.</span> <span class='ocrx_word' id='word_1_502' title='bbox 2745 1231 2920 1286; x_wconf 87' lang='lat' dir='ltr'>Homo</span> <span class='ocrx_word' id='word_1_503' title='bbox 2969 1239 3146 1286; x_wconf 91' lang='lat' dir='ltr'>autem</span> <span class='ocrx_word' id='word_1_504' title='bbox 3195 1231 3458 1287; x_wconf 89' lang='lat' dir='ltr'>accedens</span> 
     </span>
    </p>
   </div>
   <div class='ocr_carea' id='block_1_72' title="bbox 1861 1316 3458 1387">
    <p class='ocr_par' dir='ltr' id='par_1_72' title="bbox 1861 1316 3458 1387">
     <span class='ocr_line' id='line_1_72' title="bbox 1861 1316 3458 1387; baseline 0.002 -16"><span class='ocrx_word' id='word_1_505' title='bbox 1861 1317 1928 1371; x_wconf 93' lang='lat' dir='ltr'>ad</span> <span class='ocrx_word' id='word_1_506' title='bbox 1957 1317 2275 1387; x_wconf 88' lang='lat' dir='ltr'>Ecclesiam,</span> <span class='ocrx_word' id='word_1_507' title='bbox 2308 1316 2630 1374; x_wconf 89' lang='lat' dir='ltr'>mortiﬁcare</span> <span class='ocrx_word' id='word_1_508' title='bbox 2669 1317 2832 1374; x_wconf 89' lang='lat' dir='ltr'>debet</span> <span class='ocrx_word' id='word_1_509' title='bbox 2876 1334 3092 1375; x_wconf 86' lang='lat' dir='ltr'>carnem</span> <span class='ocrx_word' id='word_1_510' title='bbox 3136 1335 3257 1374; x_wconf 89' lang='lat' dir='ltr'>cum</span> <span class='ocrx_word' id='word_1_511' title='bbox 3314 1319 3458 1375; x_wconf 86' lang='lat' dir='ltr'>vitiis</span> 
     </span>
    </p>
   </div>
   <div class='ocr_carea' id='block_1_73' title="bbox 1862 1415 3448 1486">
    <p class='ocr_par' dir='ltr' id='par_1_73' title="bbox 1862 1415 3448 1486">
     <span class='ocr_line' id='line_1_73' title="bbox 1862 1415 3448 1486; baseline 0.003 -18"><span class='ocrx_word' id='word_1_512' title='bbox 1862 1415 2402 1486; x_wconf 89' lang='lat' dir='ltr'>etconcupiscentiis,</span> <span class='ocrx_word' id='word_1_513' title='bbox 2434 1432 2501 1471; x_wconf 90' lang='lat' dir='ltr'>ne</span> <span class='ocrx_word' id='word_1_514' title='bbox 2526 1432 2737 1471; x_wconf 91' lang='lat' dir='ltr'>vermes</span> <span class='ocrx_word' id='word_1_515' title='bbox 2762 1425 3108 1486; x_wconf 87' lang='lat' dir='ltr'>peccatorum</span> <span class='ocrx_word' id='word_1_516' title='bbox 3139 1424 3448 1472; x_wconf 88' lang='lat' dir='ltr'>nascantur.</span> 
     </span>
    </p>
   </div>
   <div class='ocr_carea' id='block_1_74' title="bbox 1861 1502 3461 1576">
    <p class='ocr_par' dir='ltr' id='par_1_74' title="bbox 1861 1502 3461 1576">
     <span class='ocr_line' id='line_1_74' title="bbox 1861 1502 3461 1576; baseline 0.001 -18"><span class='ocrx_word' id='word_1_517' title='bbox 1861 1502 2154 1558; x_wconf 87' lang='lat' dir='ltr'>Exstinctis</span> <span class='ocrx_word' id='word_1_518' title='bbox 2192 1504 2334 1558; x_wconf 90' lang='lat' dir='ltr'>vitiis</span> <span class='ocrx_word' id='word_1_519' title='bbox 2360 1505 2663 1559; x_wconf 88' lang='lat' dir='ltr'>necessaria</span> <span class='ocrx_word' id='word_1_520' title='bbox 2691 1512 2771 1559; x_wconf 91' lang='lat' dir='ltr'>est</span> <span class='ocrx_word' id='word_1_521' title='bbox 2815 1505 2986 1561; x_wconf 92' lang='lat' dir='ltr'>oratio</span> <span class='ocrx_word' id='word_1_522' title='bbox 3027 1521 3147 1575; x_wconf 76' lang='lat' dir='ltr'>quae</span> <span class='ocrx_word' id='word_1_523' title='bbox 3198 1521 3296 1576; x_wconf 88' lang='lat' dir='ltr'>per</span> <span class='ocrx_word' id='word_1_524' title='bbox 3341 1506 3461 1560; x_wconf 87' lang='lat' dir='ltr'>thus</span> 
     </span>
    </p>
   </div>
   <div class='ocr_carea' id='block_1_75' title="bbox 1862 1590 3455 1663">
    <p class='ocr_par' dir='ltr' id='par_1_75' title="bbox 1862 1590 3455 1663">
     <span class='ocr_line' id='line_1_75' title="bbox 1862 1590 3455 1663; baseline 0.003 -18"><span class='ocrx_word' id='word_1_525' title='bbox 1862 1590 2213 1662; x_wconf 90' lang='lat' dir='ltr'>signiﬁcatur,</span> <span class='ocrx_word' id='word_1_526' title='bbox 2245 1607 2364 1662; x_wconf 68' lang='lat' dir='ltr'>qum</span> <span class='ocrx_word' id='word_1_527' title='bbox 2395 1591 2647 1662; x_wconf 91' lang='lat' dir='ltr'>impetrat</span> <span class='ocrx_word' id='word_1_528' title='bbox 2676 1593 2910 1649; x_wconf 88' lang='lat' dir='ltr'>veniam.</span> <span class='ocrx_word' id='word_1_529' title='bbox 2942 1593 3022 1648; x_wconf 91' lang='lat' dir='ltr'>De</span> <span class='ocrx_word' id='word_1_530' title='bbox 3061 1609 3166 1663; x_wconf 91' lang='lat' dir='ltr'>quo</span> <span class='ocrx_word' id='word_1_531' title='bbox 3216 1593 3411 1649; x_wconf 85' lang='lat' dir='ltr'>dicitur</span> <span class='ocrx_word' id='word_1_532' title='bbox 3441 1611 3455 1650; x_wconf 88' lang='lat'><strong>:</strong></span> 
     </span>
    </p>
   </div>
   <div class='ocr_carea' id='block_1_76' title="bbox 1863 1688 3461 1762">
    <p class='ocr_par' dir='ltr' id='par_1_76' title="bbox 1863 1688 3461 1762">
     <span class='ocr_line' id='line_1_76' title="bbox 1863 1688 3461 1762; baseline 0.003 -20"><span class='ocrx_word' id='word_1_533' title='bbox 1863 1688 2138 1760; x_wconf 91' lang='lat' dir='ltr'>Dirigatur</span> <span class='ocrx_word' id='word_1_534' title='bbox 2164 1689 2354 1758; x_wconf 89' lang='lat' dir='ltr'>oratio,</span> <span class='ocrx_word' id='word_1_535' title='bbox 2387 1697 2488 1745; x_wconf 89' lang='lat' dir='ltr'>etc.</span> <span class='ocrx_word' id='word_1_536' title='bbox 2520 1691 2700 1746; x_wconf 72' lang='grc' dir='ltr'>(Ρεαι.</span> <span class='ocrx_word' id='word_1_537' title='bbox 2733 1692 2878 1745; x_wconf 62' lang='lat' dir='ltr'>cxi).</span> <span class='ocrx_word' id='word_1_538' title='bbox 2915 1712 2937 1738; x_wconf 77' lang='grc' dir='ltr'>ιι</span> <span class='ocrx_word' id='word_1_539' title='bbox 2993 1691 3124 1746; x_wconf 88' lang='lat' dir='ltr'>Inde</span> <span class='ocrx_word' id='word_1_540' title='bbox 3165 1700 3461 1762; x_wconf 87' lang='lat' dir='ltr'>sequuntur</span> 
     </span>
    </p>
   </div>
   <div class='ocr_carea' id='block_1_77' title="bbox 1864 1777 3462 1852">
    <p class='ocr_par' dir='ltr' id='par_1_77' title="bbox 1864 1777 3462 1852">
     <span class='ocr_line' id='line_1_77' title="bbox 1864 1777 3462 1852; baseline 0.002 -21"><span class='ocrx_word' id='word_1_541' title='bbox 1864 1792 2030 1846; x_wconf 90' lang='lat' dir='ltr'>opera</span> <span class='ocrx_word' id='word_1_542' title='bbox 2057 1777 2348 1845; x_wconf 88' lang='lat' dir='ltr'>charitatis,</span> <span class='ocrx_word' id='word_1_543' title='bbox 2381 1794 2502 1848; x_wconf 70' lang='lat' dir='ltr'>qua:</span> <span class='ocrx_word' id='word_1_544' title='bbox 2532 1795 2628 1849; x_wconf 90' lang='lat' dir='ltr'>per</span> <span class='ocrx_word' id='word_1_545' title='bbox 2655 1795 2844 1834; x_wconf 91' lang='lat' dir='ltr'>aurum</span> <span class='ocrx_word' id='word_1_546' title='bbox 2887 1779 3258 1852; x_wconf 86' lang='lat' dir='ltr'>designantur.</span> <span class='ocrx_word' id='word_1_547' title='bbox 3311 1779 3462 1836; x_wconf 91' lang='lat' dir='ltr'>Sicut</span> 
     </span>
    </p>
   </div>
   <div class='ocr_carea' id='block_1_78' title="bbox 1779 1847 3454 1938">
    <p class='ocr_par' dir='ltr' id='par_1_78' title="bbox 1779 1847 3454 1938">
     <span class='ocr_line' id='line_1_78' title="bbox 1779 1847 3454 1938; baseline 0.002 -19"><span class='ocrx_word' id='word_1_548' title='bbox 1779 1847 1834 1909; x_wconf 85' lang='grc' dir='ltr'><strong>Β</strong></span> <span class='ocrx_word' id='word_1_549' title='bbox 1865 1865 2008 1920; x_wconf 90' lang='lat' dir='ltr'>enim</span> <span class='ocrx_word' id='word_1_550' title='bbox 2037 1867 2244 1922; x_wconf 66' lang='lat' dir='ltr'>caneris</span> <span class='ocrx_word' id='word_1_551' title='bbox 2273 1847 2504 1921; x_wconf 84' lang='lat' dir='ltr'>metallis</span> <span class='ocrx_word' id='word_1_552' title='bbox 2533 1847 2812 1938; x_wconf 76' lang='lat' dir='ltr'>praevalet,</span> <span class='ocrx_word' id='word_1_553' title='bbox 2834 1868 2912 1922; x_wconf 92' lang='lat' dir='ltr'>sic</span> <span class='ocrx_word' id='word_1_554' title='bbox 2933 1847 3072 1922; x_wconf 79' lang='lat' dir='ltr'>inter</span> <span class='ocrx_word' id='word_1_555' title='bbox 3087 1875 3311 1924; x_wconf 70' lang='lat' dir='ltr'>caeteras</span> <span class='ocrx_word' id='word_1_556' title='bbox 3339 1870 3454 1923; x_wconf 88' lang='lat' dir='ltr'>vir-</span> 
     </span>
    </p>
   </div>
   <div class='ocr_carea' id='block_1_79' title="bbox 1862 1963 3458 2036">
    <p class='ocr_par' dir='ltr' id='par_1_79' title="bbox 1862 1963 3458 2036">
     <span class='ocr_line' id='line_1_79' title="bbox 1862 1963 3458 2036; baseline 0.001 -19"><span class='ocrx_word' id='word_1_557' title='bbox 1862 1969 1999 2018; x_wconf 90' lang='lat' dir='ltr'>tutes</span> <span class='ocrx_word' id='word_1_558' title='bbox 2035 1963 2266 2018; x_wconf 88' lang='lat' dir='ltr'>charitas</span> <span class='ocrx_word' id='word_1_559' title='bbox 2319 1963 2598 2034; x_wconf 65' lang='lat' dir='ltr'>praecellit.</span> <span class='ocrx_word' id='word_1_560' title='bbox 2657 1965 2779 2035; x_wconf 85' lang='lat' dir='ltr'>Ipsa</span> <span class='ocrx_word' id='word_1_561' title='bbox 2834 1972 2916 2019; x_wconf 90' lang='lat' dir='ltr'>est</span> <span class='ocrx_word' id='word_1_562' title='bbox 2978 1980 3212 2034; x_wconf 89' lang='lat' dir='ltr'>namque</span> <span class='ocrx_word' id='word_1_563' title='bbox 3277 1965 3458 2036; x_wconf 91' lang='lat' dir='ltr'>pleni-</span> 
     </span>
    </p>
   </div>
   <div class='ocr_carea' id='block_1_80' title="bbox 1864 2052 3458 2125">
    <p class='ocr_par' dir='ltr' id='par_1_80' title="bbox 1864 2052 3458 2125">
     <span class='ocr_line' id='line_1_80' title="bbox 1864 2052 3458 2125; baseline 0.001 -18"><span class='ocrx_word' id='word_1_564' title='bbox 1864 2053 1990 2107; x_wconf 93' lang='lat' dir='ltr'>tudo</span> <span class='ocrx_word' id='word_1_565' title='bbox 2020 2053 2174 2124; x_wconf 89' lang='lat' dir='ltr'>legis.</span> <span class='ocrx_word' id='word_1_566' title='bbox 2208 2053 2337 2109; x_wconf 69' lang='lat' dir='ltr'>Hasc</span> <span class='ocrx_word' id='word_1_567' title='bbox 2367 2052 2466 2107; x_wconf 90' lang='lat' dir='ltr'>tria</span> <span class='ocrx_word' id='word_1_568' title='bbox 2505 2052 2669 2125; x_wconf 88' lang='lat' dir='ltr'>igitur</span> <span class='ocrx_word' id='word_1_569' title='bbox 2717 2053 3016 2108; x_wconf 89' lang='lat' dir='ltr'>necessaria</span> <span class='ocrx_word' id='word_1_570' title='bbox 3061 2061 3183 2108; x_wconf 90' lang='lat' dir='ltr'>sunt</span> <span class='ocrx_word' id='word_1_571' title='bbox 3215 2073 3228 2108; x_wconf 88' lang='lat'><strong>:</strong></span> <span class='ocrx_word' id='word_1_572' title='bbox 3288 2054 3458 2125; x_wconf 63' lang='lat' dir='ltr'>poeni-</span> 
     </span>
    </p>
   </div>
   <div class='ocr_carea' id='block_1_81' title="bbox 1865 2142 3456 2214">
    <p class='ocr_par' dir='ltr' id='par_1_81' title="bbox 1865 2142 3456 2214">
     <span class='ocr_line' id='line_1_81' title="bbox 1865 2142 3456 2214; baseline 0.002 -18"><span class='ocrx_word' id='word_1_573' title='bbox 1865 2142 2027 2196; x_wconf 89' lang='lat' dir='ltr'>tentia</span> <span class='ocrx_word' id='word_1_574' title='bbox 2057 2158 2176 2211; x_wconf 64' lang='lat' dir='ltr'>quae</span> <span class='ocrx_word' id='word_1_575' title='bbox 2205 2157 2304 2211; x_wconf 92' lang='lat' dir='ltr'>per</span> <span class='ocrx_word' id='word_1_576' title='bbox 2332 2142 2626 2213; x_wconf 89' lang='lat' dir='ltr'>myrrham,</span> <span class='ocrx_word' id='word_1_577' title='bbox 2659 2142 2828 2197; x_wconf 89' lang='lat' dir='ltr'>oratio</span> <span class='ocrx_word' id='word_1_578' title='bbox 2860 2158 2979 2212; x_wconf 69' lang='lat' dir='ltr'>quae</span> <span class='ocrx_word' id='word_1_579' title='bbox 3009 2159 3106 2214; x_wconf 90' lang='lat' dir='ltr'>per</span> <span class='ocrx_word' id='word_1_580' title='bbox 3134 2145 3271 2209; x_wconf 90' lang='lat' dir='ltr'>thus,</span> <span class='ocrx_word' id='word_1_581' title='bbox 3322 2145 3456 2199; x_wconf 88' lang='lat' dir='ltr'>cha-</span> 
     </span>
    </p>
   </div>
   <div class='ocr_carea' id='block_1_82' title="bbox 1863 2237 3457 2311">
    <p class='ocr_par' dir='ltr' id='par_1_82' title="bbox 1863 2237 3457 2311">
     <span class='ocr_line' id='line_1_82' title="bbox 1863 2237 3457 2311; baseline 0.002 -17"><span class='ocrx_word' id='word_1_582' title='bbox 1863 2240 1990 2294; x_wconf 88' lang='lat' dir='ltr'>ritas</span> <span class='ocrx_word' id='word_1_583' title='bbox 2018 2255 2136 2308; x_wconf 72' lang='lat' dir='ltr'>quze</span> <span class='ocrx_word' id='word_1_584' title='bbox 2167 2255 2263 2310; x_wconf 91' lang='lat' dir='ltr'>per</span> <span class='ocrx_word' id='word_1_585' title='bbox 2289 2255 2476 2294; x_wconf 88' lang='lat' dir='ltr'>aurum</span> <span class='ocrx_word' id='word_1_586' title='bbox 2510 2237 2858 2311; x_wconf 90' lang='lat' dir='ltr'>signiﬁcatur.</span> <span class='ocrx_word' id='word_1_587' title='bbox 2892 2241 2952 2294; x_wconf 90' lang='lat' dir='ltr'>In</span> <span class='ocrx_word' id='word_1_588' title='bbox 2997 2239 3233 2296; x_wconf 87' lang='lat' dir='ltr'>secunda</span> <span class='ocrx_word' id='word_1_589' title='bbox 3279 2248 3457 2297; x_wconf 89' lang='lat' dir='ltr'>autem</span> 
     </span>
    </p>
   </div>
   <div class='ocr_carea' id='block_1_83' title="bbox 1865 2327 3458 2385">
    <p class='ocr_par' dir='ltr' id='par_1_83' title="bbox 1865 2327 3458 2385">
     <span class='ocr_line' id='line_1_83' title="bbox 1865 2327 3458 2385; baseline 0.002 -3"><span class='ocrx_word' id='word_1_590' title='bbox 1865 2327 2294 2382; x_wconf 89' lang='lat' dir='ltr'>manifestatione</span> <span class='ocrx_word' id='word_1_591' title='bbox 2325 2335 2444 2382; x_wconf 91' lang='lat' dir='ltr'>sunt</span> <span class='ocrx_word' id='word_1_592' title='bbox 2489 2335 2699 2383; x_wconf 90' lang='lat' dir='ltr'>ostensa</span> <span class='ocrx_word' id='word_1_593' title='bbox 2744 2335 3079 2384; x_wconf 87' lang='lat' dir='ltr'>sacramenta</span> <span class='ocrx_word' id='word_1_594' title='bbox 3123 2335 3318 2385; x_wconf 74' lang='lat' dir='ltr'>nostm</span> <span class='ocrx_word' id='word_1_595' title='bbox 3364 2345 3458 2385; x_wconf 88' lang='lat' dir='ltr'>sa-</span> 
     </span>
    </p>
   </div>
   <div class='ocr_carea' id='block_1_84' title="bbox 1865 2415 3458 2488">
    <p class='ocr_par' dir='ltr' id='par_1_84' title="bbox 1865 2415 3458 2488">
     <span class='ocr_line' id='line_1_84' title="bbox 1865 2415 3458 2488; baseline 0.003 -18"><span class='ocrx_word' id='word_1_596' title='bbox 1865 2415 2012 2470; x_wconf 91' lang='lat' dir='ltr'>lutis.</span> <span class='ocrx_word' id='word_1_597' title='bbox 2052 2415 2234 2471; x_wconf 85' lang='lat' dir='ltr'>Voluit</span> <span class='ocrx_word' id='word_1_598' title='bbox 2259 2416 2403 2470; x_wconf 91' lang='lat' dir='ltr'>enim</span> <span class='ocrx_word' id='word_1_599' title='bbox 2435 2415 2488 2470; x_wconf 91' lang='lat' dir='ltr'>in</span> <span class='ocrx_word' id='word_1_600' title='bbox 2518 2433 2575 2471; x_wconf 89' lang='lat' dir='ltr'>se</span> <span class='ocrx_word' id='word_1_601' title='bbox 2623 2416 2925 2481; x_wconf 87' lang='lat' dir='ltr'>ostendere,</span> <span class='ocrx_word' id='word_1_602' title='bbox 2977 2416 3105 2471; x_wconf 83' lang='lat' dir='ltr'>dum</span> <span class='ocrx_word' id='word_1_603' title='bbox 3152 2416 3458 2488; x_wconf 86' lang='lat' dir='ltr'>baptizare-</span> 
     </span>
    </p>
   </div>
   <div class='ocr_carea' id='block_1_85' title="bbox 1866 2513 3463 2585">
    <p class='ocr_par' dir='ltr' id='par_1_85' title="bbox 1866 2513 3463 2585">
     <span class='ocr_line' id='line_1_85' title="bbox 1866 2513 3463 2585; baseline 0.003 -19"><span class='ocrx_word' id='word_1_604' title='bbox 1866 2520 1970 2580; x_wconf 92' lang='lat' dir='ltr'>tur,</span> <span class='ocrx_word' id='word_1_605' title='bbox 2000 2513 2128 2583; x_wconf 90' lang='lat' dir='ltr'>quid</span> <span class='ocrx_word' id='word_1_606' title='bbox 2159 2513 2443 2582; x_wconf 89' lang='lat' dir='ltr'>baptizatis</span> <span class='ocrx_word' id='word_1_607' title='bbox 2473 2513 2824 2570; x_wconf 89' lang='lat' dir='ltr'>conferretur.</span> <span class='ocrx_word' id='word_1_608' title='bbox 2881 2513 3110 2583; x_wconf 85' lang='lat' dir='ltr'>Quando</span> <span class='ocrx_word' id='word_1_609' title='bbox 3169 2514 3361 2585; x_wconf 87' lang='lat' dir='ltr'>aliquis</span> <span class='ocrx_word' id='word_1_610' title='bbox 3406 2515 3463 2570; x_wconf 88' lang='lat' dir='ltr'>in</span> 
     </span>
    </p>
   </div>
   <div class='ocr_carea' id='block_1_86' title="bbox 1865 2600 3455 2673">
    <p class='ocr_par' dir='ltr' id='par_1_86' title="bbox 1865 2600 3455 2673">
     <span class='ocr_line' id='line_1_86' title="bbox 1865 2600 3455 2673; baseline 0.001 -18"><span class='ocrx_word' id='word_1_611' title='bbox 1865 2600 2134 2672; x_wconf 90' lang='lat' dir='ltr'>baptismo</span> <span class='ocrx_word' id='word_1_612' title='bbox 2172 2608 2539 2672; x_wconf 87' lang='lat' dir='ltr'>regeneratur,</span> <span class='ocrx_word' id='word_1_613' title='bbox 2598 2600 2672 2655; x_wconf 91' lang='lat' dir='ltr'>ibi</span> <span class='ocrx_word' id='word_1_614' title='bbox 2731 2608 2840 2656; x_wconf 91' lang='lat' dir='ltr'>tota</span> <span class='ocrx_word' id='word_1_615' title='bbox 2894 2601 3124 2656; x_wconf 90' lang='lat' dir='ltr'>Trinitas</span> <span class='ocrx_word' id='word_1_616' title='bbox 3179 2610 3455 2673; x_wconf 89' lang='lat' dir='ltr'>operatur.</span> 
     </span>
    </p>
   </div>
   <div class='ocr_carea' id='block_1_87' title="bbox 1866 2689 3464 2755">
    <p class='ocr_par' dir='ltr' id='par_1_87' title="bbox 1866 2689 3464 2755">
     <span class='ocr_line' id='line_1_87' title="bbox 1866 2689 3464 2755; baseline 0.001 -10"><span class='ocrx_word' id='word_1_617' title='bbox 1866 2689 2018 2745; x_wconf 88' lang='lat' dir='ltr'>Unde</span> <span class='ocrx_word' id='word_1_618' title='bbox 2058 2697 2168 2744; x_wconf 87' lang='lat' dir='ltr'>tota</span> <span class='ocrx_word' id='word_1_619' title='bbox 2204 2689 2434 2745; x_wconf 81' lang='lat' dir='ltr'>Trinitas</span> <span class='ocrx_word' id='word_1_620' title='bbox 2471 2697 2684 2745; x_wconf 89' lang='lat' dir='ltr'>ostensa</span> <span class='ocrx_word' id='word_1_621' title='bbox 2734 2697 2833 2755; x_wconf 87' lang='lat' dir='ltr'>est,</span> <span class='ocrx_word' id='word_1_622' title='bbox 2899 2689 2990 2744; x_wconf 91' lang='lat' dir='ltr'>ubi</span> <span class='ocrx_word' id='word_1_623' title='bbox 3055 2689 3295 2745; x_wconf 91' lang='lat' dir='ltr'>Christus</span> <span class='ocrx_word' id='word_1_624' title='bbox 3358 2690 3464 2746; x_wconf 91' lang='lat' dir='ltr'>ba-</span> 
     </span>
    </p>
   </div>
   <div class='ocr_carea' id='block_1_88' title="bbox 1867 2785 3461 2858">
    <p class='ocr_par' dir='ltr' id='par_1_88' title="bbox 1867 2785 3461 2858">
     <span class='ocr_line' id='line_1_88' title="bbox 1867 2785 3461 2858; baseline 0.003 -18"><span class='ocrx_word' id='word_1_625' title='bbox 1867 2787 2093 2858; x_wconf 87' lang='lat' dir='ltr'>ptizatus</span> <span class='ocrx_word' id='word_1_626' title='bbox 2121 2794 2218 2842; x_wconf 90' lang='lat' dir='ltr'>est.</span> <span class='ocrx_word' id='word_1_627' title='bbox 2255 2785 2422 2841; x_wconf 86' lang='lat' dir='ltr'>Filius</span> <span class='ocrx_word' id='word_1_628' title='bbox 2450 2795 2565 2842; x_wconf 88' lang='lat' dir='ltr'>erat</span> <span class='ocrx_word' id='word_1_629' title='bbox 2593 2787 2645 2841; x_wconf 92' lang='lat' dir='ltr'>in</span> <span class='ocrx_word' id='word_1_630' title='bbox 2678 2787 2909 2852; x_wconf 87' lang='lat' dir='ltr'>Christo,</span> <span class='ocrx_word' id='word_1_631' title='bbox 2965 2787 3198 2857; x_wconf 88' lang='lat' dir='ltr'>Spiritus</span> <span class='ocrx_word' id='word_1_632' title='bbox 3253 2788 3309 2842; x_wconf 91' lang='lat' dir='ltr'>in</span> <span class='ocrx_word' id='word_1_633' title='bbox 3361 2803 3461 2844; x_wconf 85' lang='lat' dir='ltr'>co-</span> 
     </span>
    </p>
   </div>
   <div class='ocr_carea' id='block_1_89' title="bbox 1868 2875 3466 2945">
    <p class='ocr_par' dir='ltr' id='par_1_89' title="bbox 1868 2875 3466 2945">
     <span class='ocr_line' id='line_1_89' title="bbox 1868 2875 3466 2945; baseline 0.003 -17"><span class='ocrx_word' id='word_1_634' title='bbox 1868 2875 2070 2944; x_wconf 90' lang='lat' dir='ltr'>lumba,</span> <span class='ocrx_word' id='word_1_635' title='bbox 2102 2876 2260 2930; x_wconf 91' lang='lat' dir='ltr'>Pater</span> <span class='ocrx_word' id='word_1_636' title='bbox 2289 2876 2342 2930; x_wconf 92' lang='lat' dir='ltr'>in</span> <span class='ocrx_word' id='word_1_637' title='bbox 2373 2891 2506 2931; x_wconf 89' lang='lat' dir='ltr'>voce</span> <span class='ocrx_word' id='word_1_638' title='bbox 2537 2893 2593 2929; x_wconf 90' lang='lat' dir='ltr'>se</span> <span class='ocrx_word' id='word_1_639' title='bbox 2638 2875 2916 2933; x_wconf 86' lang='lat' dir='ltr'>revelavit.</span> <span class='ocrx_word' id='word_1_640' title='bbox 2978 2875 3208 2945; x_wconf 88' lang='lat' dir='ltr'>Spiritus</span> <span class='ocrx_word' id='word_1_641' title='bbox 3263 2876 3319 2930; x_wconf 90' lang='lat' dir='ltr'>in</span> <span class='ocrx_word' id='word_1_642' title='bbox 3365 2892 3466 2932; x_wconf 89' lang='lat' dir='ltr'>co-</span> 
     </span>
    </p>
   </div>
   <div class='ocr_carea' id='block_1_90' title="bbox 1867 2963 3468 3034">
    <p class='ocr_par' dir='ltr' id='par_1_90' title="bbox 1867 2963 3468 3034">
     <span class='ocr_line' id='line_1_90' title="bbox 1867 2963 3468 3034; baseline 0.001 -16"><span class='ocrx_word' id='word_1_643' title='bbox 1867 2964 2051 3018; x_wconf 92' lang='lat' dir='ltr'>lumba</span> <span class='ocrx_word' id='word_1_644' title='bbox 2080 2964 2326 3034; x_wconf 89' lang='lat' dir='ltr'>apparuit</span> <span class='ocrx_word' id='word_1_645' title='bbox 2354 2963 2576 3034; x_wconf 80' lang='lat' dir='ltr'>(Matth.</span> <span class='ocrx_word' id='word_1_646' title='bbox 2615 2966 2721 3032; x_wconf 81' lang='lat' dir='ltr'>In),</span> <span class='ocrx_word' id='word_1_647' title='bbox 2753 2964 2879 3034; x_wconf 91' lang='lat' dir='ltr'>quia</span> <span class='ocrx_word' id='word_1_648' title='bbox 2926 2965 3180 3020; x_wconf 91' lang='lat' dir='ltr'>columba</span> <span class='ocrx_word' id='word_1_649' title='bbox 3226 2972 3305 3019; x_wconf 85' lang='lat' dir='ltr'>est</span> <span class='ocrx_word' id='word_1_650' title='bbox 3352 2965 3468 3021; x_wconf 89' lang='lat' dir='ltr'>avis</span> 
     </span>
    </p>
   </div>
   <div class='ocr_carea' id='block_1_91' title="bbox 1867 3060 3463 3133">
    <p class='ocr_par' dir='ltr' id='par_1_91' title="bbox 1867 3060 3463 3133">
     <span class='ocr_line' id='line_1_91' title="bbox 1867 3060 3463 3133; baseline 0.003 -19"><span class='ocrx_word' id='word_1_651' title='bbox 1867 3077 2082 3133; x_wconf 76' lang='lat' dir='ltr'>magnae</span> <span class='ocrx_word' id='word_1_652' title='bbox 2109 3060 2485 3131; x_wconf 89' lang='lat' dir='ltr'>simplicitatis.</span> <span class='ocrx_word' id='word_1_653' title='bbox 2529 3061 2630 3115; x_wconf 90' lang='lat' dir='ltr'>Per</span> <span class='ocrx_word' id='word_1_654' title='bbox 2667 3063 2805 3115; x_wconf 89' lang='lat' dir='ltr'>hanc</span> <span class='ocrx_word' id='word_1_655' title='bbox 2842 3069 3021 3115; x_wconf 90' lang='lat' dir='ltr'>autem</span> <span class='ocrx_word' id='word_1_656' title='bbox 3082 3077 3238 3117; x_wconf 88' lang='lat' dir='ltr'>avem</span> <span class='ocrx_word' id='word_1_657' title='bbox 3298 3061 3463 3118; x_wconf 88' lang='lat' dir='ltr'>inno-</span> 
     </span>
    </p>
   </div>
   <div class='ocr_carea' id='block_1_92' title="bbox 1865 3147 3456 3222">
    <p class='ocr_par' dir='ltr' id='par_1_92' title="bbox 1865 3147 3456 3222">
     <span class='ocr_line' id='line_1_92' title="bbox 1865 3147 3456 3222; baseline -0.001 -16"><span class='ocrx_word' id='word_1_658' title='bbox 1865 3149 2096 3206; x_wconf 90' lang='lat' dir='ltr'>centiam</span> <span class='ocrx_word' id='word_1_659' title='bbox 2128 3149 2299 3204; x_wconf 91' lang='lat' dir='ltr'>voluit</span> <span class='ocrx_word' id='word_1_660' title='bbox 2327 3147 2633 3222; x_wconf 83' lang='lat' dir='ltr'>signiﬁcare</span> <span class='ocrx_word' id='word_1_661' title='bbox 2662 3165 2824 3218; x_wconf 89' lang='lat' dir='ltr'>quam</span> <span class='ocrx_word' id='word_1_662' title='bbox 2853 3149 3064 3204; x_wconf 91' lang='lat' dir='ltr'>confert</span> <span class='ocrx_word' id='word_1_663' title='bbox 3098 3150 3456 3222; x_wconf 87' lang='lat' dir='ltr'>regeneratis.</span> 
     </span>
    </p>
   </div>
   <div class='ocr_carea' id='block_1_93' title="bbox 1871 3236 3470 3309">
    <p class='ocr_par' dir='ltr' id='par_1_93' title="bbox 1871 3236 3470 3309">
     <span class='ocr_line' id='line_1_93' title="bbox 1871 3236 3470 3309; baseline -0.001 -16"><span class='ocrx_word' id='word_1_664' title='bbox 1871 3238 2028 3308; x_wconf 87' lang='lat' dir='ltr'>Quod</span> <span class='ocrx_word' id='word_1_665' title='bbox 2059 3238 2216 3293; x_wconf 92' lang='lat' dir='ltr'>Pater</span> <span class='ocrx_word' id='word_1_666' title='bbox 2244 3236 2381 3292; x_wconf 85' lang='lat' dir='ltr'>dixit</span> <span class='ocrx_word' id='word_1_667' title='bbox 2412 3256 2424 3293; x_wconf 90' lang='lat'>:</span> <span class='ocrx_word' id='word_1_668' title='bbox 2464 3259 2486 3285; x_wconf 76' lang='grc' dir='ltr'>α</span> <span class='ocrx_word' id='word_1_669' title='bbox 2518 3237 2618 3292; x_wconf 84' lang='lat' dir='ltr'>Hic</span> <span class='ocrx_word' id='word_1_670' title='bbox 2645 3244 2725 3292; x_wconf 89' lang='lat' dir='ltr'>est</span> <span class='ocrx_word' id='word_1_671' title='bbox 2751 3237 2936 3305; x_wconf 83' lang='lat' dir='ltr'>Filius,</span> <span class='ocrx_word' id='word_1_672' title='bbox 2974 3260 2995 3285; x_wconf 78' lang='grc' dir='ltr'>»ι</span> <span class='ocrx_word' id='word_1_673' title='bbox 3033 3245 3159 3307; x_wconf 91' lang='lat' dir='ltr'>etc.,</span> <span class='ocrx_word' id='word_1_674' title='bbox 3198 3236 3470 3309; x_wconf 87' lang='lat' dir='ltr'>signiﬁcat</span> 
     </span>
    </p>
   </div>
   <div class='ocr_carea' id='block_1_94' title="bbox 1869 3333 3466 3407">
    <p class='ocr_par' dir='ltr' id='par_1_94' title="bbox 1869 3333 3466 3407">
     <span class='ocr_line' id='line_1_94' title="bbox 1869 3333 3466 3407; baseline -0.001 -15"><span class='ocrx_word' id='word_1_675' title='bbox 1869 3336 2012 3407; x_wconf 89' lang='lat' dir='ltr'>quod</span> <span class='ocrx_word' id='word_1_676' title='bbox 2039 3334 2294 3405; x_wconf 89' lang='lat' dir='ltr'>baptizati</span> <span class='ocrx_word' id='word_1_677' title='bbox 2324 3333 2421 3389; x_wconf 89' lang='lat' dir='ltr'>ﬁlii</span> <span class='ocrx_word' id='word_1_678' title='bbox 2449 3335 2548 3389; x_wconf 88' lang='lat' dir='ltr'>Dei</span> <span class='ocrx_word' id='word_1_679' title='bbox 2579 3342 2719 3402; x_wconf 91' lang='lat' dir='ltr'>sunt,</span> <span class='ocrx_word' id='word_1_680' title='bbox 2770 3343 2823 3389; x_wconf 90' lang='lat' dir='ltr'>et</span> <span class='ocrx_word' id='word_1_681' title='bbox 2871 3334 2963 3404; x_wconf 92' lang='lat' dir='ltr'>qui</span> <span class='ocrx_word' id='word_1_682' title='bbox 3012 3335 3158 3406; x_wconf 89' lang='lat' dir='ltr'>prius</span> <span class='ocrx_word' id='word_1_683' title='bbox 3205 3333 3466 3407; x_wconf 90' lang='lat' dir='ltr'>displice-</span> 
     </span>
    </p>
   </div>
   <div class='ocr_carea' id='block_1_95' title="bbox 1865 3422 3464 3495">
    <p class='ocr_par' dir='ltr' id='par_1_95' title="bbox 1865 3422 3464 3495">
     <span class='ocr_line' id='line_1_95' title="bbox 1865 3422 3464 3495; baseline -0.002 -15"><span class='ocrx_word' id='word_1_684' title='bbox 1865 3425 2014 3492; x_wconf 91' lang='lat' dir='ltr'>bant,</span> <span class='ocrx_word' id='word_1_685' title='bbox 2058 3424 2320 3495; x_wconf 88' lang='lat' dir='ltr'>incipiunt</span> <span class='ocrx_word' id='word_1_686' title='bbox 2357 3423 2406 3478; x_wconf 93' lang='lat' dir='ltr'>ei</span> <span class='ocrx_word' id='word_1_687' title='bbox 2442 3423 2676 3493; x_wconf 90' lang='lat' dir='ltr'>placere.</span> <span class='ocrx_word' id='word_1_688' title='bbox 2719 3422 2877 3492; x_wconf 90' lang='lat' dir='ltr'>Quod</span> <span class='ocrx_word' id='word_1_689' title='bbox 2932 3423 3100 3494; x_wconf 88' lang='lat' dir='ltr'>aperti</span> <span class='ocrx_word' id='word_1_690' title='bbox 3156 3431 3279 3477; x_wconf 91' lang='lat' dir='ltr'>sunt</span> <span class='ocrx_word' id='word_1_691' title='bbox 3341 3423 3464 3479; x_wconf 63' lang='lat' dir='ltr'>coeli</span> 
     </span>
    </p>
   </div>
   <div class='ocr_carea' id='block_1_96' title="bbox 1867 3511 3467 3587">
    <p class='ocr_par' dir='ltr' id='par_1_96' title="bbox 1867 3511 3467 3587">
     <span class='ocr_line' id='line_1_96' title="bbox 1867 3511 3467 3587; baseline -0.001 -19"><span class='ocrx_word' id='word_1_692' title='bbox 1867 3511 2210 3587; x_wconf 88' lang='lat' dir='ltr'>signiﬁcabat</span> <span class='ocrx_word' id='word_1_693' title='bbox 2247 3511 2530 3583; x_wconf 89' lang='lat' dir='ltr'>baptizatis</span> <span class='ocrx_word' id='word_1_694' title='bbox 2593 3513 2789 3568; x_wconf 65' lang='lat' dir='ltr'>caelum</span> <span class='ocrx_word' id='word_1_695' title='bbox 2853 3511 3078 3567; x_wconf 89' lang='lat' dir='ltr'>reserari</span> <span class='ocrx_word' id='word_1_696' title='bbox 3117 3511 3260 3582; x_wconf 91' lang='lat' dir='ltr'>quod</span> <span class='ocrx_word' id='word_1_697' title='bbox 3319 3511 3467 3584; x_wconf 93' lang='lat' dir='ltr'>prius</span> 
     </span>
    </p>
   </div>
   <div class='ocr_carea' id='block_1_97' title="bbox 1870 3609 3471 3684">
    <p class='ocr_par' dir='ltr' id='par_1_97' title="bbox 1870 3609 3471 3684">
     <span class='ocr_line' id='line_1_97' title="bbox 1870 3609 3471 3684; baseline -0.002 -17"><span class='ocrx_word' id='word_1_698' title='bbox 1870 3621 1984 3667; x_wconf 91' lang='lat' dir='ltr'>erat</span> <span class='ocrx_word' id='word_1_699' title='bbox 2013 3627 2112 3684; x_wconf 94' lang='lat' dir='ltr'>pro</span> <span class='ocrx_word' id='word_1_700' title='bbox 2142 3618 2362 3684; x_wconf 89' lang='lat' dir='ltr'>peccato</span> <span class='ocrx_word' id='word_1_701' title='bbox 2392 3610 2718 3666; x_wconf 88' lang='lat' dir='ltr'>obseratum.</span> <span class='ocrx_word' id='word_1_702' title='bbox 2752 3609 2952 3680; x_wconf 88' lang='lat' dir='ltr'>Nuptia</span> <span class='ocrx_word' id='word_1_703' title='bbox 2997 3625 3146 3679; x_wconf 88' lang='lat' dir='ltr'>vero,</span> <span class='ocrx_word' id='word_1_704' title='bbox 3191 3610 3246 3665; x_wconf 91' lang='lat' dir='ltr'>in</span> <span class='ocrx_word' id='word_1_705' title='bbox 3275 3610 3471 3683; x_wconf 90' lang='lat' dir='ltr'>quibus</span> 
     </span>
    </p>
   </div>
   <div class='ocr_carea' id='block_1_98' title="bbox 1867 3697 3462 3771">
    <p class='ocr_par' dir='ltr' id='par_1_98' title="bbox 1867 3697 3462 3771">
     <span class='ocr_line' id='line_1_98' title="bbox 1867 3697 3462 3771; baseline -0.001 -15"><span class='ocrx_word' id='word_1_706' title='bbox 1867 3718 1924 3756; x_wconf 90' lang='lat' dir='ltr'>se</span> <span class='ocrx_word' id='word_1_707' title='bbox 1955 3701 2108 3756; x_wconf 88' lang='lat' dir='ltr'>tertio</span> <span class='ocrx_word' id='word_1_708' title='bbox 2138 3699 2518 3769; x_wconf 87' lang='lat' dir='ltr'>manifestavit,</span> <span class='ocrx_word' id='word_1_709' title='bbox 2541 3697 2847 3771; x_wconf 89' lang='lat' dir='ltr'>signiﬁcant</span> <span class='ocrx_word' id='word_1_710' title='bbox 2865 3698 3264 3770; x_wconf 90' lang='lat' dir='ltr'>copulationem</span> <span class='ocrx_word' id='word_1_711' title='bbox 3300 3699 3462 3755; x_wconf 84' lang='lat' dir='ltr'>Chri-</span> 
     </span>
    </p>
   </div>
   <div class='ocr_carea' id='block_1_99' title="bbox 1866 3786 3464 3857">
    <p class='ocr_par' dir='ltr' id='par_1_99' title="bbox 1866 3786 3464 3857">
     <span class='ocr_line' id='line_1_99' title="bbox 1866 3786 3464 3857; baseline -0.001 -13"><span class='ocrx_word' id='word_1_712' title='bbox 1866 3789 1932 3844; x_wconf 91' lang='lat' dir='ltr'>sti</span> <span class='ocrx_word' id='word_1_713' title='bbox 1962 3796 2014 3844; x_wconf 92' lang='lat' dir='ltr'>et</span> <span class='ocrx_word' id='word_1_714' title='bbox 2043 3788 2316 3844; x_wconf 72' lang='lat' dir='ltr'>Ecclesize.</span> <span class='ocrx_word' id='word_1_715' title='bbox 2346 3789 2409 3843; x_wconf 91' lang='lat' dir='ltr'>In</span> <span class='ocrx_word' id='word_1_716' title='bbox 2438 3786 2632 3857; x_wconf 89' lang='lat' dir='ltr'>quibus</span> <span class='ocrx_word' id='word_1_717' title='bbox 2678 3793 2912 3843; x_wconf 89' lang='lat' dir='ltr'>mutatur</span> <span class='ocrx_word' id='word_1_718' title='bbox 2966 3803 3106 3857; x_wconf 90' lang='lat' dir='ltr'>aqua</span> <span class='ocrx_word' id='word_1_719' title='bbox 3161 3787 3218 3842; x_wconf 89' lang='lat' dir='ltr'>in</span> <span class='ocrx_word' id='word_1_720' title='bbox 3276 3787 3464 3845; x_wconf 90' lang='lat' dir='ltr'>vinum</span> 
     </span>
    </p>
   </div>
   <div class='ocr_carea' id='block_1_100' title="bbox 1867 3884 3467 3959">
    <p class='ocr_par' dir='ltr' id='par_1_100' title="bbox 1867 3884 3467 3959">
     <span class='ocr_line' id='line_1_100' title="bbox 1867 3884 3467 3959; baseline -0.003 -14"><span class='ocrx_word' id='word_1_721' title='bbox 1867 3889 2052 3956; x_wconf 81' lang='lat' dir='ltr'>(Joan.</span> <span class='ocrx_word' id='word_1_722' title='bbox 2084 3889 2168 3955; x_wconf 87' lang='grc' dir='ltr'>ιι),</span> <span class='ocrx_word' id='word_1_723' title='bbox 2201 3886 2328 3941; x_wconf 91' lang='lat' dir='ltr'>dum</span> <span class='ocrx_word' id='word_1_724' title='bbox 2358 3892 2513 3942; x_wconf 90' lang='lat' dir='ltr'>vetus</span> <span class='ocrx_word' id='word_1_725' title='bbox 2542 3885 2630 3942; x_wconf 85' lang='lat' dir='ltr'>lex</span> <span class='ocrx_word' id='word_1_726' title='bbox 2673 3900 2934 3943; x_wconf 89' lang='lat' dir='ltr'>conversa</span> <span class='ocrx_word' id='word_1_727' title='bbox 2977 3891 3058 3939; x_wconf 90' lang='lat' dir='ltr'>est</span> <span class='ocrx_word' id='word_1_728' title='bbox 3101 3884 3156 3940; x_wconf 90' lang='lat' dir='ltr'>in</span> <span class='ocrx_word' id='word_1_729' title='bbox 3205 3884 3467 3959; x_wconf 84' lang='lat' dir='ltr'>Evange-</span> 
     </span>
    </p>
   </div>
   <div class='ocr_carea' id='block_1_101' title="bbox 1867 3973 3464 4046">
    <p class='ocr_par' dir='ltr' id='par_1_101' title="bbox 1867 3973 3464 4046">
     <span class='ocr_line' id='line_1_101' title="bbox 1867 3973 3464 4046; baseline -0.001 -15"><span class='ocrx_word' id='word_1_730' title='bbox 1867 3976 2018 4033; x_wconf 91' lang='lat' dir='ltr'>lium.</span> <span class='ocrx_word' id='word_1_731' title='bbox 2051 3976 2163 4031; x_wconf 86' lang='lat' dir='ltr'>Lex</span> <span class='ocrx_word' id='word_1_732' title='bbox 2193 3975 2432 4045; x_wconf 88' lang='lat' dir='ltr'>antiqua,</span> <span class='ocrx_word' id='word_1_733' title='bbox 2476 3990 2632 4045; x_wconf 71' lang='lat' dir='ltr'>aquae</span> <span class='ocrx_word' id='word_1_734' title='bbox 2673 3981 3035 4046; x_wconf 89' lang='lat' dir='ltr'>comparatur,</span> <span class='ocrx_word' id='word_1_735' title='bbox 3095 3974 3221 4044; x_wconf 87' lang='lat' dir='ltr'>quia</span> <span class='ocrx_word' id='word_1_736' title='bbox 3274 3973 3464 4044; x_wconf 83' lang='lat' dir='ltr'>subje-</span> 
     </span>
    </p>
   </div>
   <div class='ocr_carea' id='block_1_102' title="bbox 1866 4061 3463 4135">
    <p class='ocr_par' dir='ltr' id='par_1_102' title="bbox 1866 4061 3463 4135">
     <span class='ocr_line' id='line_1_102' title="bbox 1866 4061 3463 4135; baseline -0.001 -15"><span class='ocrx_word' id='word_1_737' title='bbox 1866 4073 1981 4121; x_wconf 92' lang='lat' dir='ltr'>ctos</span> <span class='ocrx_word' id='word_1_738' title='bbox 2008 4064 2110 4119; x_wconf 92' lang='lat' dir='ltr'>sibi</span> <span class='ocrx_word' id='word_1_739' title='bbox 2140 4064 2208 4119; x_wconf 90' lang='lat' dir='ltr'>ad</span> <span class='ocrx_word' id='word_1_740' title='bbox 2237 4079 2479 4120; x_wconf 88' lang='lat' dir='ltr'>amorem</span> <span class='ocrx_word' id='word_1_741' title='bbox 2509 4063 2608 4118; x_wconf 90' lang='lat' dir='ltr'>Dei</span> <span class='ocrx_word' id='word_1_742' title='bbox 2639 4078 2748 4118; x_wconf 90' lang='lat' dir='ltr'>non</span> <span class='ocrx_word' id='word_1_743' title='bbox 2776 4061 3168 4118; x_wconf 86' lang='lat' dir='ltr'>inﬂammabat.</span> <span class='ocrx_word' id='word_1_744' title='bbox 3198 4062 3463 4135; x_wconf 87' lang='lat' dir='ltr'>Evange-</span> 
     </span>
    </p>
   </div>
   <div class='ocr_carea' id='block_1_103' title="bbox 1867 4158 3462 4232">
    <p class='ocr_par' dir='ltr' id='par_1_103' title="bbox 1867 4158 3462 4232">
     <span class='ocr_line' id='line_1_103' title="bbox 1867 4158 3462 4232; baseline -0.001 -15"><span class='ocrx_word' id='word_1_745' title='bbox 1867 4162 1998 4217; x_wconf 92' lang='lat' dir='ltr'>lium</span> <span class='ocrx_word' id='word_1_746' title='bbox 2030 4169 2110 4216; x_wconf 91' lang='lat' dir='ltr'>est</span> <span class='ocrx_word' id='word_1_747' title='bbox 2137 4161 2324 4218; x_wconf 90' lang='lat' dir='ltr'>vinum</span> <span class='ocrx_word' id='word_1_748' title='bbox 2356 4159 2501 4230; x_wconf 92' lang='lat' dir='ltr'>quod</span> <span class='ocrx_word' id='word_1_749' title='bbox 2529 4158 2716 4216; x_wconf 91' lang='lat' dir='ltr'>ﬁdeles</span> <span class='ocrx_word' id='word_1_750' title='bbox 2743 4159 2799 4215; x_wconf 91' lang='lat' dir='ltr'>in</span> <span class='ocrx_word' id='word_1_751' title='bbox 2829 4160 2930 4216; x_wconf 88' lang='lat' dir='ltr'>Dei</span> <span class='ocrx_word' id='word_1_752' title='bbox 2985 4175 3171 4216; x_wconf 88' lang='lat' dir='ltr'>amore</span> <span class='ocrx_word' id='word_1_753' title='bbox 3228 4175 3326 4232; x_wconf 89' lang='lat' dir='ltr'>per</span> <span class='ocrx_word' id='word_1_754' title='bbox 3372 4159 3462 4216; x_wconf 90' lang='lat' dir='ltr'>in-</span> 
     </span>
    </p>
   </div>
   <div class='ocr_carea' id='block_1_104' title="bbox 1866 4247 2888 4321">
    <p class='ocr_par' dir='ltr' id='par_1_104' title="bbox 1866 4247 2888 4321">
     <span class='ocr_line' id='line_1_104' title="bbox 1866 4247 2888 4321; baseline -0.003 -16"><span class='ocrx_word' id='word_1_755' title='bbox 1866 4249 2215 4321; x_wconf 88' lang='lat' dir='ltr'>spirationem</span> <span class='ocrx_word' id='word_1_756' title='bbox 2244 4247 2474 4318; x_wconf 90' lang='lat' dir='ltr'>Spiritus</span> <span class='ocrx_word' id='word_1_757' title='bbox 2505 4247 2632 4304; x_wconf 87' lang='lat' dir='ltr'>facit</span> <span class='ocrx_word' id='word_1_758' title='bbox 2661 4247 2888 4304; x_wconf 89' lang='lat' dir='ltr'>fervere.</span> 
     </span>
    </p>
   </div>
   <div class='ocr_carea' id='block_1_105' title="bbox 1936 4363 3466 4432">
    <p class='ocr_par' dir='ltr' id='par_1_105' title="bbox 1936 4363 3466 4432">
     <span class='ocr_line' id='line_1_105' title="bbox 1936 4363 3466 4432; baseline 0.001 -11"><span class='ocrx_word' id='word_1_759' title='bbox 1936 4365 2121 4421; x_wconf 90' lang='lat' dir='ltr'>Tantis</span> <span class='ocrx_word' id='word_1_760' title='bbox 2148 4372 2201 4421; x_wconf 92' lang='lat' dir='ltr'>et</span> <span class='ocrx_word' id='word_1_761' title='bbox 2233 4363 2429 4419; x_wconf 86' lang='lat' dir='ltr'>talibus</span> <span class='ocrx_word' id='word_1_762' title='bbox 2483 4363 2849 4432; x_wconf 88' lang='lat' dir='ltr'>sacramentis,</span> <span class='ocrx_word' id='word_1_763' title='bbox 2905 4365 3022 4420; x_wconf 60' lang='lat' dir='ltr'>hac</span> <span class='ocrx_word' id='word_1_764' title='bbox 3076 4364 3212 4432; x_wconf 84' lang='lat' dir='ltr'>dies,</span> <span class='ocrx_word' id='word_1_765' title='bbox 3274 4364 3466 4422; x_wconf 79' lang='lat' dir='ltr'>fratres</span> 
     </span>
    </p>
   </div>
   <div class='ocr_carea' id='block_1_106' title="bbox 1868 4462 3467 4532">
    <p class='ocr_par' dir='ltr' id='par_1_106' title="bbox 1868 4462 3467 4532">
     <span class='ocr_line' id='line_1_106' title="bbox 1868 4462 3467 4532; baseline -0.001 -11"><span class='ocrx_word' id='word_1_766' title='bbox 1868 4463 2189 4532; x_wconf 89' lang='lat' dir='ltr'>charissimi,</span> <span class='ocrx_word' id='word_1_767' title='bbox 2222 4469 2532 4519; x_wconf 88' lang='lat' dir='ltr'>consecrata</span> <span class='ocrx_word' id='word_1_768' title='bbox 2569 4469 2670 4531; x_wconf 87' lang='lat' dir='ltr'>est,</span> <span class='ocrx_word' id='word_1_769' title='bbox 2717 4462 3119 4532; x_wconf 88' lang='lat' dir='ltr'>quodammodo</span> <span class='ocrx_word' id='word_1_770' title='bbox 3166 4463 3344 4532; x_wconf 88' lang='lat' dir='ltr'>major</span> <span class='ocrx_word' id='word_1_771' title='bbox 3388 4471 3467 4520; x_wconf 87' lang='lat' dir='ltr'>est</span> 
     </span>
    </p>
   </div>
   <div class='ocr_carea' id='block_1_107' title="bbox 1788 4550 3468 4622">
    <p class='ocr_par' dir='ltr' id='par_1_107' title="bbox 1788 4550 3468 4622">
     <span class='ocr_line' id='line_1_107' title="bbox 1788 4550 3468 4622; baseline -0.001 -14"><span class='ocrx_word' id='word_1_772' title='bbox 1788 4557 1840 4618; x_wconf 91' lang='lat' dir='ltr'>D</span> <span class='ocrx_word' id='word_1_773' title='bbox 1872 4556 1987 4608; x_wconf 76' lang='lat' dir='ltr'>haec</span> <span class='ocrx_word' id='word_1_774' title='bbox 2011 4551 2288 4619; x_wconf 88' lang='lat' dir='ltr'>festivitas,</span> <span class='ocrx_word' id='word_1_775' title='bbox 2305 4567 2465 4622; x_wconf 89' lang='lat' dir='ltr'>quam</span> <span class='ocrx_word' id='word_1_776' title='bbox 2487 4550 2793 4606; x_wconf 85' lang='lat' dir='ltr'>Nativitatis</span> <span class='ocrx_word' id='word_1_777' title='bbox 2821 4551 3151 4606; x_wconf 90' lang='lat' dir='ltr'>solemnitas.</span> <span class='ocrx_word' id='word_1_778' title='bbox 3187 4552 3362 4622; x_wconf 89' lang='lat' dir='ltr'>Major</span> <span class='ocrx_word' id='word_1_779' title='bbox 3387 4559 3468 4607; x_wconf 90' lang='lat' dir='ltr'>est</span> 
     </span>
    </p>
   </div>
   <div class='ocr_carea' id='block_1_108' title="bbox 1870 4638 3464 4712">
    <p class='ocr_par' dir='ltr' id='par_1_108' title="bbox 1870 4638 3464 4712">
     <span class='ocr_line' id='line_1_108' title="bbox 1870 4638 3464 4712; baseline -0.003 -15"><span class='ocrx_word' id='word_1_780' title='bbox 1870 4643 2013 4697; x_wconf 90' lang='lat' dir='ltr'>enim</span> <span class='ocrx_word' id='word_1_781' title='bbox 2044 4648 2101 4696; x_wconf 91' lang='lat' dir='ltr'>ut</span> <span class='ocrx_word' id='word_1_782' title='bbox 2131 4641 2204 4696; x_wconf 90' lang='lat' dir='ltr'>ait</span> <span class='ocrx_word' id='word_1_783' title='bbox 2232 4639 2576 4712; x_wconf 85' lang='lat' dir='ltr'>Augustinus,</span> <span class='ocrx_word' id='word_1_784' title='bbox 2608 4638 2844 4694; x_wconf 88' lang='lat' dir='ltr'>secunda</span> <span class='ocrx_word' id='word_1_785' title='bbox 2873 4655 3035 4708; x_wconf 88' lang='lat' dir='ltr'>quam</span> <span class='ocrx_word' id='word_1_786' title='bbox 3061 4639 3234 4710; x_wconf 89' lang='lat' dir='ltr'>prima</span> <span class='ocrx_word' id='word_1_787' title='bbox 3262 4639 3464 4694; x_wconf 90' lang='lat' dir='ltr'>nativi-</span> 
     </span>
    </p>
   </div>
   <div class='ocr_carea' id='block_1_109' title="bbox 1869 4736 3465 4808">
    <p class='ocr_par' dir='ltr' id='par_1_109' title="bbox 1869 4736 3465 4808">
     <span class='ocr_line' id='line_1_109' title="bbox 1869 4736 3465 4808; baseline -0.001 -12"><span class='ocrx_word' id='word_1_788' title='bbox 1869 4749 1968 4798; x_wconf 89' lang='lat' dir='ltr'>tas.</span> <span class='ocrx_word' id='word_1_789' title='bbox 2001 4743 2061 4795; x_wconf 89' lang='lat' dir='ltr'>In</span> <span class='ocrx_word' id='word_1_790' title='bbox 2093 4742 2194 4796; x_wconf 88' lang='lat' dir='ltr'>hac</span> <span class='ocrx_word' id='word_1_791' title='bbox 2221 4739 2364 4794; x_wconf 92' lang='lat' dir='ltr'>enim</span> <span class='ocrx_word' id='word_1_792' title='bbox 2399 4738 2585 4793; x_wconf 87' lang='lat' dir='ltr'>habuit</span> <span class='ocrx_word' id='word_1_793' title='bbox 2611 4737 2910 4808; x_wconf 87' lang='lat' dir='ltr'>baptismus</span> <span class='ocrx_word' id='word_1_794' title='bbox 2956 4736 3186 4804; x_wconf 88' lang='lat' dir='ltr'>initium,</span> <span class='ocrx_word' id='word_1_795' title='bbox 3239 4738 3329 4808; x_wconf 91' lang='lat' dir='ltr'>qui</span> <span class='ocrx_word' id='word_1_796' title='bbox 3385 4747 3465 4795; x_wconf 90' lang='lat' dir='ltr'>est</span> 
     </span>
    </p>
   </div>
   <div class='ocr_carea' id='block_1_110' title="bbox 1868 4826 3458 4903">
    <p class='ocr_par' dir='ltr' id='par_1_110' title="bbox 1868 4826 3458 4903">
     <span class='ocr_line' id='line_1_110' title="bbox 1868 4826 3458 4903; baseline -0.002 -18"><span class='ocrx_word' id='word_1_797' title='bbox 1868 4831 2203 4903; x_wconf 87' lang='lat' dir='ltr'>regeneratio</span> <span class='ocrx_word' id='word_1_798' title='bbox 2234 4829 2556 4884; x_wconf 88' lang='lat' dir='ltr'>animarum.</span> <span class='ocrx_word' id='word_1_799' title='bbox 2589 4830 2650 4882; x_wconf 90' lang='lat' dir='ltr'>In</span> <span class='ocrx_word' id='word_1_800' title='bbox 2678 4829 2798 4897; x_wconf 88' lang='lat' dir='ltr'>hac,</span> <span class='ocrx_word' id='word_1_801' title='bbox 2829 4842 2970 4897; x_wconf 89' lang='lat' dir='ltr'>aqua</span> <span class='ocrx_word' id='word_1_802' title='bbox 2999 4826 3189 4882; x_wconf 73' lang='lat' dir='ltr'>effecta</span> <span class='ocrx_word' id='word_1_803' title='bbox 3217 4833 3298 4882; x_wconf 90' lang='lat' dir='ltr'>est</span> <span class='ocrx_word' id='word_1_804' title='bbox 3335 4843 3458 4883; x_wconf 90' lang='lat' dir='ltr'>ma-</span> 
     </span>
    </p>
   </div>
   <div class='ocr_carea' id='block_1_111' title="bbox 1867 4914 3460 4990">
    <p class='ocr_par' dir='ltr' id='par_1_111' title="bbox 1867 4914 3460 4990">
     <span class='ocr_line' id='line_1_111' title="bbox 1867 4914 3460 4990; baseline -0.002 -16"><span class='ocrx_word' id='word_1_805' title='bbox 1867 4929 1948 4975; x_wconf 89' lang='lat' dir='ltr'>ter</span> <span class='ocrx_word' id='word_1_806' title='bbox 1975 4919 2264 4974; x_wconf 92' lang='lat' dir='ltr'>multorum</span> <span class='ocrx_word' id='word_1_807' title='bbox 2295 4917 2638 4990; x_wconf 89' lang='lat' dir='ltr'>populorum.</span> <span class='ocrx_word' id='word_1_808' title='bbox 2671 4915 2850 4971; x_wconf 91' lang='lat' dir='ltr'>Prima</span> <span class='ocrx_word' id='word_1_809' title='bbox 2893 4914 3146 4972; x_wconf 88' lang='lat' dir='ltr'>nativitas</span> <span class='ocrx_word' id='word_1_810' title='bbox 3201 4923 3282 4971; x_wconf 90' lang='lat' dir='ltr'>est</span> <span class='ocrx_word' id='word_1_811' title='bbox 3333 4931 3460 4971; x_wconf 88' lang='lat' dir='ltr'>car-</span> 
     </span>
    </p>
   </div>
   <div class='ocr_carea' id='block_1_112' title="bbox 1867 5013 3462 5086">
    <p class='ocr_par' dir='ltr' id='par_1_112' title="bbox 1867 5013 3462 5086">
     <span class='ocr_line' id='line_1_112' title="bbox 1867 5013 3462 5086; baseline -0.003 -14"><span class='ocrx_word' id='word_1_812' title='bbox 1867 5017 2022 5086; x_wconf 89' lang='lat' dir='ltr'>nalis,</span> <span class='ocrx_word' id='word_1_813' title='bbox 2053 5018 2169 5073; x_wconf 66' lang='lat' dir='ltr'>haec</span> <span class='ocrx_word' id='word_1_814' title='bbox 2197 5024 2376 5072; x_wconf 92' lang='lat' dir='ltr'>autem</span> <span class='ocrx_word' id='word_1_815' title='bbox 2407 5022 2487 5070; x_wconf 91' lang='lat' dir='ltr'>est</span> <span class='ocrx_word' id='word_1_816' title='bbox 2513 5013 2820 5086; x_wconf 90' lang='lat' dir='ltr'>spiritualis.</span> <span class='ocrx_word' id='word_1_817' title='bbox 2861 5013 3010 5070; x_wconf 90' lang='lat' dir='ltr'>Sicut</span> <span class='ocrx_word' id='word_1_818' title='bbox 3067 5028 3196 5085; x_wconf 86' lang='lat' dir='ltr'>ergo</span> <span class='ocrx_word' id='word_1_819' title='bbox 3246 5013 3462 5086; x_wconf 86' lang='lat' dir='ltr'>dignior</span> 
     </span>
    </p>
   </div>
   <div class='ocr_carea' id='block_1_113' title="bbox 1866 5101 3462 5175">
    <p class='ocr_par' dir='ltr' id='par_1_113' title="bbox 1866 5101 3462 5175">
     <span class='ocr_line' id='line_1_113' title="bbox 1866 5101 3462 5175; baseline -0.002 -13"><span class='ocrx_word' id='word_1_820' title='bbox 1866 5113 1946 5162; x_wconf 92' lang='lat' dir='ltr'>est</span> <span class='ocrx_word' id='word_1_821' title='bbox 1974 5105 2157 5162; x_wconf 89' lang='lat' dir='ltr'>anima</span> <span class='ocrx_word' id='word_1_822' title='bbox 2206 5120 2350 5175; x_wconf 88' lang='lat' dir='ltr'>quan</span> <span class='ocrx_word' id='word_1_823' title='bbox 2393 5119 2540 5173; x_wconf 89' lang='lat' dir='ltr'>caro,</span> <span class='ocrx_word' id='word_1_824' title='bbox 2590 5103 2668 5159; x_wconf 91' lang='lat' dir='ltr'>sic</span> <span class='ocrx_word' id='word_1_825' title='bbox 2713 5102 2964 5160; x_wconf 89' lang='lat' dir='ltr'>nativitas</span> <span class='ocrx_word' id='word_1_826' title='bbox 3006 5103 3204 5158; x_wconf 75' lang='lat' dir='ltr'>animae</span> <span class='ocrx_word' id='word_1_827' title='bbox 3245 5101 3462 5174; x_wconf 89' lang='lat' dir='ltr'>dignior</span> 
     </span>
    </p>
   </div>
   <div class='ocr_carea' id='block_1_114' title="bbox 1865 5190 3459 5265">
    <p class='ocr_par' dir='ltr' id='par_1_114' title="bbox 1865 5190 3459 5265">
     <span class='ocr_line' id='line_1_114' title="bbox 1865 5190 3459 5265; baseline -0.003 -15"><span class='ocrx_word' id='word_1_828' title='bbox 1865 5203 1944 5250; x_wconf 91' lang='lat' dir='ltr'>est</span> <span class='ocrx_word' id='word_1_829' title='bbox 1973 5211 2133 5265; x_wconf 90' lang='lat' dir='ltr'>quam</span> <span class='ocrx_word' id='word_1_830' title='bbox 2164 5193 2356 5249; x_wconf 87' lang='lat' dir='ltr'>carnis.</span> <span class='ocrx_word' id='word_1_831' title='bbox 2389 5193 2452 5248; x_wconf 89' lang='lat' dir='ltr'>In</span> <span class='ocrx_word' id='word_1_832' title='bbox 2505 5191 2680 5263; x_wconf 90' lang='lat' dir='ltr'>prima</span> <span class='ocrx_word' id='word_1_833' title='bbox 2707 5191 2979 5264; x_wconf 90' lang='lat' dir='ltr'>ingressus</span> <span class='ocrx_word' id='word_1_834' title='bbox 3005 5199 3084 5247; x_wconf 90' lang='lat' dir='ltr'>est</span> <span class='ocrx_word' id='word_1_835' title='bbox 3106 5190 3160 5245; x_wconf 91' lang='lat' dir='ltr'>in</span> <span class='ocrx_word' id='word_1_836' title='bbox 3176 5192 3459 5261; x_wconf 88' lang='lat' dir='ltr'>mundum,</span> 
     </span>
    </p>
   </div>
   <div class='ocr_carea' id='block_1_115' title="bbox 1865 5285 3462 5364">
    <p class='ocr_par' dir='ltr' id='par_1_115' title="bbox 1865 5285 3462 5364">
     <span class='ocr_line' id='line_1_115' title="bbox 1865 5285 3462 5364; baseline -0.003 -15"><span class='ocrx_word' id='word_1_837' title='bbox 1865 5293 1920 5348; x_wconf 89' lang='lat' dir='ltr'>in</span> <span class='ocrx_word' id='word_1_838' title='bbox 1948 5291 2183 5348; x_wconf 89' lang='lat' dir='ltr'>secunda</span> <span class='ocrx_word' id='word_1_839' title='bbox 2211 5291 2487 5364; x_wconf 90' lang='lat' dir='ltr'>ingressus</span> <span class='ocrx_word' id='word_1_840' title='bbox 2515 5298 2595 5346; x_wconf 90' lang='lat' dir='ltr'>est</span> <span class='ocrx_word' id='word_1_841' title='bbox 2622 5289 2678 5344; x_wconf 90' lang='lat' dir='ltr'>in</span> <span class='ocrx_word' id='word_1_842' title='bbox 2700 5290 2916 5345; x_wconf 64' lang='lat' dir='ltr'>coelum.</span> <span class='ocrx_word' id='word_1_843' title='bbox 2978 5285 3152 5358; x_wconf 88' lang='lat' dir='ltr'>Quam</span> <span class='ocrx_word' id='word_1_844' title='bbox 3210 5297 3462 5361; x_wconf 90' lang='lat' dir='ltr'>opportu-</span> 
     </span>
    </p>
   </div>
   <div class='ocr_carea' id='block_1_116' title="bbox 1863 5378 3457 5440">
    <p class='ocr_par' dir='ltr' id='par_1_116' title="bbox 1863 5378 3457 5440">
     <span class='ocr_line' id='line_1_116' title="bbox 1863 5378 3457 5440; baseline -0.004 0"><span class='ocrx_word' id='word_1_845' title='bbox 1863 5401 1930 5440; x_wconf 90' lang='lat' dir='ltr'>ne</span> <span class='ocrx_word' id='word_1_846' title='bbox 1959 5385 2076 5439; x_wconf 84' lang='lat' dir='ltr'>haec</span> <span class='ocrx_word' id='word_1_847' title='bbox 2104 5381 2205 5437; x_wconf 89' lang='lat' dir='ltr'>tria</span> <span class='ocrx_word' id='word_1_848' title='bbox 2241 5380 2340 5436; x_wconf 92' lang='lat' dir='ltr'>sub</span> <span class='ocrx_word' id='word_1_849' title='bbox 2376 5379 2468 5435; x_wconf 88' lang='lat' dir='ltr'>tali</span> <span class='ocrx_word' id='word_1_850' title='bbox 2509 5378 2698 5436; x_wconf 90' lang='lat' dir='ltr'>ordine</span> <span class='ocrx_word' id='word_1_851' title='bbox 2734 5394 2844 5435; x_wconf 88' lang='lat' dir='ltr'>uno</span> <span class='ocrx_word' id='word_1_852' title='bbox 2900 5379 2989 5435; x_wconf 90' lang='lat' dir='ltr'>die</span> <span class='ocrx_word' id='word_1_853' title='bbox 3042 5385 3409 5435; x_wconf 85' lang='lat' dir='ltr'>convenerunt</span> <span class='ocrx_word' id='word_1_854' title='bbox 3441 5380 3457 5434; x_wconf 75' lang='grc' dir='ltr'>ι</span> 
     </span>
    </p>
   </div>
   <div class='ocr_carea' id='block_1_117' title="bbox 1862 5467 3459 5538">
    <p class='ocr_par' dir='ltr' id='par_1_117' title="bbox 1862 5467 3459 5538">
     <span class='ocr_line' id='line_1_117' title="bbox 1862 5467 3459 5538; baseline -0.004 -10"><span class='ocrx_word' id='word_1_855' title='bbox 1862 5473 2017 5528; x_wconf 88' lang='lat' dir='ltr'>stella</span> <span class='ocrx_word' id='word_1_856' title='bbox 2053 5471 2254 5526; x_wconf 91' lang='lat' dir='ltr'>ducens</span> <span class='ocrx_word' id='word_1_857' title='bbox 2291 5469 2360 5525; x_wconf 90' lang='lat' dir='ltr'>ad</span> <span class='ocrx_word' id='word_1_858' title='bbox 2414 5467 2705 5537; x_wconf 90' lang='lat' dir='ltr'>Christum,</span> <span class='ocrx_word' id='word_1_859' title='bbox 2776 5467 3089 5538; x_wconf 89' lang='lat' dir='ltr'>baptimatis</span> <span class='ocrx_word' id='word_1_860' title='bbox 3145 5483 3459 5524; x_wconf 85' lang='lat' dir='ltr'>sacramen-</span> 
     </span>
    </p>
   </div>
   <div class='ocr_carea' id='block_1_118' title="bbox 1863 5564 3462 5640">
    <p class='ocr_par' dir='ltr' id='par_1_118' title="bbox 1863 5564 3462 5640">
     <span class='ocr_line' id='line_1_118' title="bbox 1863 5564 3462 5640; baseline -0.003 -14"><span class='ocrx_word' id='word_1_861' title='bbox 1863 5580 1997 5640; x_wconf 90' lang='lat' dir='ltr'>tum,</span> <span class='ocrx_word' id='word_1_862' title='bbox 2030 5568 2254 5625; x_wconf 88' lang='lat' dir='ltr'>mutatio</span> <span class='ocrx_word' id='word_1_863' title='bbox 2285 5583 2438 5638; x_wconf 74' lang='lat' dir='ltr'>aquze</span> <span class='ocrx_word' id='word_1_864' title='bbox 2465 5564 2522 5622; x_wconf 92' lang='lat' dir='ltr'>in</span> <span class='ocrx_word' id='word_1_865' title='bbox 2549 5566 2758 5622; x_wconf 89' lang='lat' dir='ltr'>vinum.</span> <span class='ocrx_word' id='word_1_866' title='bbox 2793 5565 2860 5622; x_wconf 84' lang='lat' dir='ltr'>Et</span> <span class='ocrx_word' id='word_1_867' title='bbox 2879 5566 2935 5622; x_wconf 90' lang='lat' dir='ltr'>in</span> <span class='ocrx_word' id='word_1_868' title='bbox 2956 5568 3060 5624; x_wconf 88' lang='lat' dir='ltr'>hoc</span> <span class='ocrx_word' id='word_1_869' title='bbox 3087 5565 3274 5623; x_wconf 90' lang='lat' dir='ltr'>ordine</span> <span class='ocrx_word' id='word_1_870' title='bbox 3292 5582 3462 5637; x_wconf 88' lang='lat' dir='ltr'>appa-</span> 
     </span>
    </p>
   </div>
   <div class='ocr_carea' id='block_1_119' title="bbox 1863 5655 3462 5717">
    <p class='ocr_par' dir='ltr' id='par_1_119' title="bbox 1863 5655 3462 5717">
     <span class='ocr_line' id='line_1_119' title="bbox 1863 5655 3462 5717; baseline -0.003 -2"><span class='ocrx_word' id='word_1_871' title='bbox 1863 5668 1943 5717; x_wconf 91' lang='lat' dir='ltr'>ret</span> <span class='ocrx_word' id='word_1_872' title='bbox 1964 5659 2239 5715; x_wconf 85' lang='lat' dir='ltr'>instructio</span> <span class='ocrx_word' id='word_1_873' title='bbox 2259 5665 2454 5714; x_wconf 74' lang='lat' dir='ltr'>nostrae</span> <span class='ocrx_word' id='word_1_874' title='bbox 2475 5655 2620 5712; x_wconf 69' lang='lat' dir='ltr'>vitae.</span> <span class='ocrx_word' id='word_1_875' title='bbox 2647 5657 2780 5712; x_wconf 89' lang='lat' dir='ltr'>Cum</span> <span class='ocrx_word' id='word_1_876' title='bbox 2815 5655 2960 5711; x_wconf 90' lang='lat' dir='ltr'>enim</span> <span class='ocrx_word' id='word_1_877' title='bbox 3000 5655 3329 5712; x_wconf 88' lang='lat' dir='ltr'>convertitur</span> <span class='ocrx_word' id='word_1_878' title='bbox 3354 5655 3462 5710; x_wconf 89' lang='lat' dir='ltr'>ali-</span> 
     </span>
    </p>
   </div>
   <div class='ocr_carea' id='block_1_120' title="bbox 1866 5742 3462 5820">
    <p class='ocr_par' dir='ltr' id='par_1_120' title="bbox 1866 5742 3462 5820">
     <span class='ocr_line' id='line_1_120' title="bbox 1866 5742 3462 5820; baseline -0.004 -16"><span class='ocrx_word' id='word_1_879' title='bbox 1866 5749 1986 5820; x_wconf 87' lang='lat' dir='ltr'>quis</span> <span class='ocrx_word' id='word_1_880' title='bbox 2013 5747 2082 5804; x_wconf 88' lang='lat' dir='ltr'>ad</span> <span class='ocrx_word' id='word_1_881' title='bbox 2110 5747 2295 5816; x_wconf 88' lang='lat' dir='ltr'>ﬁdem,</span> <span class='ocrx_word' id='word_1_882' title='bbox 2325 5746 2500 5816; x_wconf 89' lang='lat' dir='ltr'>stella,</span> <span class='ocrx_word' id='word_1_883' title='bbox 2531 5744 2586 5799; x_wconf 92' lang='lat' dir='ltr'>id</span> <span class='ocrx_word' id='word_1_884' title='bbox 2618 5751 2698 5800; x_wconf 89' lang='lat' dir='ltr'>est</span> <span class='ocrx_word' id='word_1_885' title='bbox 2724 5744 2817 5798; x_wconf 85' lang='lat' dir='ltr'>lux</span> <span class='ocrx_word' id='word_1_886' title='bbox 2845 5742 2996 5814; x_wconf 89' lang='lat' dir='ltr'>ﬁdei,</span> <span class='ocrx_word' id='word_1_887' title='bbox 3028 5743 3175 5800; x_wconf 90' lang='lat' dir='ltr'>ducit</span> <span class='ocrx_word' id='word_1_888' title='bbox 3202 5745 3268 5800; x_wconf 90' lang='lat' dir='ltr'>ad</span> <span class='ocrx_word' id='word_1_889' title='bbox 3299 5743 3462 5799; x_wconf 86' lang='lat' dir='ltr'>Chri-</span> 
     </span>
    </p>
   </div>
   <div class='ocr_carea' id='block_1_121' title="bbox 1865 5840 3462 5917">
    <p class='ocr_par' dir='ltr' id='par_1_121' title="bbox 1865 5840 3462 5917">
     <span class='ocr_line' id='line_1_121' title="bbox 1865 5840 3462 5917; baseline -0.001 -16"><span class='ocrx_word' id='word_1_890' title='bbox 1865 5853 2004 5902; x_wconf 90' lang='lat' dir='ltr'>stum</span> <span class='ocrx_word' id='word_1_891' title='bbox 2037 5861 2051 5916; x_wconf 87' lang='lat'><strong>;</strong></span> <span class='ocrx_word' id='word_1_892' title='bbox 2087 5845 2282 5902; x_wconf 88' lang='lat' dir='ltr'>deinde</span> <span class='ocrx_word' id='word_1_893' title='bbox 2311 5852 2596 5917; x_wconf 90' lang='lat' dir='ltr'>postquam</span> <span class='ocrx_word' id='word_1_894' title='bbox 2626 5841 2694 5900; x_wconf 90' lang='lat' dir='ltr'>ad</span> <span class='ocrx_word' id='word_1_895' title='bbox 2736 5843 3004 5916; x_wconf 83' lang='lat' dir='ltr'>Christum</span> <span class='ocrx_word' id='word_1_896' title='bbox 3053 5840 3338 5900; x_wconf 88' lang='lat' dir='ltr'>instructus</span> <span class='ocrx_word' id='word_1_897' title='bbox 3383 5849 3462 5900; x_wconf 87' lang='lat' dir='ltr'>est</span> 
     </span>
    </p>
   </div>
   <div class='ocr_carea' id='block_1_122' title="bbox 3065 5984 3143 6052">
    <p class='ocr_par' dir='ltr' id='par_1_122' title="bbox 3065 5984 3143 6052">
     <span class='ocr_line' id='line_1_122' title="bbox 3065 5984 3143 6052; baseline 0.077 -6"><span class='ocrx_word' id='word_1_898' title='bbox 3065 5984 3143 6052; x_wconf 81' lang='grc'>26</span> 
     </span>
    </p>
   </div>
  </div>
