  <div class='ocr_page' id='page_1' title='image "/cluster/home/n/w/nwhite01/storage/ocr_20150623/156-157/uc1.31175010662024/1047.png"; bbox 0 0 3924 6398; ppageno 0'>
   <div class='ocr_carea' id='block_1_1' title="bbox 449 396 546 454">
    <p class='ocr_par' dir='ltr' id='par_1_1' title="bbox 449 396 546 454">
     <span class='ocr_line' id='line_1_1' title="bbox 449 396 546 454; baseline -0.01 -1"><span class='ocrx_word' id='word_1_1' title='bbox 449 396 546 454; x_wconf 79' lang='grc'><strong>811</strong></span> 
     </span>
    </p>
   </div>
   <div class='ocr_carea' id='block_1_2' title="bbox 1585 388 2629 450">
    <p class='ocr_par' dir='ltr' id='par_1_2' title="bbox 1585 388 2629 450">
     <span class='ocr_line' id='line_1_2' title="bbox 1585 388 2629 450; baseline -0.001 0"><span class='ocrx_word' id='word_1_2' title='bbox 1585 391 1940 450; x_wconf 76' lang='lat' dir='ltr'><strong>WERNERI</strong></span> <span class='ocrx_word' id='word_1_3' title='bbox 1977 388 2268 447; x_wconf 79' lang='lat' dir='ltr'><strong>ABBA’I‘IS</strong></span> <span class='ocrx_word' id='word_1_4' title='bbox 2306 389 2363 447; x_wconf 92' lang='lat' dir='ltr'><strong>S.</strong></span> <span class='ocrx_word' id='word_1_5' title='bbox 2404 389 2629 450; x_wconf 79' lang='lat' dir='ltr'><strong>BLASII</strong></span> 
     </span>
    </p>
   </div>
   <div class='ocr_carea' id='block_1_3' title="bbox 3651 394 3763 454">
    <p class='ocr_par' dir='ltr' id='par_1_3' title="bbox 3651 394 3763 454">
     <span class='ocr_line' id='line_1_3' title="bbox 3651 394 3763 454; baseline 0.036 -4"><span class='ocrx_word' id='word_1_6' title='bbox 3651 394 3763 454; x_wconf 76' lang='grc'><strong>812</strong></span> 
     </span>
    </p>
   </div>
   <div class='ocr_carea' id='block_1_4' title="bbox 449 514 3765 591">
    <p class='ocr_par' dir='ltr' id='par_1_4' title="bbox 449 514 3765 591">
     <span class='ocr_line' id='line_1_4' title="bbox 449 514 3765 591; baseline -0 -15"><span class='ocrx_word' id='word_1_7' title='bbox 449 518 575 590; x_wconf 89' lang='lat' dir='ltr'><strong>ﬁde,</strong></span> <span class='ocrx_word' id='word_1_8' title='bbox 608 518 815 576; x_wconf 91' lang='lat' dir='ltr'><strong>accedit</strong></span> <span class='ocrx_word' id='word_1_9' title='bbox 858 517 928 573; x_wconf 88' lang='lat' dir='ltr'><strong>ad</strong></span> <span class='ocrx_word' id='word_1_10' title='bbox 985 515 1324 589; x_wconf 73' lang='lat' dir='ltr'><strong>baptismatis</strong></span> <span class='ocrx_word' id='word_1_11' title='bbox 1378 526 1771 574; x_wconf 80' lang='lat' dir='ltr'><strong>sacramentum</strong></span> <span class='ocrx_word' id='word_1_12' title='bbox 1807 533 1820 588; x_wconf 87' lang='lat'><strong>;</strong></span> <span class='ocrx_word' id='word_1_13' title='bbox 1863 524 2051 591; x_wconf 89' lang='lat' dir='ltr'><strong>postea</strong></span> <span class='ocrx_word' id='word_1_14' title='bbox 2079 515 2135 578; x_wconf 82' lang='grc' dir='ltr'><strong>Α</strong></span> <span class='ocrx_word' id='word_1_15' title='bbox 2162 515 2395 586; x_wconf 88' lang='lat' dir='ltr'><strong>pretium</strong></span> <span class='ocrx_word' id='word_1_16' title='bbox 2424 524 2620 573; x_wconf 69' lang='lat' dir='ltr'><strong>nostra:</strong></span> <span class='ocrx_word' id='word_1_17' title='bbox 2649 515 3038 588; x_wconf 80' lang='lat' dir='ltr'><strong>redemptionis</strong></span> <span class='ocrx_word' id='word_1_18' title='bbox 3083 514 3333 573; x_wconf 78' lang='lat' dir='ltr'><strong>creditur.</strong></span> <span class='ocrx_word' id='word_1_19' title='bbox 3382 516 3527 575; x_wconf 85' lang='lat' dir='ltr'><strong>Thus</strong></span> <span class='ocrx_word' id='word_1_20' title='bbox 3572 520 3620 575; x_wconf 91' lang='lat' dir='ltr'><strong>ei</strong></span> <span class='ocrx_word' id='word_1_21' title='bbox 3659 521 3765 574; x_wconf 83' lang='lat' dir='ltr'><strong>im-</strong></span> 
     </span>
    </p>
   </div>
   <div class='ocr_carea' id='block_1_5' title="bbox 455 613 2055 695">
    <p class='ocr_par' dir='ltr' id='par_1_5' title="bbox 455 613 2055 695">
     <span class='ocr_line' id='line_1_5' title="bbox 455 613 2055 695; baseline -0.004 -21"><span class='ocrx_word' id='word_1_22' title='bbox 455 624 671 695; x_wconf 86' lang='lat' dir='ltr'><strong>potatur</strong></span> <span class='ocrx_word' id='word_1_23' title='bbox 698 623 752 672; x_wconf 91' lang='lat' dir='ltr'><strong>et</strong></span> <span class='ocrx_word' id='word_1_24' title='bbox 778 613 1013 672; x_wconf 89' lang='lat' dir='ltr'><strong>reﬁcitur</strong></span> <span class='ocrx_word' id='word_1_25' title='bbox 1038 629 1137 689; x_wconf 90' lang='lat' dir='ltr'><strong>per</strong></span> <span class='ocrx_word' id='word_1_26' title='bbox 1182 614 1513 690; x_wconf 68' lang='lat' dir='ltr'><strong>evangelicae</strong></span> <span class='ocrx_word' id='word_1_27' title='bbox 1565 614 1823 672; x_wconf 69' lang='lat' dir='ltr'><strong>doctrinae</strong></span> <span class='ocrx_word' id='word_1_28' title='bbox 1881 629 2055 688; x_wconf 92' lang='lat' dir='ltr'><strong>pocu-</strong></span> 
     </span>
    </p>
   </div>
   <div class='ocr_carea' id='block_1_6' title="bbox 461 700 2060 777">
    <p class='ocr_par' dir='ltr' id='par_1_6' title="bbox 461 700 2060 777">
     <span class='ocr_line' id='line_1_6' title="bbox 461 700 2060 777; baseline -0.004 -14"><span class='ocrx_word' id='word_1_29' title='bbox 461 707 592 763; x_wconf 90' lang='lat' dir='ltr'><strong>lum.</strong></span> <span class='ocrx_word' id='word_1_30' title='bbox 626 702 730 777; x_wconf 89' lang='lat' dir='ltr'><strong>Qui</strong></span> <span class='ocrx_word' id='word_1_31' title='bbox 761 720 830 761; x_wconf 90' lang='lat' dir='ltr'><strong>ne</strong></span> <span class='ocrx_word' id='word_1_32' title='bbox 875 700 1089 759; x_wconf 83' lang='lat' dir='ltr'><strong>deﬁciat</strong></span> <span class='ocrx_word' id='word_1_33' title='bbox 1140 703 1197 759; x_wconf 91' lang='lat' dir='ltr'><strong>in</strong></span> <span class='ocrx_word' id='word_1_34' title='bbox 1236 703 1325 761; x_wconf 92' lang='lat' dir='ltr'><strong>via</strong></span> <span class='ocrx_word' id='word_1_35' title='bbox 1381 702 1489 772; x_wconf 89' lang='lat' dir='ltr'><strong>siti,</strong></span> <span class='ocrx_word' id='word_1_36' title='bbox 1545 711 1766 776; x_wconf 80' lang='lat' dir='ltr'><strong>paratur</strong></span> <span class='ocrx_word' id='word_1_37' title='bbox 1820 701 2060 774; x_wconf 80' lang='lat' dir='ltr'><strong>quotidie</strong></span> 
     </span>
    </p>
   </div>
   <div class='ocr_carea' id='block_1_7' title="bbox 460 790 2061 867">
    <p class='ocr_par' dir='ltr' id='par_1_7' title="bbox 460 790 2061 867">
     <span class='ocr_line' id='line_1_7' title="bbox 460 790 2061 867; baseline -0.002 -18"><span class='ocrx_word' id='word_1_38' title='bbox 460 802 619 867; x_wconf 89' lang='lat' dir='ltr'><strong>potus</strong></span> <span class='ocrx_word' id='word_1_39' title='bbox 646 790 1045 866; x_wconf 66' lang='lat' dir='ltr'><strong>praedicationis</strong></span> <span class='ocrx_word' id='word_1_40' title='bbox 1073 792 1460 865; x_wconf 77' lang='lat' dir='ltr'><strong>peregrinanti.</strong></span> <span class='ocrx_word' id='word_1_41' title='bbox 1493 791 1639 865; x_wconf 83' lang='lat' dir='ltr'><strong>Ergo</strong></span> <span class='ocrx_word' id='word_1_42' title='bbox 1660 790 1780 849; x_wconf 65' lang='lat' dir='ltr'><strong>haec</strong></span> <span class='ocrx_word' id='word_1_43' title='bbox 1806 790 2061 848; x_wconf 90' lang='lat' dir='ltr'><strong>solemni-</strong></span> 
     </span>
    </p>
   </div>
   <div class='ocr_carea' id='block_1_8' title="bbox 462 886 2058 962">
    <p class='ocr_par' dir='ltr' id='par_1_8' title="bbox 462 886 2058 962">
     <span class='ocr_line' id='line_1_8' title="bbox 462 886 2058 962; baseline -0.003 -15"><span class='ocrx_word' id='word_1_44' title='bbox 462 901 559 961; x_wconf 90' lang='lat' dir='ltr'><strong>tas,</strong></span> <span class='ocrx_word' id='word_1_45' title='bbox 592 896 670 947; x_wconf 87' lang='lat' dir='ltr'><strong>tot</strong></span> <span class='ocrx_word' id='word_1_46' title='bbox 697 889 963 962; x_wconf 81' lang='lat' dir='ltr'><strong>mysteriis</strong></span> <span class='ocrx_word' id='word_1_47' title='bbox 988 886 1170 960; x_wconf 90' lang='lat' dir='ltr'><strong>plena,</strong></span> <span class='ocrx_word' id='word_1_48' title='bbox 1205 904 1418 945; x_wconf 91' lang='lat' dir='ltr'><strong>summa</strong></span> <span class='ocrx_word' id='word_1_49' title='bbox 1455 887 1741 949; x_wconf 88' lang='lat' dir='ltr'><strong>devotione</strong></span> <span class='ocrx_word' id='word_1_50' title='bbox 1784 895 1864 945; x_wconf 91' lang='lat' dir='ltr'><strong>est</strong></span> <span class='ocrx_word' id='word_1_51' title='bbox 1908 887 2058 944; x_wconf 90' lang='lat' dir='ltr'><strong>cele-</strong></span> 
     </span>
    </p>
   </div>
   <div class='ocr_carea' id='block_1_9' title="bbox 460 976 2057 1052">
    <p class='ocr_par' dir='ltr' id='par_1_9' title="bbox 460 976 2057 1052">
     <span class='ocr_line' id='line_1_9' title="bbox 460 976 2057 1052; baseline -0.004 -15"><span class='ocrx_word' id='word_1_52' title='bbox 460 977 692 1037; x_wconf 88' lang='lat' dir='ltr'><strong>branda.</strong></span> <span class='ocrx_word' id='word_1_53' title='bbox 760 977 898 1035; x_wconf 88' lang='lat' dir='ltr'><strong>Cum</strong></span> <span class='ocrx_word' id='word_1_54' title='bbox 946 976 1109 1033; x_wconf 83' lang='lat' dir='ltr'><strong>hodie</strong></span> <span class='ocrx_word' id='word_1_55' title='bbox 1172 977 1422 1052; x_wconf 77' lang='lat' dir='ltr'><strong>gaudetis</strong></span> <span class='ocrx_word' id='word_1_56' title='bbox 1479 978 1548 1034; x_wconf 90' lang='lat' dir='ltr'><strong>de</strong></span> <span class='ocrx_word' id='word_1_57' title='bbox 1612 977 1888 1035; x_wconf 87' lang='lat' dir='ltr'><strong>nativitate</strong></span> <span class='ocrx_word' id='word_1_58' title='bbox 1951 990 2057 1031; x_wconf 87' lang='lat' dir='ltr'><strong>no-</strong></span> 
     </span>
    </p>
   </div>
   <div class='ocr_carea' id='block_1_10' title="bbox 461 1064 2059 1140">
    <p class='ocr_par' dir='ltr' id='par_1_10' title="bbox 461 1064 2059 1140">
     <span class='ocr_line' id='line_1_10' title="bbox 461 1064 2059 1140; baseline -0.004 -14"><span class='ocrx_word' id='word_1_59' title='bbox 461 1077 587 1135; x_wconf 89' lang='lat' dir='ltr'><strong>stra,</strong></span> <span class='ocrx_word' id='word_1_60' title='bbox 621 1080 743 1140; x_wconf 66' lang='lat' dir='ltr'><strong>quae</strong></span> <span class='ocrx_word' id='word_1_61' title='bbox 768 1065 935 1122; x_wconf 89' lang='lat' dir='ltr'><strong>hodie</strong></span> <span class='ocrx_word' id='word_1_62' title='bbox 960 1064 1175 1122; x_wconf 89' lang='lat' dir='ltr'><strong>initium</strong></span> <span class='ocrx_word' id='word_1_63' title='bbox 1227 1067 1391 1123; x_wconf 87' lang='lat' dir='ltr'><strong>sumit</strong></span> <span class='ocrx_word' id='word_1_64' title='bbox 1439 1068 1495 1121; x_wconf 90' lang='lat' dir='ltr'><strong>in</strong></span> <span class='ocrx_word' id='word_1_65' title='bbox 1549 1066 1842 1139; x_wconf 90' lang='lat' dir='ltr'><strong>baptismo,</strong></span> <span class='ocrx_word' id='word_1_66' title='bbox 1897 1065 2059 1121; x_wconf 86' lang='lat' dir='ltr'><strong>hodie</strong></span> 
     </span>
    </p>
   </div>
   <div class='ocr_carea' id='block_1_11' title="bbox 462 1164 2059 1240">
    <p class='ocr_par' dir='ltr' id='par_1_11' title="bbox 462 1164 2059 1240">
     <span class='ocr_line' id='line_1_11' title="bbox 462 1164 2059 1240; baseline -0.004 -17"><span class='ocrx_word' id='word_1_67' title='bbox 462 1180 673 1239; x_wconf 87' lang='lat' dir='ltr'><strong>quoque</strong></span> <span class='ocrx_word' id='word_1_68' title='bbox 702 1165 989 1240; x_wconf 81' lang='lat' dir='ltr'><strong>gaudeatis</strong></span> <span class='ocrx_word' id='word_1_69' title='bbox 1016 1164 1083 1220; x_wconf 90' lang='lat' dir='ltr'><strong>de</strong></span> <span class='ocrx_word' id='word_1_70' title='bbox 1114 1164 1506 1222; x_wconf 89' lang='lat' dir='ltr'><strong>conversionne</strong></span> <span class='ocrx_word' id='word_1_71' title='bbox 1536 1166 1799 1239; x_wconf 86' lang='lat' dir='ltr'><strong>gentium,</strong></span> <span class='ocrx_word' id='word_1_72' title='bbox 1832 1178 2059 1235; x_wconf 90' lang='lat' dir='ltr'><strong>quarum</strong></span> 
     </span>
    </p>
   </div>
   <div class='ocr_carea' id='block_1_12' title="bbox 459 1249 2057 1330">
    <p class='ocr_par' dir='ltr' id='par_1_12' title="bbox 459 1249 2057 1330">
     <span class='ocr_line' id='line_1_12' title="bbox 459 1249 2057 1330; baseline -0.003 -18"><span class='ocrx_word' id='word_1_73' title='bbox 459 1254 709 1330; x_wconf 63' lang='lat' dir='ltr'><strong>primitiae</strong></span> <span class='ocrx_word' id='word_1_74' title='bbox 772 1254 876 1311; x_wconf 90' lang='lat' dir='ltr'><strong>hac</strong></span> <span class='ocrx_word' id='word_1_75' title='bbox 940 1254 998 1309; x_wconf 90' lang='lat' dir='ltr'><strong>in</strong></span> <span class='ocrx_word' id='word_1_76' title='bbox 1061 1249 1151 1310; x_wconf 90' lang='lat' dir='ltr'><strong>die</strong></span> <span class='ocrx_word' id='word_1_77' title='bbox 1214 1262 1552 1311; x_wconf 87' lang='lat' dir='ltr'><strong>accesserunt</strong></span> <span class='ocrx_word' id='word_1_78' title='bbox 1614 1254 1683 1310; x_wconf 91' lang='lat' dir='ltr'><strong>ad</strong></span> <span class='ocrx_word' id='word_1_79' title='bbox 1767 1252 2057 1320; x_wconf 88' lang='lat' dir='ltr'><strong>Christum,</strong></span> 
     </span>
    </p>
   </div>
   <div class='ocr_carea' id='block_1_13' title="bbox 459 1342 2059 1421">
    <p class='ocr_par' dir='ltr' id='par_1_13' title="bbox 459 1342 2059 1421">
     <span class='ocr_line' id='line_1_13' title="bbox 459 1342 2059 1421; baseline -0.003 -19"><span class='ocrx_word' id='word_1_80' title='bbox 459 1344 605 1421; x_wconf 90' lang='lat' dir='ltr'><strong>Magi</strong></span> <span class='ocrx_word' id='word_1_81' title='bbox 634 1342 888 1402; x_wconf 81' lang='lat' dir='ltr'><strong>videlicet</strong></span> <span class='ocrx_word' id='word_1_82' title='bbox 914 1356 1050 1414; x_wconf 90' lang='lat' dir='ltr'><strong>quos</strong></span> <span class='ocrx_word' id='word_1_83' title='bbox 1079 1358 1203 1399; x_wconf 92' lang='lat' dir='ltr'><strong>cum</strong></span> <span class='ocrx_word' id='word_1_84' title='bbox 1232 1344 1546 1399; x_wconf 86' lang='lat' dir='ltr'><strong>muneribus</strong></span> <span class='ocrx_word' id='word_1_85' title='bbox 1602 1344 1669 1399; x_wconf 89' lang='lat' dir='ltr'><strong>ad</strong></span> <span class='ocrx_word' id='word_1_86' title='bbox 1717 1360 1774 1399; x_wconf 92' lang='lat' dir='ltr'><strong>se</strong></span> <span class='ocrx_word' id='word_1_87' title='bbox 1818 1349 2059 1399; x_wconf 86' lang='lat' dir='ltr'><strong>attraxe-</strong></span> 
     </span>
    </p>
   </div>
   <div class='ocr_carea' id='block_1_14' title="bbox 455 1440 2061 1514">
    <p class='ocr_par' dir='ltr' id='par_1_14' title="bbox 455 1440 2061 1514">
     <span class='ocr_line' id='line_1_14' title="bbox 455 1440 2061 1514; baseline -0.004 -13"><span class='ocrx_word' id='word_1_88' title='bbox 455 1452 562 1501; x_wconf 85' lang='lat' dir='ltr'><strong>rat.</strong></span> <span class='ocrx_word' id='word_1_89' title='bbox 602 1441 781 1513; x_wconf 84' lang='lat' dir='ltr'><strong>Quare</strong></span> <span class='ocrx_word' id='word_1_90' title='bbox 809 1443 910 1498; x_wconf 88' lang='lat' dir='ltr'><strong>hos</strong></span> <span class='ocrx_word' id='word_1_91' title='bbox 966 1448 1071 1499; x_wconf 89' lang='lat' dir='ltr'><strong>tres</strong></span> <span class='ocrx_word' id='word_1_92' title='bbox 1123 1442 1315 1514; x_wconf 83' lang='lat' dir='ltr'><strong>Magos</strong></span> <span class='ocrx_word' id='word_1_93' title='bbox 1372 1441 1720 1498; x_wconf 82' lang='lat' dir='ltr'><strong>attraxerat?</strong></span> <span class='ocrx_word' id='word_1_94' title='bbox 1775 1440 1901 1512; x_wconf 87' lang='lat' dir='ltr'><strong>quia</strong></span> <span class='ocrx_word' id='word_1_95' title='bbox 1955 1446 2061 1495; x_wconf 89' lang='lat' dir='ltr'><strong>tres</strong></span> 
     </span>
    </p>
   </div>
   <div class='ocr_carea' id='block_1_15' title="bbox 454 1526 2063 1606">
    <p class='ocr_par' dir='ltr' id='par_1_15' title="bbox 454 1526 2063 1606">
     <span class='ocr_line' id='line_1_15' title="bbox 454 1526 2063 1606; baseline -0.004 -17"><span class='ocrx_word' id='word_1_96' title='bbox 454 1539 636 1606; x_wconf 89' lang='lat' dir='ltr'><strong>partes</strong></span> <span class='ocrx_word' id='word_1_97' title='bbox 654 1530 863 1600; x_wconf 89' lang='lat' dir='ltr'><strong>mundi,</strong></span> <span class='ocrx_word' id='word_1_98' title='bbox 914 1529 1120 1599; x_wconf 76' lang='lat' dir='ltr'><strong>Asiam,</strong></span> <span class='ocrx_word' id='word_1_99' title='bbox 1179 1531 1435 1601; x_wconf 79' lang='lat' dir='ltr'><strong>Africam,</strong></span> <span class='ocrx_word' id='word_1_100' title='bbox 1493 1531 1789 1604; x_wconf 88' lang='lat' dir='ltr'><strong>Eur0pam,</strong></span> <span class='ocrx_word' id='word_1_101' title='bbox 1844 1526 1953 1586; x_wconf 85' lang='lat' dir='ltr'><strong>ﬁde</strong></span> <span class='ocrx_word' id='word_1_102' title='bbox 2008 1534 2063 1584; x_wconf 88' lang='lat' dir='ltr'><strong>et</strong></span> 
     </span>
    </p>
   </div>
   <div class='ocr_carea' id='block_1_16' title="bbox 455 1616 2059 1695">
    <p class='ocr_par' dir='ltr' id='par_1_16' title="bbox 455 1616 2059 1695">
     <span class='ocr_line' id='line_1_16' title="bbox 455 1616 2059 1695; baseline -0.004 -16"><span class='ocrx_word' id='word_1_103' title='bbox 455 1621 769 1695; x_wconf 86' lang='lat' dir='ltr'><strong>Operatione</strong></span> <span class='ocrx_word' id='word_1_104' title='bbox 798 1616 867 1675; x_wconf 85' lang='lat' dir='ltr'><strong>ad</strong></span> <span class='ocrx_word' id='word_1_105' title='bbox 896 1636 954 1675; x_wconf 90' lang='lat' dir='ltr'><strong>se</strong></span> <span class='ocrx_word' id='word_1_106' title='bbox 984 1621 1195 1675; x_wconf 86' lang='lat' dir='ltr'><strong>trahere</strong></span> <span class='ocrx_word' id='word_1_107' title='bbox 1221 1619 1410 1676; x_wconf 91' lang='lat' dir='ltr'><strong>voluit.</strong></span> <span class='ocrx_word' id='word_1_108' title='bbox 1445 1620 1646 1675; x_wconf 83' lang='lat' dir='ltr'><strong>Verum</strong></span> <span class='ocrx_word' id='word_1_109' title='bbox 1701 1634 1824 1674; x_wconf 92' lang='lat' dir='ltr'><strong>cum</strong></span> <span class='ocrx_word' id='word_1_110' title='bbox 1882 1617 1939 1673; x_wconf 90' lang='lat' dir='ltr'><strong>in</strong></span> <span class='ocrx_word' id='word_1_111' title='bbox 1994 1630 2059 1672; x_wconf 90' lang='lat' dir='ltr'><strong>eo</strong></span> 
     </span>
    </p>
   </div>
   <div class='ocr_carea' id='block_1_17' title="bbox 456 1713 2056 1791">
    <p class='ocr_par' dir='ltr' id='par_1_17' title="bbox 456 1713 2056 1791">
     <span class='ocr_line' id='line_1_17' title="bbox 456 1713 2056 1791; baseline -0.004 -15"><span class='ocrx_word' id='word_1_112' title='bbox 456 1719 619 1776; x_wconf 80' lang='lat' dir='ltr'><strong>fuerit</strong></span> <span class='ocrx_word' id='word_1_113' title='bbox 648 1716 924 1791; x_wconf 83' lang='lat' dir='ltr'><strong>plenitudo</strong></span> <span class='ocrx_word' id='word_1_114' title='bbox 953 1715 1248 1774; x_wconf 85' lang='lat' dir='ltr'><strong>divinitatis</strong></span> <span class='ocrx_word' id='word_1_115' title='bbox 1276 1715 1643 1790; x_wconf 85' lang='lat' dir='ltr'><strong>corporaliter,</strong></span> <span class='ocrx_word' id='word_1_116' title='bbox 1676 1722 1729 1773; x_wconf 90' lang='lat' dir='ltr'><strong>et</strong></span> <span class='ocrx_word' id='word_1_117' title='bbox 1765 1713 1898 1772; x_wconf 87' lang='lat' dir='ltr'><strong>nihil</strong></span> <span class='ocrx_word' id='word_1_118' title='bbox 1927 1726 2056 1786; x_wconf 88' lang='lat' dir='ltr'><strong>pos-</strong></span> 
     </span>
    </p>
   </div>
   <div class='ocr_carea' id='block_1_18' title="bbox 455 1802 2062 1882">
    <p class='ocr_par' dir='ltr' id='par_1_18' title="bbox 455 1802 2062 1882">
     <span class='ocr_line' id='line_1_18' title="bbox 455 1802 2062 1882; baseline -0.006 -15"><span class='ocrx_word' id='word_1_119' title='bbox 455 1816 536 1867; x_wconf 86' lang='lat' dir='ltr'><strong>set</strong></span> <span class='ocrx_word' id='word_1_120' title='bbox 564 1809 611 1864; x_wconf 92' lang='lat' dir='ltr'><strong>ei</strong></span> <span class='ocrx_word' id='word_1_121' title='bbox 641 1807 833 1882; x_wconf 66' lang='lat' dir='ltr'><strong>gratim</strong></span> <span class='ocrx_word' id='word_1_122' title='bbox 862 1806 1125 1876; x_wconf 86' lang='lat' dir='ltr'><strong>accidere,</strong></span> <span class='ocrx_word' id='word_1_123' title='bbox 1158 1823 1251 1863; x_wconf 91' lang='lat' dir='ltr'><strong>cur</strong></span> <span class='ocrx_word' id='word_1_124' title='bbox 1279 1812 1358 1863; x_wconf 79' lang='lat' dir='ltr'><strong>est</strong></span> <span class='ocrx_word' id='word_1_125' title='bbox 1399 1804 1700 1879; x_wconf 82' lang='lat' dir='ltr'><strong>baptizatus</strong></span> <span class='ocrx_word' id='word_1_126' title='bbox 1723 1806 1755 1858; x_wconf 69' lang='grc' dir='ltr'><strong>’ἒ</strong></span> <span class='ocrx_word' id='word_1_127' title='bbox 1802 1806 1860 1859; x_wconf 91' lang='lat' dir='ltr'><strong>ut</strong></span> <span class='ocrx_word' id='word_1_128' title='bbox 1904 1802 2062 1859; x_wconf 89' lang='lat' dir='ltr'><strong>nobis</strong></span> 
     </span>
    </p>
   </div>
   <div class='ocr_carea' id='block_1_19' title="bbox 454 1892 2053 1971">
    <p class='ocr_par' dir='ltr' id='par_1_19' title="bbox 454 1892 2053 1971">
     <span class='ocr_line' id='line_1_19' title="bbox 454 1892 2053 1971; baseline -0.004 -16"><span class='ocrx_word' id='word_1_129' title='bbox 454 1914 624 1971; x_wconf 86' lang='lat' dir='ltr'><strong>aquas</strong></span> <span class='ocrx_word' id='word_1_130' title='bbox 645 1896 716 1953; x_wconf 89' lang='lat' dir='ltr'><strong>ad</strong></span> <span class='ocrx_word' id='word_1_131' title='bbox 743 1896 1016 1970; x_wconf 90' lang='lat' dir='ltr'><strong>baptisma</strong></span> <span class='ocrx_word' id='word_1_132' title='bbox 1043 1893 1420 1952; x_wconf 82' lang='lat' dir='ltr'><strong>sanctiﬁcaret.</strong></span> <span class='ocrx_word' id='word_1_133' title='bbox 1460 1894 1640 1965; x_wconf 88' lang='lat' dir='ltr'><strong>Quare</strong></span> <span class='ocrx_word' id='word_1_134' title='bbox 1668 1895 1723 1950; x_wconf 93' lang='lat' dir='ltr'><strong>in</strong></span> <span class='ocrx_word' id='word_1_135' title='bbox 1771 1909 1912 1964; x_wconf 89' lang='lat' dir='ltr'><strong>aqua</strong></span> <span class='ocrx_word' id='word_1_136' title='bbox 1949 1892 2053 1948; x_wconf 91' lang='lat' dir='ltr'><strong>ba-</strong></span> 
     </span>
    </p>
   </div>
   <div class='ocr_carea' id='block_1_20' title="bbox 454 1992 2053 2073">
    <p class='ocr_par' dir='ltr' id='par_1_20' title="bbox 454 1992 2053 2073">
     <span class='ocr_line' id='line_1_20' title="bbox 454 1992 2053 2073; baseline -0.004 -20"><span class='ocrx_word' id='word_1_137' title='bbox 454 1994 741 2073; x_wconf 78' lang='lat' dir='ltr'><strong>ptizatur?</strong></span> <span class='ocrx_word' id='word_1_138' title='bbox 771 1995 899 2069; x_wconf 83' lang='lat' dir='ltr'><strong>quia</strong></span> <span class='ocrx_word' id='word_1_139' title='bbox 924 2010 1065 2069; x_wconf 88' lang='lat' dir='ltr'><strong>aqua</strong></span> <span class='ocrx_word' id='word_1_140' title='bbox 1092 1994 1362 2052; x_wconf 89' lang='lat' dir='ltr'><strong>contraria</strong></span> <span class='ocrx_word' id='word_1_141' title='bbox 1390 2001 1469 2052; x_wconf 90' lang='lat' dir='ltr'><strong>est</strong></span> <span class='ocrx_word' id='word_1_142' title='bbox 1494 1992 1608 2068; x_wconf 89' lang='lat' dir='ltr'><strong>igni</strong></span> <span class='ocrx_word' id='word_1_143' title='bbox 1642 2014 1654 2050; x_wconf 91' lang='lat'>:</span> <span class='ocrx_word' id='word_1_144' title='bbox 1712 1993 1858 2067; x_wconf 80' lang='lat' dir='ltr'><strong>ignis</strong></span> <span class='ocrx_word' id='word_1_145' title='bbox 1907 1993 2053 2049; x_wconf 91' lang='lat' dir='ltr'><strong>enim</strong></span> 
     </span>
    </p>
   </div>
   <div class='ocr_carea' id='block_1_21' title="bbox 454 2072 2051 2162">
    <p class='ocr_par' dir='ltr' id='par_1_21' title="bbox 454 2072 2051 2162">
     <span class='ocr_line' id='line_1_21' title="bbox 454 2072 2051 2162; baseline -0.005 -18"><span class='ocrx_word' id='word_1_146' title='bbox 454 2072 735 2162; x_wconf 81' lang='lat' dir='ltr'><strong>peccatum</strong></span> <span class='ocrx_word' id='word_1_147' title='bbox 764 2092 862 2142; x_wconf 91' lang='lat' dir='ltr'><strong>est.</strong></span> <span class='ocrx_word' id='word_1_148' title='bbox 896 2084 1046 2143; x_wconf 87' lang='lat' dir='ltr'><strong>Sicut</strong></span> <span class='ocrx_word' id='word_1_149' title='bbox 1075 2085 1155 2142; x_wconf 90' lang='lat' dir='ltr'><strong>ira</strong></span> <span class='ocrx_word' id='word_1_150' title='bbox 1184 2083 1239 2140; x_wconf 90' lang='lat' dir='ltr'><strong>in</strong></span> <span class='ocrx_word' id='word_1_151' title='bbox 1284 2084 1488 2153; x_wconf 91' lang='lat' dir='ltr'><strong>animo,</strong></span> <span class='ocrx_word' id='word_1_152' title='bbox 1548 2084 1626 2140; x_wconf 90' lang='lat' dir='ltr'><strong>sic</strong></span> <span class='ocrx_word' id='word_1_153' title='bbox 1683 2092 1736 2139; x_wconf 90' lang='lat' dir='ltr'><strong>et</strong></span> <span class='ocrx_word' id='word_1_154' title='bbox 1789 2081 2051 2155; x_wconf 88' lang='lat' dir='ltr'><strong>concupi-</strong></span> 
     </span>
    </p>
   </div>
   <div class='ocr_carea' id='block_1_22' title="bbox 451 2171 2054 2246">
    <p class='ocr_par' dir='ltr' id='par_1_22' title="bbox 451 2171 2054 2246">
     <span class='ocr_line' id='line_1_22' title="bbox 451 2171 2054 2246; baseline -0.005 -12"><span class='ocrx_word' id='word_1_155' title='bbox 451 2177 656 2234; x_wconf 89' lang='lat' dir='ltr'><strong>scentia</strong></span> <span class='ocrx_word' id='word_1_156' title='bbox 683 2175 739 2231; x_wconf 91' lang='lat' dir='ltr'><strong>in</strong></span> <span class='ocrx_word' id='word_1_157' title='bbox 781 2190 963 2231; x_wconf 86' lang='lat' dir='ltr'><strong>carne.</strong></span> <span class='ocrx_word' id='word_1_158' title='bbox 1014 2174 1086 2231; x_wconf 90' lang='lat' dir='ltr'><strong>Ut</strong></span> <span class='ocrx_word' id='word_1_159' title='bbox 1142 2180 1321 2230; x_wconf 89' lang='lat' dir='ltr'><strong>autem</strong></span> <span class='ocrx_word' id='word_1_160' title='bbox 1378 2173 1521 2246; x_wconf 81' lang='lat' dir='ltr'><strong>ignis</strong></span> <span class='ocrx_word' id='word_1_161' title='bbox 1574 2172 1946 2246; x_wconf 86' lang='lat' dir='ltr'><strong>exstinguatur</strong></span> <span class='ocrx_word' id='word_1_162' title='bbox 1997 2171 2054 2226; x_wconf 91' lang='lat' dir='ltr'><strong>in</strong></span> 
     </span>
    </p>
   </div>
   <div class='ocr_carea' id='block_1_23' title="bbox 450 2271 2051 2348">
    <p class='ocr_par' dir='ltr' id='par_1_23' title="bbox 450 2271 2051 2348">
     <span class='ocr_line' id='line_1_23' title="bbox 450 2271 2051 2348; baseline -0.004 -15"><span class='ocrx_word' id='word_1_163' title='bbox 450 2292 591 2348; x_wconf 87' lang='lat' dir='ltr'><strong>aqua</strong></span> <span class='ocrx_word' id='word_1_164' title='bbox 615 2272 945 2348; x_wconf 82' lang='lat' dir='ltr'><strong>baptizatur,</strong></span> <span class='ocrx_word' id='word_1_165' title='bbox 976 2272 1159 2345; x_wconf 87' lang='lat' dir='ltr'><strong>sicque</strong></span> <span class='ocrx_word' id='word_1_166' title='bbox 1188 2279 1469 2344; x_wconf 91' lang='lat' dir='ltr'><strong>peccatum</strong></span> <span class='ocrx_word' id='word_1_167' title='bbox 1518 2271 1745 2339; x_wconf 89' lang='lat' dir='ltr'><strong>deletur,</strong></span> <span class='ocrx_word' id='word_1_168' title='bbox 1803 2287 1873 2327; x_wconf 90' lang='lat' dir='ltr'><strong>ne</strong></span> <span class='ocrx_word' id='word_1_169' title='bbox 1923 2271 2051 2344; x_wconf 79' lang='lat' dir='ltr'><strong>igne</strong></span> 
     </span>
    </p>
   </div>
   <div class='ocr_carea' id='block_1_24' title="bbox 450 2360 2053 2436">
    <p class='ocr_par' dir='ltr' id='par_1_24' title="bbox 450 2360 2053 2436">
     <span class='ocr_line' id='line_1_24' title="bbox 450 2360 2053 2436; baseline -0.004 -16"><span class='ocrx_word' id='word_1_170' title='bbox 450 2363 636 2420; x_wconf 78' lang='lat' dir='ltr'><strong>aeterni</strong></span> <span class='ocrx_word' id='word_1_171' title='bbox 701 2362 953 2435; x_wconf 87' lang='lat' dir='ltr'><strong>supplicii</strong></span> <span class='ocrx_word' id='word_1_172' title='bbox 1018 2361 1294 2436; x_wconf 89' lang='lat' dir='ltr'><strong>puniatur.</strong></span> <span class='ocrx_word' id='word_1_173' title='bbox 1363 2361 1534 2417; x_wconf 77' lang='lat' dir='ltr'><strong>Aliter</strong></span> <span class='ocrx_word' id='word_1_174' title='bbox 1564 2405 1578 2429; x_wconf 97' lang='lat'><strong>,</strong></span> <span class='ocrx_word' id='word_1_175' title='bbox 1646 2377 1788 2433; x_wconf 91' lang='lat' dir='ltr'><strong>aqua</strong></span> <span class='ocrx_word' id='word_1_176' title='bbox 1866 2360 2053 2416; x_wconf 87' lang='lat' dir='ltr'><strong>sordes</strong></span> 
     </span>
    </p>
   </div>
   <div class='ocr_carea' id='block_1_25' title="bbox 450 2448 2053 2529">
    <p class='ocr_par' dir='ltr' id='par_1_25' title="bbox 450 2448 2053 2529">
     <span class='ocr_line' id='line_1_25' title="bbox 450 2448 2053 2529; baseline -0.002 -21"><span class='ocrx_word' id='word_1_177' title='bbox 450 2448 625 2522; x_wconf 85' lang='lat' dir='ltr'><strong>diluit,</strong></span> <span class='ocrx_word' id='word_1_178' title='bbox 659 2450 803 2507; x_wconf 81' lang='lat' dir='ltr'><strong>sitim</strong></span> <span class='ocrx_word' id='word_1_179' title='bbox 832 2451 1144 2529; x_wconf 81' lang='lat' dir='ltr'><strong>exstinguit,</strong></span> <span class='ocrx_word' id='word_1_180' title='bbox 1176 2450 1473 2523; x_wconf 88' lang='lat' dir='ltr'><strong>imaginem</strong></span> <span class='ocrx_word' id='word_1_181' title='bbox 1502 2448 1680 2506; x_wconf 89' lang='lat' dir='ltr'><strong>reddit</strong></span> <span class='ocrx_word' id='word_1_182' title='bbox 1710 2469 1722 2505; x_wconf 90' lang='lat'>:</span> <span class='ocrx_word' id='word_1_183' title='bbox 1758 2449 1832 2505; x_wconf 90' lang='lat' dir='ltr'><strong>ita</strong></span> <span class='ocrx_word' id='word_1_184' title='bbox 1877 2449 2053 2522; x_wconf 90' lang='lat' dir='ltr'><strong>gratia</strong></span> 
     </span>
    </p>
   </div>
   <div class='ocr_carea' id='block_1_26' title="bbox 452 2547 2051 2626">
    <p class='ocr_par' dir='ltr' id='par_1_26' title="bbox 452 2547 2051 2626">
     <span class='ocr_line' id='line_1_26' title="bbox 452 2547 2051 2626; baseline -0.003 -18"><span class='ocrx_word' id='word_1_185' title='bbox 452 2550 684 2626; x_wconf 88' lang='lat' dir='ltr'><strong>Spiritus</strong></span> <span class='ocrx_word' id='word_1_186' title='bbox 720 2549 891 2608; x_wconf 85' lang='lat' dir='ltr'><strong>sancti</strong></span> <span class='ocrx_word' id='word_1_187' title='bbox 954 2549 1014 2607; x_wconf 91' lang='lat' dir='ltr'><strong>in</strong></span> <span class='ocrx_word' id='word_1_188' title='bbox 1075 2549 1401 2623; x_wconf 89' lang='lat' dir='ltr'><strong>baptismate</strong></span> <span class='ocrx_word' id='word_1_189' title='bbox 1457 2547 1643 2605; x_wconf 88' lang='lat' dir='ltr'><strong>sordes</strong></span> <span class='ocrx_word' id='word_1_190' title='bbox 1705 2555 2051 2622; x_wconf 87' lang='lat' dir='ltr'><strong>peccatorum</strong></span> 
     </span>
    </p>
   </div>
   <div class='ocr_carea' id='block_1_27' title="bbox 454 2636 2051 2712">
    <p class='ocr_par' dir='ltr' id='par_1_27' title="bbox 454 2636 2051 2712">
     <span class='ocr_line' id='line_1_27' title="bbox 454 2636 2051 2712; baseline -0.002 -16"><span class='ocrx_word' id='word_1_191' title='bbox 454 2639 644 2712; x_wconf 89' lang='lat' dir='ltr'><strong>abluit,</strong></span> <span class='ocrx_word' id='word_1_192' title='bbox 671 2640 815 2696; x_wconf 82' lang='lat' dir='ltr'><strong>sitim</strong></span> <span class='ocrx_word' id='word_1_193' title='bbox 837 2637 1035 2696; x_wconf 74' lang='lat' dir='ltr'><strong>animae</strong></span> <span class='ocrx_word' id='word_1_194' title='bbox 1063 2636 1231 2694; x_wconf 91' lang='lat' dir='ltr'><strong>verbo</strong></span> <span class='ocrx_word' id='word_1_195' title='bbox 1262 2638 1363 2694; x_wconf 93' lang='lat' dir='ltr'><strong>Dei</strong></span> <span class='ocrx_word' id='word_1_196' title='bbox 1408 2637 1712 2710; x_wconf 83' lang='lat' dir='ltr'><strong>restinguit,</strong></span> <span class='ocrx_word' id='word_1_197' title='bbox 1755 2636 2051 2711; x_wconf 87' lang='lat' dir='ltr'><strong>imaginem</strong></span> 
     </span>
    </p>
   </div>
   <div class='ocr_carea' id='block_1_28' title="bbox 447 2725 2050 2801">
    <p class='ocr_par' dir='ltr' id='par_1_28' title="bbox 447 2725 2050 2801">
     <span class='ocr_line' id='line_1_28' title="bbox 447 2725 2050 2801; baseline -0.003 -16"><span class='ocrx_word' id='word_1_198' title='bbox 447 2729 548 2785; x_wconf 91' lang='lat' dir='ltr'><strong>Dei</strong></span> <span class='ocrx_word' id='word_1_199' title='bbox 580 2744 678 2801; x_wconf 89' lang='lat' dir='ltr'><strong>per</strong></span> <span class='ocrx_word' id='word_1_200' title='bbox 704 2727 920 2801; x_wconf 90' lang='lat' dir='ltr'><strong>culpam</strong></span> <span class='ocrx_word' id='word_1_201' title='bbox 949 2727 1205 2785; x_wconf 89' lang='lat' dir='ltr'><strong>amissam</strong></span> <span class='ocrx_word' id='word_1_202' title='bbox 1248 2725 1495 2783; x_wconf 89' lang='lat' dir='ltr'><strong>restituit.</strong></span> <span class='ocrx_word' id='word_1_203' title='bbox 1553 2726 1711 2783; x_wconf 88' lang='lat' dir='ltr'><strong>Nunc</strong></span> <span class='ocrx_word' id='word_1_204' title='bbox 1762 2725 1927 2801; x_wconf 88' lang='lat' dir='ltr'><strong>igitur</strong></span> <span class='ocrx_word' id='word_1_205' title='bbox 1982 2725 2050 2782; x_wconf 90' lang='lat' dir='ltr'><strong>ad</strong></span> 
     </span>
    </p>
   </div>
   <div class='ocr_carea' id='block_1_29' title="bbox 449 2821 2050 2897">
    <p class='ocr_par' dir='ltr' id='par_1_29' title="bbox 449 2821 2050 2897">
     <span class='ocr_line' id='line_1_29' title="bbox 449 2821 2050 2897; baseline -0.003 -14"><span class='ocrx_word' id='word_1_206' title='bbox 449 2841 667 2883; x_wconf 87' lang='lat' dir='ltr'><strong>mensas</strong></span> <span class='ocrx_word' id='word_1_207' title='bbox 730 2832 939 2882; x_wconf 87' lang='lat' dir='ltr'><strong>nostras</strong></span> <span class='ocrx_word' id='word_1_208' title='bbox 1002 2824 1359 2897; x_wconf 89' lang='lat' dir='ltr'><strong>suscipiamus</strong></span> <span class='ocrx_word' id='word_1_209' title='bbox 1440 2823 1707 2879; x_wconf 87' lang='lat' dir='ltr'><strong>Christum</strong></span> <span class='ocrx_word' id='word_1_210' title='bbox 1788 2821 2050 2880; x_wconf 89' lang='lat' dir='ltr'><strong>hodierno</strong></span> 
     </span>
    </p>
   </div>
   <div class='ocr_carea' id='block_1_30' title="bbox 450 2912 2052 2988">
    <p class='ocr_par' dir='ltr' id='par_1_30' title="bbox 450 2912 2052 2988">
     <span class='ocr_line' id='line_1_30' title="bbox 450 2912 2052 2988; baseline -0.002 -17"><span class='ocrx_word' id='word_1_211' title='bbox 450 2914 801 2988; x_wconf 86' lang='lat' dir='ltr'><strong>baptizatum,</strong></span> <span class='ocrx_word' id='word_1_212' title='bbox 836 2913 927 2986; x_wconf 89' lang='lat' dir='ltr'><strong>qui</strong></span> <span class='ocrx_word' id='word_1_213' title='bbox 956 2921 1011 2969; x_wconf 90' lang='lat' dir='ltr'><strong>et</strong></span> <span class='ocrx_word' id='word_1_214' title='bbox 1035 2913 1198 2970; x_wconf 89' lang='lat' dir='ltr'><strong>hodie</strong></span> <span class='ocrx_word' id='word_1_215' title='bbox 1228 2912 1462 2987; x_wconf 79' lang='lat' dir='ltr'><strong>suscepit</strong></span> <span class='ocrx_word' id='word_1_216' title='bbox 1504 2920 1697 2988; x_wconf 85' lang='lat' dir='ltr'><strong>gentes</strong></span> <span class='ocrx_word' id='word_1_217' title='bbox 1743 2912 1811 2967; x_wconf 93' lang='lat' dir='ltr'><strong>ad</strong></span> <span class='ocrx_word' id='word_1_218' title='bbox 1856 2928 1913 2967; x_wconf 88' lang='lat' dir='ltr'><strong>se</strong></span> <span class='ocrx_word' id='word_1_219' title='bbox 1958 2929 2052 2969; x_wconf 86' lang='lat' dir='ltr'><strong>ve-</strong></span> 
     </span>
    </p>
   </div>
   <div class='ocr_carea' id='block_1_31' title="bbox 450 3001 2046 3075">
    <p class='ocr_par' dir='ltr' id='par_1_31' title="bbox 450 3001 2046 3075">
     <span class='ocr_line' id='line_1_31' title="bbox 450 3001 2046 3075; baseline -0.003 -16"><span class='ocrx_word' id='word_1_220' title='bbox 450 3003 677 3061; x_wconf 90' lang='lat' dir='ltr'><strong>nientes.</strong></span> <span class='ocrx_word' id='word_1_221' title='bbox 708 3005 773 3060; x_wconf 91' lang='lat' dir='ltr'><strong>In</strong></span> <span class='ocrx_word' id='word_1_222' title='bbox 800 3018 1042 3075; x_wconf 87' lang='lat' dir='ltr'><strong>paupere</strong></span> <span class='ocrx_word' id='word_1_223' title='bbox 1087 3002 1330 3071; x_wconf 89' lang='lat' dir='ltr'><strong>vestitur,</strong></span> <span class='ocrx_word' id='word_1_224' title='bbox 1381 3002 1437 3057; x_wconf 92' lang='lat' dir='ltr'><strong>in</strong></span> <span class='ocrx_word' id='word_1_225' title='bbox 1483 3018 1719 3075; x_wconf 87' lang='lat' dir='ltr'><strong>paupere</strong></span> <span class='ocrx_word' id='word_1_226' title='bbox 1766 3001 2046 3074; x_wconf 88' lang='lat' dir='ltr'><strong>pascitur;</strong></span> 
     </span>
    </p>
   </div>
   <div class='ocr_carea' id='block_1_32' title="bbox 450 3100 2048 3177">
    <p class='ocr_par' dir='ltr' id='par_1_32' title="bbox 450 3100 2048 3177">
     <span class='ocr_line' id='line_1_32' title="bbox 450 3100 2048 3177; baseline -0.004 -16"><span class='ocrx_word' id='word_1_227' title='bbox 450 3119 659 3177; x_wconf 90' lang='lat' dir='ltr'><strong>pauper</strong></span> <span class='ocrx_word' id='word_1_228' title='bbox 686 3102 831 3160; x_wconf 90' lang='lat' dir='ltr'><strong>enim</strong></span> <span class='ocrx_word' id='word_1_229' title='bbox 864 3103 920 3159; x_wconf 90' lang='lat' dir='ltr'><strong>in</strong></span> <span class='ocrx_word' id='word_1_230' title='bbox 945 3100 1149 3158; x_wconf 91' lang='lat' dir='ltr'><strong>mundo</strong></span> <span class='ocrx_word' id='word_1_231' title='bbox 1182 3102 1299 3170; x_wconf 82' lang='lat' dir='ltr'><strong>fuit,</strong></span> <span class='ocrx_word' id='word_1_232' title='bbox 1351 3107 1405 3157; x_wconf 92' lang='lat' dir='ltr'><strong>et</strong></span> <span class='ocrx_word' id='word_1_233' title='bbox 1448 3100 1777 3175; x_wconf 85' lang='lat' dir='ltr'><strong>pauperibus</strong></span> <span class='ocrx_word' id='word_1_234' title='bbox 1818 3117 2048 3176; x_wconf 87' lang='lat' dir='ltr'><strong>regnum</strong></span> 
     </span>
    </p>
   </div>
   <div class='ocr_carea' id='block_1_33' title="bbox 453 3186 2050 3265">
    <p class='ocr_par' dir='ltr' id='par_1_33' title="bbox 453 3186 2050 3265">
     <span class='ocr_line' id='line_1_33' title="bbox 453 3186 2050 3265; baseline -0.003 -15"><span class='ocrx_word' id='word_1_235' title='bbox 453 3192 654 3261; x_wconf 88' lang='lat' dir='ltr'><strong>tribuit,</strong></span> <span class='ocrx_word' id='word_1_236' title='bbox 688 3200 741 3248; x_wconf 91' lang='lat' dir='ltr'><strong>et</strong></span> <span class='ocrx_word' id='word_1_237' title='bbox 770 3206 1036 3264; x_wconf 88' lang='lat' dir='ltr'><strong>pauperes</strong></span> <span class='ocrx_word' id='word_1_238' title='bbox 1062 3188 1257 3265; x_wconf 87' lang='lat' dir='ltr'><strong>diligit.</strong></span> <span class='ocrx_word' id='word_1_239' title='bbox 1290 3191 1413 3263; x_wconf 88' lang='lat' dir='ltr'><strong>Ipse</strong></span> <span class='ocrx_word' id='word_1_240' title='bbox 1460 3190 1603 3246; x_wconf 90' lang='lat' dir='ltr'><strong>enim</strong></span> <span class='ocrx_word' id='word_1_241' title='bbox 1652 3189 1727 3247; x_wconf 88' lang='lat' dir='ltr'><strong>ait</strong></span> <span class='ocrx_word' id='word_1_242' title='bbox 1758 3210 1769 3246; x_wconf 88' lang='lat'><strong>:</strong></span> <span class='ocrx_word' id='word_1_243' title='bbox 1808 3214 1830 3239; x_wconf 73' lang='grc' dir='ltr'>α</span> <span class='ocrx_word' id='word_1_244' title='bbox 1891 3186 2050 3261; x_wconf 88' lang='lat' dir='ltr'><strong>Quod</strong></span> 
     </span>
    </p>
   </div>
   <div class='ocr_carea' id='block_1_34' title="bbox 452 3277 2051 3349">
    <p class='ocr_par' dir='ltr' id='par_1_34' title="bbox 452 3277 2051 3349">
     <span class='ocr_line' id='line_1_34' title="bbox 452 3277 2051 3349; baseline -0.004 -10"><span class='ocrx_word' id='word_1_245' title='bbox 452 3282 545 3339; x_wconf 90' lang='lat' dir='ltr'><strong>uni</strong></span> <span class='ocrx_word' id='word_1_246' title='bbox 587 3298 655 3338; x_wconf 88' lang='lat' dir='ltr'><strong>ex</strong></span> <span class='ocrx_word' id='word_1_247' title='bbox 683 3280 925 3337; x_wconf 89' lang='lat' dir='ltr'><strong>minimis</strong></span> <span class='ocrx_word' id='word_1_248' title='bbox 952 3280 1090 3336; x_wconf 89' lang='lat' dir='ltr'><strong>meis</strong></span> <span class='ocrx_word' id='word_1_249' title='bbox 1136 3278 1354 3349; x_wconf 79' lang='lat' dir='ltr'><strong>fecistis,</strong></span> <span class='ocrx_word' id='word_1_250' title='bbox 1409 3279 1539 3334; x_wconf 90' lang='lat' dir='ltr'><strong>mihi</strong></span> <span class='ocrx_word' id='word_1_251' title='bbox 1583 3277 1784 3334; x_wconf 85' lang='lat' dir='ltr'><strong>fecistis</strong></span> <span class='ocrx_word' id='word_1_252' title='bbox 1830 3280 2051 3349; x_wconf 81' lang='lat' dir='ltr'><strong>(Matth.</strong></span> 
     </span>
    </p>
   </div>
   <div class='ocr_carea' id='block_1_35' title="bbox 453 3374 2058 3453">
    <p class='ocr_par' dir='ltr' id='par_1_35' title="bbox 453 3374 2058 3453">
     <span class='ocr_line' id='line_1_35' title="bbox 453 3374 2058 3453; baseline -0.006 -15"><span class='ocrx_word' id='word_1_253' title='bbox 453 3381 611 3453; x_wconf 87' lang='lat' dir='ltr'><strong>xxv).</strong></span> <span class='ocrx_word' id='word_1_254' title='bbox 639 3402 660 3428; x_wconf 77' lang='grc' dir='ltr'>ιι</span> <span class='ocrx_word' id='word_1_255' title='bbox 696 3377 755 3434; x_wconf 90' lang='lat' dir='ltr'><strong>Si</strong></span> <span class='ocrx_word' id='word_1_256' title='bbox 785 3394 880 3434; x_wconf 91' lang='lat' dir='ltr'><strong>eos</strong></span> <span class='ocrx_word' id='word_1_257' title='bbox 908 3374 1147 3448; x_wconf 86' lang='lat' dir='ltr'><strong>recipitis</strong></span> <span class='ocrx_word' id='word_1_258' title='bbox 1168 3375 1223 3432; x_wconf 91' lang='lat' dir='ltr'><strong>in</strong></span> <span class='ocrx_word' id='word_1_259' title='bbox 1243 3374 1467 3445; x_wconf 90' lang='lat' dir='ltr'><strong>mundo,</strong></span> <span class='ocrx_word' id='word_1_260' title='bbox 1495 3381 1543 3431; x_wconf 90' lang='lat' dir='ltr'><strong>et</strong></span> <span class='ocrx_word' id='word_1_261' title='bbox 1569 3374 1669 3446; x_wconf 90' lang='lat' dir='ltr'><strong>ipsi</strong></span> <span class='ocrx_word' id='word_1_262' title='bbox 1683 3391 1778 3432; x_wconf 91' lang='lat' dir='ltr'><strong>vos</strong></span> <span class='ocrx_word' id='word_1_263' title='bbox 1796 3374 2058 3446; x_wconf 89' lang='lat' dir='ltr'><strong>recipient</strong></span> 
     </span>
    </p>
   </div>
   <div class='ocr_carea' id='block_1_36' title="bbox 457 3461 2056 3526">
    <p class='ocr_par' dir='ltr' id='par_1_36' title="bbox 457 3461 2056 3526">
     <span class='ocr_line' id='line_1_36' title="bbox 457 3461 2056 3526; baseline -0.002 -4"><span class='ocrx_word' id='word_1_264' title='bbox 457 3466 512 3523; x_wconf 90' lang='lat' dir='ltr'><strong>in</strong></span> <span class='ocrx_word' id='word_1_265' title='bbox 542 3469 701 3526; x_wconf 85' lang='lat' dir='ltr'><strong>coelo.</strong></span> <span class='ocrx_word' id='word_1_266' title='bbox 731 3465 889 3523; x_wconf 90' lang='lat' dir='ltr'><strong>Unde</strong></span> <span class='ocrx_word' id='word_1_267' title='bbox 918 3464 1182 3520; x_wconf 87' lang='lat' dir='ltr'><strong>Dominus</strong></span> <span class='ocrx_word' id='word_1_268' title='bbox 1213 3483 1225 3521; x_wconf 92' lang='lat'>:</span> <span class='ocrx_word' id='word_1_269' title='bbox 1263 3488 1286 3513; x_wconf 73' lang='grc' dir='ltr'><strong>α</strong></span> <span class='ocrx_word' id='word_1_270' title='bbox 1320 3463 1501 3519; x_wconf 88' lang='lat' dir='ltr'><strong>Facite</strong></span> <span class='ocrx_word' id='word_1_271' title='bbox 1530 3464 1687 3522; x_wconf 85' lang='lat' dir='ltr'><strong>vobis</strong></span> <span class='ocrx_word' id='word_1_272' title='bbox 1740 3464 1944 3521; x_wconf 88' lang='lat' dir='ltr'><strong>amicos</strong></span> <span class='ocrx_word' id='word_1_273' title='bbox 1989 3461 2056 3519; x_wconf 89' lang='lat' dir='ltr'><strong>de</strong></span> 
     </span>
    </p>
   </div>
   <div class='ocr_carea' id='block_1_37' title="bbox 456 3552 2055 3626">
    <p class='ocr_par' dir='ltr' id='par_1_37' title="bbox 456 3552 2055 3626">
     <span class='ocr_line' id='line_1_37' title="bbox 456 3552 2055 3626; baseline -0.002 -14"><span class='ocrx_word' id='word_1_274' title='bbox 456 3570 772 3613; x_wconf 85' lang='lat' dir='ltr'><strong>mammona</strong></span> <span class='ocrx_word' id='word_1_275' title='bbox 798 3553 1111 3626; x_wconf 87' lang='lat' dir='ltr'><strong>iniquitatis,</strong></span> <span class='ocrx_word' id='word_1_276' title='bbox 1144 3560 1246 3608; x_wconf 88' lang='lat' dir='ltr'><strong>etc.</strong></span> <span class='ocrx_word' id='word_1_277' title='bbox 1280 3553 1443 3621; x_wconf 86' lang='lat' dir='ltr'><strong>(Luc.</strong></span> <span class='ocrx_word' id='word_1_278' title='bbox 1500 3552 1638 3623; x_wconf 74' lang='lat' dir='ltr'><strong>xw).</strong></span> <span class='ocrx_word' id='word_1_279' title='bbox 1675 3574 1697 3601; x_wconf 75' lang='grc' dir='ltr'><strong><em>υ</em></strong></span> <span class='ocrx_word' id='word_1_280' title='bbox 1749 3552 1903 3608; x_wconf 90' lang='lat' dir='ltr'><strong>Unde</strong></span> <span class='ocrx_word' id='word_1_281' title='bbox 1950 3553 2055 3609; x_wconf 87' lang='lat' dir='ltr'><strong>ite-</strong></span> 
     </span>
    </p>
   </div>
   <div class='ocr_carea' id='block_1_38' title="bbox 456 3649 2058 3727">
    <p class='ocr_par' dir='ltr' id='par_1_38' title="bbox 456 3649 2058 3727">
     <span class='ocr_line' id='line_1_38' title="bbox 456 3649 2058 3727; baseline -0.004 -14"><span class='ocrx_word' id='word_1_282' title='bbox 456 3673 577 3713; x_wconf 88' lang='lat' dir='ltr'><strong>rum</strong></span> <span class='ocrx_word' id='word_1_283' title='bbox 619 3672 633 3711; x_wconf 87' lang='lat'><strong>:</strong></span> <span class='ocrx_word' id='word_1_284' title='bbox 674 3654 824 3711; x_wconf 86' lang='lat' dir='ltr'><strong>Beati</strong></span> <span class='ocrx_word' id='word_1_285' title='bbox 881 3668 1149 3727; x_wconf 89' lang='lat' dir='ltr'><strong>pauperes</strong></span> <span class='ocrx_word' id='word_1_286' title='bbox 1196 3651 1383 3725; x_wconf 90' lang='lat' dir='ltr'><strong>spiritu</strong></span> <span class='ocrx_word' id='word_1_287' title='bbox 1415 3649 1641 3721; x_wconf 80' lang='lat' dir='ltr'><strong>(Matth.</strong></span> <span class='ocrx_word' id='word_1_288' title='bbox 1679 3652 1763 3723; x_wconf 89' lang='lat' dir='ltr'><strong>v).</strong></span> <span class='ocrx_word' id='word_1_289' title='bbox 1808 3674 1829 3701; x_wconf 87' lang='grc'><strong>››</strong></span> <span class='ocrx_word' id='word_1_290' title='bbox 1864 3650 2058 3707; x_wconf 83' lang='grc' dir='ltr'><strong>1)οωί-</strong></span> 
     </span>
    </p>
   </div>
   <div class='ocr_carea' id='block_1_39' title="bbox 460 3738 2061 3814">
    <p class='ocr_par' dir='ltr' id='par_1_39' title="bbox 460 3738 2061 3814">
     <span class='ocr_line' id='line_1_39' title="bbox 460 3738 2061 3814; baseline -0.004 -12"><span class='ocrx_word' id='word_1_291' title='bbox 460 3762 564 3802; x_wconf 88' lang='lat' dir='ltr'><strong>nus</strong></span> <span class='ocrx_word' id='word_1_292' title='bbox 620 3751 800 3801; x_wconf 90' lang='lat' dir='ltr'><strong>autem</strong></span> <span class='ocrx_word' id='word_1_293' title='bbox 851 3749 1034 3798; x_wconf 89' lang='lat' dir='ltr'><strong>noster</strong></span> <span class='ocrx_word' id='word_1_294' title='bbox 1085 3741 1240 3797; x_wconf 87' lang='lat' dir='ltr'><strong>Jesus</strong></span> <span class='ocrx_word' id='word_1_295' title='bbox 1297 3740 1556 3811; x_wconf 88' lang='lat' dir='ltr'><strong>Christus,</strong></span> <span class='ocrx_word' id='word_1_296' title='bbox 1612 3738 1702 3813; x_wconf 89' lang='lat' dir='ltr'><strong>qui</strong></span> <span class='ocrx_word' id='word_1_297' title='bbox 1749 3756 1849 3814; x_wconf 90' lang='lat' dir='ltr'><strong>pro</strong></span> <span class='ocrx_word' id='word_1_298' title='bbox 1904 3740 2061 3796; x_wconf 89' lang='lat' dir='ltr'><strong>nobis</strong></span> 
     </span>
    </p>
   </div>
   <div class='ocr_carea' id='block_1_40' title="bbox 458 3828 2061 3898">
    <p class='ocr_par' dir='ltr' id='par_1_40' title="bbox 458 3828 2061 3898">
     <span class='ocr_line' id='line_1_40' title="bbox 458 3828 2061 3898; baseline -0.004 -6"><span class='ocrx_word' id='word_1_299' title='bbox 458 3834 630 3893; x_wconf 90' lang='lat' dir='ltr'><strong>voluit</strong></span> <span class='ocrx_word' id='word_1_300' title='bbox 659 3834 715 3890; x_wconf 93' lang='lat' dir='ltr'><strong>in</strong></span> <span class='ocrx_word' id='word_1_301' title='bbox 741 3830 1003 3889; x_wconf 91' lang='lat' dir='ltr'><strong>mundum</strong></span> <span class='ocrx_word' id='word_1_302' title='bbox 1032 3829 1380 3898; x_wconf 90' lang='lat' dir='ltr'><strong>descendere,</strong></span> <span class='ocrx_word' id='word_1_303' title='bbox 1414 3829 1505 3886; x_wconf 88' lang='lat' dir='ltr'><strong>det</strong></span> <span class='ocrx_word' id='word_1_304' title='bbox 1543 3828 1702 3886; x_wconf 90' lang='lat' dir='ltr'><strong>nobis</strong></span> <span class='ocrx_word' id='word_1_305' title='bbox 1749 3828 2061 3887; x_wconf 91' lang='lat' dir='ltr'><strong>incremen-</strong></span> 
     </span>
    </p>
   </div>
   <div class='ocr_carea' id='block_1_41' title="bbox 464 3926 1809 4003">
    <p class='ocr_par' dir='ltr' id='par_1_41' title="bbox 464 3926 1809 4003">
     <span class='ocr_line' id='line_1_41' title="bbox 464 3926 1809 4003; baseline -0.003 -14"><span class='ocrx_word' id='word_1_306' title='bbox 464 3940 574 3989; x_wconf 88' lang='lat' dir='ltr'><strong>tum</strong></span> <span class='ocrx_word' id='word_1_307' title='bbox 605 3931 881 4003; x_wconf 88' lang='lat' dir='ltr'><strong>virtutum,</strong></span> <span class='ocrx_word' id='word_1_308' title='bbox 914 3928 984 3985; x_wconf 92' lang='lat' dir='ltr'><strong>ad</strong></span> <span class='ocrx_word' id='word_1_309' title='bbox 1012 3926 1247 3986; x_wconf 72' lang='lat' dir='ltr'><strong>caelestia</strong></span> <span class='ocrx_word' id='word_1_310' title='bbox 1275 3927 1584 3985; x_wconf 87' lang='lat' dir='ltr'><strong>ascendere.</strong></span> <span class='ocrx_word' id='word_1_311' title='bbox 1618 3930 1809 3985; x_wconf 77' lang='lat' dir='ltr'><strong>Amen.</strong></span> 
     </span>
    </p>
   </div>
   <div class='ocr_carea' id='block_1_42' title="bbox 723 4062 1788 4123">
    <p class='ocr_par' dir='ltr' id='par_1_42' title="bbox 723 4062 1788 4123">
     <span class='ocr_line' id='line_1_42' title="bbox 723 4062 1788 4123; baseline -0.002 0"><span class='ocrx_word' id='word_1_312' title='bbox 723 4063 899 4123; x_wconf 72' lang='grc' dir='ltr'><strong>ΙΤΕΠ</strong></span> <span class='ocrx_word' id='word_1_313' title='bbox 930 4062 1030 4121; x_wconf 74' lang='grc' dir='ltr'><strong>ΒΕ</strong></span> <span class='ocrx_word' id='word_1_314' title='bbox 1066 4062 1312 4121; x_wconf 72' lang='lat' dir='ltr'><strong>EODEM</strong></span> <span class='ocrx_word' id='word_1_315' title='bbox 1350 4063 1788 4122; x_wconf 70' lang='lat' dir='ltr'><strong>EVANGELIO.</strong></span> 
     </span>
    </p>
   </div>
   <div class='ocr_carea' id='block_1_43' title="bbox 538 4184 2063 4247">
    <p class='ocr_par' dir='ltr' id='par_1_43' title="bbox 538 4184 2063 4247">
     <span class='ocr_line' id='line_1_43' title="bbox 538 4184 2063 4247; baseline -0.001 -4"><span class='ocrx_word' id='word_1_316' title='bbox 538 4212 563 4242; x_wconf 64' lang='grc' dir='ltr'><strong>γε</strong></span> <span class='ocrx_word' id='word_1_317' title='bbox 597 4188 733 4247; x_wconf 86' lang='lat' dir='ltr'><strong>Cum</strong></span> <span class='ocrx_word' id='word_1_318' title='bbox 760 4195 919 4247; x_wconf 87' lang='lat' dir='ltr'><strong>natus</strong></span> <span class='ocrx_word' id='word_1_319' title='bbox 946 4197 1087 4247; x_wconf 87' lang='lat' dir='ltr'><strong>esset</strong></span> <span class='ocrx_word' id='word_1_320' title='bbox 1113 4187 1266 4245; x_wconf 67' lang='lat' dir='ltr'><strong>Iesus</strong></span> <span class='ocrx_word' id='word_1_321' title='bbox 1310 4186 1367 4243; x_wconf 90' lang='lat' dir='ltr'><strong>in</strong></span> <span class='ocrx_word' id='word_1_322' title='bbox 1409 4185 1758 4244; x_wconf 84' lang='lat' dir='ltr'><strong>Bethelehem</strong></span> <span class='ocrx_word' id='word_1_323' title='bbox 1809 4184 1961 4243; x_wconf 68' lang='lat' dir='ltr'><strong>Iudae</strong></span> <span class='ocrx_word' id='word_1_324' title='bbox 2002 4185 2063 4241; x_wconf 86' lang='lat' dir='ltr'><strong>in</strong></span> 
     </span>
    </p>
   </div>
   <div class='ocr_carea' id='block_1_44' title="bbox 464 4272 2065 4353">
    <p class='ocr_par' dir='ltr' id='par_1_44' title="bbox 464 4272 2065 4353">
     <span class='ocr_line' id='line_1_44' title="bbox 464 4272 2065 4353; baseline -0.004 -16"><span class='ocrx_word' id='word_1_325' title='bbox 464 4277 658 4337; x_wconf 87' lang='lat' dir='ltr'><strong>diebus</strong></span> <span class='ocrx_word' id='word_1_326' title='bbox 684 4278 913 4335; x_wconf 84' lang='lat' dir='ltr'><strong>Herodis</strong></span> <span class='ocrx_word' id='word_1_327' title='bbox 939 4278 1104 4353; x_wconf 83' lang='lat' dir='ltr'><strong>regis,</strong></span> <span class='ocrx_word' id='word_1_328' title='bbox 1138 4283 1240 4333; x_wconf 86' lang='lat' dir='ltr'><strong>etc.</strong></span> <span class='ocrx_word' id='word_1_329' title='bbox 1294 4275 1519 4349; x_wconf 74' lang='lat' dir='ltr'><strong>(Matth.</strong></span> <span class='ocrx_word' id='word_1_330' title='bbox 1575 4274 1659 4347; x_wconf 79' lang='lat' dir='ltr'><strong>ti).</strong></span> <span class='ocrx_word' id='word_1_331' title='bbox 1719 4294 1745 4325; x_wconf 71' lang='grc' dir='ltr'>η</span> <span class='ocrx_word' id='word_1_332' title='bbox 1778 4272 1923 4345; x_wconf 85' lang='lat' dir='ltr'><strong>Quid</strong></span> <span class='ocrx_word' id='word_1_333' title='bbox 1972 4273 2065 4331; x_wconf 82' lang='lat' dir='ltr'><strong>hic</strong></span> 
     </span>
    </p>
   </div>
   <div class='ocr_carea' id='block_1_45' title="bbox 465 4363 2065 4440">
    <p class='ocr_par' dir='ltr' id='par_1_45' title="bbox 465 4363 2065 4440">
     <span class='ocr_line' id='line_1_45' title="bbox 465 4363 2065 4440; baseline -0.005 -13"><span class='ocrx_word' id='word_1_334' title='bbox 465 4376 643 4427; x_wconf 78' lang='lat' dir='ltr'><strong>textus</strong></span> <span class='ocrx_word' id='word_1_335' title='bbox 671 4367 957 4440; x_wconf 74' lang='lat' dir='ltr'><strong>Evangelii</strong></span> <span class='ocrx_word' id='word_1_336' title='bbox 982 4365 1272 4440; x_wconf 77' lang='lat' dir='ltr'><strong>signiﬁcet,</strong></span> <span class='ocrx_word' id='word_1_337' title='bbox 1688 4363 1929 4422; x_wconf 82' lang='lat' dir='ltr'><strong>breviter</strong></span> <span class='ocrx_word' id='word_1_338' title='bbox 1974 4379 2065 4421; x_wconf 71' lang='lat' dir='ltr'><strong>re-</strong></span> 
     </span>
    </p>
   </div>
   <div class='ocr_carea' id='block_1_46' title="bbox 465 4453 2064 4528">
    <p class='ocr_par' dir='ltr' id='par_1_46' title="bbox 465 4453 2064 4528">
     <span class='ocr_line' id='line_1_46' title="bbox 465 4453 2064 4528; baseline -0.006 -10"><span class='ocrx_word' id='word_1_339' title='bbox 465 4458 583 4517; x_wconf 79' lang='lat' dir='ltr'><strong>fero</strong></span> <span class='ocrx_word' id='word_1_340' title='bbox 612 4464 803 4517; x_wconf 64' lang='lat' dir='ltr'><strong>vestra:</strong></span> <span class='ocrx_word' id='word_1_341' title='bbox 830 4454 1126 4513; x_wconf 85' lang='lat' dir='ltr'><strong>dilectioni.</strong></span> <span class='ocrx_word' id='word_1_342' title='bbox 1154 4454 1318 4527; x_wconf 79' lang='lat' dir='ltr'><strong>Quod</strong></span> <span class='ocrx_word' id='word_1_343' title='bbox 1347 4463 1453 4513; x_wconf 81' lang='lat' dir='ltr'><strong>tres</strong></span> <span class='ocrx_word' id='word_1_344' title='bbox 1478 4455 1627 4528; x_wconf 72' lang='lat' dir='ltr'><strong>Magi</strong></span> <span class='ocrx_word' id='word_1_345' title='bbox 1655 4453 1725 4511; x_wconf 85' lang='lat' dir='ltr'><strong>ad</strong></span> <span class='ocrx_word' id='word_1_346' title='bbox 1769 4453 2064 4512; x_wconf 77' lang='lat' dir='ltr'><strong>Dominum</strong></span> 
     </span>
    </p>
   </div>
   <div class='ocr_carea' id='block_1_47' title="bbox 464 4543 2059 4619">
    <p class='ocr_par' dir='ltr' id='par_1_47' title="bbox 464 4543 2059 4619">
     <span class='ocr_line' id='line_1_47' title="bbox 464 4543 2059 4619; baseline -0.006 -12"><span class='ocrx_word' id='word_1_347' title='bbox 464 4554 746 4614; x_wconf 74' lang='lat' dir='ltr'><strong>venerant,</strong></span> <span class='ocrx_word' id='word_1_348' title='bbox 776 4543 1047 4619; x_wconf 70' lang='lat' dir='ltr'><strong>signiﬁcat</strong></span> <span class='ocrx_word' id='word_1_349' title='bbox 1072 4544 1220 4616; x_wconf 81' lang='lat' dir='ltr'><strong>quod</strong></span> <span class='ocrx_word' id='word_1_350' title='bbox 1259 4551 1366 4603; x_wconf 76' lang='lat' dir='ltr'><strong>tres</strong></span> <span class='ocrx_word' id='word_1_351' title='bbox 1416 4550 1600 4615; x_wconf 82' lang='lat' dir='ltr'><strong>partes</strong></span> <span class='ocrx_word' id='word_1_352' title='bbox 1649 4543 1859 4613; x_wconf 83' lang='lat' dir='ltr'><strong>mundi,</strong></span> <span class='ocrx_word' id='word_1_353' title='bbox 1912 4543 2059 4612; x_wconf 73' lang='lat' dir='ltr'><strong>Asia,</strong></span> 
     </span>
    </p>
   </div>
   <div class='ocr_carea' id='block_1_48' title="bbox 465 4606 2140 4709">
    <p class='ocr_par' dir='ltr' id='par_1_48' title="bbox 465 4606 2140 4709">
     <span class='ocr_line' id='line_1_48' title="bbox 465 4606 2140 4709; baseline -0.004 -14"><span class='ocrx_word' id='word_1_354' title='bbox 465 4637 667 4704; x_wconf 68' lang='lat' dir='ltr'><strong>Africa,</strong></span> <span class='ocrx_word' id='word_1_355' title='bbox 700 4606 936 4709; x_wconf 45' lang='grc' dir='ltr'><strong>ἑώρα,</strong></span> <span class='ocrx_word' id='word_1_356' title='bbox 966 4606 1322 4692; x_wconf 50' lang='grc' dir='ltr'><strong>Μαί-δεηθῶ</strong></span> <span class='ocrx_word' id='word_1_357' title='bbox 1348 4606 1621 4691; x_wconf 79' lang='lat' dir='ltr'><strong>Trinitatis</strong></span> <span class='ocrx_word' id='word_1_358' title='bbox 1643 4634 1785 4693; x_wconf 82' lang='lat' dir='ltr'><strong>colla</strong></span> <span class='ocrx_word' id='word_1_359' title='bbox 1829 4606 2061 4690; x_wconf 72' lang='lat' dir='ltr'><strong>subdere</strong></span> <span class='ocrx_word' id='word_1_360' title='bbox 2087 4606 2140 4672; x_wconf 80' lang='lat' dir='ltr'><strong>D</strong></span> 
     </span>
    </p>
   </div>
   <div class='ocr_carea' id='block_1_49' title="bbox 466 4720 2069 4796">
    <p class='ocr_par' dir='ltr' id='par_1_49' title="bbox 466 4720 2069 4796">
     <span class='ocr_line' id='line_1_49' title="bbox 466 4720 2069 4796; baseline -0.004 -11"><span class='ocrx_word' id='word_1_361' title='bbox 466 4726 760 4785; x_wconf 84' lang='lat' dir='ltr'><strong>debebant.</strong></span> <span class='ocrx_word' id='word_1_362' title='bbox 791 4723 952 4796; x_wconf 85' lang='lat' dir='ltr'><strong>Quod</strong></span> <span class='ocrx_word' id='word_1_363' title='bbox 981 4723 1139 4781; x_wconf 89' lang='lat' dir='ltr'><strong>tertia</strong></span> <span class='ocrx_word' id='word_1_364' title='bbox 1164 4722 1381 4780; x_wconf 81' lang='lat' dir='ltr'><strong>decima</strong></span> <span class='ocrx_word' id='word_1_365' title='bbox 1407 4721 1496 4779; x_wconf 81' lang='lat' dir='ltr'><strong>die</strong></span> <span class='ocrx_word' id='word_1_366' title='bbox 1536 4730 1819 4791; x_wconf 84' lang='lat' dir='ltr'><strong>venerunt,</strong></span> <span class='ocrx_word' id='word_1_367' title='bbox 1864 4720 2069 4778; x_wconf 85' lang='lat' dir='ltr'><strong>denun-</strong></span> 
     </span>
    </p>
   </div>
   <div class='ocr_carea' id='block_1_50' title="bbox 466 4811 2067 4887">
    <p class='ocr_par' dir='ltr' id='par_1_50' title="bbox 466 4811 2067 4887">
     <span class='ocr_line' id='line_1_50' title="bbox 466 4811 2067 4887; baseline -0.003 -13"><span class='ocrx_word' id='word_1_368' title='bbox 466 4817 562 4875; x_wconf 89' lang='lat' dir='ltr'><strong>tiat</strong></span> <span class='ocrx_word' id='word_1_369' title='bbox 589 4814 735 4886; x_wconf 83' lang='lat' dir='ltr'><strong>quod</strong></span> <span class='ocrx_word' id='word_1_370' title='bbox 766 4820 871 4871; x_wconf 84' lang='lat' dir='ltr'><strong>tres</strong></span> <span class='ocrx_word' id='word_1_371' title='bbox 899 4820 1079 4887; x_wconf 83' lang='lat' dir='ltr'><strong>partes</strong></span> <span class='ocrx_word' id='word_1_372' title='bbox 1108 4812 1296 4870; x_wconf 88' lang='lat' dir='ltr'><strong>mundi</strong></span> <span class='ocrx_word' id='word_1_373' title='bbox 1309 4812 1647 4885; x_wconf 81' lang='lat' dir='ltr'><strong>Decalogum</strong></span> <span class='ocrx_word' id='word_1_374' title='bbox 1664 4811 1803 4885; x_wconf 83' lang='lat' dir='ltr'><strong>legis</strong></span> <span class='ocrx_word' id='word_1_375' title='bbox 1827 4827 1926 4883; x_wconf 89' lang='lat' dir='ltr'><strong>per</strong></span> <span class='ocrx_word' id='word_1_376' title='bbox 1944 4827 2067 4869; x_wconf 89' lang='lat' dir='ltr'><strong>eum</strong></span> 
     </span>
    </p>
   </div>
   <div class='ocr_carea' id='block_1_51' title="bbox 465 4900 2060 4978">
    <p class='ocr_par' dir='ltr' id='par_1_51' title="bbox 465 4900 2060 4978">
     <span class='ocr_line' id='line_1_51' title="bbox 465 4900 2060 4978; baseline -0.006 -12"><span class='ocrx_word' id='word_1_377' title='bbox 465 4912 802 4978; x_wconf 83' lang='lat' dir='ltr'><strong>receperunt.</strong></span> <span class='ocrx_word' id='word_1_378' title='bbox 835 4905 940 4961; x_wconf 88' lang='lat' dir='ltr'><strong>Ter</strong></span> <span class='ocrx_word' id='word_1_379' title='bbox 967 4918 1185 4976; x_wconf 84' lang='lat' dir='ltr'><strong>quoque</strong></span> <span class='ocrx_word' id='word_1_380' title='bbox 1218 4907 1447 4975; x_wconf 81' lang='lat' dir='ltr'><strong>quatuor</strong></span> <span class='ocrx_word' id='word_1_381' title='bbox 1494 4900 1700 4958; x_wconf 79' lang='lat' dir='ltr'><strong>faciunt</strong></span> <span class='ocrx_word' id='word_1_382' title='bbox 1745 4900 2060 4958; x_wconf 87' lang='lat' dir='ltr'><strong>duodecim.</strong></span> 
     </span>
    </p>
   </div>
   <div class='ocr_carea' id='block_1_52' title="bbox 359 4987 2068 5067">
    <p class='ocr_par' dir='ltr' id='par_1_52' title="bbox 359 4987 2068 5067">
     <span class='ocr_line' id='line_1_52' title="bbox 359 4987 2068 5067; baseline -0.005 -12"><span class='ocrx_word' id='word_1_383' title='bbox 359 5052 365 5058; x_wconf 83' lang='grc'><em>,</em></span> <span class='ocrx_word' id='word_1_384' title='bbox 463 4996 681 5067; x_wconf 82' lang='lat' dir='ltr'><strong>Absque</strong></span> <span class='ocrx_word' id='word_1_385' title='bbox 708 4992 796 5049; x_wconf 91' lang='lat' dir='ltr'><strong>die</strong></span> <span class='ocrx_word' id='word_1_386' title='bbox 823 4992 1019 5049; x_wconf 81' lang='lat' dir='ltr'><strong>natalis</strong></span> <span class='ocrx_word' id='word_1_387' title='bbox 1045 4990 1287 5061; x_wconf 87' lang='lat' dir='ltr'><strong>Domini,</strong></span> <span class='ocrx_word' id='word_1_388' title='bbox 1336 4987 1622 5048; x_wconf 90' lang='lat' dir='ltr'><strong>duodecim</strong></span> <span class='ocrx_word' id='word_1_389' title='bbox 1680 4989 1796 5046; x_wconf 89' lang='lat' dir='ltr'><strong>dies</strong></span> <span class='ocrx_word' id='word_1_390' title='bbox 1848 5006 2068 5062; x_wconf 85' lang='lat' dir='ltr'><strong>compu-</strong></span> 
     </span>
    </p>
   </div>
   <div class='ocr_carea' id='block_1_53' title="bbox 468 5079 2067 5155">
    <p class='ocr_par' dir='ltr' id='par_1_53' title="bbox 468 5079 2067 5155">
     <span class='ocr_line' id='line_1_53' title="bbox 468 5079 2067 5155; baseline -0.004 -12"><span class='ocrx_word' id='word_1_391' title='bbox 468 5092 665 5155; x_wconf 73' lang='lat' dir='ltr'><strong>tantur,</strong></span> <span class='ocrx_word' id='word_1_392' title='bbox 696 5080 824 5154; x_wconf 83' lang='lat' dir='ltr'><strong>quia</strong></span> <span class='ocrx_word' id='word_1_393' title='bbox 851 5097 948 5155; x_wconf 84' lang='lat' dir='ltr'><strong>per</strong></span> <span class='ocrx_word' id='word_1_394' title='bbox 975 5079 1262 5139; x_wconf 82' lang='lat' dir='ltr'><strong>duodecim</strong></span> <span class='ocrx_word' id='word_1_395' title='bbox 1293 5079 1566 5154; x_wconf 87' lang='lat' dir='ltr'><strong>apostolos</strong></span> <span class='ocrx_word' id='word_1_396' title='bbox 1613 5087 1843 5153; x_wconf 86' lang='lat' dir='ltr'><strong>quatuor</strong></span> <span class='ocrx_word' id='word_1_397' title='bbox 1888 5079 2067 5153; x_wconf 64' lang='lat' dir='ltr'><strong>plagae</strong></span> 
     </span>
    </p>
   </div>
   <div class='ocr_carea' id='block_1_54' title="bbox 466 5177 2056 5243">
    <p class='ocr_par' dir='ltr' id='par_1_54' title="bbox 466 5177 2056 5243">
     <span class='ocr_line' id='line_1_54' title="bbox 466 5177 2056 5243; baseline -0.004 -2"><span class='ocrx_word' id='word_1_398' title='bbox 466 5178 656 5243; x_wconf 84' lang='lat' dir='ltr'><strong>mundi</strong></span> <span class='ocrx_word' id='word_1_399' title='bbox 681 5179 945 5239; x_wconf 83' lang='lat' dir='ltr'><strong>adﬁdem</strong></span> <span class='ocrx_word' id='word_1_400' title='bbox 999 5185 1200 5237; x_wconf 64' lang='lat' dir='ltr'><strong>sanae</strong></span> <span class='ocrx_word' id='word_1_401' title='bbox 1251 5177 1527 5237; x_wconf 82' lang='lat' dir='ltr'><strong>Trinitatis</strong></span> <span class='ocrx_word' id='word_1_402' title='bbox 1580 5178 2056 5237; x_wconf 86' lang='lat' dir='ltr'><strong>convertebantur.</strong></span> 
     </span>
    </p>
   </div>
   <div class='ocr_carea' id='block_1_55' title="bbox 465 5264 2070 5346">
    <p class='ocr_par' dir='ltr' id='par_1_55' title="bbox 465 5264 2070 5346">
     <span class='ocr_line' id='line_1_55' title="bbox 465 5264 2070 5346; baseline -0.003 -18"><span class='ocrx_word' id='word_1_403' title='bbox 465 5270 581 5329; x_wconf 78' lang='lat' dir='ltr'><strong>Rex</strong></span> <span class='ocrx_word' id='word_1_404' title='bbox 609 5270 809 5346; x_wconf 90' lang='lat' dir='ltr'><strong>impius</strong></span> <span class='ocrx_word' id='word_1_405' title='bbox 845 5268 935 5341; x_wconf 87' lang='lat' dir='ltr'><strong>qui</strong></span> <span class='ocrx_word' id='word_1_406' title='bbox 990 5268 1059 5325; x_wconf 91' lang='lat' dir='ltr'><strong>de</strong></span> <span class='ocrx_word' id='word_1_407' title='bbox 1114 5264 1327 5325; x_wconf 90' lang='lat' dir='ltr'><strong>illorum</strong></span> <span class='ocrx_word' id='word_1_408' title='bbox 1375 5265 1610 5325; x_wconf 90' lang='lat' dir='ltr'><strong>adventu</strong></span> <span class='ocrx_word' id='word_1_409' title='bbox 1667 5267 1926 5336; x_wconf 88' lang='lat' dir='ltr'><strong>turbatur,</strong></span> <span class='ocrx_word' id='word_1_410' title='bbox 1985 5274 2070 5324; x_wconf 88' lang='lat' dir='ltr'><strong>est</strong></span> 
     </span>
    </p>
   </div>
   <div class='ocr_carea' id='block_1_56' title="bbox 467 5356 2068 5432">
    <p class='ocr_par' dir='ltr' id='par_1_56' title="bbox 467 5356 2068 5432">
     <span class='ocr_line' id='line_1_56' title="bbox 467 5356 2068 5432; baseline -0.002 -15"><span class='ocrx_word' id='word_1_411' title='bbox 467 5359 736 5428; x_wconf 84' lang='lat' dir='ltr'><strong>diabolus,</strong></span> <span class='ocrx_word' id='word_1_412' title='bbox 764 5359 856 5432; x_wconf 86' lang='lat' dir='ltr'><strong>qui</strong></span> <span class='ocrx_word' id='word_1_413' title='bbox 895 5356 1143 5415; x_wconf 86' lang='lat' dir='ltr'><strong>ﬁdelibus</strong></span> <span class='ocrx_word' id='word_1_414' title='bbox 1163 5357 1218 5415; x_wconf 90' lang='lat' dir='ltr'><strong>in</strong></span> <span class='ocrx_word' id='word_1_415' title='bbox 1239 5357 1329 5414; x_wconf 86' lang='lat' dir='ltr'><strong>via</strong></span> <span class='ocrx_word' id='word_1_416' title='bbox 1362 5356 1547 5415; x_wconf 85' lang='lat' dir='ltr'><strong>salutis</strong></span> <span class='ocrx_word' id='word_1_417' title='bbox 1566 5356 1866 5414; x_wconf 82' lang='lat' dir='ltr'><strong>insidiatur.</strong></span> <span class='ocrx_word' id='word_1_418' title='bbox 1900 5357 2068 5416; x_wconf 86' lang='lat' dir='ltr'><strong>Stella</strong></span> 
     </span>
    </p>
   </div>
   <div class='ocr_carea' id='block_1_57' title="bbox 468 5445 2065 5521">
    <p class='ocr_par' dir='ltr' id='par_1_57' title="bbox 468 5445 2065 5521">
     <span class='ocr_line' id='line_1_57' title="bbox 468 5445 2065 5521; baseline -0.003 -12"><span class='ocrx_word' id='word_1_419' title='bbox 468 5450 558 5521; x_wconf 86' lang='lat' dir='ltr'><strong>qui</strong></span> <span class='ocrx_word' id='word_1_420' title='bbox 587 5464 681 5509; x_wconf 87' lang='lat' dir='ltr'><strong>eos</strong></span> <span class='ocrx_word' id='word_1_421' title='bbox 708 5448 778 5506; x_wconf 87' lang='lat' dir='ltr'><strong>ad</strong></span> <span class='ocrx_word' id='word_1_422' title='bbox 804 5447 1074 5507; x_wconf 86' lang='lat' dir='ltr'><strong>Christum</strong></span> <span class='ocrx_word' id='word_1_423' title='bbox 1101 5445 1267 5516; x_wconf 88' lang='lat' dir='ltr'><strong>ducit,</strong></span> <span class='ocrx_word' id='word_1_424' title='bbox 1298 5454 1378 5504; x_wconf 86' lang='lat' dir='ltr'><strong>est</strong></span> <span class='ocrx_word' id='word_1_425' title='bbox 1402 5463 1559 5509; x_wconf 72' lang='lat' dir='ltr'><strong>sacra</strong></span> <span class='ocrx_word' id='word_1_426' title='bbox 1605 5446 1902 5520; x_wconf 87' lang='lat' dir='ltr'><strong>Scriptura,</strong></span> <span class='ocrx_word' id='word_1_427' title='bbox 1943 5464 2065 5519; x_wconf 74' lang='lat' dir='ltr'><strong>qua:</strong></span> 
     </span>
    </p>
   </div>
   <div class='ocr_carea' id='block_1_58' title="bbox 466 5545 2068 5621">
    <p class='ocr_par' dir='ltr' id='par_1_58' title="bbox 466 5545 2068 5621">
     <span class='ocr_line' id='line_1_58' title="bbox 466 5545 2068 5621; baseline 0.001 -18"><span class='ocrx_word' id='word_1_428' title='bbox 466 5547 627 5607; x_wconf 88' lang='lat' dir='ltr'><strong>nobis</strong></span> <span class='ocrx_word' id='word_1_429' title='bbox 653 5547 754 5605; x_wconf 87' lang='lat' dir='ltr'><strong>iter</strong></span> <span class='ocrx_word' id='word_1_430' title='bbox 779 5547 847 5604; x_wconf 90' lang='lat' dir='ltr'><strong>ad</strong></span> <span class='ocrx_word' id='word_1_431' title='bbox 879 5546 1049 5605; x_wconf 88' lang='lat' dir='ltr'><strong>vitam</strong></span> <span class='ocrx_word' id='word_1_432' title='bbox 1068 5545 1319 5604; x_wconf 80' lang='lat' dir='ltr'><strong>ostendit.</strong></span> <span class='ocrx_word' id='word_1_433' title='bbox 1350 5547 1558 5605; x_wconf 87' lang='lat' dir='ltr'><strong>Domus</strong></span> <span class='ocrx_word' id='word_1_434' title='bbox 1583 5546 1638 5603; x_wconf 89' lang='lat' dir='ltr'><strong>in</strong></span> <span class='ocrx_word' id='word_1_435' title='bbox 1686 5562 1793 5621; x_wconf 89' lang='lat' dir='ltr'><strong>qua</strong></span> <span class='ocrx_word' id='word_1_436' title='bbox 1826 5545 2068 5604; x_wconf 85' lang='lat' dir='ltr'><strong>Christus</strong></span> 
     </span>
    </p>
   </div>
   <div class='ocr_carea' id='block_1_59' title="bbox 466 5633 2063 5710">
    <p class='ocr_par' dir='ltr' id='par_1_59' title="bbox 466 5633 2063 5710">
     <span class='ocr_line' id='line_1_59' title="bbox 466 5633 2063 5710; baseline 0.003 -21"><span class='ocrx_word' id='word_1_437' title='bbox 466 5633 758 5703; x_wconf 84' lang='lat' dir='ltr'><strong>invenitur,</strong></span> <span class='ocrx_word' id='word_1_438' title='bbox 789 5642 868 5692; x_wconf 92' lang='lat' dir='ltr'><strong>est</strong></span> <span class='ocrx_word' id='word_1_439' title='bbox 899 5634 1140 5693; x_wconf 83' lang='lat' dir='ltr'><strong>Ecclesia</strong></span> <span class='ocrx_word' id='word_1_440' title='bbox 1168 5636 1255 5695; x_wconf 85' lang='lat' dir='ltr'><strong>vel</strong></span> <span class='ocrx_word' id='word_1_441' title='bbox 1283 5652 1518 5710; x_wconf 83' lang='lat' dir='ltr'><strong>superna</strong></span> <span class='ocrx_word' id='word_1_442' title='bbox 1565 5635 1758 5709; x_wconf 79' lang='lat' dir='ltr'><strong>patria,</strong></span> <span class='ocrx_word' id='word_1_443' title='bbox 1808 5635 1901 5692; x_wconf 91' lang='lat' dir='ltr'><strong>ubi</strong></span> <span class='ocrx_word' id='word_1_444' title='bbox 1946 5636 2063 5693; x_wconf 90' lang='lat' dir='ltr'><strong>Do-</strong></span> 
     </span>
    </p>
   </div>
   <div class='ocr_carea' id='block_1_60' title="bbox 465 5722 2063 5800">
    <p class='ocr_par' dir='ltr' id='par_1_60' title="bbox 465 5722 2063 5800">
     <span class='ocr_line' id='line_1_60' title="bbox 465 5722 2063 5800; baseline -0.001 -19"><span class='ocrx_word' id='word_1_445' title='bbox 465 5723 645 5781; x_wconf 81' lang='lat' dir='ltr'><strong>minus</strong></span> <span class='ocrx_word' id='word_1_446' title='bbox 673 5722 943 5782; x_wconf 72' lang='lat' dir='ltr'><strong>videbitur</strong></span> <span class='ocrx_word' id='word_1_447' title='bbox 970 5723 1028 5781; x_wconf 90' lang='lat' dir='ltr'><strong>in</strong></span> <span class='ocrx_word' id='word_1_448' title='bbox 1047 5723 1222 5800; x_wconf 76' lang='lat' dir='ltr'><strong>gloria</strong></span> <span class='ocrx_word' id='word_1_449' title='bbox 1246 5741 1367 5783; x_wconf 88' lang='lat' dir='ltr'><strong>sua.</strong></span> <span class='ocrx_word' id='word_1_450' title='bbox 1396 5725 1622 5784; x_wconf 87' lang='lat' dir='ltr'><strong>Munera</strong></span> <span class='ocrx_word' id='word_1_451' title='bbox 1649 5742 1771 5798; x_wconf 81' lang='lat' dir='ltr'><strong>quae</strong></span> <span class='ocrx_word' id='word_1_452' title='bbox 1799 5725 1945 5799; x_wconf 87' lang='lat' dir='ltr'><strong>Magi</strong></span> <span class='ocrx_word' id='word_1_453' title='bbox 1972 5724 2063 5783; x_wconf 78' lang='lat' dir='ltr'><strong>oi-</strong></span> 
     </span>
    </p>
   </div>
   <div class='ocr_carea' id='block_1_61' title="bbox 466 5818 2064 5895">
    <p class='ocr_par' dir='ltr' id='par_1_61' title="bbox 466 5818 2064 5895">
     <span class='ocr_line' id='line_1_61' title="bbox 466 5818 2064 5895; baseline 0.004 -20"><span class='ocrx_word' id='word_1_454' title='bbox 466 5818 646 5876; x_wconf 80' lang='lat' dir='ltr'><strong>ferunt</strong></span> <span class='ocrx_word' id='word_1_455' title='bbox 674 5827 801 5877; x_wconf 84' lang='lat' dir='ltr'><strong>sunt</strong></span> <span class='ocrx_word' id='word_1_456' title='bbox 827 5820 974 5879; x_wconf 90' lang='lat' dir='ltr'><strong>bona</strong></span> <span class='ocrx_word' id='word_1_457' title='bbox 1002 5835 1192 5893; x_wconf 79' lang='lat' dir='ltr'><strong>opera,</strong></span> <span class='ocrx_word' id='word_1_458' title='bbox 1221 5838 1343 5893; x_wconf 64' lang='lat' dir='ltr'><strong>qua:</strong></span> <span class='ocrx_word' id='word_1_459' title='bbox 1370 5821 1557 5879; x_wconf 83' lang='lat' dir='ltr'><strong>ﬁdeles</strong></span> <span class='ocrx_word' id='word_1_460' title='bbox 1578 5823 1697 5881; x_wconf 81' lang='lat' dir='ltr'><strong>Deo</strong></span> <span class='ocrx_word' id='word_1_461' title='bbox 1749 5838 1846 5895; x_wconf 86' lang='lat' dir='ltr'><strong>per</strong></span> <span class='ocrx_word' id='word_1_462' title='bbox 1892 5819 2064 5881; x_wconf 85' lang='lat' dir='ltr'><strong>ﬁdem</strong></span> 
     </span>
    </p>
   </div>
   <div class='ocr_carea' id='block_1_62' title="bbox 463 5914 2066 6005">
    <p class='ocr_par' dir='ltr' id='par_1_62' title="bbox 463 5914 2066 6005">
     <span class='ocr_line' id='line_1_62' title="bbox 463 5914 2066 6005; baseline 0.003 -31"><span class='ocrx_word' id='word_1_463' title='bbox 463 5914 795 5990; x_wconf 75' lang='lat' dir='ltr'><strong>persolvunt.</strong></span> <span class='ocrx_word' id='word_1_464' title='bbox 826 5919 1029 5976; x_wconf 82' lang='lat' dir='ltr'><strong>Aurum</strong></span> <span class='ocrx_word' id='word_1_465' title='bbox 1060 5916 1111 5975; x_wconf 89' lang='lat' dir='ltr'><strong>ei</strong></span> <span class='ocrx_word' id='word_1_466' title='bbox 1139 5916 1376 5990; x_wconf 75' lang='lat' dir='ltr'><strong>offertur,</strong></span> <span class='ocrx_word' id='word_1_467' title='bbox 1408 5918 1537 5976; x_wconf 87' lang='lat' dir='ltr'><strong>dum</strong></span> <span class='ocrx_word' id='word_1_468' title='bbox 1578 5935 1675 6002; x_wconf 78' lang='lat' dir='ltr'><strong>rex</strong></span> <span class='ocrx_word' id='word_1_469' title='bbox 1721 5918 1963 6003; x_wconf 87' lang='lat' dir='ltr'><strong>omnium</strong></span> <span class='ocrx_word' id='word_1_470' title='bbox 2012 5929 2066 6005; x_wconf 81' lang='lat' dir='ltr'><strong>ct</strong></span> 
     </span>
    </p>
   </div>
   <div class='ocr_carea' id='block_1_63' title="bbox 2164 611 3763 685">
    <p class='ocr_par' dir='ltr' id='par_1_63' title="bbox 2164 611 3763 685">
     <span class='ocr_line' id='line_1_63' title="bbox 2164 611 3763 685; baseline 0.004 -18"><span class='ocrx_word' id='word_1_471' title='bbox 2164 611 2414 685; x_wconf 92' lang='lat' dir='ltr'><strong>molatur,</strong></span> <span class='ocrx_word' id='word_1_472' title='bbox 2446 612 2576 669; x_wconf 91' lang='lat' dir='ltr'><strong>dum</strong></span> <span class='ocrx_word' id='word_1_473' title='bbox 2606 613 2752 670; x_wconf 91' lang='lat' dir='ltr'><strong>Deus</strong></span> <span class='ocrx_word' id='word_1_474' title='bbox 2779 628 2941 685; x_wconf 90' lang='lat' dir='ltr'><strong>super</strong></span> <span class='ocrx_word' id='word_1_475' title='bbox 2969 613 3173 683; x_wconf 89' lang='lat' dir='ltr'><strong>omnia,</strong></span> <span class='ocrx_word' id='word_1_476' title='bbox 3207 621 3260 669; x_wconf 90' lang='lat' dir='ltr'><strong>et</strong></span> <span class='ocrx_word' id='word_1_477' title='bbox 3289 614 3609 673; x_wconf 87' lang='lat' dir='ltr'><strong>sacriﬁcium</strong></span> <span class='ocrx_word' id='word_1_478' title='bbox 3637 614 3763 673; x_wconf 92' lang='lat' dir='ltr'><strong>Deo</strong></span> 
     </span>
    </p>
   </div>
   <div class='ocr_carea' id='block_1_64' title="bbox 2169 699 3762 776">
    <p class='ocr_par' dir='ltr' id='par_1_64' title="bbox 2169 699 3762 776">
     <span class='ocr_line' id='line_1_64' title="bbox 2169 699 3762 776; baseline 0.003 -21"><span class='ocrx_word' id='word_1_479' title='bbox 2169 700 2309 756; x_wconf 81' lang='lat' dir='ltr'><strong>Patri</strong></span> <span class='ocrx_word' id='word_1_480' title='bbox 2338 718 2434 775; x_wconf 89' lang='lat' dir='ltr'><strong>pro</strong></span> <span class='ocrx_word' id='word_1_481' title='bbox 2466 702 2623 759; x_wconf 91' lang='lat' dir='ltr'><strong>nobis</strong></span> <span class='ocrx_word' id='word_1_482' title='bbox 2650 699 2993 773; x_wconf 62' lang='lat' dir='ltr'><strong>praedicatur.</strong></span> <span class='ocrx_word' id='word_1_483' title='bbox 3040 703 3255 776; x_wconf 79' lang='lat' dir='ltr'><strong>Myrrha</strong></span> <span class='ocrx_word' id='word_1_484' title='bbox 3312 703 3361 760; x_wconf 87' lang='lat' dir='ltr'><strong>ei</strong></span> <span class='ocrx_word' id='word_1_485' title='bbox 3414 702 3762 776; x_wconf 87' lang='lat' dir='ltr'><strong>sacriﬁcatur,</strong></span> 
     </span>
    </p>
   </div>
   <div class='ocr_carea' id='block_1_65' title="bbox 2169 788 3762 865">
    <p class='ocr_par' dir='ltr' id='par_1_65' title="bbox 2169 788 3762 865">
     <span class='ocr_line' id='line_1_65' title="bbox 2169 788 3762 865; baseline 0.004 -21"><span class='ocrx_word' id='word_1_486' title='bbox 2169 788 2298 845; x_wconf 92' lang='lat' dir='ltr'><strong>dum</strong></span> <span class='ocrx_word' id='word_1_487' title='bbox 2327 806 2425 846; x_wconf 90' lang='lat' dir='ltr'><strong>sua</strong></span> <span class='ocrx_word' id='word_1_488' title='bbox 2469 792 2791 847; x_wconf 88' lang='lat' dir='ltr'><strong>mortalitate</strong></span> <span class='ocrx_word' id='word_1_489' title='bbox 2846 792 3075 862; x_wconf 88' lang='lat' dir='ltr'><strong>putredo</strong></span> <span class='ocrx_word' id='word_1_490' title='bbox 3130 791 3380 848; x_wconf 89' lang='lat' dir='ltr'><strong>vitiorum</strong></span> <span class='ocrx_word' id='word_1_491' title='bbox 3435 801 3762 865; x_wconf 81' lang='lat' dir='ltr'><strong>nostrorum,</strong></span> 
     </span>
    </p>
   </div>
   <div class='ocr_carea' id='block_1_66' title="bbox 2169 886 3766 965">
    <p class='ocr_par' dir='ltr' id='par_1_66' title="bbox 2169 886 3766 965">
     <span class='ocr_line' id='line_1_66' title="bbox 2169 886 3766 965; baseline 0.002 -22"><span class='ocrx_word' id='word_1_492' title='bbox 2169 886 2525 945; x_wconf 83' lang='lat' dir='ltr'><strong>exterminata</strong></span> <span class='ocrx_word' id='word_1_493' title='bbox 2552 888 2868 945; x_wconf 81' lang='lat' dir='ltr'><strong>afﬁrmatur.</strong></span> <span class='ocrx_word' id='word_1_494' title='bbox 2900 888 3028 946; x_wconf 70' lang='lat' dir='ltr'><strong>Haec</strong></span> <span class='ocrx_word' id='word_1_495' title='bbox 3057 902 3269 965; x_wconf 86' lang='lat' dir='ltr'><strong>quoque</strong></span> <span class='ocrx_word' id='word_1_496' title='bbox 3298 890 3397 947; x_wconf 89' lang='lat' dir='ltr'><strong>tria</strong></span> <span class='ocrx_word' id='word_1_497' title='bbox 3425 906 3644 948; x_wconf 90' lang='lat' dir='ltr'><strong>munera</strong></span> <span class='ocrx_word' id='word_1_498' title='bbox 3662 907 3766 947; x_wconf 87' lang='lat' dir='ltr'><strong>nos</strong></span> 
     </span>
    </p>
   </div>
   <div class='ocr_carea' id='block_1_67' title="bbox 2168 974 3767 1052">
    <p class='ocr_par' dir='ltr' id='par_1_67' title="bbox 2168 974 3767 1052">
     <span class='ocr_line' id='line_1_67' title="bbox 2168 974 3767 1052; baseline 0.003 -20"><span class='ocrx_word' id='word_1_499' title='bbox 2168 977 2284 1033; x_wconf 93' lang='lat' dir='ltr'><strong>Deo</strong></span> <span class='ocrx_word' id='word_1_500' title='bbox 2314 974 2606 1047; x_wconf 72' lang='lat' dir='ltr'><strong>efferimus,</strong></span> <span class='ocrx_word' id='word_1_501' title='bbox 2638 980 2683 1032; x_wconf 93' lang='lat' dir='ltr'><strong>si</strong></span> <span class='ocrx_word' id='word_1_502' title='bbox 2714 994 2837 1033; x_wconf 91' lang='lat' dir='ltr'><strong>eum</strong></span> <span class='ocrx_word' id='word_1_503' title='bbox 2869 976 3068 1050; x_wconf 89' lang='lat' dir='ltr'><strong>ubique</strong></span> <span class='ocrx_word' id='word_1_504' title='bbox 3098 985 3437 1052; x_wconf 87' lang='lat' dir='ltr'><strong>regnantem,</strong></span> <span class='ocrx_word' id='word_1_505' title='bbox 3467 988 3659 1038; x_wconf 87' lang='lat' dir='ltr'><strong>cuncta</strong></span> <span class='ocrx_word' id='word_1_506' title='bbox 3708 988 3767 1036; x_wconf 88' lang='lat' dir='ltr'><strong>ut</strong></span> 
     </span>
    </p>
   </div>
   <div class='ocr_carea' id='block_1_68' title="bbox 2167 1062 3766 1139">
    <p class='ocr_par' dir='ltr' id='par_1_68' title="bbox 2167 1062 3766 1139">
     <span class='ocr_line' id='line_1_68' title="bbox 2167 1062 3766 1139; baseline 0.003 -19"><span class='ocrx_word' id='word_1_507' title='bbox 2167 1062 2312 1121; x_wconf 91' lang='lat' dir='ltr'><strong>Deus</strong></span> <span class='ocrx_word' id='word_1_508' title='bbox 2339 1067 2757 1138; x_wconf 87' lang='lat' dir='ltr'><strong>gubernantem,</strong></span> <span class='ocrx_word' id='word_1_509' title='bbox 2788 1081 2885 1139; x_wconf 92' lang='lat' dir='ltr'><strong>pro</strong></span> <span class='ocrx_word' id='word_1_510' title='bbox 2913 1066 3072 1123; x_wconf 90' lang='lat' dir='ltr'><strong>nobis</strong></span> <span class='ocrx_word' id='word_1_511' title='bbox 3100 1068 3381 1124; x_wconf 90' lang='lat' dir='ltr'><strong>mortalem</strong></span> <span class='ocrx_word' id='word_1_512' title='bbox 3421 1069 3617 1124; x_wconf 82' lang='lat' dir='ltr'><strong>factum</strong></span> <span class='ocrx_word' id='word_1_513' title='bbox 3646 1085 3766 1125; x_wconf 87' lang='lat' dir='ltr'><strong>cre-</strong></span> 
     </span>
    </p>
   </div>
   <div class='ocr_carea' id='block_1_69' title="bbox 2169 1163 3763 1238">
    <p class='ocr_par' dir='ltr' id='par_1_69' title="bbox 2169 1163 3763 1238">
     <span class='ocr_line' id='line_1_69' title="bbox 2169 1163 3763 1238; baseline 0.003 -20"><span class='ocrx_word' id='word_1_514' title='bbox 2169 1163 2370 1219; x_wconf 89' lang='lat' dir='ltr'><strong>dimus.</strong></span> <span class='ocrx_word' id='word_1_515' title='bbox 2408 1164 2555 1237; x_wconf 84' lang='lat' dir='ltr'><strong>Magi</strong></span> <span class='ocrx_word' id='word_1_516' title='bbox 2585 1165 2642 1220; x_wconf 91' lang='lat' dir='ltr'><strong>in</strong></span> <span class='ocrx_word' id='word_1_517' title='bbox 2668 1165 2899 1238; x_wconf 89' lang='lat' dir='ltr'><strong>patriam</strong></span> <span class='ocrx_word' id='word_1_518' title='bbox 2929 1163 3155 1221; x_wconf 89' lang='lat' dir='ltr'><strong>redeunt</strong></span> <span class='ocrx_word' id='word_1_519' title='bbox 3178 1182 3279 1237; x_wconf 88' lang='lat' dir='ltr'><strong>per</strong></span> <span class='ocrx_word' id='word_1_520' title='bbox 3307 1164 3468 1222; x_wconf 89' lang='lat' dir='ltr'><strong>aliam</strong></span> <span class='ocrx_word' id='word_1_521' title='bbox 3489 1167 3763 1234; x_wconf 82' lang='lat' dir='ltr'><strong>semitam,</strong></span> 
     </span>
    </p>
   </div>
   <div class='ocr_carea' id='block_1_70' title="bbox 2170 1250 3765 1328">
    <p class='ocr_par' dir='ltr' id='par_1_70' title="bbox 2170 1250 3765 1328">
     <span class='ocr_line' id='line_1_70' title="bbox 2170 1250 3765 1328; baseline 0.002 -20"><span class='ocrx_word' id='word_1_522' title='bbox 2170 1252 2296 1325; x_wconf 90' lang='lat' dir='ltr'><strong>quia</strong></span> <span class='ocrx_word' id='word_1_523' title='bbox 2326 1250 2580 1308; x_wconf 89' lang='lat' dir='ltr'><strong>nimirum</strong></span> <span class='ocrx_word' id='word_1_524' title='bbox 2630 1269 2851 1310; x_wconf 91' lang='lat' dir='ltr'><strong>necesse</strong></span> <span class='ocrx_word' id='word_1_525' title='bbox 2880 1261 2960 1310; x_wconf 90' lang='lat' dir='ltr'><strong>est</strong></span> <span class='ocrx_word' id='word_1_526' title='bbox 2995 1262 3053 1310; x_wconf 91' lang='lat' dir='ltr'><strong>ut</strong></span> <span class='ocrx_word' id='word_1_527' title='bbox 3080 1270 3197 1325; x_wconf 76' lang='lat' dir='ltr'><strong>nos,</strong></span> <span class='ocrx_word' id='word_1_528' title='bbox 3231 1255 3320 1327; x_wconf 90' lang='lat' dir='ltr'><strong>qui</strong></span> <span class='ocrx_word' id='word_1_529' title='bbox 3349 1272 3445 1328; x_wconf 87' lang='lat' dir='ltr'><strong>per</strong></span> <span class='ocrx_word' id='word_1_530' title='bbox 3497 1255 3765 1328; x_wconf 67' lang='lat' dir='ltr'><strong>superbire</strong></span> 
     </span>
    </p>
   </div>
   <div class='ocr_carea' id='block_1_71' title="bbox 2170 1341 3763 1416">
    <p class='ocr_par' dir='ltr' id='par_1_71' title="bbox 2170 1341 3763 1416">
     <span class='ocr_line' id='line_1_71' title="bbox 2170 1341 3763 1416; baseline 0.001 -19"><span class='ocrx_word' id='word_1_531' title='bbox 2170 1341 2420 1398; x_wconf 79' lang='lat' dir='ltr'><strong>venimus</strong></span> <span class='ocrx_word' id='word_1_532' title='bbox 2449 1342 2506 1396; x_wconf 91' lang='lat' dir='ltr'><strong>in</strong></span> <span class='ocrx_word' id='word_1_533' title='bbox 2534 1342 2695 1413; x_wconf 88' lang='lat' dir='ltr'><strong>hujus</strong></span> <span class='ocrx_word' id='word_1_534' title='bbox 2723 1342 2897 1398; x_wconf 87' lang='lat' dir='ltr'><strong>exsilii</strong></span> <span class='ocrx_word' id='word_1_535' title='bbox 2937 1343 3231 1410; x_wconf 90' lang='lat' dir='ltr'><strong>miseriam,</strong></span> <span class='ocrx_word' id='word_1_536' title='bbox 3288 1343 3483 1416; x_wconf 89' lang='lat' dir='ltr'><strong>pariter</strong></span> <span class='ocrx_word' id='word_1_537' title='bbox 3536 1343 3763 1399; x_wconf 88' lang='lat' dir='ltr'><strong>humili-</strong></span> 
     </span>
    </p>
   </div>
   <div class='ocr_carea' id='block_1_72' title="bbox 2171 1436 3765 1513">
    <p class='ocr_par' dir='ltr' id='par_1_72' title="bbox 2171 1436 3765 1513">
     <span class='ocr_line' id='line_1_72' title="bbox 2171 1436 3765 1513; baseline 0.001 -19"><span class='ocrx_word' id='word_1_538' title='bbox 2171 1437 2294 1494; x_wconf 90' lang='lat' dir='ltr'><strong>tatis</strong></span> <span class='ocrx_word' id='word_1_539' title='bbox 2322 1445 2659 1498; x_wconf 84' lang='lat' dir='ltr'><strong>revertamur</strong></span> <span class='ocrx_word' id='word_1_540' title='bbox 2685 1438 2753 1494; x_wconf 89' lang='lat' dir='ltr'><strong>ad</strong></span> <span class='ocrx_word' id='word_1_541' title='bbox 2784 1437 3018 1512; x_wconf 87' lang='lat' dir='ltr'><strong>paradisi</strong></span> <span class='ocrx_word' id='word_1_542' title='bbox 3047 1439 3296 1513; x_wconf 89' lang='lat' dir='ltr'><strong>patriam.</strong></span> <span class='ocrx_word' id='word_1_543' title='bbox 3322 1440 3449 1497; x_wconf 63' lang='lat' dir='ltr'><strong>Hec</strong></span> <span class='ocrx_word' id='word_1_544' title='bbox 3474 1441 3628 1497; x_wconf 86' lang='lat' dir='ltr'><strong>stella</strong></span> <span class='ocrx_word' id='word_1_545' title='bbox 3644 1436 3765 1496; x_wconf 87' lang='lat' dir='ltr'><strong>cla-</strong></span> 
     </span>
    </p>
   </div>
   <div class='ocr_carea' id='block_1_73' title="bbox 2170 1526 3764 1586">
    <p class='ocr_par' dir='ltr' id='par_1_73' title="bbox 2170 1526 3764 1586">
     <span class='ocr_line' id='line_1_73' title="bbox 2170 1526 3764 1586; baseline 0.003 -4"><span class='ocrx_word' id='word_1_546' title='bbox 2170 1526 2287 1583; x_wconf 90' lang='lat' dir='ltr'><strong>rior</strong></span> <span class='ocrx_word' id='word_1_547' title='bbox 2314 1528 2428 1584; x_wconf 89' lang='lat' dir='ltr'><strong>sole</strong></span> <span class='ocrx_word' id='word_1_548' title='bbox 2462 1528 2563 1582; x_wconf 83' lang='lat' dir='ltr'><strong>fuit</strong></span> <span class='ocrx_word' id='word_1_549' title='bbox 2594 1548 2606 1583; x_wconf 91' lang='lat'><strong>:</strong></span> <span class='ocrx_word' id='word_1_550' title='bbox 2640 1528 2782 1584; x_wconf 90' lang='lat' dir='ltr'><strong>unde</strong></span> <span class='ocrx_word' id='word_1_551' title='bbox 2813 1536 2867 1584; x_wconf 91' lang='lat' dir='ltr'><strong>et</strong></span> <span class='ocrx_word' id='word_1_552' title='bbox 2892 1528 2950 1583; x_wconf 87' lang='lat' dir='ltr'><strong>in</strong></span> <span class='ocrx_word' id='word_1_553' title='bbox 2976 1528 3063 1584; x_wconf 91' lang='lat' dir='ltr'><strong>die</strong></span> <span class='ocrx_word' id='word_1_554' title='bbox 3093 1529 3308 1585; x_wconf 89' lang='lat' dir='ltr'><strong>radians</strong></span> <span class='ocrx_word' id='word_1_555' title='bbox 3330 1546 3362 1585; x_wconf 89' lang='lat' dir='ltr'><strong>a</strong></span> <span class='ocrx_word' id='word_1_556' title='bbox 3406 1530 3518 1585; x_wconf 91' lang='lat' dir='ltr'><strong>sole</strong></span> <span class='ocrx_word' id='word_1_557' title='bbox 3562 1528 3764 1586; x_wconf 87' lang='lat' dir='ltr'><strong>obscu-</strong></span> 
     </span>
    </p>
   </div>
   <div class='ocr_carea' id='block_1_74' title="bbox 2170 1615 3764 1694">
    <p class='ocr_par' dir='ltr' id='par_1_74' title="bbox 2170 1615 3764 1694">
     <span class='ocr_line' id='line_1_74' title="bbox 2170 1615 3764 1694; baseline 0 -21"><span class='ocrx_word' id='word_1_558' title='bbox 2170 1617 2277 1673; x_wconf 89' lang='lat' dir='ltr'><strong>rari</strong></span> <span class='ocrx_word' id='word_1_559' title='bbox 2307 1632 2417 1673; x_wconf 93' lang='lat' dir='ltr'><strong>non</strong></span> <span class='ocrx_word' id='word_1_560' title='bbox 2444 1618 2638 1688; x_wconf 88' lang='lat' dir='ltr'><strong>potuit,</strong></span> <span class='ocrx_word' id='word_1_561' title='bbox 2671 1615 2799 1688; x_wconf 91' lang='lat' dir='ltr'><strong>quia</strong></span> <span class='ocrx_word' id='word_1_562' title='bbox 2825 1616 2995 1673; x_wconf 91' lang='lat' dir='ltr'><strong>solem</strong></span> <span class='ocrx_word' id='word_1_563' title='bbox 3025 1618 3141 1674; x_wconf 78' lang='lat' dir='ltr'><strong>solo</strong></span> <span class='ocrx_word' id='word_1_564' title='bbox 3178 1633 3275 1674; x_wconf 92' lang='lat' dir='ltr'><strong>suo</strong></span> <span class='ocrx_word' id='word_1_565' title='bbox 3322 1616 3533 1694; x_wconf 82' lang='lat' dir='ltr'><strong>fulgore</strong></span> <span class='ocrx_word' id='word_1_566' title='bbox 3567 1626 3764 1693; x_wconf 65' lang='lat' dir='ltr'><strong>praetu-</strong></span> 
     </span>
    </p>
   </div>
   <div class='ocr_carea' id='block_1_75' title="bbox 2169 1708 3761 1787">
    <p class='ocr_par' dir='ltr' id='par_1_75' title="bbox 2169 1708 3761 1787">
     <span class='ocr_line' id='line_1_75' title="bbox 2169 1708 3761 1787; baseline 0.001 -19"><span class='ocrx_word' id='word_1_567' title='bbox 2169 1708 2249 1768; x_wconf 91' lang='lat' dir='ltr'><strong>lit.</strong></span> <span class='ocrx_word' id='word_1_568' title='bbox 2280 1713 2410 1771; x_wconf 59' lang='lat' dir='ltr'><strong>Hac</strong></span> <span class='ocrx_word' id='word_1_569' title='bbox 2438 1714 2602 1770; x_wconf 90' lang='lat' dir='ltr'><strong>etiam</strong></span> <span class='ocrx_word' id='word_1_570' title='bbox 2632 1714 2688 1770; x_wconf 89' lang='lat' dir='ltr'><strong>in</strong></span> <span class='ocrx_word' id='word_1_571' title='bbox 2708 1714 2867 1787; x_wconf 86' lang='lat' dir='ltr'><strong>coelo,</strong></span> <span class='ocrx_word' id='word_1_572' title='bbox 2898 1731 3008 1772; x_wconf 91' lang='lat' dir='ltr'><strong>non</strong></span> <span class='ocrx_word' id='word_1_573' title='bbox 3054 1732 3177 1771; x_wconf 93' lang='lat' dir='ltr'><strong>cum</strong></span> <span class='ocrx_word' id='word_1_574' title='bbox 3225 1713 3344 1771; x_wconf 91' lang='lat' dir='ltr'><strong>aliis</strong></span> <span class='ocrx_word' id='word_1_575' title='bbox 3394 1712 3655 1772; x_wconf 88' lang='lat' dir='ltr'><strong>sideribus</strong></span> <span class='ocrx_word' id='word_1_576' title='bbox 3704 1712 3761 1769; x_wconf 91' lang='lat' dir='ltr'><strong>in</strong></span> 
     </span>
    </p>
   </div>
   <div class='ocr_carea' id='block_1_76' title="bbox 2171 1802 3757 1875">
    <p class='ocr_par' dir='ltr' id='par_1_76' title="bbox 2171 1802 3757 1875">
     <span class='ocr_line' id='line_1_76' title="bbox 2171 1802 3757 1875; baseline 0.001 -17"><span class='ocrx_word' id='word_1_577' title='bbox 2171 1820 2293 1859; x_wconf 87' lang='lat' dir='ltr'><strong>aere</strong></span> <span class='ocrx_word' id='word_1_578' title='bbox 2323 1819 2493 1875; x_wconf 92' lang='lat' dir='ltr'><strong>prope</strong></span> <span class='ocrx_word' id='word_1_579' title='bbox 2523 1811 2718 1859; x_wconf 90' lang='lat' dir='ltr'><strong>terram</strong></span> <span class='ocrx_word' id='word_1_580' title='bbox 2747 1802 2999 1873; x_wconf 90' lang='lat' dir='ltr'><strong>cucurrit,</strong></span> <span class='ocrx_word' id='word_1_581' title='bbox 3032 1805 3159 1875; x_wconf 89' lang='lat' dir='ltr'><strong>quia</strong></span> <span class='ocrx_word' id='word_1_582' title='bbox 3205 1802 3536 1863; x_wconf 87' lang='lat' dir='ltr'><strong>conditorem</strong></span> <span class='ocrx_word' id='word_1_583' title='bbox 3580 1812 3757 1860; x_wconf 82' lang='lat' dir='ltr'><strong>astro-</strong></span> 
     </span>
    </p>
   </div>
   <div class='ocr_carea' id='block_1_77' title="bbox 2081 1872 3013 1949">
    <p class='ocr_par' dir='ltr' id='par_1_77' title="bbox 2081 1872 3013 1949">
     <span class='ocr_line' id='line_1_77' title="bbox 2081 1872 3013 1949; baseline 0 -1"><span class='ocrx_word' id='word_1_584' title='bbox 2081 1872 2136 1937; x_wconf 82' lang='lat' dir='ltr'><strong>B</strong></span> <span class='ocrx_word' id='word_1_585' title='bbox 2164 1909 2283 1948; x_wconf 90' lang='lat' dir='ltr'><strong>rum</strong></span> <span class='ocrx_word' id='word_1_586' title='bbox 2314 1872 2468 1949; x_wconf 76' lang='lat' dir='ltr'><strong>terris</strong></span> <span class='ocrx_word' id='word_1_587' title='bbox 2496 1893 2734 1949; x_wconf 82' lang='lat' dir='ltr'><strong>illuxisse</strong></span> <span class='ocrx_word' id='word_1_588' title='bbox 2764 1893 3013 1949; x_wconf 91' lang='lat' dir='ltr'><strong>innotuit.</strong></span> 
     </span>
    </p>
   </div>
   <div class='ocr_carea' id='block_1_78' title="bbox 2234 2004 3758 2085">
    <p class='ocr_par' dir='ltr' id='par_1_78' title="bbox 2234 2004 3758 2085">
     <span class='ocr_line' id='line_1_78' title="bbox 2234 2004 3758 2085; baseline -0.001 -19"><span class='ocrx_word' id='word_1_589' title='bbox 2234 2008 2343 2066; x_wconf 87' lang='lat' dir='ltr'><strong>Cur</strong></span> <span class='ocrx_word' id='word_1_590' title='bbox 2365 2014 2545 2065; x_wconf 90' lang='lat' dir='ltr'><strong>autem</strong></span> <span class='ocrx_word' id='word_1_591' title='bbox 2574 2009 2690 2066; x_wconf 91' lang='lat' dir='ltr'><strong>visa</strong></span> <span class='ocrx_word' id='word_1_592' title='bbox 2716 2008 2870 2067; x_wconf 87' lang='lat' dir='ltr'><strong>stella</strong></span> <span class='ocrx_word' id='word_1_593' title='bbox 2898 2009 3046 2085; x_wconf 83' lang='lat' dir='ltr'><strong>Magi</strong></span> <span class='ocrx_word' id='word_1_594' title='bbox 3094 2017 3414 2083; x_wconf 87' lang='lat' dir='ltr'><strong>putaverunt</strong></span> <span class='ocrx_word' id='word_1_595' title='bbox 3464 2004 3758 2067; x_wconf 88' lang='lat' dir='ltr'><strong>Dominum</strong></span> 
     </span>
    </p>
   </div>
   <div class='ocr_carea' id='block_1_79' title="bbox 2162 2094 3747 2171">
    <p class='ocr_par' dir='ltr' id='par_1_79' title="bbox 2162 2094 3747 2171">
     <span class='ocr_line' id='line_1_79' title="bbox 2162 2094 3747 2171; baseline -0.001 -18"><span class='ocrx_word' id='word_1_596' title='bbox 2162 2097 2218 2153; x_wconf 91' lang='lat' dir='ltr'><strong>in</strong></span> <span class='ocrx_word' id='word_1_597' title='bbox 2247 2094 2433 2156; x_wconf 66' lang='lat' dir='ltr'><strong>Judma</strong></span> <span class='ocrx_word' id='word_1_598' title='bbox 2476 2098 2877 2169; x_wconf 88' lang='lat' dir='ltr'><strong>inquirendum,</strong></span> <span class='ocrx_word' id='word_1_599' title='bbox 2908 2098 3093 2171; x_wconf 90' lang='lat' dir='ltr'><strong>paucis</strong></span> <span class='ocrx_word' id='word_1_600' title='bbox 3112 2106 3194 2154; x_wconf 91' lang='lat' dir='ltr'><strong>est</strong></span> <span class='ocrx_word' id='word_1_601' title='bbox 3238 2098 3394 2156; x_wconf 89' lang='lat' dir='ltr'><strong>vobis</strong></span> <span class='ocrx_word' id='word_1_602' title='bbox 3435 2097 3747 2155; x_wconf 86' lang='lat' dir='ltr'><strong>dicendum.</strong></span> 
     </span>
    </p>
   </div>
   <div class='ocr_carea' id='block_1_80' title="bbox 2160 2193 3758 2271">
    <p class='ocr_par' dir='ltr' id='par_1_80' title="bbox 2160 2193 3758 2271">
     <span class='ocr_line' id='line_1_80' title="bbox 2160 2193 3758 2271; baseline -0.003 -16"><span class='ocrx_word' id='word_1_603' title='bbox 2160 2197 2226 2255; x_wconf 88' lang='lat' dir='ltr'><strong>In</strong></span> <span class='ocrx_word' id='word_1_604' title='bbox 2254 2193 2405 2252; x_wconf 83' lang='lat' dir='ltr'><strong>libris</strong></span> <span class='ocrx_word' id='word_1_605' title='bbox 2430 2196 2545 2253; x_wconf 83' lang='lat' dir='ltr'><strong>suis</strong></span> <span class='ocrx_word' id='word_1_606' title='bbox 2568 2196 2815 2269; x_wconf 84' lang='lat' dir='ltr'><strong>legerant</strong></span> <span class='ocrx_word' id='word_1_607' title='bbox 2840 2196 3101 2268; x_wconf 76' lang='lat' dir='ltr'><strong>scriptum</strong></span> <span class='ocrx_word' id='word_1_608' title='bbox 3129 2212 3227 2271; x_wconf 88' lang='lat' dir='ltr'><strong>per</strong></span> <span class='ocrx_word' id='word_1_609' title='bbox 3252 2198 3570 2271; x_wconf 85' lang='lat' dir='ltr'><strong>prophetam</strong></span> <span class='ocrx_word' id='word_1_610' title='bbox 3616 2195 3758 2269; x_wconf 72' lang='lat' dir='ltr'><strong>ipso-</strong></span> 
     </span>
    </p>
   </div>
   <div class='ocr_carea' id='block_1_81' title="bbox 2158 2283 3756 2352">
    <p class='ocr_par' dir='ltr' id='par_1_81' title="bbox 2158 2283 3756 2352">
     <span class='ocr_line' id='line_1_81' title="bbox 2158 2283 3756 2352; baseline 0.001 -12"><span class='ocrx_word' id='word_1_611' title='bbox 2158 2300 2280 2341; x_wconf 89' lang='lat' dir='ltr'><strong>rum</strong></span> <span class='ocrx_word' id='word_1_612' title='bbox 2309 2286 2548 2352; x_wconf 86' lang='lat' dir='ltr'><strong>Balaam,</strong></span> <span class='ocrx_word' id='word_1_613' title='bbox 2581 2283 2648 2344; x_wconf 85' lang='lat' dir='ltr'><strong>de</strong></span> <span class='ocrx_word' id='word_1_614' title='bbox 2680 2286 2889 2343; x_wconf 88' lang='lat' dir='ltr'><strong>Christo</strong></span> <span class='ocrx_word' id='word_1_615' title='bbox 2917 2285 3121 2343; x_wconf 85' lang='lat' dir='ltr'><strong>dictum</strong></span> <span class='ocrx_word' id='word_1_616' title='bbox 3152 2305 3164 2341; x_wconf 93' lang='lat'>:</span> <span class='ocrx_word' id='word_1_617' title='bbox 3203 2310 3226 2334; x_wconf 78' lang='grc' dir='ltr'>ιι</span> <span class='ocrx_word' id='word_1_618' title='bbox 3260 2284 3475 2344; x_wconf 86' lang='lat' dir='ltr'><strong>Orietur</strong></span> <span class='ocrx_word' id='word_1_619' title='bbox 3499 2285 3652 2342; x_wconf 87' lang='lat' dir='ltr'><strong>stella</strong></span> <span class='ocrx_word' id='word_1_620' title='bbox 3688 2300 3756 2341; x_wconf 79' lang='lat' dir='ltr'><strong>ex</strong></span> 
     </span>
    </p>
   </div>
   <div class='ocr_carea' id='block_1_82' title="bbox 2158 2373 3752 2447">
    <p class='ocr_par' dir='ltr' id='par_1_82' title="bbox 2158 2373 3752 2447">
     <span class='ocr_line' id='line_1_82' title="bbox 2158 2373 3752 2447; baseline 0.001 -20"><span class='ocrx_word' id='word_1_621' title='bbox 2158 2373 2346 2447; x_wconf 85' lang='lat' dir='ltr'><strong>Jacob,</strong></span> <span class='ocrx_word' id='word_1_622' title='bbox 2378 2382 2431 2430; x_wconf 91' lang='lat' dir='ltr'><strong>et</strong></span> <span class='ocrx_word' id='word_1_623' title='bbox 2460 2382 2711 2447; x_wconf 80' lang='lat' dir='ltr'><strong>exsurget</strong></span> <span class='ocrx_word' id='word_1_624' title='bbox 2752 2376 2917 2431; x_wconf 86' lang='lat' dir='ltr'><strong>homo</strong></span> <span class='ocrx_word' id='word_1_625' title='bbox 2972 2382 3165 2446; x_wconf 87' lang='lat' dir='ltr'><strong>potens</strong></span> <span class='ocrx_word' id='word_1_626' title='bbox 3219 2374 3289 2431; x_wconf 90' lang='lat' dir='ltr'><strong>de</strong></span> <span class='ocrx_word' id='word_1_627' title='bbox 3344 2374 3509 2431; x_wconf 90' lang='lat' dir='ltr'><strong>Israel</strong></span> <span class='ocrx_word' id='word_1_628' title='bbox 3561 2374 3752 2446; x_wconf 81' lang='lat' dir='ltr'><strong>(Num.</strong></span> 
     </span>
    </p>
   </div>
   <div class='ocr_carea' id='block_1_83' title="bbox 2158 2471 3754 2546">
    <p class='ocr_par' dir='ltr' id='par_1_83' title="bbox 2158 2471 3754 2546">
     <span class='ocr_line' id='line_1_83' title="bbox 2158 2471 3754 2546; baseline 0.001 -21"><span class='ocrx_word' id='word_1_629' title='bbox 2158 2471 2338 2542; x_wconf 68' lang='lat' dir='ltr'><strong>xxxv).</strong></span> <span class='ocrx_word' id='word_1_630' title='bbox 2378 2474 2512 2528; x_wconf 88' lang='lat' dir='ltr'><strong>Cum</strong></span> <span class='ocrx_word' id='word_1_631' title='bbox 2542 2473 2689 2529; x_wconf 88' lang='lat' dir='ltr'><strong>Deus</strong></span> <span class='ocrx_word' id='word_1_632' title='bbox 2735 2489 2835 2545; x_wconf 91' lang='lat' dir='ltr'><strong>per</strong></span> <span class='ocrx_word' id='word_1_633' title='bbox 2888 2474 3109 2543; x_wconf 80' lang='lat' dir='ltr'><strong>Moysen</strong></span> <span class='ocrx_word' id='word_1_634' title='bbox 3161 2473 3425 2546; x_wconf 79' lang='lat' dir='ltr'><strong>populum</strong></span> <span class='ocrx_word' id='word_1_635' title='bbox 3481 2489 3636 2528; x_wconf 82' lang='lat' dir='ltr'><strong>suum</strong></span> <span class='ocrx_word' id='word_1_636' title='bbox 3686 2471 3754 2526; x_wconf 88' lang='lat' dir='ltr'><strong>de</strong></span> 
     </span>
    </p>
   </div>
   <div class='ocr_carea' id='block_1_84' title="bbox 2158 2560 3751 2635">
    <p class='ocr_par' dir='ltr' id='par_1_84' title="bbox 2158 2560 3751 2635">
     <span class='ocr_line' id='line_1_84' title="bbox 2158 2560 3751 2635; baseline -0.001 -17"><span class='ocrx_word' id='word_1_637' title='bbox 2158 2561 2390 2634; x_wconf 66' lang='lat' dir='ltr'><strong>Egypto</strong></span> <span class='ocrx_word' id='word_1_638' title='bbox 2419 2561 2658 2631; x_wconf 88' lang='lat' dir='ltr'><strong>duceret,</strong></span> <span class='ocrx_word' id='word_1_639' title='bbox 2692 2569 2746 2618; x_wconf 90' lang='lat' dir='ltr'><strong>et</strong></span> <span class='ocrx_word' id='word_1_640' title='bbox 2788 2562 2891 2618; x_wconf 85' lang='lat' dir='ltr'><strong>iter</strong></span> <span class='ocrx_word' id='word_1_641' title='bbox 2914 2577 3015 2635; x_wconf 90' lang='lat' dir='ltr'><strong>per</strong></span> <span class='ocrx_word' id='word_1_642' title='bbox 3042 2570 3238 2619; x_wconf 80' lang='lat' dir='ltr'><strong>terram</strong></span> <span class='ocrx_word' id='word_1_643' title='bbox 3268 2562 3481 2619; x_wconf 85' lang='lat' dir='ltr'><strong>Madian</strong></span> <span class='ocrx_word' id='word_1_644' title='bbox 3528 2560 3598 2617; x_wconf 88' lang='lat' dir='ltr'><strong>ad</strong></span> <span class='ocrx_word' id='word_1_645' title='bbox 3641 2568 3751 2616; x_wconf 84' lang='lat' dir='ltr'><strong>ter—</strong></span> 
     </span>
    </p>
   </div>
   <div class='ocr_carea' id='block_1_85' title="bbox 2157 2649 3754 2723">
    <p class='ocr_par' dir='ltr' id='par_1_85' title="bbox 2157 2649 3754 2723">
     <span class='ocr_line' id='line_1_85' title="bbox 2157 2649 3754 2723; baseline 0.003 -17"><span class='ocrx_word' id='word_1_646' title='bbox 2157 2666 2275 2707; x_wconf 90' lang='lat' dir='ltr'><strong>ram</strong></span> <span class='ocrx_word' id='word_1_647' title='bbox 2304 2650 2740 2723; x_wconf 78' lang='lat' dir='ltr'><strong>repromissienis</strong></span> <span class='ocrx_word' id='word_1_648' title='bbox 2776 2650 3055 2721; x_wconf 77' lang='lat' dir='ltr'><strong>haberent,</strong></span> <span class='ocrx_word' id='word_1_649' title='bbox 3112 2651 3395 2709; x_wconf 85' lang='lat' dir='ltr'><strong>advocavit</strong></span> <span class='ocrx_word' id='word_1_650' title='bbox 3442 2666 3542 2708; x_wconf 85' lang='lat' dir='ltr'><strong>rex</strong></span> <span class='ocrx_word' id='word_1_651' title='bbox 3597 2649 3754 2711; x_wconf 73' lang='lat' dir='ltr'><strong>Baiae</strong></span> 
     </span>
    </p>
   </div>
   <div class='ocr_carea' id='block_1_86' title="bbox 2157 2747 3753 2820">
    <p class='ocr_par' dir='ltr' id='par_1_86' title="bbox 2157 2747 3753 2820">
     <span class='ocr_line' id='line_1_86' title="bbox 2157 2747 3753 2820; baseline 0 -17"><span class='ocrx_word' id='word_1_652' title='bbox 2157 2748 2493 2804; x_wconf 89' lang='lat' dir='ltr'><strong>sacerdotem</strong></span> <span class='ocrx_word' id='word_1_653' title='bbox 2519 2747 2790 2804; x_wconf 86' lang='lat' dir='ltr'><strong>idolorum</strong></span> <span class='ocrx_word' id='word_1_654' title='bbox 2819 2749 3060 2820; x_wconf 85' lang='lat' dir='ltr'><strong>Balaam,</strong></span> <span class='ocrx_word' id='word_1_655' title='bbox 3091 2756 3150 2805; x_wconf 90' lang='lat' dir='ltr'><strong>ut</strong></span> <span class='ocrx_word' id='word_1_656' title='bbox 3175 2749 3254 2803; x_wconf 92' lang='lat' dir='ltr'><strong>eis</strong></span> <span class='ocrx_word' id='word_1_657' title='bbox 3292 2748 3653 2817; x_wconf 84' lang='lat' dir='ltr'><strong>malediceret,</strong></span> <span class='ocrx_word' id='word_1_658' title='bbox 3699 2756 3753 2804; x_wconf 92' lang='lat' dir='ltr'><strong>et</strong></span> 
     </span>
    </p>
   </div>
   <div class='ocr_carea' id='block_1_87' title="bbox 2158 2835 3751 2910">
    <p class='ocr_par' dir='ltr' id='par_1_87' title="bbox 2158 2835 3751 2910">
     <span class='ocr_line' id='line_1_87' title="bbox 2158 2835 3751 2910; baseline -0.001 -17"><span class='ocrx_word' id='word_1_659' title='bbox 2158 2853 2255 2893; x_wconf 86' lang='lat' dir='ltr'><strong>eos</strong></span> <span class='ocrx_word' id='word_1_660' title='bbox 2281 2852 2315 2892; x_wconf 91' lang='lat' dir='ltr'><strong>a</strong></span> <span class='ocrx_word' id='word_1_661' title='bbox 2341 2852 2513 2910; x_wconf 86' lang='lat' dir='ltr'><strong>regno</strong></span> <span class='ocrx_word' id='word_1_662' title='bbox 2554 2853 2651 2894; x_wconf 88' lang='lat' dir='ltr'><strong>suo</strong></span> <span class='ocrx_word' id='word_1_663' title='bbox 2708 2838 2997 2896; x_wconf 89' lang='lat' dir='ltr'><strong>maledicto</strong></span> <span class='ocrx_word' id='word_1_664' title='bbox 3052 2845 3340 2895; x_wconf 86' lang='lat' dir='ltr'><strong>averteret.</strong></span> <span class='ocrx_word' id='word_1_665' title='bbox 3404 2835 3508 2908; x_wconf 88' lang='lat' dir='ltr'><strong>Qui</strong></span> <span class='ocrx_word' id='word_1_666' title='bbox 3562 2853 3751 2894; x_wconf 85' lang='lat' dir='ltr'><strong>ascen-</strong></span> 
     </span>
    </p>
   </div>
   <div class='ocr_carea' id='block_1_88' title="bbox 2158 2926 3751 3000">
    <p class='ocr_par' dir='ltr' id='par_1_88' title="bbox 2158 2926 3751 3000">
     <span class='ocr_line' id='line_1_88' title="bbox 2158 2926 3751 3000; baseline 0 -18"><span class='ocrx_word' id='word_1_667' title='bbox 2158 2926 2295 2982; x_wconf 90' lang='lat' dir='ltr'><strong>dens</strong></span> <span class='ocrx_word' id='word_1_668' title='bbox 2320 2927 2549 2993; x_wconf 89' lang='lat' dir='ltr'><strong>asinam,</strong></span> <span class='ocrx_word' id='word_1_669' title='bbox 2581 2927 2651 2983; x_wconf 92' lang='lat' dir='ltr'><strong>ad</strong></span> <span class='ocrx_word' id='word_1_670' title='bbox 2678 2943 2865 3000; x_wconf 85' lang='lat' dir='ltr'><strong>regem</strong></span> <span class='ocrx_word' id='word_1_671' title='bbox 2900 2927 3142 2983; x_wconf 87' lang='lat' dir='ltr'><strong>tetendit.</strong></span> <span class='ocrx_word' id='word_1_672' title='bbox 3175 2927 3283 2983; x_wconf 88' lang='lat' dir='ltr'><strong>Sed</strong></span> <span class='ocrx_word' id='word_1_673' title='bbox 3316 2927 3366 2984; x_wconf 92' lang='lat' dir='ltr'><strong>ei</strong></span> <span class='ocrx_word' id='word_1_674' title='bbox 3393 2926 3615 2999; x_wconf 83' lang='lat' dir='ltr'><strong>angelus</strong></span> <span class='ocrx_word' id='word_1_675' title='bbox 3633 2927 3751 2983; x_wconf 93' lang='lat' dir='ltr'><strong>Do-</strong></span> 
     </span>
    </p>
   </div>
   <div class='ocr_carea' id='block_1_89' title="bbox 2159 3021 3752 3097">
    <p class='ocr_par' dir='ltr' id='par_1_89' title="bbox 2159 3021 3752 3097">
     <span class='ocr_line' id='line_1_89' title="bbox 2159 3021 3752 3097; baseline 0 -20"><span class='ocrx_word' id='word_1_676' title='bbox 2159 3023 2293 3077; x_wconf 88' lang='lat' dir='ltr'><strong>mini</strong></span> <span class='ocrx_word' id='word_1_677' title='bbox 2322 3039 2446 3078; x_wconf 90' lang='lat' dir='ltr'><strong>cum</strong></span> <span class='ocrx_word' id='word_1_678' title='bbox 2475 3022 2637 3097; x_wconf 86' lang='lat' dir='ltr'><strong>igneo</strong></span> <span class='ocrx_word' id='word_1_679' title='bbox 2665 3023 2851 3096; x_wconf 84' lang='lat' dir='ltr'><strong>gladio</strong></span> <span class='ocrx_word' id='word_1_680' title='bbox 2877 3024 2934 3079; x_wconf 91' lang='lat' dir='ltr'><strong>in</strong></span> <span class='ocrx_word' id='word_1_681' title='bbox 2959 3023 3050 3080; x_wconf 87' lang='lat' dir='ltr'><strong>via</strong></span> <span class='ocrx_word' id='word_1_682' title='bbox 3078 3023 3299 3093; x_wconf 86' lang='lat' dir='ltr'><strong>obstitit,</strong></span> <span class='ocrx_word' id='word_1_683' title='bbox 3347 3023 3563 3094; x_wconf 88' lang='lat' dir='ltr'><strong>insuper</strong></span> <span class='ocrx_word' id='word_1_684' title='bbox 3604 3021 3752 3078; x_wconf 90' lang='lat' dir='ltr'><strong>asina</strong></span> 
     </span>
    </p>
   </div>
   <div class='ocr_carea' id='block_1_90' title="bbox 2160 3111 3749 3186">
    <p class='ocr_par' dir='ltr' id='par_1_90' title="bbox 2160 3111 3749 3186">
     <span class='ocr_line' id='line_1_90' title="bbox 2160 3111 3749 3186; baseline 0.001 -20"><span class='ocrx_word' id='word_1_685' title='bbox 2160 3111 2335 3169; x_wconf 88' lang='lat' dir='ltr'><strong>locuta</strong></span> <span class='ocrx_word' id='word_1_686' title='bbox 2362 3113 2687 3184; x_wconf 87' lang='lat' dir='ltr'><strong>prophetam</strong></span> <span class='ocrx_word' id='word_1_687' title='bbox 2738 3112 3025 3185; x_wconf 79' lang='lat' dir='ltr'><strong>increpuit.</strong></span> <span class='ocrx_word' id='word_1_688' title='bbox 3087 3113 3327 3169; x_wconf 85' lang='lat' dir='ltr'><strong>Tandem</strong></span> <span class='ocrx_word' id='word_1_689' title='bbox 3383 3128 3503 3169; x_wconf 90' lang='lat' dir='ltr'><strong>cum</strong></span> <span class='ocrx_word' id='word_1_690' title='bbox 3557 3111 3749 3186; x_wconf 81' lang='lat' dir='ltr'><strong>angelo</strong></span> 
     </span>
    </p>
   </div>
   <div class='ocr_carea' id='block_1_91' title="bbox 2082 3200 3752 3303">
    <p class='ocr_par' dir='ltr' id='par_1_91' title="bbox 2082 3200 3752 3303">
     <span class='ocr_line' id='line_1_91' title="bbox 2082 3200 3752 3303; baseline -0.001 -45"><span class='ocrx_word' id='word_1_691' title='bbox 2082 3236 2133 3303; x_wconf 64' lang='grc' dir='ltr'>Ο</span> <span class='ocrx_word' id='word_1_692' title='bbox 2162 3200 2501 3274; x_wconf 87' lang='lat' dir='ltr'><strong>permittente</strong></span> <span class='ocrx_word' id='word_1_693' title='bbox 2530 3201 2599 3258; x_wconf 88' lang='lat' dir='ltr'><strong>ad</strong></span> <span class='ocrx_word' id='word_1_694' title='bbox 2632 3218 2819 3276; x_wconf 82' lang='lat' dir='ltr'><strong>regem</strong></span> <span class='ocrx_word' id='word_1_695' title='bbox 2846 3202 3199 3275; x_wconf 65' lang='lat' dir='ltr'><strong>pervenisset,</strong></span> <span class='ocrx_word' id='word_1_696' title='bbox 3231 3210 3284 3257; x_wconf 91' lang='lat' dir='ltr'><strong>et</strong></span> <span class='ocrx_word' id='word_1_697' title='bbox 3310 3217 3433 3258; x_wconf 90' lang='lat' dir='ltr'><strong>eum</strong></span> <span class='ocrx_word' id='word_1_698' title='bbox 3462 3217 3558 3257; x_wconf 85' lang='lat' dir='ltr'><strong>rex</strong></span> <span class='ocrx_word' id='word_1_699' title='bbox 3584 3201 3640 3256; x_wconf 86' lang='lat' dir='ltr'><strong>in</strong></span> <span class='ocrx_word' id='word_1_700' title='bbox 3664 3216 3752 3256; x_wconf 87' lang='lat' dir='ltr'><strong>ca-</strong></span> 
     </span>
    </p>
   </div>
   <div class='ocr_carea' id='block_1_92' title="bbox 2165 3296 3749 3367">
    <p class='ocr_par' dir='ltr' id='par_1_92' title="bbox 2165 3296 3749 3367">
     <span class='ocr_line' id='line_1_92' title="bbox 2165 3296 3749 3367; baseline -0.001 -11"><span class='ocrx_word' id='word_1_701' title='bbox 2165 3315 2360 3356; x_wconf 87' lang='lat' dir='ltr'><strong>cumen</strong></span> <span class='ocrx_word' id='word_1_702' title='bbox 2416 3299 2615 3355; x_wconf 88' lang='lat' dir='ltr'><strong>montis</strong></span> <span class='ocrx_word' id='word_1_703' title='bbox 2682 3299 2944 3367; x_wconf 79' lang='lat' dir='ltr'><strong>duxisset,</strong></span> <span class='ocrx_word' id='word_1_704' title='bbox 3000 3298 3223 3356; x_wconf 88' lang='lat' dir='ltr'><strong>intuitus</strong></span> <span class='ocrx_word' id='word_1_705' title='bbox 3286 3307 3457 3355; x_wconf 86' lang='lat' dir='ltr'><strong>castra</strong></span> <span class='ocrx_word' id='word_1_706' title='bbox 3520 3296 3749 3355; x_wconf 83' lang='lat' dir='ltr'><strong>ﬁliorum</strong></span> 
     </span>
    </p>
   </div>
   <div class='ocr_carea' id='block_1_93' title="bbox 2164 3387 3753 3455">
    <p class='ocr_par' dir='ltr' id='par_1_93' title="bbox 2164 3387 3753 3455">
     <span class='ocr_line' id='line_1_93' title="bbox 2164 3387 3753 3455; baseline -0.001 -10"><span class='ocrx_word' id='word_1_707' title='bbox 2164 3387 2396 3454; x_wconf 87' lang='lat' dir='ltr'><strong>Israelis,</strong></span> <span class='ocrx_word' id='word_1_708' title='bbox 2430 3388 2699 3444; x_wconf 85' lang='lat' dir='ltr'><strong>Christum</strong></span> <span class='ocrx_word' id='word_1_709' title='bbox 2739 3388 2805 3444; x_wconf 88' lang='lat' dir='ltr'><strong>de</strong></span> <span class='ocrx_word' id='word_1_710' title='bbox 2860 3389 2942 3444; x_wconf 87' lang='lat' dir='ltr'><strong>eis</strong></span> <span class='ocrx_word' id='word_1_711' title='bbox 2989 3388 3314 3445; x_wconf 84' lang='lat' dir='ltr'><strong>nasciturum</strong></span> <span class='ocrx_word' id='word_1_712' title='bbox 3368 3387 3647 3455; x_wconf 85' lang='lat' dir='ltr'><strong>intellexit,</strong></span> <span class='ocrx_word' id='word_1_713' title='bbox 3701 3394 3753 3443; x_wconf 88' lang='lat' dir='ltr'><strong>et</strong></span> 
     </span>
    </p>
   </div>
   <div class='ocr_carea' id='block_1_94' title="bbox 2165 3476 3752 3551">
    <p class='ocr_par' dir='ltr' id='par_1_94' title="bbox 2165 3476 3752 3551">
     <span class='ocr_line' id='line_1_94' title="bbox 2165 3476 3752 3551; baseline -0.001 -16"><span class='ocrx_word' id='word_1_714' title='bbox 2165 3479 2281 3535; x_wconf 65' lang='lat' dir='ltr'><strong>haec</strong></span> <span class='ocrx_word' id='word_1_715' title='bbox 2302 3477 2376 3532; x_wconf 84' lang='lat' dir='ltr'><strong>de</strong></span> <span class='ocrx_word' id='word_1_716' title='bbox 2408 3492 2472 3533; x_wconf 91' lang='lat' dir='ltr'><strong>eo</strong></span> <span class='ocrx_word' id='word_1_717' title='bbox 2504 3479 2833 3551; x_wconf 87' lang='lat' dir='ltr'><strong>prophetans</strong></span> <span class='ocrx_word' id='word_1_718' title='bbox 2862 3476 3112 3548; x_wconf 65' lang='lat' dir='ltr'><strong>praedixit</strong></span> <span class='ocrx_word' id='word_1_719' title='bbox 3141 3497 3155 3532; x_wconf 88' lang='lat'>:</span> <span class='ocrx_word' id='word_1_720' title='bbox 3194 3501 3215 3526; x_wconf 80' lang='grc' dir='ltr'>η</span> <span class='ocrx_word' id='word_1_721' title='bbox 3246 3476 3458 3533; x_wconf 89' lang='lat' dir='ltr'><strong>Orietur</strong></span> <span class='ocrx_word' id='word_1_722' title='bbox 3492 3476 3642 3533; x_wconf 87' lang='lat' dir='ltr'><strong>stella</strong></span> <span class='ocrx_word' id='word_1_723' title='bbox 3686 3491 3752 3533; x_wconf 86' lang='lat' dir='ltr'><strong>ex</strong></span> 
     </span>
    </p>
   </div>
   <div class='ocr_carea' id='block_1_95' title="bbox 2165 3573 3752 3648">
    <p class='ocr_par' dir='ltr' id='par_1_95' title="bbox 2165 3573 3752 3648">
     <span class='ocr_line' id='line_1_95' title="bbox 2165 3573 3752 3648; baseline 0 -18"><span class='ocrx_word' id='word_1_724' title='bbox 2165 3574 2355 3644; x_wconf 86' lang='lat' dir='ltr'><strong>Jacob,</strong></span> <span class='ocrx_word' id='word_1_725' title='bbox 2387 3582 2442 3631; x_wconf 91' lang='lat' dir='ltr'><strong>et</strong></span> <span class='ocrx_word' id='word_1_726' title='bbox 2468 3583 2762 3648; x_wconf 86' lang='lat' dir='ltr'><strong>consurget</strong></span> <span class='ocrx_word' id='word_1_727' title='bbox 2799 3577 2965 3631; x_wconf 82' lang='lat' dir='ltr'><strong>homo</strong></span> <span class='ocrx_word' id='word_1_728' title='bbox 2995 3574 3063 3630; x_wconf 87' lang='lat' dir='ltr'><strong>de</strong></span> <span class='ocrx_word' id='word_1_729' title='bbox 3092 3574 3278 3645; x_wconf 89' lang='lat' dir='ltr'><strong>Israel,</strong></span> <span class='ocrx_word' id='word_1_730' title='bbox 3309 3574 3464 3645; x_wconf 79' lang='lat' dir='ltr'><strong>cujus</strong></span> <span class='ocrx_word' id='word_1_731' title='bbox 3506 3573 3752 3632; x_wconf 82' lang='lat' dir='ltr'><strong>fortitudo</strong></span> 
     </span>
    </p>
   </div>
   <div class='ocr_carea' id='block_1_96' title="bbox 2166 3662 3751 3739">
    <p class='ocr_par' dir='ltr' id='par_1_96' title="bbox 2166 3662 3751 3739">
     <span class='ocr_line' id='line_1_96' title="bbox 2166 3662 3751 3739; baseline -0.001 -18"><span class='ocrx_word' id='word_1_732' title='bbox 2166 3671 2226 3721; x_wconf 87' lang='lat' dir='ltr'><strong>ut</strong></span> <span class='ocrx_word' id='word_1_733' title='bbox 2264 3663 2638 3734; x_wconf 82' lang='lat' dir='ltr'><strong>rhinocerotis,</strong></span> <span class='ocrx_word' id='word_1_734' title='bbox 2699 3672 2753 3720; x_wconf 89' lang='lat' dir='ltr'><strong>et</strong></span> <span class='ocrx_word' id='word_1_735' title='bbox 2806 3679 3025 3720; x_wconf 88' lang='lat' dir='ltr'><strong>omnem</strong></span> <span class='ocrx_word' id='word_1_736' title='bbox 3088 3670 3282 3720; x_wconf 89' lang='lat' dir='ltr'><strong>terram</strong></span> <span class='ocrx_word' id='word_1_737' title='bbox 3337 3662 3439 3719; x_wconf 90' lang='lat' dir='ltr'><strong>sibi</strong></span> <span class='ocrx_word' id='word_1_738' title='bbox 3493 3662 3751 3739; x_wconf 76' lang='lat' dir='ltr'><strong>subjuga-</strong></span> 
     </span>
    </p>
   </div>
   <div class='ocr_carea' id='block_1_97' title="bbox 2166 3751 3754 3826">
    <p class='ocr_par' dir='ltr' id='par_1_97' title="bbox 2166 3751 3754 3826">
     <span class='ocr_line' id='line_1_97' title="bbox 2166 3751 3754 3826; baseline -0.003 -15"><span class='ocrx_word' id='word_1_739' title='bbox 2166 3752 2247 3811; x_wconf 86' lang='lat' dir='ltr'><strong>bit</strong></span> <span class='ocrx_word' id='word_1_740' title='bbox 2275 3752 2480 3826; x_wconf 58' lang='lat' dir='ltr'><strong>(ibim).</strong></span> <span class='ocrx_word' id='word_1_741' title='bbox 2516 3774 2537 3801; x_wconf 78' lang='grc' dir='ltr'><em>η</em></span> <span class='ocrx_word' id='word_1_742' title='bbox 2574 3752 2678 3823; x_wconf 85' lang='lat' dir='ltr'><strong>Qui</strong></span> <span class='ocrx_word' id='word_1_743' title='bbox 2707 3761 2996 3826; x_wconf 87' lang='lat' dir='ltr'><strong>postquam</strong></span> <span class='ocrx_word' id='word_1_744' title='bbox 3022 3768 3058 3810; x_wconf 91' lang='lat' dir='ltr'><strong>a</strong></span> <span class='ocrx_word' id='word_1_745' title='bbox 3076 3768 3209 3825; x_wconf 88' lang='lat' dir='ltr'><strong>rege</strong></span> <span class='ocrx_word' id='word_1_746' title='bbox 3228 3751 3511 3826; x_wconf 86' lang='lat' dir='ltr'><strong>pecuniam</strong></span> <span class='ocrx_word' id='word_1_747' title='bbox 3531 3752 3754 3825; x_wconf 84' lang='lat' dir='ltr'><strong>accepit,</strong></span> 
     </span>
    </p>
   </div>
   <div class='ocr_carea' id='block_1_98' title="bbox 2167 3850 3754 3925">
    <p class='ocr_par' dir='ltr' id='par_1_98' title="bbox 2167 3850 3754 3925">
     <span class='ocr_line' id='line_1_98' title="bbox 2167 3850 3754 3925; baseline 0.001 -14"><span class='ocrx_word' id='word_1_748' title='bbox 2167 3850 2453 3911; x_wconf 78' lang='lat' dir='ltr'><strong>consilium</strong></span> <span class='ocrx_word' id='word_1_749' title='bbox 2476 3859 2663 3910; x_wconf 83' lang='lat' dir='ltr'><strong>contra</strong></span> <span class='ocrx_word' id='word_1_750' title='bbox 2684 3851 2941 3910; x_wconf 86' lang='lat' dir='ltr'><strong>eumdem</strong></span> <span class='ocrx_word' id='word_1_751' title='bbox 2962 3851 3224 3925; x_wconf 78' lang='lat' dir='ltr'><strong>populum</strong></span> <span class='ocrx_word' id='word_1_752' title='bbox 3238 3850 3405 3922; x_wconf 81' lang='lat' dir='ltr'><strong>dedit,</strong></span> <span class='ocrx_word' id='word_1_753' title='bbox 3431 3850 3679 3908; x_wconf 84' lang='lat' dir='ltr'><strong>videlicet</strong></span> <span class='ocrx_word' id='word_1_754' title='bbox 3699 3858 3754 3912; x_wconf 74' lang='lat' dir='ltr'><strong>ut</strong></span> 
     </span>
    </p>
   </div>
   <div class='ocr_carea' id='block_1_99' title="bbox 2169 3940 3755 4015">
    <p class='ocr_par' dir='ltr' id='par_1_99' title="bbox 2169 3940 3755 4015">
     <span class='ocr_line' id='line_1_99' title="bbox 2169 3940 3755 4015; baseline -0.001 -15"><span class='ocrx_word' id='word_1_755' title='bbox 2169 3942 2365 4013; x_wconf 68' lang='lat' dir='ltr'><strong>puella</strong></span> <span class='ocrx_word' id='word_1_756' title='bbox 2386 3957 2521 3999; x_wconf 87' lang='lat' dir='ltr'><strong>aure</strong></span> <span class='ocrx_word' id='word_1_757' title='bbox 2546 3949 2605 3998; x_wconf 88' lang='lat' dir='ltr'><strong>et</strong></span> <span class='ocrx_word' id='word_1_758' title='bbox 2628 3941 2865 4015; x_wconf 76' lang='lat' dir='ltr'><strong>gemmis</strong></span> <span class='ocrx_word' id='word_1_759' title='bbox 2891 3949 3116 4011; x_wconf 62' lang='lat' dir='ltr'><strong>ornatas,</strong></span> <span class='ocrx_word' id='word_1_760' title='bbox 3137 3956 3261 3999; x_wconf 86' lang='lat' dir='ltr'><strong>cum</strong></span> <span class='ocrx_word' id='word_1_761' title='bbox 3281 3940 3412 4001; x_wconf 86' lang='lat' dir='ltr'><strong>vino</strong></span> <span class='ocrx_word' id='word_1_762' title='bbox 3430 3948 3489 3999; x_wconf 83' lang='lat' dir='ltr'><strong>et</strong></span> <span class='ocrx_word' id='word_1_763' title='bbox 3504 3940 3650 3998; x_wconf 84' lang='lat' dir='ltr'><strong>idolo</strong></span> <span class='ocrx_word' id='word_1_764' title='bbox 3668 3955 3755 3999; x_wconf 82' lang='lat' dir='ltr'><strong>ve-</strong></span> 
     </span>
    </p>
   </div>
   <div class='ocr_carea' id='block_1_100' title="bbox 2168 4028 3753 4103">
    <p class='ocr_par' dir='ltr' id='par_1_100' title="bbox 2168 4028 3753 4103">
     <span class='ocr_line' id='line_1_100' title="bbox 2168 4028 3753 4103; baseline -0.002 -14"><span class='ocrx_word' id='word_1_765' title='bbox 2168 4031 2337 4089; x_wconf 80' lang='lat' dir='ltr'><strong>nienti</strong></span> <span class='ocrx_word' id='word_1_766' title='bbox 2365 4031 2569 4103; x_wconf 80' lang='lat' dir='ltr'><strong>populo</strong></span> <span class='ocrx_word' id='word_1_767' title='bbox 2597 4038 2958 4101; x_wconf 72' lang='lat' dir='ltr'><strong>eccm-rorem,</strong></span> <span class='ocrx_word' id='word_1_768' title='bbox 2989 4031 3191 4089; x_wconf 79' lang='lat' dir='ltr'><strong>atdum</strong></span> <span class='ocrx_word' id='word_1_769' title='bbox 3218 4046 3311 4091; x_wconf 60' lang='lat' dir='ltr'><strong>ea</strong></span> <span class='ocrx_word' id='word_1_770' title='bbox 3337 4031 3408 4089; x_wconf 81' lang='lat' dir='ltr'><strong>ad</strong></span> <span class='ocrx_word' id='word_1_771' title='bbox 3434 4028 3753 4090; x_wconf 76' lang='lat' dir='ltr'><strong>commistio-</strong></span> 
     </span>
    </p>
   </div>
   <div class='ocr_carea' id='block_1_101' title="bbox 2169 4125 3755 4200">
    <p class='ocr_par' dir='ltr' id='par_1_101' title="bbox 2169 4125 3755 4200">
     <span class='ocr_line' id='line_1_101' title="bbox 2169 4125 3755 4200; baseline -0.001 -17"><span class='ocrx_word' id='word_1_772' title='bbox 2169 4144 2297 4184; x_wconf 82' lang='lat' dir='ltr'><strong>aem</strong></span> <span class='ocrx_word' id='word_1_773' title='bbox 2322 4135 2587 4197; x_wconf 65' lang='lat' dir='ltr'><strong>peterent,</strong></span> <span class='ocrx_word' id='word_1_774' title='bbox 2619 4127 2768 4200; x_wconf 68' lang='lat' dir='ltr'><strong>prius</strong></span> <span class='ocrx_word' id='word_1_775' title='bbox 2796 4127 2942 4184; x_wconf 85' lang='lat' dir='ltr'><strong>idolo</strong></span> <span class='ocrx_word' id='word_1_776' title='bbox 2972 4126 3257 4185; x_wconf 78' lang='lat' dir='ltr'><strong>immolare</strong></span> <span class='ocrx_word' id='word_1_777' title='bbox 3286 4133 3560 4200; x_wconf 62' lang='lat' dir='ltr'><strong>cogunt,</strong></span> <span class='ocrx_word' id='word_1_778' title='bbox 3589 4132 3644 4183; x_wconf 82' lang='lat' dir='ltr'><strong>et</strong></span> <span class='ocrx_word' id='word_1_779' title='bbox 3681 4125 3755 4182; x_wconf 87' lang='lat' dir='ltr'><strong>sic</strong></span> 
     </span>
    </p>
   </div>
   <div class='ocr_carea' id='block_1_102' title="bbox 2169 4215 3756 4288">
    <p class='ocr_par' dir='ltr' id='par_1_102' title="bbox 2169 4215 3756 4288">
     <span class='ocr_line' id='line_1_102' title="bbox 2169 4215 3756 4288; baseline 0 -16"><span class='ocrx_word' id='word_1_780' title='bbox 2169 4215 2374 4273; x_wconf 75' lang='lat' dir='ltr'><strong>oﬂ&#39;enso</strong></span> <span class='ocrx_word' id='word_1_781' title='bbox 2402 4217 2539 4286; x_wconf 91' lang='lat' dir='ltr'><strong>Deo,</strong></span> <span class='ocrx_word' id='word_1_782' title='bbox 2572 4233 2670 4288; x_wconf 90' lang='lat' dir='ltr'><strong>per</strong></span> <span class='ocrx_word' id='word_1_783' title='bbox 2697 4232 2891 4272; x_wconf 92' lang='lat' dir='ltr'><strong>manus</strong></span> <span class='ocrx_word' id='word_1_784' title='bbox 2919 4216 3088 4286; x_wconf 89' lang='lat' dir='ltr'><strong>ipsius</strong></span> <span class='ocrx_word' id='word_1_785' title='bbox 3111 4223 3443 4273; x_wconf 89' lang='lat' dir='ltr'><strong>corruerent.</strong></span> <span class='ocrx_word' id='word_1_786' title='bbox 3492 4215 3647 4284; x_wconf 87' lang='lat' dir='ltr'><strong>Quod</strong></span> <span class='ocrx_word' id='word_1_787' title='bbox 3682 4215 3756 4272; x_wconf 79' lang='lat' dir='ltr'><strong>ita</strong></span> 
     </span>
    </p>
   </div>
   <div class='ocr_carea' id='block_1_103' title="bbox 2170 4304 3753 4376">
    <p class='ocr_par' dir='ltr' id='par_1_103' title="bbox 2170 4304 3753 4376">
     <span class='ocr_line' id='line_1_103' title="bbox 2170 4304 3753 4376; baseline -0.001 -15"><span class='ocrx_word' id='word_1_788' title='bbox 2170 4305 2396 4376; x_wconf 90' lang='lat' dir='ltr'><strong>evenit;</strong></span> <span class='ocrx_word' id='word_1_789' title='bbox 2429 4321 2555 4361; x_wconf 91' lang='lat' dir='ltr'><strong>nam</strong></span> <span class='ocrx_word' id='word_1_790' title='bbox 2584 4305 2952 4362; x_wconf 88' lang='lat' dir='ltr'><strong>adolescentes</strong></span> <span class='ocrx_word' id='word_1_791' title='bbox 2996 4304 3124 4362; x_wconf 89' lang='lat' dir='ltr'><strong>vino</strong></span> <span class='ocrx_word' id='word_1_792' title='bbox 3180 4304 3427 4360; x_wconf 88' lang='lat' dir='ltr'><strong>inebriati</strong></span> <span class='ocrx_word' id='word_1_793' title='bbox 3472 4304 3526 4359; x_wconf 94' lang='lat' dir='ltr'><strong>in</strong></span> <span class='ocrx_word' id='word_1_794' title='bbox 3580 4319 3753 4360; x_wconf 87' lang='lat' dir='ltr'><strong>amore</strong></span> 
     </span>
    </p>
   </div>
   <div class='ocr_carea' id='block_1_104' title="bbox 2171 4401 3755 4475">
    <p class='ocr_par' dir='ltr' id='par_1_104' title="bbox 2171 4401 3755 4475">
     <span class='ocr_line' id='line_1_104' title="bbox 2171 4401 3755 4475; baseline -0.002 -17"><span class='ocrx_word' id='word_1_795' title='bbox 2171 4403 2472 4475; x_wconf 91' lang='lat' dir='ltr'><strong>puellarum</strong></span> <span class='ocrx_word' id='word_1_796' title='bbox 2501 4410 2835 4473; x_wconf 87' lang='lat' dir='ltr'><strong>exarserunt,</strong></span> <span class='ocrx_word' id='word_1_797' title='bbox 2868 4408 2922 4459; x_wconf 90' lang='lat' dir='ltr'><strong>et</strong></span> <span class='ocrx_word' id='word_1_798' title='bbox 2960 4401 3184 4459; x_wconf 89' lang='lat' dir='ltr'><strong>libidine</strong></span> <span class='ocrx_word' id='word_1_799' title='bbox 3231 4402 3378 4471; x_wconf 90' lang='lat' dir='ltr'><strong>victi,</strong></span> <span class='ocrx_word' id='word_1_800' title='bbox 3427 4402 3571 4457; x_wconf 89' lang='lat' dir='ltr'><strong>idolo</strong></span> <span class='ocrx_word' id='word_1_801' title='bbox 3616 4401 3755 4457; x_wconf 87' lang='lat' dir='ltr'><strong>Beel-</strong></span> 
     </span>
    </p>
   </div>
   <div class='ocr_carea' id='block_1_105' title="bbox 2171 4490 3753 4565">
    <p class='ocr_par' dir='ltr' id='par_1_105' title="bbox 2171 4490 3753 4565">
     <span class='ocr_line' id='line_1_105' title="bbox 2171 4490 3753 4565; baseline -0.001 -17"><span class='ocrx_word' id='word_1_802' title='bbox 2171 4494 2387 4565; x_wconf 75' lang='lat' dir='ltr'><strong>phegor</strong></span> <span class='ocrx_word' id='word_1_803' title='bbox 2405 4491 2843 4551; x_wconf 82' lang='lat' dir='ltr'><strong>sacriﬁcaverunt</strong></span> <span class='ocrx_word' id='word_1_804' title='bbox 2873 4509 2885 4546; x_wconf 92' lang='lat'>:</span> <span class='ocrx_word' id='word_1_805' title='bbox 2920 4492 3061 4549; x_wconf 87' lang='lat' dir='ltr'><strong>unde</strong></span> <span class='ocrx_word' id='word_1_806' title='bbox 3090 4508 3171 4549; x_wconf 80' lang='lat' dir='ltr'><strong>xu</strong></span> <span class='ocrx_word' id='word_1_807' title='bbox 3200 4492 3372 4562; x_wconf 80' lang='lat' dir='ltr'><strong>[xxiv]</strong></span> <span class='ocrx_word' id='word_1_808' title='bbox 3419 4490 3588 4547; x_wconf 85' lang='lat' dir='ltr'><strong>millia</strong></span> <span class='ocrx_word' id='word_1_809' title='bbox 3634 4507 3753 4562; x_wconf 89' lang='lat' dir='ltr'><strong>per-</strong></span> 
     </span>
    </p>
   </div>
   <div class='ocr_carea' id='block_1_106' title="bbox 2172 4579 3755 4654">
    <p class='ocr_par' dir='ltr' id='par_1_106' title="bbox 2172 4579 3755 4654">
     <span class='ocr_line' id='line_1_106' title="bbox 2172 4579 3755 4654; baseline -0.003 -16"><span class='ocrx_word' id='word_1_810' title='bbox 2172 4581 2366 4638; x_wconf 90' lang='lat' dir='ltr'><strong>ierunt.</strong></span> <span class='ocrx_word' id='word_1_811' title='bbox 2400 4583 2591 4640; x_wconf 85' lang='lat' dir='ltr'><strong>Postea</strong></span> <span class='ocrx_word' id='word_1_812' title='bbox 2617 4598 2715 4640; x_wconf 86' lang='lat' dir='ltr'><strong>rex</strong></span> <span class='ocrx_word' id='word_1_813' title='bbox 2743 4598 2868 4640; x_wconf 89' lang='lat' dir='ltr'><strong>cum</strong></span> <span class='ocrx_word' id='word_1_814' title='bbox 2896 4581 3047 4639; x_wconf 88' lang='lat' dir='ltr'><strong>omni</strong></span> <span class='ocrx_word' id='word_1_815' title='bbox 3082 4582 3285 4654; x_wconf 83' lang='lat' dir='ltr'><strong>populo</strong></span> <span class='ocrx_word' id='word_1_816' title='bbox 3339 4594 3437 4639; x_wconf 80' lang='lat' dir='ltr'><strong>suo</strong></span> <span class='ocrx_word' id='word_1_817' title='bbox 3491 4588 3544 4636; x_wconf 89' lang='lat' dir='ltr'><strong>et</strong></span> <span class='ocrx_word' id='word_1_818' title='bbox 3595 4579 3755 4650; x_wconf 85' lang='lat' dir='ltr'><strong>impia</strong></span> 
     </span>
    </p>
   </div>
   <div class='ocr_carea' id='block_1_107' title="bbox 2174 4678 3755 4753">
    <p class='ocr_par' dir='ltr' id='par_1_107' title="bbox 2174 4678 3755 4753">
     <span class='ocr_line' id='line_1_107' title="bbox 2174 4678 3755 4753; baseline -0.001 -17"><span class='ocrx_word' id='word_1_819' title='bbox 2174 4679 2521 4737; x_wconf 84' lang='lat' dir='ltr'><strong>consiliatore</strong></span> <span class='ocrx_word' id='word_1_820' title='bbox 2575 4679 2761 4753; x_wconf 80' lang='lat' dir='ltr'><strong>gladio</strong></span> <span class='ocrx_word' id='word_1_821' title='bbox 2819 4680 3297 4749; x_wconf 70' lang='lat' dir='ltr'><strong>u&#39;ansverberatur,</strong></span> <span class='ocrx_word' id='word_1_822' title='bbox 3354 4686 3408 4736; x_wconf 83' lang='lat' dir='ltr'><strong>et</strong></span> <span class='ocrx_word' id='word_1_823' title='bbox 3454 4684 3563 4735; x_wconf 85' lang='lat' dir='ltr'><strong>tota</strong></span> <span class='ocrx_word' id='word_1_824' title='bbox 3610 4678 3755 4750; x_wconf 80' lang='lat' dir='ltr'><strong>regio</strong></span> 
     </span>
    </p>
   </div>
   <div class='ocr_carea' id='block_1_108' title="bbox 2175 4769 2844 4843">
    <p class='ocr_par' dir='ltr' id='par_1_108' title="bbox 2175 4769 2844 4843">
     <span class='ocr_line' id='line_1_108' title="bbox 2175 4769 2844 4843; baseline -0.001 -18"><span class='ocrx_word' id='word_1_825' title='bbox 2175 4769 2320 4826; x_wconf 82' lang='lat' dir='ltr'><strong>ferro</strong></span> <span class='ocrx_word' id='word_1_826' title='bbox 2346 4778 2404 4826; x_wconf 83' lang='lat' dir='ltr'><strong>et</strong></span> <span class='ocrx_word' id='word_1_827' title='bbox 2428 4770 2557 4843; x_wconf 84' lang='lat' dir='ltr'><strong>igne</strong></span> <span class='ocrx_word' id='word_1_828' title='bbox 2587 4776 2844 4828; x_wconf 82' lang='lat' dir='ltr'><strong>vastatur.</strong></span> 
     </span>
    </p>
   </div>
   <div class='ocr_carea' id='block_1_109' title="bbox 2245 4877 3756 4955">
    <p class='ocr_par' dir='ltr' id='par_1_109' title="bbox 2245 4877 3756 4955">
     <span class='ocr_line' id='line_1_109' title="bbox 2245 4877 3756 4955; baseline -0.001 -18"><span class='ocrx_word' id='word_1_829' title='bbox 2245 4882 2392 4951; x_wconf 63' lang='lat' dir='ltr'><strong>Hec,</strong></span> <span class='ocrx_word' id='word_1_830' title='bbox 2425 4881 2747 4952; x_wconf 88' lang='lat' dir='ltr'><strong>charissimi,</strong></span> <span class='ocrx_word' id='word_1_831' title='bbox 2780 4882 2835 4939; x_wconf 90' lang='lat' dir='ltr'><strong>in</strong></span> <span class='ocrx_word' id='word_1_832' title='bbox 2864 4877 3040 4955; x_wconf 81' lang='lat' dir='ltr'><strong>ﬁgura</strong></span> <span class='ocrx_word' id='word_1_833' title='bbox 3069 4887 3460 4955; x_wconf 61' lang='lat' dir='ltr'><strong>praecesserunt</strong></span> <span class='ocrx_word' id='word_1_834' title='bbox 3489 4894 3503 4948; x_wconf 90' lang='lat'><strong>;</strong></span> <span class='ocrx_word' id='word_1_835' title='bbox 3532 4878 3622 4936; x_wconf 85' lang='lat' dir='ltr'><strong>sed</strong></span> <span class='ocrx_word' id='word_1_836' title='bbox 3667 4894 3756 4936; x_wconf 87' lang='lat' dir='ltr'><strong>no-</strong></span> 
     </span>
    </p>
   </div>
   <div class='ocr_carea' id='block_1_110' title="bbox 2173 4968 3755 5044">
    <p class='ocr_par' dir='ltr' id='par_1_110' title="bbox 2173 4968 3755 5044">
     <span class='ocr_line' id='line_1_110' title="bbox 2173 4968 3755 5044; baseline -0.001 -18"><span class='ocrx_word' id='word_1_837' title='bbox 2173 4979 2283 5027; x_wconf 82' lang='lat' dir='ltr'><strong>stra</strong></span> <span class='ocrx_word' id='word_1_838' title='bbox 2311 4979 2554 5043; x_wconf 87' lang='lat' dir='ltr'><strong>tempora</strong></span> <span class='ocrx_word' id='word_1_839' title='bbox 2582 4969 3024 5044; x_wconf 85' lang='lat' dir='ltr'><strong>designaverunt.</strong></span> <span class='ocrx_word' id='word_1_840' title='bbox 3055 4972 3311 5042; x_wconf 71' lang='lat' dir='ltr'><strong>Populus,</strong></span> <span class='ocrx_word' id='word_1_841' title='bbox 3341 4971 3433 5042; x_wconf 86' lang='lat' dir='ltr'><strong>qui</strong></span> <span class='ocrx_word' id='word_1_842' title='bbox 3450 4968 3521 5025; x_wconf 91' lang='lat' dir='ltr'><strong>de</strong></span> <span class='ocrx_word' id='word_1_843' title='bbox 3539 4970 3755 5041; x_wconf 66' lang='lat' dir='ltr'><strong>Egypto</strong></span> 
     </span>
    </p>
   </div>
   <div class='ocr_carea' id='block_1_111' title="bbox 2175 5058 3753 5132">
    <p class='ocr_par' dir='ltr' id='par_1_111' title="bbox 2175 5058 3753 5132">
     <span class='ocr_line' id='line_1_111' title="bbox 2175 5058 3753 5132; baseline -0.001 -18"><span class='ocrx_word' id='word_1_844' title='bbox 2175 5060 2385 5116; x_wconf 86' lang='lat' dir='ltr'><strong>ducitur</strong></span> <span class='ocrx_word' id='word_1_845' title='bbox 2397 5076 2494 5132; x_wconf 88' lang='lat' dir='ltr'><strong>per</strong></span> <span class='ocrx_word' id='word_1_846' title='bbox 2506 5060 2727 5131; x_wconf 78' lang='lat' dir='ltr'><strong>Moysen</strong></span> <span class='ocrx_word' id='word_1_847' title='bbox 2738 5061 2806 5115; x_wconf 88' lang='lat' dir='ltr'><strong>ad</strong></span> <span class='ocrx_word' id='word_1_848' title='bbox 2823 5068 3019 5116; x_wconf 82' lang='lat' dir='ltr'><strong>terram</strong></span> <span class='ocrx_word' id='word_1_849' title='bbox 3028 5059 3480 5132; x_wconf 87' lang='lat' dir='ltr'><strong>repromissionis,</strong></span> <span class='ocrx_word' id='word_1_850' title='bbox 3511 5066 3589 5115; x_wconf 84' lang='lat' dir='ltr'><strong>est</strong></span> <span class='ocrx_word' id='word_1_851' title='bbox 3606 5058 3753 5113; x_wconf 77' lang='lat' dir='ltr'><strong>Chii-</strong></span> 
     </span>
    </p>
   </div>
   <div class='ocr_carea' id='block_1_112' title="bbox 2174 5155 3756 5231">
    <p class='ocr_par' dir='ltr' id='par_1_112' title="bbox 2174 5155 3756 5231">
     <span class='ocr_line' id='line_1_112' title="bbox 2174 5155 3756 5231; baseline -0.001 -18"><span class='ocrx_word' id='word_1_852' title='bbox 2174 5157 2379 5213; x_wconf 85' lang='lat' dir='ltr'><strong>stianus</strong></span> <span class='ocrx_word' id='word_1_853' title='bbox 2406 5158 2655 5230; x_wconf 86' lang='lat' dir='ltr'><strong>populus,</strong></span> <span class='ocrx_word' id='word_1_854' title='bbox 2694 5157 2788 5228; x_wconf 83' lang='lat' dir='ltr'><strong>qui</strong></span> <span class='ocrx_word' id='word_1_855' title='bbox 2816 5172 2916 5231; x_wconf 83' lang='lat' dir='ltr'><strong>per</strong></span> <span class='ocrx_word' id='word_1_856' title='bbox 2940 5158 3125 5213; x_wconf 74' lang='lat' dir='ltr'><strong>Iesum</strong></span> <span class='ocrx_word' id='word_1_857' title='bbox 3180 5157 3247 5212; x_wconf 86' lang='lat' dir='ltr'><strong>de</strong></span> <span class='ocrx_word' id='word_1_858' title='bbox 3276 5158 3378 5213; x_wconf 89' lang='lat' dir='ltr'><strong>hoc</strong></span> <span class='ocrx_word' id='word_1_859' title='bbox 3429 5155 3627 5211; x_wconf 88' lang='lat' dir='ltr'><strong>mundo</strong></span> <span class='ocrx_word' id='word_1_860' title='bbox 3666 5155 3756 5211; x_wconf 85' lang='lat' dir='ltr'><strong>du-</strong></span> 
     </span>
    </p>
   </div>
   <div class='ocr_carea' id='block_1_113' title="bbox 2174 5243 3753 5317">
    <p class='ocr_par' dir='ltr' id='par_1_113' title="bbox 2174 5243 3753 5317">
     <span class='ocr_line' id='line_1_113' title="bbox 2174 5243 3753 5317; baseline -0.003 -15"><span class='ocrx_word' id='word_1_861' title='bbox 2174 5246 2311 5302; x_wconf 86' lang='lat' dir='ltr'><strong>citur</strong></span> <span class='ocrx_word' id='word_1_862' title='bbox 2338 5244 2404 5302; x_wconf 84' lang='lat' dir='ltr'><strong>ad</strong></span> <span class='ocrx_word' id='word_1_863' title='bbox 2436 5246 2665 5317; x_wconf 82' lang='lat' dir='ltr'><strong>patriam</strong></span> <span class='ocrx_word' id='word_1_864' title='bbox 2696 5253 2914 5304; x_wconf 60' lang='lat' dir='ltr'><strong>(eterna;</strong></span> <span class='ocrx_word' id='word_1_865' title='bbox 2941 5246 3215 5303; x_wconf 84' lang='lat' dir='ltr'><strong>claritatis.</strong></span> <span class='ocrx_word' id='word_1_866' title='bbox 3264 5247 3380 5301; x_wconf 83' lang='lat' dir='ltr'><strong>Rex</strong></span> <span class='ocrx_word' id='word_1_867' title='bbox 3437 5244 3528 5316; x_wconf 88' lang='lat' dir='ltr'><strong>qui</strong></span> <span class='ocrx_word' id='word_1_868' title='bbox 3579 5244 3653 5299; x_wconf 84' lang='lat' dir='ltr'><strong>eis</strong></span> <span class='ocrx_word' id='word_1_869' title='bbox 3702 5243 3753 5298; x_wconf 84' lang='lat' dir='ltr'><strong>in</strong></span> 
     </span>
    </p>
   </div>
   <div class='ocr_carea' id='block_1_114' title="bbox 2174 5332 3755 5408">
    <p class='ocr_par' dir='ltr' id='par_1_114' title="bbox 2174 5332 3755 5408">
     <span class='ocr_line' id='line_1_114' title="bbox 2174 5332 3755 5408; baseline -0.002 -16"><span class='ocrx_word' id='word_1_870' title='bbox 2174 5336 2264 5393; x_wconf 83' lang='lat' dir='ltr'><strong>via</strong></span> <span class='ocrx_word' id='word_1_871' title='bbox 2288 5335 2495 5392; x_wconf 90' lang='lat' dir='ltr'><strong>obstitit</strong></span> <span class='ocrx_word' id='word_1_872' title='bbox 2516 5342 2596 5391; x_wconf 86' lang='lat' dir='ltr'><strong>est</strong></span> <span class='ocrx_word' id='word_1_873' title='bbox 2614 5335 2884 5405; x_wconf 85' lang='lat' dir='ltr'><strong>diabolus,</strong></span> <span class='ocrx_word' id='word_1_874' title='bbox 2908 5336 2999 5408; x_wconf 89' lang='lat' dir='ltr'><strong>qui</strong></span> <span class='ocrx_word' id='word_1_875' title='bbox 3046 5337 3232 5392; x_wconf 89' lang='lat' dir='ltr'><strong>multis</strong></span> <span class='ocrx_word' id='word_1_876' title='bbox 3275 5334 3451 5391; x_wconf 87' lang='lat' dir='ltr'><strong>modis</strong></span> <span class='ocrx_word' id='word_1_877' title='bbox 3486 5332 3640 5389; x_wconf 87' lang='lat' dir='ltr'><strong>nobis</strong></span> <span class='ocrx_word' id='word_1_878' title='bbox 3665 5332 3755 5389; x_wconf 80' lang='lat' dir='ltr'><strong>iter</strong></span> 
     </span>
    </p>
   </div>
   <div class='ocr_carea' id='block_1_115' title="bbox 2175 5430 3753 5508">
    <p class='ocr_par' dir='ltr' id='par_1_115' title="bbox 2175 5430 3753 5508">
     <span class='ocr_line' id='line_1_115' title="bbox 2175 5430 3753 5508; baseline -0.003 -17"><span class='ocrx_word' id='word_1_879' title='bbox 2175 5432 2299 5491; x_wconf 60' lang='lat' dir='ltr'><strong>vita</strong></span> <span class='ocrx_word' id='word_1_880' title='bbox 2329 5432 2579 5490; x_wconf 85' lang='lat' dir='ltr'><strong>obstruit.</strong></span> <span class='ocrx_word' id='word_1_881' title='bbox 2614 5430 2882 5491; x_wconf 84' lang='lat' dir='ltr'><strong>Sacerdos</strong></span> <span class='ocrx_word' id='word_1_882' title='bbox 2908 5434 2998 5508; x_wconf 84' lang='lat' dir='ltr'><strong>qui</strong></span> <span class='ocrx_word' id='word_1_883' title='bbox 3025 5434 3177 5491; x_wconf 86' lang='lat' dir='ltr'><strong>asina</strong></span> <span class='ocrx_word' id='word_1_884' title='bbox 3230 5434 3460 5501; x_wconf 83' lang='lat' dir='ltr'><strong>vehitur,</strong></span> <span class='ocrx_word' id='word_1_885' title='bbox 3519 5437 3599 5488; x_wconf 88' lang='lat' dir='ltr'><strong>est</strong></span> <span class='ocrx_word' id='word_1_886' title='bbox 3632 5432 3753 5487; x_wconf 87' lang='lat' dir='ltr'><strong>ordo</strong></span> 
     </span>
    </p>
   </div>
   <div class='ocr_carea' id='block_1_116' title="bbox 2174 5518 3751 5595">
    <p class='ocr_par' dir='ltr' id='par_1_116' title="bbox 2174 5518 3751 5595">
     <span class='ocr_line' id='line_1_116' title="bbox 2174 5518 3751 5595; baseline -0.003 -16"><span class='ocrx_word' id='word_1_887' title='bbox 2174 5522 2440 5581; x_wconf 88' lang='lat' dir='ltr'><strong>malorum</strong></span> <span class='ocrx_word' id='word_1_888' title='bbox 2480 5521 2841 5594; x_wconf 88' lang='lat' dir='ltr'><strong>sacerdotum,</strong></span> <span class='ocrx_word' id='word_1_889' title='bbox 2879 5523 2971 5595; x_wconf 90' lang='lat' dir='ltr'><strong>qui</strong></span> <span class='ocrx_word' id='word_1_890' title='bbox 3004 5520 3358 5580; x_wconf 87' lang='lat' dir='ltr'><strong>irrationabili</strong></span> <span class='ocrx_word' id='word_1_891' title='bbox 3382 5518 3751 5577; x_wconf 75' lang='lat' dir='ltr'><strong>desideriorum</strong></span> 
     </span>
    </p>
   </div>
   <div class='ocr_carea' id='block_1_117' title="bbox 2173 5608 3751 5685">
    <p class='ocr_par' dir='ltr' id='par_1_117' title="bbox 2173 5608 3751 5685">
     <span class='ocr_line' id='line_1_117' title="bbox 2173 5608 3751 5685; baseline -0.002 -18"><span class='ocrx_word' id='word_1_892' title='bbox 2173 5628 2391 5668; x_wconf 90' lang='lat' dir='ltr'><strong>suorum</strong></span> <span class='ocrx_word' id='word_1_893' title='bbox 2418 5619 2570 5666; x_wconf 84' lang='lat' dir='ltr'><strong>motu</strong></span> <span class='ocrx_word' id='word_1_894' title='bbox 2598 5613 2807 5685; x_wconf 85' lang='lat' dir='ltr'><strong>regitur</strong></span> <span class='ocrx_word' id='word_1_895' title='bbox 2837 5628 2850 5682; x_wconf 90' lang='lat'><strong>;</strong></span> <span class='ocrx_word' id='word_1_896' title='bbox 2884 5614 2974 5684; x_wconf 90' lang='lat' dir='ltr'><strong>qui</strong></span> <span class='ocrx_word' id='word_1_897' title='bbox 3017 5614 3178 5669; x_wconf 89' lang='lat' dir='ltr'><strong>etiam</strong></span> <span class='ocrx_word' id='word_1_898' title='bbox 3214 5613 3284 5668; x_wconf 93' lang='lat' dir='ltr'><strong>ab</strong></span> <span class='ocrx_word' id='word_1_899' title='bbox 3322 5608 3472 5667; x_wconf 88' lang='lat' dir='ltr'><strong>asina</strong></span> <span class='ocrx_word' id='word_1_900' title='bbox 3518 5610 3751 5679; x_wconf 83' lang='lat' dir='ltr'><strong>increpa-</strong></span> 
     </span>
    </p>
   </div>
   <div class='ocr_carea' id='block_1_118' title="bbox 2172 5702 3751 5787">
    <p class='ocr_par' dir='ltr' id='par_1_118' title="bbox 2172 5702 3751 5787">
     <span class='ocr_line' id='line_1_118' title="bbox 2172 5702 3751 5787; baseline -0.003 -22"><span class='ocrx_word' id='word_1_901' title='bbox 2172 5717 2275 5776; x_wconf 85' lang='lat' dir='ltr'><strong>tur,</strong></span> <span class='ocrx_word' id='word_1_902' title='bbox 2308 5709 2435 5783; x_wconf 90' lang='lat' dir='ltr'><strong>quia</strong></span> <span class='ocrx_word' id='word_1_903' title='bbox 2464 5710 2656 5765; x_wconf 88' lang='lat' dir='ltr'><strong>horum</strong></span> <span class='ocrx_word' id='word_1_904' title='bbox 2690 5710 2801 5766; x_wconf 87' lang='lat' dir='ltr'><strong>vita</strong></span> <span class='ocrx_word' id='word_1_905' title='bbox 2830 5710 2991 5766; x_wconf 90' lang='lat' dir='ltr'><strong>etiam</strong></span> <span class='ocrx_word' id='word_1_906' title='bbox 3022 5726 3053 5767; x_wconf 92' lang='lat' dir='ltr'><strong>a</strong></span> <span class='ocrx_word' id='word_1_907' title='bbox 3081 5711 3245 5787; x_wconf 84' lang='lat' dir='ltr'><strong>vulgo</strong></span> <span class='ocrx_word' id='word_1_908' title='bbox 3267 5708 3598 5782; x_wconf 85' lang='lat' dir='ltr'><strong>reprobatnr.</strong></span> <span class='ocrx_word' id='word_1_909' title='bbox 3630 5702 3751 5761; x_wconf 82' lang='lat' dir='ltr'><strong>Pro-</strong></span> 
     </span>
    </p>
   </div>
   <div class='ocr_carea' id='block_1_119' title="bbox 2171 5802 3751 5897">
    <p class='ocr_par' dir='ltr' id='par_1_119' title="bbox 2171 5802 3751 5897">
     <span class='ocr_line' id='line_1_119' title="bbox 2171 5802 3751 5897; baseline -0.015 -15"><span class='ocrx_word' id='word_1_910' title='bbox 2171 5802 2335 5897; x_wconf 77' lang='lat' dir='ltr'><strong>pheta</strong></span> <span class='ocrx_word' id='word_1_911' title='bbox 2364 5820 2691 5880; x_wconf 83' lang='lat' dir='ltr'><strong>obmutescit</strong></span> <span class='ocrx_word' id='word_1_912' title='bbox 2718 5829 2771 5878; x_wconf 92' lang='lat' dir='ltr'><strong>et</strong></span> <span class='ocrx_word' id='word_1_913' title='bbox 2799 5819 2949 5877; x_wconf 87' lang='lat' dir='ltr'><strong>asina</strong></span> <span class='ocrx_word' id='word_1_914' title='bbox 2992 5812 3247 5885; x_wconf 87' lang='lat' dir='ltr'><strong>loquitur,</strong></span> <span class='ocrx_word' id='word_1_915' title='bbox 3308 5808 3435 5882; x_wconf 84' lang='lat' dir='ltr'><strong>quia</strong></span> <span class='ocrx_word' id='word_1_916' title='bbox 3490 5806 3632 5865; x_wconf 88' lang='lat' dir='ltr'><strong>clero</strong></span> <span class='ocrx_word' id='word_1_917' title='bbox 3682 5810 3751 5859; x_wconf 84' lang='lat' dir='ltr'><strong>ta-</strong></span> 
     </span>
    </p>
   </div>
   <div class='ocr_carea' id='block_1_120' title="bbox 2169 5899 3749 6004">
    <p class='ocr_par' dir='ltr' id='par_1_120' title="bbox 2169 5899 3749 6004">
     <span class='ocr_line' id='line_1_120' title="bbox 2169 5899 3749 6004; baseline -0.013 -25"><span class='ocrx_word' id='word_1_918' title='bbox 2169 5930 2324 6004; x_wconf 74' lang='lat' dir='ltr'><strong>cente</strong></span> <span class='ocrx_word' id='word_1_919' title='bbox 2356 5920 2581 5979; x_wconf 90' lang='lat' dir='ltr'><strong>verbum</strong></span> <span class='ocrx_word' id='word_1_920' title='bbox 2611 5919 2711 5978; x_wconf 87' lang='lat' dir='ltr'><strong>Dei</strong></span> <span class='ocrx_word' id='word_1_921' title='bbox 2732 5917 2801 5977; x_wconf 89' lang='lat' dir='ltr'><strong>ab</strong></span> <span class='ocrx_word' id='word_1_922' title='bbox 2820 5913 3049 5975; x_wconf 90' lang='lat' dir='ltr'><strong>indoctis</strong></span> <span class='ocrx_word' id='word_1_923' title='bbox 3075 5925 3220 5984; x_wconf 62' lang='lat' dir='ltr'><strong>saepe</strong></span> <span class='ocrx_word' id='word_1_924' title='bbox 3246 5902 3532 5983; x_wconf 87' lang='lat' dir='ltr'><strong>profertur.</strong></span> <span class='ocrx_word' id='word_1_925' title='bbox 3558 5899 3749 5962; x_wconf 82' lang='lat' dir='ltr'><strong>Etenim</strong></span> 
     </span>
    </p>
   </div>
  </div>
