3924 6392
1171 442 1750 502 DEFLORATIONES
1791 443 1896 502 SS.
1939 442 2240 502 PATRUM.
2274 477 2341 487 —
2376 445 2502 500 LIB.
2527 440 2568 500 Ι.
3383 447 3482 504 814

545 569 732 625 Canes
776 570 913 626 muti
960 586 1065 625 non
1127 569 1376 624 valentes
1417 568 1613 623 latrare
1653 572 1786 639 (Isa.
1820 567 1872 629 Α
1904 585 2011 624 ιιοιι
2043 585 2159 637 sua,
2193 569 2288 623 sed
2317 575 2498 624 nostra
2533 567 2752 623 crimina
2777 565 2924 639 lavit,
2963 579 3015 627 et
3046 572 3199 626 nobis
3221 572 3490 643 baptisma

1904 674 2003 713 suo
2027 658 2281 730 ingreSsu
2304 657 2668 714 conseCravit.
2693 658 2902 715 Caelum
2925 661 2973 716 ei
2995 667 3156 732 patet,
3185 669 3236 716 et
3255 660 3490 732 Spiritus

1901 745 2243 802 descendens
2275 762 2440 817 super
2468 761 2590 801 eum
2621 755 2822 814 manet,
2873 750 3001 820 quia
3031 748 3121 821 qui
3154 749 3208 804 in
3238 749 3358 819 ejus
3388 765 3490 805 no-

1903 843 2047 898 mine
2079 844 2349 915 baptisma
2383 855 2813 917 consequuntur.
2860 848 3060 919 Spiritu
3089 855 3279 903 sancto
3310 848 3494 920 reple-

1903 932 2124 997 buntur,
2155 933 2277 986 etsi
2309 932 2575 988 columbae
2634 934 3038 1005 simplicitatem
3096 936 3390 1002 imitantur,
3437 937 3492 992 in

1902 1021 2041 1076 cmlo
2072 1038 2192 1075 cum
2226 1021 2440 1076 Christo
2470 1022 2805 1078 exaltantur.
2847 1024 2950 1078 Per
2979 1024 3181 1078 bestias
3210 1024 3371 1080 etiam
3403 1025 3491 1079 in-

1905 1108 2218 1177 formamur,
2237 1117 2294 1162 ut
2313 1117 2549 1164 veterem
2567 1109 2730 1164 vitam
2746 1111 3102 1182 deponentes,
3119 1127 3265 1167 nova
3302 1113 3492 1169 indua-

1903 1221 2044 1260 mur.
2078 1206 2263 1260 Fertur
2293 1206 2435 1260 enim
2467 1205 2535 1260 de
2566 1209 2908 1278 serpentibus
2939 1210 3084 1281 quod
3114 1225 3310 1264 nomen
3339 1226 3493 1267 acce-

1901 1301 2099 1364 perunt
2131 1309 2195 1348 eo
2229 1294 2370 1365 quod
2403 1294 2628 1349 occultis
2651 1297 2965 1352 accessibus
2987 1306 3226 1368 serpunt.
3259 1297 3493 1370 l’hysio-

1901 1379 2065 1453 iogus
2106 1381 2234 1438 dicit
2264 1391 2494 1454 quatuor
2538 1389 2759 1439 naturas
2799 1385 3003 1441 habere
3031 1396 3332 1457 serpentes.
3373 1385 3491 1442 Pri-

1901 1484 2047 1525 mam
2082 1479 2330 1525 naturam
2364 1485 2485 1526 cum
2521 1473 2819 1539 senuerint,
2839 1473 3080 1546 caligant
3107 1475 3250 1530 oculi
3279 1475 3416 1544 ejus,
3441 1483 3495 1533 et

1905 1567 1947 1620 si
1981 1566 2211 1621 voluerit
2245 1584 2420 1622 novus
2454 1568 2592 1635 fieri,
2637 1570 2870 1625 abstinet
2899 1587 2957 1625 se
2983 1587 3012 1625 a
3043 1571 3184 1638 cibo,
3211 1572 3492 1642 etjejunat

1903 1654 2100 1709 diebus
2134 1656 2493 1728 quadraginta
2524 1665 2576 1712 et
2606 1659 2857 1714 noctibus
2904 1659 3080 1714 donec
3108 1660 3264 1731 pellis
3295 1663 3410 1730 ejus
3437 1660 3493 1717 in

176 445 278 505 813

174 570 374 624 dicitur
410 587 422 623 :
465 593 487 612 ιι

175 665 305 721 LVI).
349 683 371 706 ιο
409 657 499 712 Ob
535 657 941 715 conscientiam
962 667 1147 730 prava:
1169 658 1297 712 vitae
1321 673 1353 712 ιι
1383 657 1550 713 verbo
1568 657 1666 714 Dei
1697 657 1794 712 ob-

177 761 516 820 mutescunt,
557 766 639 822 et,
675 774 744 812 ne
772 757 1180 828 redarguantur
1200 765 1388 813 contra
1418 772 1677 826 perverse
1709 755 1792 810 vi-

182 855 392 911 ventes,
415 846 660 900 latratus
680 846 1083 916 praedicationis
1096 861 1203 900 non
1227 847 1423 912 edunt,-
1448 846 1647 917 quibus
1669 861 1792 900 cum

177 933 241 989 ab
281 934 494 1008 angelo
529 934 795 990 ﬂammeo
856 951 986 990 ense
1031 935 1325 999 obsistitur,
1378 934 1502 1005 quia
1529 933 1792 1002 judicium

176 1031 364 1085 aeterni
399 1029 553 1103 ignis
584 1030 644 1084 in
675 1030 822 1086 omni
868 1031 1147 1101 Scriptura
1187 1031 1266 1084 eis
1309 1030 1652 1100 praedicatur.
1686 1029 1792 1084 Bac

181 1117 323 1172 laam
357 1128 620 1174 montem
654 1119 946 1187 scandens,
981 1119 1049 1173 de
1085 1117 1276 1172 futuris
1306 1119 1608 1189 prophetat,
1640 1126 1689 1172 et
1722 1126 1796 1172 ta-

177 1225 300 1262 men
336 1208 580 1278 pecunia
615 1217 905 1277 corruptus
937 1206 1196 1280 populum
1219 1207 1641 1278 Deiimpugnat,
1669 1205 1797 1277 quia

176 1303 226 1350 et
254 1296 340 1351 isti
378 1297 687 1369 aliquando
716 1297 1057 1352 altitudinem
1109 1296 1354 1352 scientia:
1400 1296 1693 1367 attingunt,
1725 1295 1794 1352 de

176 1392 349 1449 futura
387 1394 501 1450 vita
527 1395 736 1467 populo
784 1393 1021 1465 plurima
1066 1394 1384 1466 pradicant,
1418 1400 1470 1449 et
1497 1393 1584 1449 his
1613 1401 1794 1449 tamen

180 1499 278 1552 per
310 1483 626 1555 reprobam
657 1484 819 1540 vitam
851 1483 1255 1538 contradicunt.
1293 1482 1505 1538 Etenim
1532 1500 1631 1554 per
1659 1498 1792 1554 pro-

176 1571 392 1641 phetam
423 1572 638 1627 dicitur
671 1591 683 1626 :
724 1597 743 1621 ‹‹
778 1571 900 1628 Vidi
935 1571 987 1625 in
1015 1580 1195 1625 monte
1220 1572 1374 1642 quasi
1402 1570 1689 1626 mditicium
1721 1569 1793 1626 ci-

173 1658 374 1726 vitatis,
406 1668 462 1716 et
493 1677 633 1717 ecce
665 1669 807 1715 terra
832 1661 1074 1716 ascendit
1095 1675 1261 1730 super
1283 1659 1549 1714 fenestras
1572 1659 1789 1727 (Esceh.

173 1757 284 1823 XL).
335 1783 357 1805 υ
411 1757 627 1814 Civitas
672 1759 725 1812 in
773 1765 955 1812 monte
995 1756 1266 1813 aedificata
1316 1765 1397 1811 est
1455 1757 1697 1812 Ecclesia
1736 1757 1791 1812 in
1906 1759 1971 1799 θο
2012 1744 2244 1810 hiem",
2275 1755 2322 1798 εἰ
2355 1746 2542 1816 quam!
2570 1755 2779 1816 Petram
2809 1748 2862 1802 ίῐι
2886 1746 3081 1802 ﬁssum
3111 1759 3415 1822 augustam,
3439 1761 3491 1807 εἲ

181 1846 400 1902 Christo
433 1847 642 1904 locata.
679 1847 1006 1902 Sacerdotes
1055 1861 1185 1900 vero
1233 1854 1355 1900 sunt
1386 1845 1658 1909 fenestrae,
1690 1862 1791 1916 per
1900 1839 2025 1894 inde
2056 1855 2114 1894 se
2146 1842 2500 1896 vehementer
2520 1849 2784 1912 coarctat,
2810 1851 2971 1916 atque
2992 1843 3354 1903 contribulato
3375 1862 3495 1903 cor.

175 1951 312 2004 quos
345 1936 539 1990 lumen
574 1935 777 1992 divina:
827 1935 1030 1990 notitia:
1076 1933 1259 1989 debuit
1308 1934 1568 2002 subjectis
1600 1934 1787 2004 splen-
1817 1923 1868 1982 Β
1902 1944 2038 2000 pore
2079 1928 2301 1999 deponit
2332 1939 2685 1996 senectutem,
2749 1941 2799 1986 et
2847 1932 3042 1987 iterum
3068 1949 3241 1989 novus
3268 1934 3349 1990 fit.
3387 1936 3491 1991 Se-

173 2025 430 2080 descere.
466 2025 608 2088 Sed,
640 2025 747 2079 heu
776 2025 788 2078 l
820 2031 964 2078 terra
995 2039 1165 2093 super
1223 2021 1484 2076 fenestras
1519 2023 1704 2092 crevit,
1742 2031 1794 2078 et
1906 2018 2135 2071 cundum
2165 2026 2340 2071 autem
2373 2027 2620 2074 naturam
2671 2037 2790 2074 cum
2838 2023 3048 2077 venerit
3077 2021 3266 2079 bibere
3294 2039 3492 2097 aquam

178 2121 361 2176 lumen
394 2123 618 2177 intrare
665 2137 774 2177 non
808 2120 956 2187 sinit,
999 2120 1125 2192 quia
1156 2119 1425 2190 cupiditas
1457 2128 1795 2175 terrenamm
1909 2115 1976 2168 ad
2009 2115 2234 2182 fontem,
2265 2131 2371 2170 non
2405 2131 2590 2171 secum
2621 2115 2777 2173 affert
2807 2134 2960 2173 suum
2993 2134 3281 2188 venenum,
3315 2122 3412 2178 sed
3437 2122 3493 2177 in

195 2227 386 2266 rerum
441 2211 630 2266 visum
660 2209 860 2265 mentis
905 2208 1241 2265 sacerdotum
1291 2216 1559 2270 excaecat;
1593 2216 1644 2263 et
1670 2208 1794 2263 ideo
1905 2203 2066 2259 cubili
2096 2219 2196 2258 suo
2227 2204 2470 2275 deponit,
2503 2213 2552 2259 et
2584 2205 2660 2259 sic
2692 2221 2883 2276 aquam
2907 2207 3062 2263 bibit.
3093 2209 3332 2264 Tertiam
3362 2225 3494 2268 vero

179 2298 361 2354 lumen
386 2300 602 2355 divinae
633 2298 872 2354 scientias
902 2314 1007 2368 per
1033 2313 1128 2352 eos
1157 2297 1378 2351 minime
1407 2297 1461 2350 in
1491 2297 1790 2352 Ecclesiam
1903 2301 2171 2359 naturam,
2207 2293 2250 2346 si
2282 2293 2478 2348 viderit
2509 2309 2739 2364 serpens
2780 2296 3058 2352 hominem
3089 2298 3312 2366 nudum,
3345 2299 3496 2356 timet

181 2388 384 2443 radiat.
421 2388 606 2444 Stella
634 2403 754 2458 quae
783 2385 852 2441 de
880 2387 1050 2442 Iacob
1080 2394 1198 2441 orta
1229 2384 1393 2448 fulsit,
1436 2393 1520 2440 est
1547 2385 1793 2439 Christus
1903 2379 2060 2434 Valde
2093 2379 2356 2434 accedere
2407 2382 2475 2435 ad
2530 2397 2651 2436 eum
2691 2397 2702 2448 ;
2763 2382 2808 2436 εὶ
2855 2392 3035 2438 amem
3079 2386 3327 2440 vestitum
3361 2387 3494 2443 Vidit

186 2477 276 2548 qui
305 2475 373 2531 de
405 2491 628 2550 genere
660 2475 825 2531 Israel
855 2475 1058 2530 mundo
1087 2474 1283 2528 illuxit.
1330 2474 1497 2543 Cujus
1535 2474 1704 2527 virtus
1734 2481 1792 2528 ut
1901 2483 2010 2523 non
2041 2466 2196 2524 facile
2229 2467 2386 2540 fugit.
2439 2469 2700 2538 Quartam
2734 2485 2949 2542 qucque
2977 2482 3225 2528 naturam
3257 2491 3490 2546 serpen-

175 2565 458 2622 unicornis
493 2566 622 2634 fuit,
683 2564 776 2636 qui
836 2563 1021 2619 omnia
1059 2562 1330 2618 obstantia
1371 2578 1538 2618 cornu
1567 2563 1789 2634 suppri-
1903 2564 1989 2631 tis,
2023 2565 2241 2637 quando
2269 2566 2480 2620 venerit
2526 2567 2688 2622 homo
2718 2576 2770 2622 et
2803 2567 3031 2624 voluerit
3059 2587 3182 2625 eum
3214 2572 3488 2638 occidere,

175 2661 288 2716 mit.
323 2663 406 2718 De
438 2680 555 2735 quo
590 2661 859 2718 unicornu
887 2660 1018 2717 dicit
1088 2659 1443 2733 pbysiologus
1470 2659 1607 2715 hanc
1630 2668 1790 2713 natu-
1897 2661 2070 2708 totum
2104 2669 2307 2725 corpus
2336 2655 2501 2709 tradit
2529 2655 2598 2709 ad
2629 2671 2866 2726 puanam,
2908 2666 3070 2729 caput
3106 2668 3287 2714 autem
3318 2660 3494 2716 solum

177 2766 294 2805 ram
323 2751 537 2807 habere
563 2751 716 2822 quod
747 2749 1022 2805 unicornis
1056 2748 1145 2812 sit,
1183 2757 1233 2803 et
1265 2745 1406 2820 quod
1435 2747 1502 2801 sit
1531 2747 1790 2818 pusillum
1897 2741 2153 2797 custodit.
2190 2743 2293 2797 Per
2322 2743 2466 2798 hunc
2494 2743 2679 2814 itaque
2709 2753 3022 2816 serpentem
3044 2746 3269 2819 quilibet
3298 2763 3494 2820 pecca-

181 2839 395 2904 animal,
445 2848 501 2896 et
542 2840 707 2894 lime
737 2837 948 2907 similis,
985 2837 1446 2908 acerrimumque:
1479 2844 1638 2908 atque
1660 2835 1790 2892 illud
1897 2847 1984 2894 tor
2037 2839 2356 2910 designatur
2404 2839 2495 2912 qui
2539 2842 2592 2894 in
2631 2842 2816 2898 multis
2864 2845 3080 2917 ﬂagitiis
3123 2847 3482 2903 inveteratur.

187 2936 464 3008 singulare
499 2951 678 2994 cornu
709 2934 763 2990 in
793 2935 966 3006 capite
1011 2935 1229 3000 habeat,
1263 2944 1316 2989 et
1345 2933 1526 2989 nullus
1564 2943 1791 2990 venator
1897 2929 2054 2984 Hunc
2099 2937 2328 2998 oportet.
2383 2938 2441 2983 ut
2483 2929 2553 2984 ad
2596 2939 2811 3000 petram
2858 2933 3136 2989 Christum
3171 2938 3492 3008 quantocius

185 3039 305 3079 eum
338 3042 543 3098 capere
574 3033 785 3096 potest.
825 3023 931 3078 Sed
977 3023 1082 3078 hoc
1126 3032 1444 3094 argumento
1471 3023 1688 3094 capiunt
1717 3023 1788 3076 il-
1897 3016 2096 3083 veniat,
2130 3025 2419 3087 angustam
2451 3018 2596 3072 viam
2628 3035 2750 3090 quae
2797 3021 2946 3076 ducit
2973 3023 3042 3077 ad
3071 3023 3234 3078 vitam
3265 3027 3492 3098 accipiat

175 3112 282 3168 lum
317 3135 329 3169 :
362 3116 578 3170 ducunt
611 3112 852 3184 puellam
885 3111 1156 3183 virginem
1186 3112 1242 3165 in
1296 3111 1449 3165 illum
1486 3111 1664 3167 locum
1697 3111 1788 3165 ubi
1897 3113 2066 3169 veteri
2097 3114 2275 3169 tunica
2305 3114 2560 3172 vitiorum
2592 3117 2946 3186 exspolietur,
2981 3135 3124 3176 nova
3153 3129 3302 3178 veste
3333 3125 3490 3180 virtu-

171 3220 430 3279 moratur,
467 3216 535 3268 et
565 3210 844 3265 dimittunt
870 3225 991 3264 eam
1016 3208 1091 3262 ibi
1115 3208 1306 3264 solam.
1331 3207 1427 3264 Ille
1450 3216 1628 3264 autem
1658 3225 1784 3264 mox
1824 3276 1854 3279 κ
1897 3211 2011 3258 tum
2043 3201 2430 3258 circumdetur.

171 3307 223 3353 ut
247 3276 446 3356 viderit
479 3314 638 3367 «eam,
671 3297 794 3354 salit
822 3297 878 3352 in
899 3298 1076 3352 sinum
1107 3296 1335 3368 virginis
1367 3305 1421 3352 et
1451 3297 1778 3366 complecti-
1809 3276 1857 3337 (ἶ
1959 3289 2132 3346 Hodie
2184 3294 2370 3361 etiam,
2423 3291 2779 3360 dilectissimi,
2815 3294 3076 3350 Dominus
3124 3297 3376 3356 invitatus
3415 3303 3486 3358 ad

171 3396 252 3442 tur
278 3405 420 3456 eam,
453 3389 646 3445 donec
677 3385 975 3452 obdormit,
1009 3385 1195 3457 sicque
1223 3385 1704 3456 comprehenditur
1725 3393 1780 3442 et
1888 3388 2105 3459 nuptias
2137 3396 2260 3459 post
2286 3405 2483 3444 annum
2507 3389 2760 3461 baptismi
2784 3391 2887 3458 sui,
2912 3394 3174 3449 convivas
3219 3397 3483 3452 exhilara-

170 3478 500 3547 perducitur
522 3478 593 3532 ad
623 3475 885 3548 palatium
917 3475 1092 3546 regis.
1132 3475 1288 3530 Hunc
1317 3489 1418 3545 per
1453 3475 1776 3530 minacem-

171 3583 270 3629 tem
289 3574 558 3630 ‘CbrisLus
577 3573 918 3644 designatur,
935 3572 1025 3643 qui
1048 3571 1382 3642 principatus
1404 3580 1453 3627 et
1476 3579 1774 3642 potestates

170 3665 350 3720 mundi
405 3663 683 3722 cornibus
740 3661 923 3717 crucis
1000 3660 1328 3730 perdomuit,
1382 3668 1432 3714 et
1455 3660 1773 3728 jamdudum

173 3762 358 3809 cuncta
388 3769 576 3826 regna
606 3767 706 3806 suo
755 3749 986 3819 imperio
1029 3748 1298 3802 subdidit.
1338 3747 1537 3803 Puella
1566 3754 1774 3803 ornata:

169 3865 280 3905 cum
305 3853 514 3924 quibus
537 3848 766 3923 populus
787 3846 1108 3912 fornicatur,
1136 3853 1187 3901 et
1217 3845 1284 3900 ad
1309 3845 1668 3900 idololatriam
1690 3846 1774 3899 in-

168 3947 409 4018 clinatur,
437 3956 575 4004 sunt
604 3963 820 4018 pompm
841 3953 892 4000 et
913 3943 1190 3999 illecebrae
1228 3944 1435 4009 mundi,
1462 3943 1656 4015 quibus
1675 3959 1773 4014 po-

167 4039 612 4109 pulusirretitur,
639 4043 692 4091 et
709 4034 980 4090 diabolico
1022 4031 1188 4088 cultui
1221 4032 1524 4101 subjicitur.
1549 4032 1766 4087 Balaam

169 4136 337 4192 interit
385 4135 606 4211 gladio,
667 4133 799 4204 quia
854 4130 1209 4187 sacerdotalis
1252 4130 1407 4197 ordo,
1453 4129 1557 4184 dux
1588 4145 1767 4185 czrcus

179 4250 440 4291 canorum
480 4232 622 4306 perit
647 4229 832 4286 divino
858 4229 1090 4299 judicio.
1119 4229 1350 4283 Demum
1382 4244 1475 4283 rex
1507 4243 1631 4283 cum
1660 4243 1760 4298 po-

173 4330 294 4401 pulo
315 4330 736 4397 exterminatur,
770 4335 822 4384 et
842 4325 998 4399 regio
1019 4332 1415 4391 concrematur,
1439 4324 1566 4397 quia
1588 4323 1656 4378 ad
1679 4323 1764 4378 ul-

167 4427 345 4486 timum
368 4427 638 4486 diabolus
671 4441 794 4482 cum
824 4421 1074 4478 omnibus
1105 4421 1366 4477 membris
1397 4422 1508 4476 suis
1536 4421 1762 4476 damna-

166 4523 316 4595 bitur,
340 4536 390 4584 et
421 4524 516 4582 hic
547 4521 785 4578 mundus
831 4535 989 4592 quem
1038 4535 1142 4590 pro
1170 4518 1347 4591 patria
1377 4517 1696 4587 dilexerant,
1730 4534 1760 4572 a

167 4613 373 4672 ﬂamma
399 4612 717 4672 verebitur.

230 4706 395 4762 Hodie
461 4704 647 4770 etiam,
696 4696 1055 4765 dilectissimi,
1107 4697 1355 4751 Christus
1413 4699 1675 4752 aJoanne
1700 4695 1755 4751 in

168 4792 390 4851 Iordane
418 4801 547 4866 post
584 4805 702 4844 xxx
733 4802 903 4842 annos
932 4785 1246 4859 baptizatur,
1281 4795 1332 4840 et
1362 4787 1558 4841 cmlum
1591 4787 1643 4841 ei
1673 4801 1755 4842 re-

169 4892 380 4951 seratur,
409 4893 463 4940 et
494 4879 739 4952 Spiritus
771 4883 988 4932 sanctus
1018 4876 1074 4930 in
1105 4876 1353 4930 columba
1386 4876 1567 4946 specie
1587 4891 1754 4947 super

1887 3477 1987 3543 vit,
2020 3478 2146 3532 dum
2179 3477 2464 3533 deficiente
2493 3479 2620 3534 vino
2649 3495 2744 3534 sex
2776 3480 2998 3550 hydrias
3028 3499 3184 3554 aquae
3215 3485 3270 3539 in
3301 3487 3483 3542 vinum

1885 3565 2232 3622 commutavit
2263 3567 2447 3635 (Joan.
2482 3568 2572 3636 ιι).
2611 3568 2691 3623 De
2720 3569 2826 3624 hoc
2855 3568 2980 3624 vino
3009 3587 3111 3627 nos
3141 3589 3357 3646 quoque
3385 3593 3483 3647 po-

1885 3672 1978 3730 tat,
2010 3664 2137 3718 dum
2171 3664 2286 3719 haec
2308 3681 2410 3718 nos
2440 3665 2755 3736 spiritaliter
2773 3665 3079 3739 intelligere
3102 3669 3287 3728 donat.
3313 3676 3481 3730 Istum

1883 3761 2024 3816 diem
2062 3762 2218 3816 etiam
2251 3762 2484 3833 gentiles
2507 3762 2635 3817 olim
2659 3762 2928 3819 celebrem
2958 3766 3250 3835 ducebant,
3277 3771 3345 3825 ob
3380 3773 3478 3828 tri-

1879 3867 2008 3905 num
2046 3851 2383 3920 triumphum
2422 3867 2582 3922 quem
2628 3851 2790 3906 hodie
2819 3853 3049 3908 Romani
3077 3858 3325 3928 Augusto
3354 3862 3476 3916 Cae-

1884 3947 1993 4002 sari
2027 3947 2375 4013 exhibebant,
2423 3963 2488 4004 eo
2544 3948 2688 4019 quod
2748 3949 2850 4002 tria
2881 3965 3070 4022 regna,
3106 3953 3303 4009 scilicet
3337 3956 3474 4012 Par-

1880 4036 2071 4101 tltiam,
2132 4035 2445 4106 JEgypmm
2507 4044 2559 4090 et
2614 4036 2847 4091 mediam
2876 4037 3193 4108 devincens,
3229 4042 3474 4103 Romano

1879 4132 2113 4203 imperio
2144 4133 2563 4204 subjugaverat.
2586 4135 2737 4189 Hunc
2760 4135 3108 4193 nihilominus
3129 4139 3372 4197 Ecclesia
3402 4145 3473 4200 ob

1877 4229 1993 4276 tres
2027 4237 2223 4276 causas
2256 4221 2554 4276 solemnem
2579 4223 2805 4292 judicat,
2838 4233 2890 4279 et
2920 4227 3038 4297 regi
3065 4231 3311 4285 omnium
3343 4249 3464 4288 cum

1885 4318 2196 4390 triumphali
2226 4318 2385 4375 laude
2413 4320 2628 4391 jubilat,
2673 4322 2817 4392 quod
2848 4323 3102 4380 videlicet
3141 4335 3251 4382 tres
3279 4340 3465 4399 partes

1881 4406 2092 4475 mundi,
2143 4407 2310 4462 hodie
2366 4425 2469 4478 per
2520 4417 2631 4464 tres
2660 4409 2856 4481 Magos
2885 4421 3104 4483 sceptro
3134 4415 3217 4470 sui
3245 4418 3471 4477 dominii

1876 4495 2134 4561 subdidit,
2190 4504 2242 4550 et
2291 4497 2521 4552 crimina
2562 4502 2751 4552 nostra
2794 4499 2849 4552 in
2895 4501 3133 4557 Jordane
3178 4504 3367 4574 abluit,
3413 4518 3466 4564 et

1784 4633 1842 4696 D
1870 4609 2065 4666 aquam
2095 4593 2233 4667 legis
2262 4594 2424 4650 hodie
2454 4594 2507 4648 in
2539 4595 2721 4650 vinum
2751 4597 2944 4668 gratia.-
2964 4597 3031 4652 ad
3062 4600 3332 4671 spiritales
3360 4621 3466 4662 nu-

1872 4684 2017 4754 ptias
2050 4683 2350 4737 transtulit.
2393 4684 2561 4752 Hujus
2592 4685 2843 4756 imperio,
2876 4686 3198 4756 charissimi,
3231 4707 3328 4746 vos
3352 4701 3462 4750 tota

1869 4788 2049 4836 mente
2073 4789 2125 4836 et
2145 4781 2308 4836 corde
2332 4781 2567 4849 subdite,
2589 4781 2835 4836 debitum
2856 4784 3140 4839 servitium
3162 4788 3310 4843 omni
3331 4797 3458 4846 tem-

1863 4896 2004 4950 pore
2025 4881 2073 4934 ei
2095 4879 2407 4950 persolvite,
2428 4887 2484 4934 ut
2505 4889 2628 4952 post
2647 4881 2804 4949 hujus
2825 4880 3036 4936 misera:
3057 4882 3454 4958 v'itzeinOpiam,

167 4994 279 5036 eum
307 4979 1039 5046 descendissememoratur,
1060 4981 1110 5030 et
1130 4982 1354 5046 paterna
1370 4990 1470 5030 vox
1493 4973 1753 5030 dilectum
1859 4977 2173 5049 percipiatis
2204 4978 2272 5033 ab
2313 4977 2409 5032 illo
2440 4977 2658 5034 divitias
2705 4986 2758 5034 et
2804 4977 3036 5051 gloriam
3068 4997 3230 5053 quam
3261 4987 3454 5043 oculus

166 5074 319 5135 ﬁlium
346 5084 690 5155 protestetur
718 5074 942 5144 (Matth.
974 5072 1384 5142 m).Dominus,
1418 5072 1747 5142 cbarissimi,
1855 5091 1969 5131 non
2001 5075 2134 5130 vidit
2165 5076 2213 5145 (I
2243 5074 2372 5131 Cor.
2407 5077 2488 5144 ιι).

595 5353 1216 5462 DOMINICA
1289 5351 1676 5462 PRIMA
1751 5353 2083 5462 POST
2160 5359 2970 5466 EPIPIIANIAM.

1846 5565 2192 5623 duodennem
2212 5568 2376 5629 venit.
2396 5570 2559 5641 coepit
2579 5575 2793 5644 aperire
2815 5582 2950 5652 quid
2978 5585 3334 5647 Patricoelesti
3353 5592 3444 5653 de-

1847 5656 2017 5725 beret,
2042 5657 2170 5728 quid
2194 5665 2425 5712 terrenae
2446 5661 2626 5716 matri.
2653 5663 2801 5722 [Etas
2823 5677 3004 5727 autem
3031 5675 3338 5736 duodennis
3356 5690 3443 5758 ty-

1849 5771 1951 5825 pus
1986 5763 2098 5810 erat
2129 5756 2417 5812 duodecim
2448 5762 2841 5833 apostolorum,
2883 5785 2984 5838 per
3019 5789 3156 5844 quos
3186 5756 3442 5840 divinitas

1858 5860 1908 5907 et
1940 5853 2246 5907 humanitas
2275 5857 2389 5924 ejus
2429 5867 2543 5913 erat
2585 5876 2685 5931 per
2714 5863 2902 5920 orbem
2945 5870 3260 5931 nuntianda.
3291 5877 3444 5936 ditas

1860 5939 2165 5998 duodennis
2196 5950 2357 6014 typus
2387 5953 2508 6002 erat
2537 5947 2821 6009 duodecim
2863 5957 3096 6026 gradum
3127 5961 3438 6021 humilitatis

227 5597 238 5623 ι
270 5578 393 5636 Cum
410 5579 598 5637 factus
614 5582 764 5630 esset
778 5574 806 5630 J
811 5590 936 5631 esus
949 5587 1214 5628 annorum
1227 5568 1540 5638 duodecim,
1557 5583 1742 5624 ascen-

159 5667 388 5732 dentibus
417 5675 535 5731 illis
574 5671 631 5726 in
676 5667 1116 5742 Hierosolymam
1164 5666 1468 5723 secundum
1499 5680 1737 5722 consue-

160 5759 379 5822 tudinem
395 5763 516 5823 diei
532 5759 680 5826 festi,
704 5756 1208 5830 consummatisque
1226 5755 1440 5824 diebus,
1463 5769 1591 5811 cum
1606 5752 1739 5809 redi-

163 5867 282 5928 rent,
309 5860 577 5920 remansit
601 5873 736 5928 puer
761 5857 921 5913 Jesus
949 5856 1004 5910 in
1031 5853 1396 5922 Hierusalem,
1431 5861 1484 5908 et
1504 5867 1607 5906 non
1641 5865 1738 5904 co-

163 5959 452 6013 gnoverunt
479 5954 749 6022 parentes
781 5946 901 6016 ejus
927 5945 1092 6015 (Luc.
1133 5946 1214 6014 ιι).
1255 5968 1274 5991 υ
1312 5941 1412 5998 Ubi
1431 5942 1497 5996 ad
1529 5948 1742 5996 aetatem
