3924 6396
416 399 521 453 815

1552 387 1896 447 W’ERNERI
1930 389 2217 450 ABBATIS
2256 391 2313 451 S.
2348 391 2571 450 BLASII

3625 395 3723 450 816

417 522 476 577 in
495 518 865 577 ascendendo.
901 515 1125 573 Primus
1146 514 1333 587 itaque
1368 513 1578 587 gradus
1596 514 1915 572 humilitatis
1937 523 2021 573 est
2051 517 2108 577 A
2136 515 2338 573 docere
2391 516 2592 572 audeat
2629 515 3028 587 (Auaaosws.)
3051 517 3179 574 Post
3195 516 3438 573 triduum
3458 516 3723 588 reperitur

421 610 590 668 corde
619 618 673 666 et
698 623 936 680 corpore
964 621 1181 678 semper
1208 602 1567 660 humilitatem
1588 604 1904 671 ostendere.
1931 606 2030 662 de-

422 699 544 756 ﬁxis
573 699 630 755 in
659 707 859 756 terram
887 694 1271 768 conspectibus
1295 710 1309 757 ;
1349 693 1622 750 secundus
1645 738 1660 760 ,
1689 702 1747 750 ut
1774 710 1950 767 pauca
1980 701 2035 752 et

423 787 778 846 rationabilia
806 786 978 843 verba
1008 785 1300 858 loquatur,
1345 798 1456 839 non
1496 783 1550 837 in
1578 782 1821 840 clamosa
1850 800 1990 842 voce
2015 799 2030 856 ;

426 877 643 945 tertius,
674 876 859 933 sinon
907 873 1081 931 facilis
1120 881 1214 930 aut
1263 879 1555 945 promptus
1600 871 1766 929 fuerit
1793 873 1849 928 in
1878 873 2028 949 risu;

429 982 673 1051 quartus,
733 972 1082 1030 taciturnitas
1155 987 1334 1044 usque
1390 970 1461 1025 ad
1531 969 2030 1043 interrogationes;

435 1066 676 1139 quintus,
707 1070 893 1119 tenere
922 1061 1071 1134 quod
1101 1059 1410 1117 communis
1438 1059 1635 1133 regula
1664 1061 1865 1130 habet;
1897 1077 2032 1118 sex-

430 1164 536 1223 tus,
583 1152 816 1211 credere
854 1160 908 1207 et
947 1150 1306 1223 pronuntiare
1347 1165 1408 1206 se
1437 1150 1691 1205 omnibus
1732 1150 2031 1218 viliorem;

430 1252 713 1326 septimus,
736 1249 809 1306 ad
836 1248 1018 1306 omnia
1036 1248 1321 1321 indignum
1343 1256 1398 1305 et
1417 1248 1665 1305 inutilem
1695 1265 1756 1305 se
1783 1248 2034 1306 conﬁteri

439 1342 681 1411 debere;
712 1346 937 1397 octavus
974 1337 1249 1395 confessio
1274 1345 1626 1410 peccatorum
1652 1353 1665 1408 ;
1694 1353 1893 1408 nonus,
1929 1353 2034 1411 pro

436 1428 752 1490 obedientia
777 1427 833 1483 in
862 1426 1016 1483 duris
1042 1434 1096 1483 et
1124 1426 1341 1498 asperis
1379 1427 1697 1499 patientiam
1734 1427 2032 1500 amplecti;

432 1520 680 1579 decimus
707 1516 872 1575 omni
906 1514 1222 1572 obedientia
1265 1515 1427 1572 subdi
1476 1516 1729 1573 omnibus
1757 1534 1771 1582 ;
1798 1516 2035 1574 undeci-

432 1636 576 1688 mus,
594 1616 882 1691 propriam
901 1630 1015 1672 non
1037 1629 1226 1671 amare
1255 1614 1591 1672 voluntatem
1613 1634 1627 1683 ;
1654 1614 2032 1683 duodecimus,

436 1711 635 1766 timore
662 1705 884 1763 Domini
913 1704 1188 1762 custodire
1207 1720 1270 1761 se
1297 1705 1447 1761 omni
1473 1705 1610 1761 hora
1631 1705 1701 1760 ab
1729 1703 1882 1761 omni
1907 1719 2030 1776 pec-

432 1808 577 1858 cato.
624 1798 747 1853 Duo
796 1794 959 1867 primi
1009 1795 1204 1850 horum
1252 1794 1521 1866 graduum
1551 1801 1713 1849 extra
1739 1793 2037 1850 claustrum

2141 605 2198 660 in
2226 604 2429 678 templo
2458 605 2597 661 dans
2620 605 2905 676 judicium,
2941 605 3070 678 quia
3113 613 3238 679 post
3267 606 3503 662 triduum
3533 605 3722 661 trium-

2141 694 2320 766 phalis
2374 694 2652 767 passionis
2715 704 3027 768 resurgeret
3078 696 3171 769 qui
3216 704 3460 753 mortuus
3530 694 3724 752 crede-

2140 780 2323 838 batur.

2220 881 2579 954 «Stupebant
2631 885 2811 939 autem
2868 897 3059 939 omnes
3104 882 3197 956 qui
3249 898 3372 939 eum
3419 880 3721 952 audiebant,

2141 985 2309 1042 super
2337 971 2627 1044 prudentia
2646 980 2699 1028 et
2728 972 3016 1046 responsis
3044 974 3179 1042 ejus.
3204 972 3272 1028 Et
3299 971 3545 1028 videntes
3572 971 3714 1029 admi

2140 1059 2247 1115 rati
2275 1068 2427 1116 sunt.
2467 1084 2490 1110 ι»
2522 1062 2604 1117 Eo
2634 1062 2870 1133 amplius
2918 1062 3210 1134 stupebant
3252 1078 3418 1135 super
3445 1060 3726 1134 prudentia

2140 1156 2587 1229 responsionum,
2622 1174 2733 1232 quo
2761 1158 3091 1231 paucitatem
3132 1158 3391 1216 videbant
3428 1174 3719 1215 annorum.

2139 1246 2391 1302 Divinam
2421 1247 2744 1319 sapientiam
2773 1248 2959 1322 lingua
2988 1248 3276 1321 prodebat,
3309 1247 3409 1305 sed
3438 1247 3730 1304 infirmita-

2150 1348 2260 1398 tem
2288 1343 2586 1399 humanam
2614 1352 2749 1400 atas
2778 1344 3170 1417 pratendebat.

2220 1454 2242 1481 α
2275 1431 2347 1489 Et
2376 1432 2510 1488 dixit
2536 1441 2715 1490 mater
2746 1433 2865 1504 ejus
2893 1433 2966 1490 ad
2989 1433 3141 1490 illum
3177 1452 3190 1490 :
3238 1433 3360 1503 Fili,
3407 1433 3532 1507 quid
3558 1432 3733 1492 fecisti

2140 1520 2300 1578 nobis
2320 1521 2399 1579 sic
2415 1524 2444 1576 εἰ
2473 1523 2623 1580 Ecce
2649 1529 2805 1596 pater
2832 1531 2958 1581 tuus
2976 1532 3030 1581 et
3050 1540 3154 1598 ego
3181 1523 3432 1582 dolentes
3460 1524 3733 1597 quaereba-

2143 1634 2277 1675 mus
2307 1626 2377 1675 te.
2408 1618 2480 1675 Et
2508 1619 2582 1676 ait
2608 1620 2679 1676 ad
2705 1619 2830 1677 illos
2863 1639 2876 1676 :
2922 1620 3065 1692 Quid
3095 1630 3185 1678 est
3212 1621 3357 1695 quod
3395 1638 3483 1679 me
3518 1638 3730 1695 quare-

2142 1708 2287 1764 batis
2305 1710 2333 1762 ‘?
2362 1708 2709 1766 Nesciebatis
2731 1710 2856 1783 quia
2884 1709 2939 1765 in
2981 1710 3069 1767 his
3120 1727 3244 1784 qua
3274 1710 3451 1767 Patris
3478 1711 3583 1768 mei
3609 1719 3732 1767 sunt

2142 1805 2365 1870 Oportet
2391 1814 2481 1855 me
2516 1815 2661 1856 esse.
2698 1822 2720 1848 υ
2755 1800 2881 1856 Non
2928 1799 3075 1873 quod
3122 1815 3221 1857 eos
3265 1799 3357 1873 qui
3385 1800 3539 1874 quasi
3563 1799 3731 1856 ﬁlium

427 1884 751 1946 monasterii
807 1881 1144 1941 ascendendi
1195 1891 1341 1951 sunt,
1401 1890 1461 1938 ut
1517 1883 1740 1939 demum
1768 1882 1846 1971 in
1873 1882 2033 1939 tertio
2060 1877 2114 1938 Β
2149 1903 2403 1968 quam-un;
2458 1895 2753 1969 vituperat,
2810 1897 2909 1953 sed
2957 1896 3106 1971 cogi;
3133 1912 3231 1953 eos
3271 1899 3510 1954 mouere
3536 1895 3731 1953 manu,

432 1977 613 2054 gradu
641 1973 906 2031 subdatur
952 1970 1148 2043 majori
1194 1971 1289 2045 qui
1322 1972 1588 2029 ascendit.
1621 1972 1718 2027 His
1747 1970 2040 2028 duodecim

434 2074 707 2151 gradibus
750 2073 808 2130 in
853 2070 1185 2128 ascensione
1229 2075 1582 2143 cpponuntur
1622 2070 1721 2126 alii
1748 2070 2040 2127 duodecim

430 2161 707 2238 superbiae
736 2162 793 2218 in
824 2159 1217 2217 descensione.
1253 2160 1470 2217 Primus
1500 2159 1687 2233 itaque
1706 2158 1917 2233 gradus
1946 2176 2040 2215 su-

429 2253 639 2328 perbia
681 2251 740 2307 in
783 2248 1176 2308 descendendo
1208 2256 1294 2304 est
1339 2249 1647 2317 curiositas,
1692 2264 1816 2306 cum
1862 2247 2039 2306 oculis

436 2341 762 2414 caterisque
791 2340 1046 2397 sensibus
1075 2345 1315 2411 vagatur
1343 2337 1400 2393 in
1425 2355 1488 2395 ea
1508 2356 1630 2411 qua
1658 2338 1727 2394 ad
1759 2354 1820 2393 se
1846 2354 1958 2394 non
1985 2354 2039 2393 a-

439 2445 643 2514 tinent;
668 2439 971 2506 secundus,
995 2438 1190 2494 levitas
1222 2436 1443 2503 mentis,
1472 2453 1594 2509 qua
1625 2452 1725 2507 per
1752 2438 1930 2495 verba
1948 2434 2038 2491 in-

441 2534 691 2590 discrete
711 2532 834 2588 lata
857 2528 944 2585 vel
971 2528 1147 2582 tristia
1168 2533 1452 2593 notantur;
1486 2525 1693 2593 tertius,
1728 2525 1910 2599 inepta
1936 2526 2037 2582 la—

429 2630 572 2697 titia,
615 2644 739 2701 qua
788 2642 891 2699 per
938 2624 1256 2682 facilitatem
1302 2623 1444 2679 risus
1489 2631 1744 2691 notatur;
1785 2631 2031 2697 quartus,

424 2718 710 2790 jactantia,
742 2732 866 2789 qua
912 2714 970 2769 in
1005 2712 1359 2786 multiloquio
1403 2710 1761 2783 diffunditur;
1795 2713 2032 2786 quintus,

426 2807 786 2883 singularitas
822 2803 1054 2877 privata,
1099 2802 1361 2860 affectare
1405 2818 1529 2858 cum
1558 2801 1773 2875 gloria;
1822 2810 2031 2870 sextus,

426 2912 762 2981 arroganter
789 2903 1018 2960 credere
1049 2918 1109 2959 se
1138 2901 1390 2959 omnibus
1432 2899 1767 2957 sanctiorem
1794 2918 1810 2969 ;
1857 2900 2034 2972 septi-

422 3013 567 3065 mus,
599 2992 954 3069 prasumptio
1005 2991 1077 3049 ad
1123 2992 1307 3048 omnia
1338 3005 1401 3046 se
1428 2989 1684 3063 ingerere
1718 3007 1734 3056 ;
1779 2998 2030 3061 octavus,

423 3086 673 3145 defensio
710 3090 1069 3157 peccatorum
1102 3096 1117 3152 ;
1174 3096 1374 3148 nonus,
1439 3078 1693 3135 simulata
1733 3078 2029 3141 confessio.

426 3201 549 3260 qua
570 3199 675 3257 per
703 3182 842 3238 dura
890 3188 946 3237 et
1000 3194 1198 3252 aspera
1250 3178 1489 3248 injuncta
1540 3177 1844 3250 probatur;
1877 3176 2034 3234 deci-

2148 1984 2338 2041 oculos
2391 1985 2464 2041 ad
2519 1985 2877 2059 quaerendum
2920 1986 3051 2059 quid
3093 1985 3292 2043 debeat
3336 1993 3536 2044 aterno
3565 1985 3727 2054 Patri,

2147 2084 2444 2141 ostendens
2476 2093 2528 2141 et
2554 2085 2818 2159 templum
2871 2094 2924 2142 et
2979 2091 3164 2143 omnia
3209 2104 3330 2160 qua
3359 2088 3538 2144 Patris
3581 2095 3729 2157 sunt,

2145 2190 2258 2230 non
2286 2174 2466 2231 minus
2496 2175 2568 2232 ad
2597 2192 2659 2232 se
2682 2191 2846 2249 quam
2862 2175 2932 2232 ad
2955 2177 3171 2232 Patrem
3190 2178 3486 2250 pertinere,
3510 2193 3734 2251 quorum

2145 2278 2256 2319 una
2284 2264 2541 2335 majestas
2570 2273 2672 2322 est.

2225 2376 2247 2402 α
2280 2354 2351 2408 Et
2379 2353 2484 2425 ipsi
2513 2370 2623 2411 non
2651 2354 3037 2413 intellexerant
3084 2354 3311 2413 verbum
3354 2356 3501 2429 quod
3525 2356 3734 2414 locutus

2146 2449 2230 2497 est
2262 2441 2331 2498 ad
2361 2442 2517 2499 illos.
2556 2445 2627 2500 Et
2653 2444 2938 2503 descendit
2955 2461 3079 2503 cum
3109 2445 3189 2502 eis
3204 2453 3257 2502 et
3278 2447 3424 2502 venit
3447 2446 3732 2513 Nazareth,

2145 2548 2199 2596 et
2227 2548 2345 2597 erat
2370 2541 2583 2597 subitus
2610 2540 2742 2599 illis.
2781 2566 2804 2592 ιι
2836 2543 2981 2612 Quid
3029 2543 3100 2600 de
3129 2558 3229 2599 sua
3254 2542 3530 2601 divinitate
3555 2543 3736 2615 loqui-

2143 2637 2233 2686 tur
2261 2646 2373 2686 non
2401 2630 2715 2704 intelligunt
2759 2641 3045 2704 parentes,
3075 2640 3131 2689 et
3157 2641 3338 2689 tamen
3379 2631 3496 2704 ipse
3525 2633 3736 2690 conde-

2142 2720 2377 2789 scendit,
2410 2728 2465 2777 et
2492 2720 2746 2777 subditur
2771 2722 2881 2777 illis
2905 2730 2966 2779 ut
2991 2723 3217 2796 impleat
3233 2724 3466 2783 oﬂicium
3494 2723 3729 2795 pietatis.

2144 2807 2420 2877 Quantum
2477 2826 2610 2882 ergo
2667 2810 2934 2867 debemus
2998 2812 3225 2870 obedire
3285 2815 3423 2882 Deo,
3477 2811 3733 2885 quoniam

2142 2897 2360 2970 quidem
2391 2906 2446 2955 et
2473 2898 2592 2971 ipse
2618 2900 2774 2957 Deus
2802 2900 2988 2957 obedit
3015 2901 3345 2959 hominibus.

2214 3022 2237 3049 (ι
2269 3000 2339 3055 Et
2366 3007 2545 3056 mater
2570 3000 2689 3069 ejus
2727 2999 3091 3056 conservabat
3128 3001 3308 3057 omnia
3341 3001 3504 3059 verba
3529 3001 3648 3059 hac
3672 3000 3729 3056 in

2141 3089 2308 3147 corde
2336 3104 2466 3145 suo.
2511 3112 2532 3139 υ
2570 3088 2769 3145 Omnia
2797 3105 2919 3161 qua
2956 3089 3025 3144 de
3071 3090 3305 3148 Domino
3332 3091 3420 3148 vel
3443 3107 3476 3147 a
3500 3090 3728 3148 Domine

2142 3178 2286 3236 dicta
2314 3177 2404 3235 vel
2434 3177 2581 3235 facta
2610 3178 2889 3250 cognovit,
2920 3176 3037 3235 sive
3063 3177 3333 3236 intellecta
3360 3179 3476 3237 sive
3501 3195 3612 3237 non
3638 3179 3727 3235 in-

417 3245 829 3342 mus,.rebellio
855 3269 913 3325 in
957 3245 1382 3342 maéistrumtet
1409 3245 1642 3338 fratres;
1671 3245 2022 3335 undecimus,
2062 3245 2113 3310 Ο
2143 3267 2363 3324 tellecta
2392 3267 2450 3322 in
2477 3245 2752 3324 memoria
2794 3266 3128 3323 recondebat
3168 3269 3261 3340 pia
3300 3277 3476 3325 mater
3496 3276 3553 3325 ut
3582 3277 3727 3325 tem-

417 3364 648 3423 libertas
696 3357 1006 3433 peccandi;
1057 3356 1439 3425 duodecimus,
1502 3355 1843 3413 consuetudo
1882 3370 2022 3429 pec-

419 3461 605 3521 candi.
634 3461 757 3517 Duo
788 3458 882 3514 isti
932 3455 1110 3513 ultimi
1152 3455 1428 3528 superbia
1467 3454 1672 3527 gradus
1698 3453 1844 3510 intra
1872 3453 2025 3511 clau-

426 3559 599 3609 strum
656 3546 922 3605 descendi
964 3561 1075 3602 non
1128 3551 1385 3617 possunt.
1444 3543 1763 3600 Notandum
1801 3558 2025 3616 quoque

422 3640 571 3715 quod
598 3638 657 3693 in
701 3644 914 3709 septem
963 3633 1343 3707 superioribus
1387 3640 1646 3689 notantur
1680 3639 2026 3705 contemptus

417 3732 655 3787 fratrum
679 3746 693 3794 ;
722 3725 780 3782 in
809 3733 1045 3799 quatuor
1075 3722 1431 3796 sequentibus
1476 3729 1821 3794 contemptus
1847 3720 2026 3794 magi-

418 3820 523 3877 stri
545 3838 560 3886 ;
585 3816 643 3872 in
671 3815 887 3873 duobus
916 3813 1010 3887 qui
1041 3820 1249 3870 restant
1275 3818 1623 3883 contemptus
1658 3810 1784 3868 Dei.
1831 3810 1941 3867 Sed
1969 3817 2027 3866 ut

418 3917 493 3975 ad
538 3914 886 3972 duodennem
943 3917 1164 3967 atatem
1213 3907 1420 3965 Christi
1472 3906 1566 3979 qui
1620 3909 1813 3963 horum
1866 3914 2027 3979 typus

420 4013 535 4065 erat
564 4003 872 4072 redeamus,
907 4007 1055 4057 recte
1082 3999 1138 4053 in
1167 3998 1275 4054 hoc
1302 3995 1645 4053 duodenario
1684 4011 1916 4052 numero
1938 3997 2028 4067 ju-

418 4105 523 4161 bar
548 4098 908 4175 perfectionis
939 4098 1059 4168 ejus
1105 4094 1296 4167 incipit
1341 4093 1631 4151 declarari.
1661 4093 1943 4150 Bemansit
1969 4093 2026 4149 in

421 4189 767 4249 Hierusalem
822 4186 941 4243 sine
997 4183 1337 4258 parentibus,
1392 4191 1452 4239 ut
1507 4198 1610 4239 nos
1638 4182 1939 4241 instrueret
1965 4198 2027 4239 se

421 4291 607 4348 Deum
636 4283 900 4343 habuisse
927 4284 1168 4352 Patrem,
1206 4288 1505 4354 antequam
1532 4281 1769 4337 mundus
1796 4278 1978 4338 ﬁeret.

502 4402 525 4427 α
559 4373 956 4433 Existimantes
986 4369 1138 4427 illum
1163 4377 1350 4426 autem
1380 4385 1505 4426 esse
1532 4368 1590 4425 in
1618 4368 1894 4441 comitatu,
1925 4386 2027 4427 ve-

420 4472 618 4527 nerunt
644 4463 747 4520 iter
777 4459 888 4517 diei
929 4467 984 4518 et
1022 4457 1374 4531 requirebant
1416 4473 1542 4515 eum
1589 4458 1732 4515 inter
1758 4465 2028 4532 cognatos

424 4573 483 4627 et
507 4570 689 4623 notos.
720 4559 791 4616 Et
820 4574 931 4615 non
961 4556 1304 4615 invenientes
1325 4555 1572 4629 regressi
1601 4563 1726 4613 sunt
1753 4556 1810 4612 in
1839 4557 2030 4613 Hieru-

422 4655 597 4716 salem
624 4648 971 4724 requirentes
1000 4662 1150 4703 enm.
1196 4669 1217 4697 ι
1253 4644 1311 4702 Si
1340 4645 1461 4718 quis
1507 4653 1719 4716 quarat
1747 4645 2022 4720 quomodo

417 4759 681 4831 parentes
708 4745 1051 4820 reliquerunt
1076 4759 1202 4801 eum
1233 4750 1385 4800 tanta
1437 4759 1574 4800 cura
1601 4743 1888 4812 nutritum,
1921 4760 2018 4801 re-

424 4851 761 4929 spondemus
781 4845 905 4919 quia
919 4842 1046 4899 ﬁliis
1066 4842 1239 4898 Israel
1254 4857 1375 4897 mos
1394 4840 1492 4898 fuit
1509 4849 1568 4896 ut
1588 4843 1921 4915 temporibus
1942 4840 2022 4898 fe-

422 4954 545 5020 stis,
575 4948 663 5007 vel
690 4943 1114 5016 Hierosolyman
1147 4940 1421 5012 euntibus,
1454 4940 1547 4997 vel
1575 4939 1703 4998 inde
1734 4940 2021 4999 redeunti-

420 5054 548 5123 bus,
580 5058 835 5106 seorsum
882 5041 1005 5113 viri,
1055 5054 1307 5099 seorsum
1349 5040 1675 5097 incederent
1701 5040 1938 5113 femina,
1971 5049 2025 5098 et

421 5148 580 5224 pueri
610 5160 737 5204 cum
767 5139 1009 5215 quolibet
1033 5145 1261 5212 parente
1307 5137 1475 5195 irent.
1520 5138 1759 5212 ideoque
1796 5138 2021 5196 Mariam

420 5256 477 5306 et
516 5245 725 5318 Ioseph
762 5239 1011 5299 vicissim
1057 5245 1284 5311 putasse
1324 5237 1515 5297 Iesum
1558 5253 1683 5294 cum
1713 5235 1886 5294 altero
1914 5253 2019 5311 pa-

419 5352 578 5404 rente
606 5358 730 5401 esse
759 5339 817 5396 in
846 5336 1190 5395 reversione.

497 5465 520 5492 ε
552 5442 625 5499 Et
652 5439 853 5496 factum
890 5442 975 5492 est
1002 5441 1127 5507 post
1168 5432 1411 5491 triduum
1442 5433 1767 5493 invenerunt
1786 5433 1938 5492 illum
1962 5435 2021 5491 in

416 5539 645 5612 templo,
674 5536 954 5593 sedentem
982 5533 1039 5589 in
1064 5533 1249 5590 medio
1279 5532 1585 5601 doctorum,
1617 5531 1934 5591 audientem
1962 5533 2025 5589 il-

411 5635 503 5694 los
522 5641 580 5693 et
605 5633 1061 5705 interrogantem.
1104 5651 1128 5682 ι
1161 5628 1330 5700 Quasi
1363 5628 1484 5688 fons
1528 5630 1809 5703 sapientia
1840 5630 2021 5689 docto-

411 5739 537 5780 rum
564 5720 779 5778 medius
802 5718 1067 5789 sedebat;
1100 5718 1199 5773 sed
1228 5715 1388 5792 quasi
1428 5713 1711 5792 exemplar
1732 5720 2019 5777 humilita-

414 5811 491 5867 tis
519 5810 673 5883 prius
697 5808 1001 5879 interrogat
1032 5813 1086 5862 et
1117 5806 1267 5862 audit
1296 5822 1462 5878 quam
1490 5808 1747 5872 instruat,
1776 5824 1848 5864 ne
1877 5824 2016 5881 par-

415 5898 531 5958 vuli
556 5914 590 5957 a
618 5894 928 5977 senioribus
973 5893 1163 5956 doceri
1191 5895 1544 5965 erubescant,
1591 5902 1645 5953 et
1668 5910 1735 5954 ne
1751 5892 1769 5951 i
1786 5895 2016 5957 nfirmus

2138 3379 2275 3436 pore
2306 3380 2407 3421 suo
2436 3364 2698 3421 universa
2728 3375 2894 3437 prout
2919 3373 3081 3441 gesta
3117 3374 3274 3423 erant
3300 3366 3645 3440 intelligeret,
3672 3373 3730 3424 et

2134 3454 2510 3526 quarentibus
2533 3454 2858 3527 explicaret.

2215 3566 2238 3592 ι
2270 3543 2341 3599 Et
2366 3544 2529 3599 Iesus
2556 3542 2887 3616 proﬁciebat
2912 3552 3071 3602 atate
3100 3552 3155 3601 et
3183 3544 3363 3619 gratia
3377 3544 3516 3617 apud
3542 3543 3724 3601 Deum

2135 3649 2189 3699 et
2213 3640 2486 3698 homines.
2522 3664 2544 3691 ιι
2578 3641 2853 3713 Sapientia
2874 3644 3112 3714 pertinet
3132 3641 3199 3698 ad
3215 3643 3480 3709 animam,
3498 3650 3634 3699 atas
3651 3642 3723 3698 ad

2134 3746 2355 3803 corpus,
2393 3729 2570 3802 gratia
2618 3731 2687 3786 ad
2730 3731 3019 3803 utriusque
3064 3730 3318 3787 salutem.
3345 3732 3516 3788 Etate
3540 3730 3722 3802 itaque

2133 3818 2481 3891 proﬁciebat,
2524 3818 2664 3875 sicut
2700 3818 2886 3875 carnis
2924 3827 3008 3876 est
3044 3818 3385 3876 incrementa
3412 3818 3718 3890 suscipere:

2134 3932 2305 3990 porro
2328 3917 2485 3987 juxta
2545 3916 2691 3989 quod
2750 3926 2908 3975 atate
2958 3915 3299 3990 proficiebat,
3347 3916 3493 3973 dona
3529 3917 3724 3988 gratia

2135 4024 2258 4079 qua
2288 4006 2393 4062 sibi
2421 4005 2634 4062 inerant
2662 4015 2717 4062 et
2755 4007 3036 4081 sapientia
3062 4007 3246 4079 magis
3272 4022 3335 4063 ac
3362 4004 3541 4078 magis
3566 4013 3726 4077 pate-

2134 4096 2374 4153 faciebat
2420 4096 2754 4166 hominibus,
2814 4097 2961 4170 quod
3015 4104 3135 4153 erat
3177 4082 3442 4167 sapientia
3470 4103 3522 4151 et
3547 4094 3726 4166 gratia

2134 4183 2406 4258 proiicere
2436 4200 2548 4241 non
2568 4185 2623 4241 in
2654 4202 2735 4255 se,
2766 4184 2867 4241 sed
2896 4186 2953 4241 in
2975 4184 3093 4242 aliis
3118 4204 3132 4253 ;
3165 4184 3307 4256 apud
3335 4185 3505 4240 Deum
3534 4190 3586 4239 et
3612 4183 3723 4238 ho-

2133 4278 2331 4349 mines,
2362 4279 2420 4335 id
2446 4280 2621 4336 estad
2650 4279 2914 4336 honorem
2944 4279 3045 4337 Dei
3075 4286 3127 4336 et
3156 4278 3385 4334 salutem
3412 4277 3714 4334 hominum.

2136 4370 2198 4425 In
2228 4385 2288 4425 se
2316 4376 2501 4425 autem
2552 4384 2901 4443 nequaquam
2947 4383 3051 4441 per
3097 4366 3382 4424 intervalla
3422 4374 3723 4438 temporum

2136 4465 2455 4539 proﬁciebat
2487 4466 2758 4539 sapientia
2784 4466 2872 4522 vel
2901 4464 3097 4541 gratia,
3133 4464 3259 4537 quia
3277 4465 3348 4521 ab
3374 4464 3508 4521 hora
3534 4477 3726 4520 conce-

2135 4565 2337 4638 ptionis
2364 4565 2559 4639 plenus
2588 4565 2689 4621 fuit
2718 4565 2908 4640 gratia
2925 4568 2979 4622 et
2999 4564 3269 4622 veritatis.
3304 4563 3445 4619 Nota
3472 4562 3724 4618 doctores

2133 4656 2495 4712 communiter
2560 4653 2833 4711 aﬂirmare
2888 4654 3129 4711 animam
3182 4650 3379 4709 Christi
3413 4651 3596 4707 Verbo
3623 4648 3723 4705 Dei

2129 4752 2338 4810 unitam
2394 4771 2537 4825 esse,
2594 4762 2649 4839 et
2677 4754 2733 4808 in
2789 4761 2994 4809 tantum
3055 4751 3335 4824 sapientia
3389 4758 3441 4806 et
3467 4747 3723 4806 bonitatis

2130 4844 2461 4914 suscepisse,
2494 4836 2756 4916 quantum
2785 4836 3050 4915 possibile
3078 4840 3179 4897 fuit
3206 4846 3515 4897 creaturam
3541 4837 3721 4894 susci-

2128 4956 2282 5013 pere.
2312 4942 2372 4995 In
2402 4957 2465 4997 ea
2490 4941 2655 5009 enim,
2692 4947 2752 4995 ut
2788 4939 3086 5014 Apostolus
3124 4937 3216 5003 ait,
3239 4944 3569 4993 suntomnes
3595 4934 3721 4990 the-

2130 5038 2279 5094 sauri
2307 5038 2587 5111 sapientia
2616 5047 2671 5095 et
2712 5037 2972 5106 scientia,
3023 5035 3081 5091 in
3125 5050 3192 5093 ea
3237 5033 3415 5091 omnis
3445 5029 3719 5105 plenitudo

2129 5134 2431 5192 divinitatis
2455 5135 2722 5192 inhabitat
2767 5134 3000 5207 (Coloss.
3057 5132 3139 5204 ιι).
3191 5131 3326 5189 Aliis
3378 5128 3605 5202 Spiritus
3648 5127 3721 5183 ad

2128 5250 2444 5291 mensuram
2466 5234 2626 5291 datur
2678 5234 2906 5308 (Ephes.
2969 5233 3068 5304 tv),
3129 5231 3229 5287 sed
3276 5228 3512 5295 Christo,
3564 5233 3622 5282 ut
3647 5224 3720 5280 ait

2129 5332 2371 5390 Joannes
2398 5332 2764 5407 evangelista,
2820 5332 2980 5388 datus
3036 5337 3118 5388 est
3172 5343 3285 5385 non
3313 5326 3385 5384 ad
3412 5339 3720 5383 mensuram

2129 5431 2320 5503 (loan.
2359 5436 2463 5503 nt).
2494 5429 2647 5487 Multi
2676 5444 2813 5503 ergo
2830 5434 3103 5495 asserunt,
3134 5435 3191 5482 ut
3220 5424 3485 5483 Alcuinus
3512 5420 3719 5478 inlibro

2127 5531 2210 5587 De
2237 5530 2497 5587 Trinitate
2540 5529 2610 5585 ad
2656 5528 2933 5595 Carolum,
2980 5526 3222 5583 animam
3264 5521 3470 5580 Christi
3517 5525 3719 5577 tantam

2129 5618 2413 5677 scientiam
2441 5618 2511 5675 de
2539 5618 2793 5675 omnibus
2821 5617 3043 5687 habere,
3065 5620 3318 5689 quantam
3347 5610 3599 5668 divinitas
3626 5608 3720 5663 ha-

2130 5709 2242 5778 bet,
2273 5709 2347 5765 ita
2402 5707 2611 5765 scilicet
2658 5707 2804 5781 quod
2859 5705 3115 5762 divinitas
3144 5719 3177 5759 a
3203 5718 3284 5769 se,
3314 5716 3425 5757 non
3478 5699 3546 5754 ab
3574 5697 3707 5754 alio.

2131 5797 2368 5871 Sapiens
2423 5804 2506 5853 est
2560 5812 2661 5869 per
2722 5802 2995 5861 naturam,
3052 5794 3236 5850 anima
3272 5805 3406 5849 vero
3450 5786 3658 5844 Christi
3684 5800 3719 5842 a

2130 5896 2411 5957 divinitate
2431 5910 2534 5969 per
2561 5893 2825 5969 gratiam.
2862 5891 2999 5952 Aliis
3026 5907 3163 5951 vero
3190 5905 3302 5948 non
3329 5887 3548 5948 videtur
3576 5884 3720 5960 quod
