3956 6428
376 382 474 434 196

1258 376 1316 430 ν.
1363 374 1708 433 GUIBERTI
1741 373 2032 429 ABBATIS
2068 373 2124 428 S.
2169 371 2406 427 ΜΑΒΙᾸΞ
2439 370 2530 428 DE
2570 369 2964 427 NOVIGENTO

3789 378 3802 426 Ι
3817 373 3873 424 97

373 515 522 569 mus,
555 513 732 572 quam
759 498 1066 564 custodire,
1099 511 1334 568 quaque
1364 497 1475 553 frui
1507 496 1806 567 cupimus;
1830 496 1910 550 sic
1935 508 2072 564 ergo
2110 497 2152 550 Α
2182 499 2318 558 erat,
2361 493 2496 563 quid
2543 509 2748 547 necesse
2775 496 2886 560 fuit
2915 496 3226 563 concipere?
3269 495 3628 564 Peri-exitque
3658 499 3725 547 ut
3755 510 3873 548 con-

368 590 540 662 juxta
579 596 816 659 puteum
848 587 1088 643 habitat.

445 674 616 730 Vnus.
650 677 728 735 l7,
767 675 850 726 l8.
881 703 949 710 —
1000 673 1153 726 Anni
1186 674 1310 725 vita:
1343 671 1535 725 Ismacl
1579 675 1788 723 centum
1837 669 2069 736 triginta

373 767 591 831 septem.
628 763 884 828 Deficiens
916 766 1160 813 mortuus
1188 765 1286 820 est,
1310 763 1359 812 et
1398 761 1677 828 appositus
1709 757 1783 811 ad
1805 757 2069 828 populum

373 866 549 905 suum.
583 851 872 905 Habitavit
901 854 1078 902 autem
1113 848 1184 902 ab
1231 848 1437 901 Herila
1485 863 1652 914 usque
1689 847 1816 913 Sur,
1850 861 1968 914 quae
1991 861 2071 898 re-

373 943 536 1009 spicit
574 941 886 1009 Egyptum
928 937 1324 991 introeuntibus
1353 938 1643 1006 Assyrios;
1700 939 1833 988 non
1890 950 2066 987 eorum

374 1031 579 1082 cunctis
603 1029 873 1094 fratribus
895 1029 1008 1079 suis
1033 1025 1179 1079 obiit.
1207 1023 1310 1078 Per
1339 1021 1724 1092 septenarium
1750 1022 2072 1091 temporali-

375 1124 458 1172 tas
472 1116 772 1185 accipitur,
785 1129 916 1184 qum
933 1121 1145 1183 septem
1162 1111 1682 1167 diebusevolvitur.
1705 1109 2070 1165 Tricenarius

376 1205 447 1260 ad
477 1202 772 1260 Trinitatis
801 1203 1040 1272 pertinet
1059 1201 1437 1266 dilectionem,
1463 1215 1562 1270 per
1583 1200 1810 1269 piorum
1829 1213 2068 1268 operum

375 1293 821 1356 exsecutionem,
855 1291 1038 1345 sexies
1070 1289 1233 1359 quini
1258 1290 1492 1359 triginta
1515 1289 1817 1357 complent.
1837 1289 1944 1343 Sex
1963 1287 2072 1341 die-

377 1382 484 1438 bus
507 1381 816 1450 fecitﬁopera
835 1393 940 1434 sua
964 1379 1130 1445 Deus,
1151 1386 1311 1432 sexta
1331 1379 1502 1432 etiam
1527 1377 2066 1432 ereavithominem.

371 1470 623 1539 Operum
690 1482 826 1538 ergo
880 1466 1144 1522 senarius
1213 1466 1403 1520 innuit
1458 1465 1878 1534 perfectionem,
1939 1478 2070 1534 quae

373 1556 626 1628 quinarii
657 1556 1007 1611 exteriorum
1054 1568 1329 1608 sensuum
1363 1553 1624 1608 cohibeat
1658 1553 2065 1623 inrequitatem.

374 1647 750 1702 Centenarius
782 1659 917 1698 vero
956 1642 1230 1709 insinuat,
1265 1642 1404 1712 quia
1443 1641 1642 1696 dexter
1670 1649 1772 1707 est,
1808 1641 1902 1695 Dei
1934 1655 2068 1694 eon-

376 1735 830 1804 templationem.
862 1731 1156 1801 Quidquid
1203 1732 1397 1800 itaque
1435 1729 1870 1799 temporalitatis
1906 1728 2070 1783 nobis

378 1825 540 1889 inest,
586 1821 826 1877 allectus
856 1827 1046 1875 noster
1088 1833 1262 1874 verus
1308 1818 1510 1873 Ismael
1543 1818 1830 1887 expendat
1863 1817 1918 1870 in
1949 1816 2068 1882 Dei,
2111 1805 2152 1861 Β

377 1926 491 1966 non
542 1911 731 1976 verbo,
783 1909 880 1964 sed
928 1923 1097 1978 opere
1129 1908 1366 1977 integro,
1417 1906 1796 1970 dilectionem,
1852 1905 1897 1959 si
1945 1905 2070 1959 vult

376 1998 690 2068 perfectum
724 1999 906 2054 facere
936 1997 1247 2062 hominem,
1287 2003 1343 2051 et
1382 1994 1480 2050 Dei
1522 1994 1802 2064 attingere
1836 1992 2073 2048 visionis

379 2086 809 2142 beatitudinem.
860 2086 914 2140 Is
958 2099 1236 2140 numerus
1281 2092 1366 2139 est
1415 2098 1701 2138 annorum
1754 2081 2068 2152 plenitudo,

378 2174 589 2230 scilicet
635 2173 793 2230 clara
832 2172 1137 2228 virtutum.
1199 2172 1358 2228 Unde
1406 2185 1660 2242 congrue
1708 2170 2071 2240 postmodum

379 2263 592 2318 dicitur
639 2265 920 2331 appositus
971 2261 1045 2314 ad
1099 2262 1356 2330 populum
1405 2276 1583 2325 suum,
1632 2259 1771 2314 dum
1821 2267 1945 2329 post
1993 2266 2073 2313 tot

379 2351 754 2406 claritudines
812 2349 1128 2405 sanctitatis
1176 2349 1459 2404 derelictis
1507 2348 1922 2403 habitatoribus
1966 2347 2073 2402 Ce-

381 2439 508 2504 dar,
559 2438 740 2493 solum
809 2437 1004 2507 patria?
1062 2451 1261 2492 revera
1312 2436 1430 2506 jam
1493 2450 1612 2492 suae
1663 2435 2076 2504 supercmlestis

383 2527 613 2598 populo,
647 2525 984 2582 concivibus
1006 2525 1125 2579 suis
1156 2525 1368 2594 apponi
1399 2538 1558 2579 nunc
1591 2523 1892 2590 desiderat,
1930 2523 1984 2578 in
2014 2537 2074 2578 re

383 2623 575 2686 postea
604 2614 998 2686 apponendus.
1034 2614 1318 2668 Habitavit
1367 2620 1557 2668 autem
1591 2612 1658 2666 ab
1691 2614 1878 2667 Heeila
1908 2628 2076 2680 usque

383 2706 508 2771 Sur,
538 2704 593 2760 id
641 2711 725 2759 est
765 2704 1097 2759 dominatus
1134 2710 1217 2757 est
1258 2701 1506 2757 motibus
1555 2702 1676 2756 suis
1717 2715 1750 2756 a
1793 2700 2075 2771 principio

383 2792 794 2856 conversionis,
840 2791 898 2846 in
939 2805 1056 2862 quo
1102 2790 1289 2846 omnis
1335 2797 1603 2845 creatura
1653 2789 2076 2859 ingemiscendo

2175 583 2373 636 sulcret
2409 584 2710 636 Dominum.
2759 581 3068 652 Postquam
3107 581 3165 638 in
3195 582 3591 638 conversionis
3621 581 3874 652 primor-

2177 671 2269 727 dio
2297 673 2584 740 patientia;
2618 671 2768 740 leges
2815 671 3236 741 amplectimur,
3271 671 3450 741 ipsam
3497 673 3760 735 steriJem
3797 687 3875 727 re-

2179 759 2452 828 perimus,
2504 758 2642 828 quia
2700 758 2803 812 etsi
2861 758 3222 814 adversarios
3269 758 3490 826 tolerat,
3542 758 3637 813 his
3690 766 3874 814 tamen

2178 847 2424 916 benigne
2467 846 2703 916 obsequi
2744 845 2997 902 arduum
3047 847 3218 902 nimis
3245 855 3427 916 putat.
3470 847 3720 903 Necesse
3748 862 3879 917 ergo

2175 943 2260 990 est
2295 944 2357 991 ut
2390 949 2690 1005 precemur
2725 935 3032 990 Dominum
3071 951 3186 1006 quo
3219 936 3435 991 tribuat
3469 937 3720 991 Rebeccae
3761 953 3878 989 con-

2177 1030 2405 1094 ceptum.
2448 1024 2632 1094 Igitur
2657 1024 3027 1091 exaudimur,
3059 1031 3113 1079 et
3133 1025 3252 1093 jam
3287 1025 3543 1094 geminos
3568 1025 3728 1080 fetus
3757 1039 3881 1079 con-

2177 1115 2451 1182 cepimus,
2493 1113 2726 1180 scilicet,
2779 1119 2842 1168 ut
2883 1128 3030 1183 quos
3062 1113 3393 1180 toleramus,
3444 1115 3567 1170 sine
3599 1113 3880 1182 scrupulo

2176 1201 2374 1272 aliquo
2407 1203 2464 1255 in
2515 1202 2759 1271 gratiam
2800 1201 3189 1265 admittamus,
3225 1209 3443 1257 etcum
3481 1202 3882 1257 amaverimus

2179 1290 2506 1346 benefacere
2539 1290 2625 1347 his
2653 1291 2822 1346 etiam
2875 1305 3006 1345 cum
3065 1291 3557 1359 perseveraverint
3591 1291 3652 1345 in
3709 1290 3877 1353 malo,

2178 1393 2243 1434 ac
2274 1379 2558 1434 deservire
2601 1393 2902 1447 curemus;
2945 1378 3039 1433 sed
3070 1379 3424 1435 colliduntur
3452 1382 3510 1433 in
3540 1385 3700 1434 utero
3749 1395 3878 1448 par-

2176 1469 2312 1526 vuli.
2346 1469 2485 1538 quia
2515 1468 2793 1523 immensa
2821 1475 2904 1522 est
2932 1466 3257 1536 congressio
3288 1467 3440 1522 intra
3466 1469 3878 1522 conscientiam

2179 1556 2287 1612 ista
2319 1557 2502 1612 facere
2551 1556 2834 1612 molientis
2878 1555 3075 1610 animi.
3127 1555 3276 1611 Dum
3321 1555 3475 1611 enim
3508 1557 3668 1611 videt
3720 1556 3878 1611 obse-

2179 1645 2383 1715 quium
2437 1645 2660 1712 ingrate
2709 1644 2781 1699 ab
2831 1645 3061 1699 inimico
3110 1645 3346 1714 suscipi,
3401 1660 3561 1701 mens
3619 1646 3750 1714 ipsa
3783 1658 3882 1700 cur

2178 1735 2346 1790 talem
2391 1733 2610 1802 diligat,
2655 1732 2992 1802 indignatur
3037 1733 3165 1790 sibi.
3208 1734 3418 1789 Amare
3459 1749 3619 1803 ergo,
3677 1742 3738 1789 et
3771 1749 3880 1789 non

2182 1823 2383 1888 amari,
2434 1821 2776 1891 obsequium
2821 1821 3090 1890 praebere,
3138 1822 3233 1876 sed
3280 1822 3511 1892 despici,
3557 1831 3884 1891 utrumque

2181 1911 2434 1980 graviter
2475 1909 2816 1980 indignatur
2859 1910 2987 1978 sibi,
3032 1910 3170 1965 dum
3201 1910 3498 1966 servitium
3531 1925 3648 1967 non
3681 1927 3881 1966 susce—

2182 2008 2342 2069 ptum
2391 1997 2685 2054 internum
2747 1999 3055 2054 conturbat
3113 2012 3390 2061 amorem,
3451 2005 3506 2054 et
3551 2013 3724 2054 amor
3777 1999 3884 2067 ipse

2181 2086 2352 2142 nimis
2372 2101 2523 2156 aegre
2553 2087 2770 2156 patitur
2799 2087 2970 2142 officii
2993 2087 3424 2157 impensionem.
3457 2086 3626 2154 Quid,
3667 2087 3880 2158 inquit,

2183 2175 2321 2230 mihi
2366 2175 2618 2245 proderit
2666 2174 2845 2245 hujus
2888 2175 3051 2230 bona:
3101 2175 3342 2230 actionis
3367 2177 3698 2246 concepisse
3742 2174 3883 2230 afte-

2181 2272 2359 2331 ctum,
2383 2263 2484 2334 qui
2506 2263 2576 2318 ad
2601 2271 2714 2319 tam
2744 2263 2960 2319 tristem
2978 2264 3340 2319 conscientiae
3366 2265 3551 2335 vergit
3570 2263 3882 2320 effectura?

2181 2352 2286 2407 Sed
2348 2353 2654 2423 petendum
2699 2360 2782 2408 est
2829 2351 3334 2408 intellectualitatis
3379 2352 3712 2419 oraculum,
3788 2351 3876 2406 ubi

2183 2442 2552 2496 consulamus
2574 2441 2901 2497 Dominum.

2255 2530 2426 2586 Vnus.
2458 2532 2548 2596 23,
2580 2531 2667 2594 24,
2701 2533 2790 2584 25.
2832 2560 2900 2570 —
2943 2531 3070 2584 Duae
3099 2531 3240 2583 enim
3283 2535 3462 2598 gentes
3510 2532 3569 2583 in
3607 2535 3764 2584 utero
3797 2534 3877 2583 tuo

2182 2622 2330 2684 sunt,
2376 2623 2426 2671 et
2475 2617 2580 2671 duo
2627 2619 2820 2687 populi
2857 2634 2924 2670 ea:
2966 2623 3147 2671 centre
3197 2623 3285 2672 tuo
3333 2617 3674 2681 dividentur,
3706 2630 3878 2685 popu-

2184 2708 2372 2774 lusque
2411 2707 2674 2775 populum
2721 2707 3022 2776 superabit,
3081 2712 3129 2761 et
3181 2707 3359 2773 major
3409 2708 3601 2759 serviet
3655 2705 3875 2758 minori.

2185 2797 2290 2862 Qui
2310 2798 2466 2865 prior
2511 2811 2754 2862 egressus
2799 2801 2895 2861 est,
2927 2797 3090 2862 rufus
3119 2800 3256 2860 eral,
3299 2799 3349 2848 et
3390 2799 3530 2848 totus
3575 2795 3636 2846 in
3683 2806 3879 2846 morem

385 2883 635 2954 parturit
665 2895 848 2952 usque
888 2881 1079 2936 adhuc
1108 2888 1161 2935 et
1203 2879 1352 2934 dolet
1383 2882 1550 2947 (Rom.
1585 2894 1700 2946 vm,
1745 2881 1873 2947 22);
1911 2893 2079 2946 usque
2179 2885 2340 2954 pellis
2407 2883 2682 2952 hispidus.
2763 2885 3127 2952 Vocatumque
3181 2888 3258 2937 est
3305 2898 3493 2937 nomen
3543 2883 3662 2950 ejus
3713 2884 3875 2936 Esau.

383 2973 508 3035 Sur,
552 2971 607 3026 id
651 2978 735 3026 est
784 2985 966 3040 usque
1010 2969 1079 3024 ad
1111 2968 1431 3038 spiritualis
1477 2967 1830 3022 fortitudinis
1879 2977 2079 3022 contra

384 3060 578 3116 omnia
622 3065 1074 3128 temperamenta
1129 3057 1327 3112 robur.
1377 3055 1515 3122 Quae
1565 3064 1755 3111 tamen
1804 3055 2076 3110 fortitudo

385 3148 612 3219 respicit
638 3148 970 3218 IEgyptum,
1025 3145 1076 3201 id
1109 3152 1191 3201 est
1229 3144 1618 3200 tribulationis
1647 3143 2078 3214 coangustantis

385 3238 668 3304 tenebras,
707 3235 1128 3293 introeuntibus
1159 3234 1347 3289 carnis
1378 3233 1678 3289 affectibus
1707 3232 1990 3303 Assyrios,
2023 3232 2078 3288 id

383 3335 467 3384 est
536 3325 772 3392 aulicos,
849 3325 1082 3388 scilicet,
1153 3323 1362 3378 imitari
1420 3322 1745 3378 volentibus
1816 3335 2080 3391 quosque

383 3415 666 3485 voluptati
696 3413 934 3469 deditos.
967 3411 1147 3467 Aulas
1185 3424 1438 3481 namque
1466 3409 1726 3466 omnium
1758 3425 1879 3465 esse
1909 3409 2081 3465 novi-

385 3517 518 3558 mus
542 3501 904 3572 voluptatum
931 3499 1256 3555 volutabra.
1285 3499 1352 3554 In
1385 3499 1650 3554 domibus
1682 3499 1850 3568 plane
1878 3512 2079 3568 regum

385 3596 523 3645 sunt
553 3589 654 3659 qui
703 3588 973 3644 mollibus
1017 3587 1344 3642 induuntur
1395 3589 1542 3650 (Luc.
1575 3602 1673 3653 vn,
1701 3587 1826 3657 25):
1884 3586 2084 3642 Hevila

387 3678 801 3748 interpretatur
847 3678 1182 3746 parturiens,
1229 3675 1317 3731 vel
1365 3676 1578 3743 dolens;
1628 3675 1738 3732 Sur
1781 3676 2080 3743 fortitudo;

385 3767 669 3837 {Egyptus
700 3765 979 3819 tribulatio
1014 3769 1399 3832 coangustans,
1433 3764 1521 3820 vel
1545 3765 1788 3819 tenebrae.
1823 3765 2086 3819 Habitare

385 3870 542 3922 vero,
599 3869 700 3925 pro
749 3869 816 3910 eo
847 3855 1000 3924 quod
1049 3862 1150 3918 est,
1200 3855 1495 3919 dominari,
1531 3854 1588 3908 in
1638 3853 1937 3921 Scriptura
1980 3868 2084 3924 po-

386 3944 566 4000 nitur.
589 3945 738 4000 Dum
762 3942 926 4014 plane
947 3944 1114 3999 fortia
1135 3942 1405 4014 quaelibet
1430 3942 1678 4012 agimus,
1707 3950 1762 3999 et
1789 3942 1857 3998 de
1881 3942 2085 3998 mundi

385 4032 758 4090 oblectatione
807 4033 975 4104 quasi
1033 4032 1101 4088 de
1156 4031 1306 4088 aulae
1349 4032 1588 4088 introitu
1646 4039 1957 4099 tentamur,
2012 4031 2084 4086 ad

383 4122 698 4193 IEgyptum
759 4121 1020 4179 maeroris
1089 4129 1145 4177 et
1205 4121 1593 4189 tenebrarum,
1671 4119 1826 4190 quod
1899 4127 2083 4177 totum

385 4211 641 4268 mundus
663 4217 765 4278 est,
797 4209 1090 4266 attendere
1115 4209 1410 4265 debemus.
1440 4209 1624 4265 Assur
1649 4217 1840 4265 autem
1873 4208 2087 4265 dicitur

386 4299 534 4352 aula.
571 4300 762 4354 Coram
792 4302 996 4353 cunctis
1031 4299 1306 4365 fratribus
1337 4298 1470 4364 obit,
1495 4298 1650 4367 .dum
1679 4298 1949 4354 omnibus
1978 4297 2086 4368 piis

2115 3105 2155 3161 C

2185 2974 2440 3027 Protinus
2468 2974 2606 3025 alter
2635 2973 2911 3038 egrediens
2931 2973 3184 3041 plantam
3209 2974 3408 3038 fratris
3446 2971 3656 3025 tenebat
3696 2986 3874 3028 manu,

2185 3065 2235 3114 et
2277 3059 2484 3114 idcirco
2541 3061 2840 3130 appellavit
2890 3075 3078 3114 nomen
3117 3061 3234 3129 ejus
3285 3059 3467 3114 Jacob.
3516 3062 3649 3114 Duze
3707 3063 3877 3123 gentes

2186 3148 2420 3219 patienti
2472 3149 2681 3204 animae
2739 3151 2797 3202 in
2853 3148 3216 3204 conscientiae
3279 3153 3429 3202 utero
3485 3153 3634 3213 sunt,
3695 3147 3879 3202 carnis

2187 3236 2399 3294 scilicet
2449 3237 2753 3308 cogitatus,
2805 3243 2859 3292 et
2913 3235 3242 3307 spirituales
3287 3237 3524 3293 rationis
3575 3244 3790 3302 motus,
3838 3239 3878 3285 et

2187 3343 2255 3379 eas
2301 3332 2502 3390 centre,
2555 3326 2610 3381 id
2663 3329 2767 3394 est,
2828 3326 3084 3380 humana
3133 3325 3465 3396 fragilitate,
3514 3325 3632 3381 duo
3677 3334 3878 3396 genera

2189 3416 2548 3485 appetituum
2614 3413 2722 3470 sibi
2794 3413 3038 3470 invicem
3109 3414 3486 3483 infensorum,
3564 3413 3880 3470 conditione.

2189 3502 2685 3574 corruptibilitatis
2743 3503 2982 3560 unitatis
3037 3511 3252 3559 statum
3301 3503 3688 3573 przepediente
3749 3514 3877 3556 con—

2191 3599 2454 3663 surgent,
2483 3591 2579 3647 sed
2613 3592 2848 3661 populus
2877 3592 3137 3661 populum
3184 3599 3438 3662 superat,
3469 3590 3758 3661 majorque
3785 3591 3879 3642 mi-

2189 3684 2313 3735 nori
2367 3681 2564 3748 servit,
2623 3680 2763 3736 dum
2812 3679 3139 3736 animalitas
3188 3695 3319 3750 quae
3378 3679 3562 3750 primo
3607 3680 3668 3735 in
3733 3674 3878 3733 omni

2191 3768 2422 3825 homine
2452 3775 2682 3838 regnat;
2723 3767 2883 3838 prius
2911 3768 3084 3836 enim,
3117 3768 3287 3840 juxta
3330 3768 3690 3838 Apostolum,
3735 3763 3880 3837 quod

2192 3857 2460 3924 animale,
2507 3857 2856 3926 demumque
2902 3855 3056 3927 quod
3087 3855 3384 3925 spirituale
3425 3858 3472 3926 (ι
3498 3858 3619 3914 Cor.
3654 3871 3752 3922 xv,
3779 3851 3879 3920 46),

2193 3945 2614 4016 spiritualitatis
2673 3952 2736 4001 ut
2794 3944 3039 4015 dignum
3091 3953 3176 4000 est
3228 3945 3466 4015 imperio
3514 3945 3880 4015 subjugatur.

2192 4035 2316 4091 Noli
2375 4049 2532 4106 ergo,
2595 4032 2804 4104 inquit,
2859 4049 3032 4104 penes
3088 4041 3140 4090 te
3198 4035 3442 4102 turbari,
3499 4035 3546 4090 si
3601 4031 3881 4104 patientiae

2194 4122 2430 4194 praemio
2461 4124 2547 4178 vis
2588 4122 2873 4178 coronari.
2904 4124 3008 4189 Qui
3031 4127 3186 4192 prior
3208 4123 3521 4194 egreditur,
3554 4127 3720 4191 rufus
3749 4126 3878 4180 erat,

2193 4210 2333 4282 quia
2365 4212 2411 4266 is
2439 4210 2537 4282 qui
2565 4210 2831 4281 primitus
2864 4212 2919 4266 in
2955 4211 3120 4266 nobis
3151 4219 3390 4282 apparet
3423 4220 3634 4281 motus,
3665 4225 3739 4268 ex
3771 4222 3881 4280 pas-

2189 4299 2346 4355 sione
2377 4299 2791 4355 desideriorum
2821 4299 3076 4367 veniens,
3108 4301 3277 4370 quasi
3306 4314 3380 4355 ex
3419 4300 3633 4360 carnis.
3675 4307 3732 4355 et
3763 4310 3883 4352 san-

386 4385 566 4440 animi
595 4386 846 4442 motibus
874 4399 908 4440 a
937 4399 1043 4441 sua
1073 4386 1410 4456 evagatione
1455 4387 1718 4454 reversis,
1752 4387 1978 4458 sibique
2009 4387 2078 4441 ad
2122 4407 2165 4461 ι)
2197 4388 2391 4460 guinis
2448 4387 2669 4458 origine
2742 4395 2845 4454 est,
2903 4388 3498 4458 concupiscentialiter
3566 4387 3876 4443 ﬂammeus.

386 4474 772 4530 securandum
807 4475 1183 4544 praesentibus
1211 4490 1245 4530 a
1283 4475 1490 4532 forensi
1523 4477 1890 4532 distractione
1912 4483 2087 4546 atque

387 4563 613 4633 negotio
657 4563 815 4620 beate
857 4564 1069 4619 interit.
1120 4564 1279 4620 Unde
1307 4572 1362 4620 et
1390 4565 1656 4634 superius
1699 4565 1953 4634 primum
1983 4565 2086 4619 de-

389 4652 604 4722 fecisse,
679 4653 1041 4723 postmodum
1110 4661 1376 4710 mortuus
1445 4653 1618 4709 fuisse
1674 4653 1915 4722 dicitur;
1975 4652 2087 4708 nisi

386 4741 538 4798 enim
586 4741 790 4798 Ismael
837 4749 1075 4798 terrente
1123 4756 1196 4798 ex
1255 4748 1369 4798 toto
1398 4741 1786 4798 aﬂectualitati
1839 4741 2086 4808 deficiat,

389 4829 600 4899 peccati
627 4828 924 4886 effectibus
952 4829 1240 4900 quomodo
1273 4829 1418 4885 mori
1446 4829 1518 4884 ad
1550 4828 1843 4899 integrum
1873 4827 2088 4898 queat?

460 4916 597 4984 Quae
653 4927 984 4989 sequuntur
1040 4918 1234 4986 (Vens.
1293 4916 1506 4987 18-22),
1559 4917 1702 4973 alias
1753 4917 1875 4988 jam
1936 4917 2090 4973 dicta

392 5013 546 5073 sunt,
578 5014 814 5075 excepto
843 5005 999 5077 quod
1023 5005 1395 5074 quadraginta
1431 5021 1696 5061 annorum
1725 5005 1884 5060 Isaac
1920 5005 2090 5061 duxit

393 5094 725 5161 Rebeccam,
757 5109 857 5164 per
888 5094 1148 5165 Decalogi
1180 5094 1442 5151 videlicet
1483 5095 1889 5166 impletionem,
1925 5109 2090 5150 sum-

393 5197 548 5238 mam
573 5183 892 5254 Evangelii,
929 5183 1084 5254 quod
1115 5185 1485 5254 quaternario
1511 5186 1774 5256 signatur
1803 5185 2093 5253 attingens

395 5271 468 5328 ad
508 5271 797 5342 patientiae
845 5271 1165 5342 amplexus,
1202 5273 1356 5343 quod
1404 5282 1488 5330 est
1531 5273 1894 5344 perfectionis
1942 5271 2092 5328 fasti-

397 5361 559 5432 gium
635 5360 882 5416 devenit.
957 5364 1387 5430 Deprecatusque
1449 5367 1527 5416 est
1582 5363 1740 5416 Isaac
1809 5362 2092 5416 Dominum

396 5465 496 5519 pro
539 5463 709 5503 umore
736 5465 857 5514 sua,
903 5466 960 5505 eo
1001 5451 1146 5519 quod
1194 5455 1329 5506 esset
1371 5452 1602 5516 sterilis;
1662 5452 1758 5518 qui
1809 5449 2093 5504 exaudivit

400 5553 538 5604 eum,
578 5543 628 5592 et
685 5537 835 5592 dedit
883 5544 1190 5608 conceptum
1246 5539 1511 5603 Rebeccae,
1571 5538 1666 5592 sed
1705 5537 2094 5591 collidebantur

401 5629 460 5682 in
507 5632 659 5682 utero
697 5626 812 5698 ejus
847 5630 1088 5698 parvuli.
1137 5629 1268 5694 Quae
1321 5629 1438 5680 ait:
1471 5628 1535 5682 Si
1566 5629 1643 5681 sic
1674 5627 1810 5680 mihi
1840 5628 2092 5692 futurum

2198 4477 2252 4532 Is
2278 4477 2433 4532 enim
2488 4477 2640 4532 color
2669 4483 2722 4532 et
2771 4476 2938 4547 ignis,
2979 4485 3034 4532 et
3081 4475 3386 4546 sanguinis
3417 4475 3666 4546 speciem
3702 4473 3878 4531 habet.

2196 4565 2351 4622 unde
2405 4573 2459 4620 et
2503 4572 2705 4620 aestum
2755 4565 3230 4633 concupiscentiae
3279 4564 3530 4620 carnalis
3584 4563 3878 4634 significat.

2196 4656 2263 4710 In
2287 4669 2486 4708 morem
2511 4655 2669 4722 pellis
2705 4661 2789 4709 est
2821 4653 3092 4723 hispidus,
3125 4653 3264 4710 dum
3296 4654 3600 4722 asperitate
3643 4652 3882 4708 inﬂuen—

2198 4743 2342 4799 tium
2373 4741 2871 4811 superﬂuarumve
2909 4740 3318 4812 cogitationum
3361 4747 3500 4795 Io:
3533 4755 3599 4796 ac
3633 4748 3880 4796 motuum

2198 4843 2420 4899 semper
2473 4836 2558 4884 est
2608 4828 2898 4885 horridus.
2948 4829 3055 4884 Per
3113 4829 3314 4899 pellem
3369 4844 3502 4886 vero
3561 4828 3879 4885 memoriam

2198 4932 2504 4989 possumus
2547 4917 2884 4988 intelligere,
2920 4933 3052 4988 quae
3094 4917 3362 4972 animalis
3387 4919 3506 4988 jam
3560 4917 3768 4974 mortui
3799 4929 3880 4970 re—

2199 5006 2562 5078 praesentatio
2624 5013 2738 5076 est;
2794 5006 3070 5063 memoria
3120 5020 3257 5076 ergo
3312 5013 3508 5062 nostra
3577 5012 3660 5062 tot
3710 4996 3879 5059 afﬂuit

2201 5096 2532 5151 incursibus
2593 5095 3047 5166 suggestionum,
3111 5101 3333 5165 quanta
3409 5093 3570 5163 pellis
3625 5089 3879 5164 quaelibet

2199 5184 2477 5240 densitate
2524 5184 2790 5254 pilorum.
2857 5185 3012 5240 Esau
3070 5184 3284 5240 dicitur
3339 5199 3560 5238 acervus
3613 5180 3876 5252 lapidum;

2199 5273 2509 5329 carnalitas
2564 5273 2759 5343 itaque
2807 5281 3003 5329 nostra
3049 5286 3291 5328 acervus
3325 5271 3583 5341 lapidum
3632 5274 3872 5327 vocatur.

2201 5362 2340 5418 dum
2360 5363 2604 5432 pondus,
2631 5370 2684 5417 et
2705 5362 2924 5418 duritia
2951 5361 3366 5431 spiritualium,
3390 5359 3872 5430 corporaliumque

2200 5452 2444 5521 pestium
2501 5450 2888 5506 indesinenter
2948 5450 3004 5504 in
3058 5449 3214 5505 illam
3267 5448 3618 5520 congeritur,
3669 5457 3731 5506 ut
3773 5445 3873 5515 jam

2201 5535 2301 5592 vix
2332 5538 2400 5592 ad
2435 5551 2684 5607 superna
2715 5539 3029 5608 quaerenda
3059 5538 3310 5607 levetur;
3347 5537 3440 5592 sed
3478 5539 3732 5606 protinus
3759 5534 3877 5587 alltr

2201 5627 2515 5696 egreditur,
2583 5627 2685 5697 qui
2739 5629 2990 5698 plantam
3043 5629 3245 5693 fratris
3295 5643 3467 5696 manu
3514 5634 3704 5683 teneat
3755 5622 3872 5678 dum
