3924 6406
221 413 328 468 817
1176 415 1758 478 DEFLORATIONES
1799 419 1905 480 SS.
1949 420 2260 483 PATBUM.
2293 456 2360 468 -
2388 426 2519 488 LIB.
2549 430 2597 486 Ι.

3438 453 3541 505 818

218 537 410 608 aliqua
441 546 717 596 creatura
751 553 928 612 capax
958 540 1128 612 possit
1151 557 1273 596 esse
1301 541 1461 597 totius
1501 542 1698 600 divinae
1745 559 1843 602 co-
1873 547 1930 610 Α
1959 562 2060 603 sua
2087 547 2309 620 plenam
2339 559 2392 608 et
2420 554 2718 625 perfectam
2749 573 2971 632 semper
2989 562 3193 635 habuit,
3219 573 3272 624 et
3293 567 3347 624 in
3361 569 3552 628 huma-

217 634 516 709 gnitionis,
552 637 650 692 vel
683 638 853 693 totius
873 637 1070 694 divina
1090 638 1366 705 bonitatis,
1391 639 1527 694 sicut
1547 655 1650 696 nec
1672 641 1847 696 omni-
1955 637 2121 694 nitate
2151 656 2246 694 sua
2275 641 2492 711 plenam
2522 651 2575 700 et
2602 646 2904 716 perfectam
2933 655 3106 709 semel
3139 634 3191 711 et
3207 656 3367 714 simul
3388 675 3550 718 acce-

215 724 506 796 potentia.
532 726 766 782 Ducunt
805 742 1040 800 namque
1071 743 1167 798 pro
1197 727 1596 783 inconvenienti
1639 739 1846 786 creatu-
1954 727 2052 798 pit,
2085 728 2551 800 dispensationem
2584 735 2769 791 salutis
2799 740 3056 798 humana
3086 747 3386 804 secundum
3414 749 3550 807 inet.

216 829 339 868 ram
373 814 551 869 etiam
585 817 699 872 hoc
731 816 896 872 modo
926 814 1197 886 puriﬁcari
1227 817 1490 883 Creatori,
1522 826 1579 872 ut
1607 819 1675 871 ab
1726 820 1845 890 ipso
1953 823 2175 882 fabilem
2249 829 2647 888 ordinationem
2722 851 2879 892 suam
2970 843 3293 914 compleret.
3390 847 3548 916 Qua-

216 919 427 966 tantam
459 913 768 968 scientiam
800 912 996 968 habeat
1027 921 1290 985 quantam
1321 921 1376 967 et
1417 913 1533 984 ipse
1580 915 1833 974 Creator.
1951 923 2172 985 propter
2208 916 2263 971 id
2305 920 2451 989 quod
2489 920 2620 978 dicit
2658 926 3011 998 evangelista,
3055 912 3176 1002 quia
3227 912 3549 1005 proﬁciebat

1951 1003 2110 1058 Jesus
2146 1013 2326 1073 atate,
2367 1009 2633 1080 sapientia
2671 1017 2728 1068 et
2763 1016 2956 1086 gratia,
3006 1034 3116 1074 non
3157 1003 3245 1076 ita
3279 1025 3545 1097 accipitur

1951 1093 2107 1164 quasi
2138 1095 2437 1167 semetipso
2469 1099 2664 1155 melior
2693 1101 2867 1158 factus
2899 1105 2986 1171 sit,
3017 1109 3114 1162 sed
3145 1110 3273 1182 quia
3301 1093 3541 1170 homini-

1949 1189 2052 1245 bus
2084 1205 2247 1263 quam
2277 1192 2394 1264 ipse
2429 1194 2686 1263 habebat,
2724 1199 2823 1254 sed
2870 1200 3068 1258 latebat
3110 1206 3434 1277 sapientiam
3482 1221 3541 1268 et

1944 1279 2202 1351 gratiam,
2244 1284 2406 1352 prout
2443 1284 2586 1339 ratio
2625 1293 2937 1358 temporum
2974 1294 3298 1362 postulabat,
3332 1313 3540 1370 magna

1944 1379 2255 1458 semperac
2287 1371 2463 1442 magis
2505 1374 2762 1444 aperuit:
2814 1377 2889 1433 ita
2932 1382 3074 1450 apud
3120 1384 3370 1441 homines
3409 1387 3536 1458 ipso

1943 1456 2281 1528 proﬁciebat,
2315 1461 2531 1531 quando
2563 1463 2808 1521 homines
2838 1467 2942 1538 ipsi
2971 1468 3026 1523 in
3055 1471 3175 1540 ejus
3222 1456 3536 1547 cognitione

1940 1556 2312 1644 profecerunt.
2345 1561 2503 1630 Apud
2532 1561 2713 1634 ipsum
2745 1573 2923 1621 autem
2953 1570 3250 1639 profecitin
3272 1588 3338 1629 eo
3361 1574 3530 1644 quod,

1937 1643 2066 1698 dum
2131 1661 2191 1701 se
2257 1648 2520 1718 sapientia
2587 1659 2638 1706 et
2690 1654 2866 1724 gratia
2926 1656 3027 1713 Dei
3082 1659 3300 1729 plenum
3345 1669 3531 1717 osten-

1935 1731 2107 1802 deret,
2139 1749 2234 1789 eos
2266 1736 2333 1790 ad
2363 1735 2579 1793 laudem
2611 1741 2715 1796 Dei
2746 1743 2945 1812 Patris,
2973 1761 3006 1800 a
3036 1763 3149 1817 quo
3178 1749 3284 1804 hoc
3311 1766 3434 1807 esse
3454 1760 3529 1812 te-

1934 1822 2194 1891 stabatur,
2227 1825 2404 1898 magis
2431 1843 2652 1900 semper
2678 1846 2743 1888 ac
2769 1834 2945 1905 magis
2973 1837 3311 1906 provocavit.

211 1027 288 1082 De
319 1041 383 1082 eo
414 1029 576 1099 quod
613 1030 849 1084 Verbum
873 1047 1001 1086 cum
1030 1045 1203 1086 carne
1224 1031 1565 1085 rationalem
1586 1033 1841 1086 animam

211 1179 218 1184 _
280 1117 567 1188 sumpsit,
597 1119 659 1173 et
681 1118 864 1190 qualis
894 1120 1007 1189 fuit
1029 1118 1226 1174 anima
1246 1118 1350 1175 illa
1372 1119 1433 1174 in
1454 1119 1758 1191 sapientia,
1783 1123 1841 1175 et

281 1205 528 1271 virtute,
565 1208 630 1261 et
651 1206 892 1274 justitia
922 1210 978 1263 et
1009 1207 1293 1264 bonitate.

279 1326 535 1396 Quidam
558 1329 800 1386 haretici
821 1330 1044 1387 fuerunt
1064 1331 1153 1404 qui
1176 1334 1509 1403 putaverunt
1527 1331 1584 1388 in
1615 1331 1837 1388 Christo

205 1439 334 1480 cum
365 1441 548 1481 carne
583 1441 622 1481 a
653 1427 834 1482 Verbo
864 1427 1193 1483 rationalem
1223 1428 1460 1483 animam
1490 1437 1835 1500 assumptam

203 1528 315 1568 non
356 1513 542 1570 fuisse
577 1557 594 1581 ,
639 1516 740 1571 sed
771 1517 944 1570 solam
983 1531 1206 1572 carnem
1261 1517 1438 1573 Verbo
1497 1517 1721 1584 unitam,
1781 1527 1835 1573 et

202 1601 388 1673 ipsam
421 1603 784 1660 divinitatem
811 1605 996 1671 Verbi,
1028 1620 1196 1661 carne
1237 1605 1361 1662 loco
1406 1605 1603 1662 anima
1651 1605 1830 1661 vivifi-

202 1711 367 1754 Casse
402 1740 418 1760 .
486 1700 864 1771 eamdemque
920 1700 1258 1756 divinitatem
1315 1701 1384 1756 ab
1438 1702 1554 1772 ipsa
1608 1716 1779 1757 carne
1809 1743 1824 1771 ,

203 1787 436 1858 quando
469 1786 533 1842 in
563 1803 733 1844 cruce
762 1796 976 1844 mortua
1003 1797 1088 1844 est
1131 1790 1451 1856 recessisse,
1500 1806 1826 1862 rursumque

198 1875 270 1930 ad
289 1877 500 1945 ipsam,
546 1877 774 1948 quando
814 1876 1140 1934 resnscitata
1177 1886 1282 1945 est,
1339 1878 1719 1934 viviticandam
1772 1888 1824 1935 et
1853 1905 1907 1966 Β

201 1973 671 2028 resuscitandam
699 1973 936 2030 redisse.
975 1974 1084 2029 Sed
1111 1975 1378 2030 catholica
1405 1974 1538 2031 fides
1560 1976 1721 2032 habet
1738 1983 1825 2032 to-

198 2067 338 2128 tum,
374 2062 536 2132 quod
570 2061 810 2116 hominis
846 2070 964 2117 erat
992 2071 1218 2134 propter
1243 2063 1479 2134 culpam,
1513 2065 1690 2120 Deum
1729 2079 1824 2120 as-

200 2150 526 2220 sumpsisse
564 2169 579 2204 :
604 2152 737 2222 quia
764 2167 866 2207 nec
894 2151 1058 2207 aliter
1085 2168 1250 2207 verus
1280 2153 1443 2208 homo
1473 2169 1596 2211 esse
1624 2153 1824 2225 potuis-

200 2255 304 2312 set,
336 2247 453 2302 nisi
479 2255 666 2303 totum
695 2249 839 2320 quod
870 2250 942 2304 ad
971 2249 1346 2306 diversitatem
1377 2251 1630 2306 humana
1658 2259 1822 2306 natu-

199 2351 277 2390 ra
308 2338 636 2406 pertinebat
666 2338 1080 2409 assumpsisset.
1109 2340 1336 2410 Accepit
1355 2355 1489 2412 ergo
1514 2354 1639 2396 cum
1653 2353 1822 2396 carne

207 2431 262 2478 et
289 2424 346 2478 in
375 2440 558 2481 carne
598 2425 781 2495 ipsam
813 2426 1046 2480 animam
1084 2428 1430 2495 rationalem,
1465 2443 1586 2499 qua
1615 2436 1666 2484 et
1694 2444 1819 2483 car-

201 2527 337 2568 nem
382 2514 574 2583 ipsam
614 2523 854 2586 regeret,
895 2523 950 2570 et
1005 2515 1348 2573 sensiticaret
1402 2517 1470 2571 ad
1526 2516 1713 2586 vitam,
1767 2525 1820 2573 et

202 2613 522 2668 secundum
561 2613 796 2668 liberam
851 2613 1184 2670 voluntatem
1244 2623 1529 2686 peccatum
1585 2631 1818 2687 respue-

203 2704 309 2768 ret,
353 2710 406 2756 et
449 2709 706 2757 sectaret
736 2702 1020 2770 justitiam.
1063 2703 1161 2758 Cui
1199 2711 1251 2759 et
1292 2705 1400 2761 hoc
1437 2721 1502 2760 ex
1560 2704 1820 2761 societate

207 2788 520 2845 divinitatis
551 2790 809 2846 collatum
839 2800 940 2859 est,
972 2800 1029 2846 ut
1059 2801 1360 2864 spontanea
1388 2793 1612 2865 quidem
1649 2792 1818 2848 liber—

205 2891 313 2940 tate
346 2887 563 2942 bonum
594 2887 823 2956 faceret,
852 2888 949 2944 sed
979 2889 1048 2943 ad
1077 2889 1282 2944 malum
1315 2889 1620 2946 faciendum
1669 2892 1820 2948 nulla

204 2989 439 3044 prorsus
470 2977 807 3032 necessitate
835 2977 924 3033 vel
949 2977 1273 3034 inﬁrmitate
1303 2979 1580 3036 declinare
1603 2982 1818 3052 potuis-

207 3069 318 3118 set.
360 3064 512 3120 Dicit
562 3065 766 3136 quippe
810 3066 1002 3121 beatus
1049 3067 1428 3139 Augustinus:
1481 3070 1562 3124 De
1610 3070 1819 3142 Spiritu

207 3169 403 3217 sancto
426 3169 482 3217 et
510 3162 736 3234 Virgine
755 3163 923 3218 Maria
954 3165 1052 3219 Dei
1078 3165 1246 3219 Filius
1284 3166 1476 3221 unicus
1508 3175 1669 3222 natus
1713 3176 1815 3234 est,

1982 2013 2151 2070 ITEM
2191 2015 2564 2077 EXPOSITIO
2604 2022 2698 2077 DE
2736 2020 2988 2080 EODEM
3024 2027 3463 2090 EVANGELIO.

2005 2214 2028 2240 υ
2073 2192 2207 2247 Cum
2273 2194 2447 2251 factus
2509 2207 2660 2254 esset
2723 2201 2888 2256 Jesus
2953 2218 3224 2261 annorum
3306 2208 3521 2267 duode-

1930 2277 2056 2346 cim,
2090 2288 2195 2337 etc.
2233 2283 2385 2352 (Luc.
2423 2286 2506 2352 n).
2546 2310 2568 2335 ››
2604 2287 2754 2344 Sicut
2791 2292 3033 2348 mundus
3069 2293 3173 2350 iste
3229 2295 3523 2367 dupliciter

1927 2369 2098 2425 servit
2125 2370 2332 2426 homini
2361 2374 2432 2428 ad
2463 2378 2916 2435 sustentationem
2939 2382 3139 2450 carnis,
3170 2391 3223 2440 et
3250 2385 3320 2441 ad
3335 2387 3521 2442 erudi-

1926 2465 2130 2523 tionem
2158 2470 2376 2539 mentis,
2408 2471 2488 2528 sic
2517 2473 2764 2529 Verbum
2795 2492 2926 2532 caro
2955 2477 3179 2548 factum,
3211 2483 3521 2540 remedium

1926 2563 2148 2626 prastat
2175 2565 2229 2612 et
2254 2561 2588 2631 exemplum.
2644 2563 2968 2621 Remedium
3000 2568 3054 2622 in
3085 2584 3152 2624 eo
3181 2571 3326 2641 quod
3355 2572 3520 2628 obla-

1927 2652 2041 2700 tum
2080 2654 2165 2702 est
2201 2648 2272 2702 ad
2311 2650 2768 2722 redemptionem,
2799 2657 3110 2727 exemplum
3160 2659 3213 2712 in
3271 2676 3338 2716 eo
3373 2663 3521 2733 quod

1927 2742 2212 2806 operatum
2244 2745 2328 2793 est
2357 2739 2430 2794 ad
2459 2740 2834 2800 imitationem.
2867 2746 3186 2803 Remedium
3215 2748 3272 2802 in
3288 2764 3353 2806 eo
3376 2752 3522 2822 quod

1928 2832 2128 2888 factum
2168 2842 2250 2890 est
2284 2879 2297 2902 ,
2340 2839 2650 2909 exemplum
2689 2839 2749 2896 in
2786 2857 2852 2898 eo
2892 2845 3035 2914 quod
3109 2845 3236 2902 fecit
3292 2847 3522 2906 imitatio

1926 2922 2091 2991 ejus,
2135 2924 2432 2981 similitudo
2494 2929 2632 2997 ejus.
2676 2951 2700 2976 α
2762 2931 2886 2986 Vidi
2941 2933 3216 2990 civitatem
3273 2944 3523 2992 sanctam

1925 3010 2266 3068 Hierusalem
2305 3029 2508 3070 novam
2545 3017 2970 3076 descendentem
3009 3022 3076 3077 de
3117 3023 3261 3080 calo
3317 3025 3514 3098 (Apoc.

1924 3102 2058 3167 ιιι).
2099 3118 2119 3153 ι
2155 3101 2235 3157 De
2265 3103 2405 3158 calo
2435 3104 2737 3176 descendit,
2771 3115 2825 3162 et
2855 3108 3126 3166 fabricata
3155 3120 3239 3167 est
3288 3121 3512 3170 terram.

1926 3197 2006 3252 De
2044 3196 2185 3254 calo
2224 3199 2420 3268 forma,
2463 3201 2530 3256 de
2569 3209 2720 3258 terra
2782 3206 3037 3262 materia.
3120 3208 3270 3264 Sicut
3343 3209 3524 3267 forma

210 3264 320 3357 2?“
353 3251 554 3357 “fni”
583 3251 859 3322 ουρίάίηθν
893 3253 994 3308 sed
1023 3253 1142 3308 5°10
1163 3254 1262 3352 Df’i
1282 3270 1526 3311 munere'
1550 3256 1821 3357 Liberam
1849 3260 1898 3324 (ἶ
1926 3286 2160 3342 hominis
2223 3251 2420 3357 homo:
2473 3289 2555 3346 sic
2619 3299 2672 3346 et
2735 3293 2909 3348 forma
2995 3295 3196 3351 Christi
3277 3297 3522 3355 Christus

208 3335 305 3392 illo
332 3339 598 3394 voluntas
627 3348 764 3407 erat,
798 3355 862 3396 ac
891 3347 1041 3397 tanto
1070 3343 1246 3413 magis
1275 3352 1410 3410 erat,
1443 3345 1663 3416 quando
1696 3360 1818 3399 ma-

209 3433 296 3505 gis
327 3437 549 3492 servire
579 3444 809 3508 peccato
838 3453 947 3493 non
978 3446 1218 3508 poterat.
1257 3441 1420 3494 Multa
1453 3449 1631 3495 autem
1676 3457 1817 3512 que-

213 3528 410 3578 rentur
433 3525 508 3580 de
538 3524 632 3579 illa
663 3525 845 3579 anima
873 3525 1154 3599 rationali,
1185 3544 1216 3582 e
1265 3528 1464 3599 quibus
1521 3545 1688 3584 unum
1737 3539 1820 3585 est

209 3619 390 3666 utrum
421 3613 687 3669 videlicet
715 3614 984 3685 aqualem
1033 3597 1164 3671 cuni
1202 3597 1488 3673 divinitate
1535 3618 1818 3674 scientiam

209 3707 523 3776 habuerit;
567 3711 637 3766 de
694 3727 803 3783 qua
868 3713 1168 3784 quastione
1237 3713 1292 3767 in
1358 3714 1469 3770 alio
1533 3715 1816 3786 opusculo,

210 3798 355 3869 quod
388 3801 479 3856 De
536 3799 720 3855 anima
776 3799 978 3855 Christi
1034 3801 1351 3868 intitulatur,
1410 3804 1673 3874 prolixius
1727 3805 1817 3859 di-

209 3889 486 3956 sputavit.
534 3889 636 3944 Hic
673 3904 806 3944 vero
845 3890 952 3945 hoc
989 3891 1166 3946 solum
1203 3907 1640 3947 commemorare
1695 3892 1816 3947 suf-

207 3981 339 4049 ﬁcit,
373 3985 509 4056 quia
544 3984 744 4041 eadem
774 3985 954 4040 anima
985 3985 1124 4042 sicut
1157 3987 1377 4058 plenam
1417 3995 1470 4043 et
1519 3988 1817 4059 perfectam

208 4069 307 4126 Dei
335 4073 669 4145 sapientiam
701 4074 907 4128 unitam
940 4075 1144 4141 habuit,
1179 4076 1250 4130 ita
1281 4076 1441 4146 plene
1472 4085 1523 4130 et
1572 4077 1816 4146 perfecte

209 4173 278 4214 ex
345 4163 482 4233 ipsa
547 4171 600 4216 et
665 4178 766 4234 per
826 4162 1006 4234 ipsam
1065 4164 1386 4235 sapientiam
1442 4165 1663 4236 sapiens
1694 4166 1812 4233 fuit,

208 4273 309 4314 nec
376 4268 572 4316 tamen
629 4259 736 4330 ipsi
795 4260 1079 4330 sapientia
1133 4270 1323 4316 natura
1381 4261 1609 4333 aqualis
1666 4262 1812 4319 fuit:

211 4347 336 4418 quia
358 4347 537 4419 longe
569 4348 714 4402 aliud
745 4357 829 4404 est
877 4349 1145 4420 sapientia
1191 4365 1412 4421 sapere,
1462 4361 1623 4422 atque
1669 4351 1815 4406 aliud

211 4437 544 4506 sapientiam
575 4453 726 4492 esse.
767 4438 845 4491 Ex
894 4453 1000 4509 quo
1055 4439 1198 4492 enim
1249 4440 1563 4495 humanitati
1610 4439 1814 4494 divini-

209 4534 294 4584 tas
351 4533 652 4601 conjuncta
706 4539 808 4600 est,
869 4549 933 4588 ex
990 4533 1111 4604 ipsa
1165 4533 1453 4591 divinitate
1506 4535 1813 4590 humanitas

211 4631 440 4692 accepta
478 4637 581 4691 per
624 4621 878 4693 gratiam,
909 4630 1076 4676 totum
1121 4623 1263 4694 quod
1313 4623 1567 4679 divinitas
1617 4625 1806 4679 habuit
1836 4611 1888 4670 Ι)

212 4723 307 4777 per
344 4717 626 4774 naturam,
667 4709 743 4763 ita
798 4718 856 4764 ut
911 4712 1212 4766 secundum
1270 4711 1421 4766 illam
1478 4711 1807 4768 ineffabilem

208 4805 467 4862 unionem
497 4817 550 4861 et
581 4806 678 4861 Dei
710 4815 856 4862 esset
886 4807 941 4862 in
966 4809 1303 4863 humanitate
1339 4825 1439 4863 sua
1469 4817 1638 4865 totum
1662 4812 1807 4882 quod

211 4892 509 4951 divinitatis
536 4903 666 4950 erat.
701 4895 789 4951 Sic
811 4911 948 4968 ergo
972 4896 1364 4952 humanitatem
1397 4898 1585 4965 Verbi,
1611 4899 1666 4953 in
1689 4900 1807 4954 ani-

210 4997 292 5036 ma
322 4983 600 5050 rationali,
631 4999 664 5038 a
693 4985 868 5054 prima
899 4985 1256 5056 conceptione
1285 5000 1385 5040 sua
1430 5001 1495 5040 ex
1545 4985 1809 5041 inetiabili

211 5081 408 5138 unione
467 5081 766 5136 divinitatis
821 5082 1036 5152 plenam
1104 5090 1158 5138 et
1222 5083 1521 5154 perfectam
1585 5084 1805 5154 sapien-

213 5167 353 5238 tiam,
389 5178 447 5226 et
476 5169 798 5241 potentiam,
831 5174 886 5225 et
917 5171 1192 5238 virtutem,
1227 5180 1277 5226 et
1309 5172 1604 5227 bonitatem
1644 5189 1807 5228 acce-

216 5257 352 5326 pisse
384 5259 663 5314 credimus
697 5278 712 5325 ;
745 5267 797 5314 et
826 5259 1000 5330 ipsam
1033 5258 1176 5315 sicut
1203 5259 1259 5314 in
1289 5260 1489 5316 unione
1516 5261 1809 5317 divinitatis

214 5351 675 5428 inseparabiliter,
713 5355 792 5412 sic
830 5355 883 5410 in
914 5356 1035 5427 ipsa
1066 5375 1188 5428 qua
1236 5373 1302 5412 ex
1356 5358 1556 5413 unione
1609 5358 1808 5414 divini-

219 5445 331 5499 tatis
361 5454 481 5500 erat
510 5444 850 5516 plenitudine
878 5445 1091 5500 virtutis
1125 5443 1637 5501 incommutabiliter
1683 5463 1810 5518 per-

217 5535 483 5588 mansisse
507 5533 858 5588 confitemur.
882 5534 1070 5605 Neque
1094 5535 1237 5588 enim
1256 5535 1458 5588 idcirco
1479 5535 1625 5590 Deus
1645 5535 1808 5590 homo

217 5618 346 5676 inter
378 5623 632 5676 homines
662 5621 975 5675 conversari
1006 5622 1194 5688 voluit,
1235 5631 1293 5676 ut
1324 5621 1478 5693 quasi
1509 5639 1607 5693 per
1635 5624 1810 5678 inter-

217 5710 345 5765 valla
377 5721 692 5781 temporum
717 5709 978 5779 sapientia
997 5717 1089 5764 aut
1110 5711 1308 5766 virtute
1337 5709 1655 5780 proﬁciens,
1688 5727 1810 5767 me-

219 5797 369 5856 ritum
400 5804 772 5869 compararet,
803 5805 855 5853 et
885 5797 1069 5868 seipso
1098 5797 1292 5853 melior
1322 5797 1498 5865 fieret,
1532 5799 1630 5853 sed
1661 5808 1717 5853 ut
1745 5816 1812 5856 ea

222 5888 485 5959 sapientia
517 5892 573 5944 et
625 5883 883 5954 bonitate,
935 5897 1101 5958 quam
1146 5885 1264 5959 ipso
1316 5883 1485 5944 etiam
1529 5884 1811 5948 divinitate

1925 3375 2221 3430 Induimini
2244 3377 2534 3433 Dominum
2557 3381 2745 3436 Iesum
2783 3381 3058 3438 Christum
3096 3384 3326 3441 formam
3359 3388 3521 3443 Chri-

1926 3463 2014 3530 sti,
2058 3463 2354 3536 imaginem
2394 3467 2613 3522 Christi.
2665 3471 2793 3540 lpsa
2848 3469 3030 3544 imago
3077 3473 3196 3544 ipsa
3252 3482 3336 3530 est
3389 3475 3520 3530 imi-

1925 3559 2082 3614 tatio.
2125 3561 2330 3617 Idcirco
2361 3561 2538 3618 factus
2577 3572 2659 3620 est
2696 3566 2793 3620 tibi
2831 3569 3166 3639 exemplum,
3221 3579 3279 3627 ut
3332 3581 3390 3627 tu
3446 3573 3521 3628 il-

1926 3647 2039 3702 lum
2078 3648 2341 3704 imitando
2373 3651 2651 3708 indueres.
2686 3655 2835 3711 Fecit
2867 3659 3242 3728 corporaliter,
3265 3669 3322 3716 tu
3350 3661 3519 3734 spiri-

1925 3737 2145 3794 tualiter
2174 3739 2424 3796 imitare.
2468 3764 2489 3789 α
2524 3742 2586 3796 Et
2611 3743 2693 3798 sic
2723 3745 3108 3817 cognovimus,
3139 3747 3334 3820 inquit,
3354 3751 3518 3807 Chri-

1926 3834 2068 3881 stum
2097 3828 2397 3882 secundum
2428 3845 2666 3896 carnem,
2701 3833 2799 3888 sed
2841 3849 2986 3890 nunc
3025 3838 3139 3904 jam
3188 3853 3297 3894 non
3353 3841 3518 3897 novi-

1925 3933 2046 3970 mus
2075 3918 2150 3982 (ΙΙ
2179 3917 2298 3972 Cor.
2332 3920 2410 3986 v).
2449 3943 2470 3966 ι»
2523 3921 2584 3973 In
2628 3922 2878 3994 exemplo
2931 3925 3238 3980 secundum
3294 3943 3520 3984 carnem

1923 4005 2303 4076 cognovimus,
2337 4006 2393 4060 in
2439 4006 2739 4064 imitatione
2780 4010 3087 4067 secundum
3134 4028 3357 4070 carnem
3397 4017 3518 4086 jam

1920 4118 2032 4156 non
2062 4103 2330 4158 novimus.
2364 4103 2676 4161 Secundum
2707 4123 2921 4163 carnem
2940 4109 3194 4166 Christus
3225 4119 3384 4168 natus
3432 4123 3518 4171 est

1921 4190 1974 4244 in
2002 4191 2230 4257 mundo,
2267 4194 2568 4249 secundum
2612 4196 2863 4266 spiritum
2911 4199 3116 4255 veritas
3157 4201 3401 4258 nascitur
3456 4203 3517 4260 in

1919 4279 2086 4335 corde
2109 4287 2217 4334 tuo.
2234 4279 2479 4336 Christus
2499 4283 2555 4337 in
2576 4284 2765 4340 Judaa
2789 4287 3030 4342 nascitur
3051 4289 3119 4345 de
3159 4291 3406 4364 Virgine,
3457 4300 3515 4348 et

1920 4368 2123 4423 veritas
2157 4371 2396 4424 nascitur
2424 4371 2478 4426 in
2507 4373 2853 4431 confessione
2883 4376 2952 4432 de
2981 4378 3236 4448 puritate.
3274 4401 3297 4431 ε
3349 4379 3513 4436 Veri-

1918 4472 1999 4519 tas
2028 4464 2096 4518 de
2128 4474 2265 4521 terra
2295 4477 2417 4522 orta
2447 4476 2548 4532 est,
2583 4478 2637 4524 et
2675 4471 2882 4539 justitia
2927 4474 2996 4530 de
3044 4477 3182 4532 coelo
3229 4479 3514 4550 prospexit

1919 4553 2375 4625 (Psal.Lxxx1v).
2425 4580 2446 4605 υ
2505 4558 2733 4626 Quando
2777 4561 3054 4619 confiteris
3110 4574 3334 4636 peccata
3398 4575 3508 4636 tua,

1920 4642 2118 4700 Veritas
2149 4643 2217 4698 de
2247 4651 2392 4699 terra
2425 4647 2632 4713 oritur;
2660 4649 2878 4719 quando
2901 4667 3027 4708 vero
3049 4652 3324 4709 conﬁtenti
3350 4655 3512 4729 igno-

1917 4739 2018 4794 scit
2047 4740 2220 4808 Deus,
2251 4741 2463 4810 justitia
2490 4744 2708 4815 respicit
2738 4746 2807 4802 de
2837 4747 3002 4804 coelo.
3069 4749 3161 4804 Vis
3217 4758 3399 4808 autem
3451 4761 3510 4809 ut

1917 4829 2064 4883 Deus
2099 4838 2275 4886 tecum
2306 4831 2371 4885 sit
2400 4835 2428 4886 ‘?
2456 4833 2712 4891 confitere
2744 4835 2873 4907 quid
2903 4853 2983 4892 es.
3016 4838 3152 4893 Cum
3181 4855 3344 4896 verax
3387 4858 3513 4899 esse

1917 4919 2176 4988 coeperis,
2207 4920 2409 4975 veritas
2440 4929 2615 4976 tecum
2645 4940 2768 4980 esse
2797 4925 3035 4997 incipiet.
3069 4927 3167 4983 Dic
3186 4928 3365 4984 malus
3387 4947 3510 4986 sum

1917 5007 2107 5066 (breve
2139 5008 2385 5076 verbum,
2421 5011 2520 5065 sed
2550 5014 2786 5082 verum),
2816 5014 3026 5070 veritas
3057 5023 3107 5071 te
3135 5032 3390 5074 veracem
3418 5019 3507 5076 fa-

1915 5093 2039 5149 ciet.
2074 5095 2130 5151 Si
2159 5097 2364 5152 veritas
2394 5105 2571 5154 tecum
2603 5109 2708 5168 est,
2742 5103 2889 5157 Deus
2921 5111 3098 5160 tecum
3129 5113 3229 5173 est,
3251 5107 3377 5178 quia
3405 5125 3509 5165 ve-

1917 5181 2050 5237 ritas
2073 5191 2157 5238 est
2184 5184 2350 5239 Deus.
2375 5187 2520 5243 Ecce
2543 5190 2816 5260 quomodo
2836 5191 2891 5245 in
2932 5192 3118 5248 Judaa
3160 5194 3421 5262 nascitur,
3451 5196 3509 5251 id

1918 5278 2001 5326 est
2029 5271 2085 5326 in
2099 5272 2464 5342 confessione,
2497 5277 2715 5333 veritas.
2746 5279 2918 5334 Mater
2946 5280 3126 5354 virgo,
3171 5283 3382 5354 puritas
3425 5294 3509 5342 est

1917 5360 2142 5428 cordis;
2174 5377 2298 5416 cum
2328 5365 2494 5419 corde
2525 5367 2705 5421 credis
2752 5370 2897 5440 quod
2948 5385 3044 5426 ore
3091 5371 3389 5428 conﬁteris.
3445 5376 3507 5430 In

1918 5448 2264 5506 confessione
2297 5451 2542 5507 criminis
2570 5457 2780 5526 puritas
2811 5465 2893 5513 est
2922 5458 3040 5514 sine
3070 5459 3302 5516 macula.
3334 5461 3393 5516 Si
3417 5463 3510 5520 bo-

1918 5554 2046 5593 num
2077 5555 2184 5594 non
2217 5539 2465 5609 simulas,
2501 5558 2610 5598 non
2640 5544 2810 5600 habes
2828 5562 3017 5620 rugam
3042 5566 3056 5614 ;
3082 5548 3126 5602 si
3145 5548 3345 5604 malum
3364 5551 3506 5621 odis,

1917 5643 2028 5682 non
2060 5628 2227 5683 habes
2256 5630 2524 5685 maculam
2555 5632 2780 5703 (Ephes.
2818 5637 2904 5704 v).
2957 5637 3049 5691 Sic
3095 5637 3300 5694 veritas
3346 5639 3401 5694 in
3457 5649 3512 5697 te

1919 5715 2194 5772 desiderio
2225 5717 2547 5789 concipitur,
2580 5736 2748 5792 opere
2792 5724 3053 5792 nascitur,
3103 5726 3282 5782 studio
3328 5729 3509 5784 nutri-

1919 5811 2026 5870 tur,
2045 5813 2100 5859 ut
2113 5805 2367 5875 proﬁciat
2379 5816 2536 5863 atate
2557 5808 2611 5862 in
2629 5825 2932 5883 progressu
2950 5813 3233 5885 temporis,
3248 5816 3514 5887 sapientia

1921 5890 1980 5949 in
2008 5900 2302 5965 augmento
2333 5895 2680 5969 cognitionis,
2712 5899 2887 5972 gratia
2914 5899 2969 5958 in
2989 5900 3326 5962 incremento
3343 5902 3514 5964 virtu«
