  <div class='ocr_page' id='page_1' title='image "/cluster/home/n/w/nwhite01/storage/ocr_20150623/156-157/uc1.31175010662024/1051.png"; bbox 0 0 3924 6400; ppageno 0'>
   <div class='ocr_carea' id='block_1_1' title="bbox 410 381 512 437">
    <p class='ocr_par' dir='ltr' id='par_1_1' title="bbox 410 381 512 437">
     <span class='ocr_line' id='line_1_1' title="bbox 410 381 512 437; baseline 0 0"><span class='ocrx_word' id='word_1_1' title='bbox 410 381 512 437; x_wconf 80' lang='grc'><strong>819</strong></span> 
     </span>
    </p>
   </div>
   <div class='ocr_carea' id='block_1_2' title="bbox 1547 366 2576 433">
    <p class='ocr_par' dir='ltr' id='par_1_2' title="bbox 1547 366 2576 433">
     <span class='ocr_line' id='line_1_2' title="bbox 1547 366 2576 433; baseline -0.002 -7"><span class='ocrx_word' id='word_1_2' title='bbox 1547 371 1885 431; x_wconf 77' lang='lat' dir='ltr'><strong>WERNERI</strong></span> <span class='ocrx_word' id='word_1_3' title='bbox 1922 368 2209 433; x_wconf 76' lang='lat' dir='ltr'><strong>ABBATIS</strong></span> <span class='ocrx_word' id='word_1_4' title='bbox 2244 370 2311 427; x_wconf 85' lang='lat' dir='ltr'><strong>S.</strong></span> <span class='ocrx_word' id='word_1_5' title='bbox 2355 366 2576 431; x_wconf 67' lang='lat' dir='ltr'><strong>BLASII</strong></span> 
     </span>
    </p>
   </div>
   <div class='ocr_carea' id='block_1_3' title="bbox 3608 369 3712 429">
    <p class='ocr_par' dir='ltr' id='par_1_3' title="bbox 3608 369 3712 429">
     <span class='ocr_line' id='line_1_3' title="bbox 3608 369 3712 429; baseline -0.038 0"><span class='ocrx_word' id='word_1_6' title='bbox 3608 369 3712 429; x_wconf 78' lang='grc' dir='ltr'><strong>8ὶο</strong></span> 
     </span>
    </p>
   </div>
   <div class='ocr_carea' id='block_1_4' title="bbox 409 493 3711 575">
    <p class='ocr_par' dir='ltr' id='par_1_4' title="bbox 409 493 3711 575">
     <span class='ocr_line' id='line_1_4' title="bbox 409 493 3711 575; baseline -0.004 -8"><span class='ocrx_word' id='word_1_7' title='bbox 409 503 479 567; x_wconf 81' lang='lat' dir='ltr'><strong>tis</strong></span> <span class='ocrx_word' id='word_1_8' title='bbox 508 517 521 563; x_wconf 88' lang='lat'><strong>:</strong></span> <span class='ocrx_word' id='word_1_9' title='bbox 553 500 697 575; x_wconf 81' lang='lat' dir='ltr'><strong>apud</strong></span> <span class='ocrx_word' id='word_1_10' title='bbox 724 500 975 563; x_wconf 87' lang='lat' dir='ltr'><strong>homines</strong></span> <span class='ocrx_word' id='word_1_11' title='bbox 995 499 1050 557; x_wconf 89' lang='lat' dir='ltr'><strong>in</strong></span> <span class='ocrx_word' id='word_1_12' title='bbox 1079 497 1246 573; x_wconf 81' lang='lat' dir='ltr'><strong>fama,</strong></span> <span class='ocrx_word' id='word_1_13' title='bbox 1266 497 1414 573; x_wconf 85' lang='lat' dir='ltr'><strong>apud</strong></span> <span class='ocrx_word' id='word_1_14' title='bbox 1432 498 1604 557; x_wconf 85' lang='lat' dir='ltr'><strong>Deum</strong></span> <span class='ocrx_word' id='word_1_15' title='bbox 1639 498 1694 555; x_wconf 88' lang='lat' dir='ltr'><strong>in</strong></span> <span class='ocrx_word' id='word_1_16' title='bbox 1719 496 2010 561; x_wconf 82' lang='lat' dir='ltr'><strong>conscien-</strong></span> <span class='ocrx_word' id='word_1_17' title='bbox 2037 504 2091 568; x_wconf 73' lang='grc' dir='ltr'>Α</span> <span class='ocrx_word' id='word_1_18' title='bbox 2122 493 2266 573; x_wconf 79' lang='lat' dir='ltr'><strong>Quot</strong></span> <span class='ocrx_word' id='word_1_19' title='bbox 2303 493 2556 557; x_wconf 80' lang='lat' dir='ltr'><strong>noctibus</strong></span> <span class='ocrx_word' id='word_1_20' title='bbox 2593 493 2823 566; x_wconf 82' lang='lat' dir='ltr'><strong>recedit,</strong></span> <span class='ocrx_word' id='word_1_21' title='bbox 2864 501 2947 557; x_wconf 91' lang='lat' dir='ltr'><strong>tot</strong></span> <span class='ocrx_word' id='word_1_22' title='bbox 2998 494 3199 559; x_wconf 84' lang='lat' dir='ltr'><strong>diebus</strong></span> <span class='ocrx_word' id='word_1_23' title='bbox 3255 494 3423 555; x_wconf 86' lang='lat' dir='ltr'><strong>redit.</strong></span> <span class='ocrx_word' id='word_1_24' title='bbox 3472 494 3711 556; x_wconf 80' lang='lat' dir='ltr'><strong>Abeunti</strong></span> 
     </span>
    </p>
   </div>
   <div class='ocr_carea' id='block_1_5' title="bbox 409 587 2009 665">
    <p class='ocr_par' dir='ltr' id='par_1_5' title="bbox 409 587 2009 665">
     <span class='ocr_line' id='line_1_5' title="bbox 409 587 2009 665; baseline -0.004 -16"><span class='ocrx_word' id='word_1_25' title='bbox 409 593 518 663; x_wconf 84' lang='lat' dir='ltr'><strong>tia;</strong></span> <span class='ocrx_word' id='word_1_26' title='bbox 553 590 699 665; x_wconf 87' lang='lat' dir='ltr'><strong>apud</strong></span> <span class='ocrx_word' id='word_1_27' title='bbox 726 589 978 651; x_wconf 80' lang='lat' dir='ltr'><strong>homines</strong></span> <span class='ocrx_word' id='word_1_28' title='bbox 1010 596 1067 647; x_wconf 87' lang='lat' dir='ltr'><strong>ut</strong></span> <span class='ocrx_word' id='word_1_29' title='bbox 1095 596 1491 662; x_wconf 83' lang='lat' dir='ltr'><strong>cognoscatur,</strong></span> <span class='ocrx_word' id='word_1_30' title='bbox 1537 587 1685 663; x_wconf 85' lang='lat' dir='ltr'><strong>apud</strong></span> <span class='ocrx_word' id='word_1_31' title='bbox 1731 588 1906 647; x_wconf 84' lang='lat' dir='ltr'><strong>Deum</strong></span> <span class='ocrx_word' id='word_1_32' title='bbox 1950 595 2009 645; x_wconf 89' lang='lat' dir='ltr'><strong>ut</strong></span> 
     </span>
    </p>
   </div>
   <div class='ocr_carea' id='block_1_6' title="bbox 410 668 2008 757">
    <p class='ocr_par' dir='ltr' id='par_1_6' title="bbox 410 668 2008 757">
     <span class='ocr_line' id='line_1_6' title="bbox 410 668 2008 757; baseline -0.003 -20"><span class='ocrx_word' id='word_1_33' title='bbox 410 668 768 757; x_wconf 74' lang='lat' dir='ltr'><strong>glorifiCetur.</strong></span> <span class='ocrx_word' id='word_1_34' title='bbox 836 678 1119 735; x_wconf 90' lang='lat' dir='ltr'><strong>Duodecin</strong></span> <span class='ocrx_word' id='word_1_35' title='bbox 1178 693 1452 735; x_wconf 85' lang='lat' dir='ltr'><strong>annorum</strong></span> <span class='ocrx_word' id='word_1_36' title='bbox 1535 676 1592 735; x_wconf 89' lang='lat' dir='ltr'><strong>in</strong></span> <span class='ocrx_word' id='word_1_37' title='bbox 1675 677 2008 739; x_wconf 80' lang='lat' dir='ltr'><strong>Hierusalem</strong></span> 
     </span>
    </p>
   </div>
   <div class='ocr_carea' id='block_1_7' title="bbox 414 770 2010 848">
    <p class='ocr_par' dir='ltr' id='par_1_7' title="bbox 414 770 2010 848">
     <span class='ocr_line' id='line_1_7' title="bbox 414 770 2010 848; baseline -0.002 -13"><span class='ocrx_word' id='word_1_38' title='bbox 414 770 688 845; x_wconf 75' lang='lat' dir='ltr'><strong>ascendit,</strong></span> <span class='ocrx_word' id='word_1_39' title='bbox 713 775 838 848; x_wconf 90' lang='lat' dir='ltr'><strong>quia</strong></span> <span class='ocrx_word' id='word_1_40' title='bbox 857 782 978 847; x_wconf 87' lang='lat' dir='ltr'><strong>post</strong></span> <span class='ocrx_word' id='word_1_41' title='bbox 998 773 1388 846; x_wconf 77' lang='lat' dir='ltr'><strong>perfectionem</strong></span> <span class='ocrx_word' id='word_1_42' title='bbox 1409 773 1593 847; x_wconf 89' lang='lat' dir='ltr'><strong>cperis</strong></span> <span class='ocrx_word' id='word_1_43' title='bbox 1608 780 1661 829; x_wconf 89' lang='lat' dir='ltr'><strong>et</strong></span> <span class='ocrx_word' id='word_1_44' title='bbox 1679 774 2010 844; x_wconf 78' lang='lat' dir='ltr'><strong>duplicatum</strong></span> 
     </span>
    </p>
   </div>
   <div class='ocr_carea' id='block_1_8' title="bbox 410 860 2009 935">
    <p class='ocr_par' dir='ltr' id='par_1_8' title="bbox 410 860 2009 935">
     <span class='ocr_line' id='line_1_8' title="bbox 410 860 2009 935; baseline -0.004 -12"><span class='ocrx_word' id='word_1_45' title='bbox 410 866 668 924; x_wconf 73' lang='lat' dir='ltr'><strong>virtutem</strong></span> <span class='ocrx_word' id='word_1_46' title='bbox 699 863 978 920; x_wconf 87' lang='lat' dir='ltr'><strong>charitatis</strong></span> <span class='ocrx_word' id='word_1_47' title='bbox 1008 863 1076 918; x_wconf 88' lang='lat' dir='ltr'><strong>ad</strong></span> <span class='ocrx_word' id='word_1_48' title='bbox 1106 879 1297 934; x_wconf 89' lang='lat' dir='ltr'><strong>pacem</strong></span> <span class='ocrx_word' id='word_1_49' title='bbox 1328 862 1805 935; x_wconf 87' lang='lat' dir='ltr'><strong>contemplationis</strong></span> <span class='ocrx_word' id='word_1_50' title='bbox 1835 860 2009 935; x_wconf 83' lang='lat' dir='ltr'><strong>profi-</strong></span> 
     </span>
    </p>
   </div>
   <div class='ocr_carea' id='block_1_9' title="bbox 411 950 2011 1013">
    <p class='ocr_par' dir='ltr' id='par_1_9' title="bbox 411 950 2011 1013">
     <span class='ocr_line' id='line_1_9' title="bbox 411 950 2011 1013; baseline -0.005 0"><span class='ocrx_word' id='word_1_51' title='bbox 411 956 503 1013; x_wconf 89' lang='lat' dir='ltr'><strong>cit.</strong></span> <span class='ocrx_word' id='word_1_52' title='bbox 535 955 792 1011; x_wconf 87' lang='lat' dir='ltr'><strong>Parentes</strong></span> <span class='ocrx_word' id='word_1_53' title='bbox 823 951 954 1009; x_wconf 84' lang='lat' dir='ltr'><strong>Jesu</strong></span> <span class='ocrx_word' id='word_1_54' title='bbox 988 951 1056 1011; x_wconf 87' lang='lat' dir='ltr'><strong>ab</strong></span> <span class='ocrx_word' id='word_1_55' title='bbox 1084 950 1424 1011; x_wconf 82' lang='lat' dir='ltr'><strong>Hierusalem</strong></span> <span class='ocrx_word' id='word_1_56' title='bbox 1455 951 1650 1011; x_wconf 85' lang='lat' dir='ltr'><strong>itinere</strong></span> <span class='ocrx_word' id='word_1_57' title='bbox 1691 951 1851 1008; x_wconf 88' lang='lat' dir='ltr'><strong>unius</strong></span> <span class='ocrx_word' id='word_1_58' title='bbox 1901 951 2011 1008; x_wconf 90' lang='lat' dir='ltr'><strong>diei</strong></span> 
     </span>
    </p>
   </div>
   <div class='ocr_carea' id='block_1_10' title="bbox 410 1048 2010 1123">
    <p class='ocr_par' dir='ltr' id='par_1_10' title="bbox 410 1048 2010 1123">
     <span class='ocr_line' id='line_1_10' title="bbox 410 1048 2010 1123; baseline -0.003 -15"><span class='ocrx_word' id='word_1_59' title='bbox 410 1051 661 1118; x_wconf 82' lang='lat' dir='ltr'><strong>redeunt,</strong></span> <span class='ocrx_word' id='word_1_60' title='bbox 705 1049 835 1123; x_wconf 89' lang='lat' dir='ltr'><strong>quia</strong></span> <span class='ocrx_word' id='word_1_61' title='bbox 871 1065 1066 1111; x_wconf 80' lang='lat' dir='ltr'><strong>sensus</strong></span> <span class='ocrx_word' id='word_1_62' title='bbox 1116 1049 1299 1107; x_wconf 89' lang='lat' dir='ltr'><strong>carnis</strong></span> <span class='ocrx_word' id='word_1_63' title='bbox 1349 1066 1451 1122; x_wconf 90' lang='lat' dir='ltr'><strong>per</strong></span> <span class='ocrx_word' id='word_1_64' title='bbox 1505 1048 1827 1109; x_wconf 82' lang='lat' dir='ltr'><strong>exercitium</strong></span> <span class='ocrx_word' id='word_1_65' title='bbox 1879 1048 2010 1107; x_wconf 86' lang='lat' dir='ltr'><strong>boni</strong></span> 
     </span>
    </p>
   </div>
   <div class='ocr_carea' id='block_1_11' title="bbox 416 1137 2011 1213">
    <p class='ocr_par' dir='ltr' id='par_1_11' title="bbox 416 1137 2011 1213">
     <span class='ocr_line' id='line_1_11' title="bbox 416 1137 2011 1213; baseline -0.001 -14"><span class='ocrx_word' id='word_1_66' title='bbox 416 1139 604 1213; x_wconf 90' lang='lat' dir='ltr'><strong>operis</strong></span> <span class='ocrx_word' id='word_1_67' title='bbox 628 1140 899 1197; x_wconf 88' lang='lat' dir='ltr'><strong>internam</strong></span> <span class='ocrx_word' id='word_1_68' title='bbox 931 1139 1215 1197; x_wconf 81' lang='lat' dir='ltr'><strong>veritatem</strong></span> <span class='ocrx_word' id='word_1_69' title='bbox 1254 1139 1513 1211; x_wconf 89' lang='lat' dir='ltr'><strong>nutriunt,</strong></span> <span class='ocrx_word' id='word_1_70' title='bbox 1547 1154 1648 1210; x_wconf 88' lang='lat' dir='ltr'><strong>per</strong></span> <span class='ocrx_word' id='word_1_71' title='bbox 1680 1137 2011 1197; x_wconf 85' lang='lat' dir='ltr'><strong>exteriorum</strong></span> 
     </span>
    </p>
   </div>
   <div class='ocr_carea' id='block_1_12' title="bbox 415 1226 2011 1301">
    <p class='ocr_par' dir='ltr' id='par_1_12' title="bbox 415 1226 2011 1301">
     <span class='ocr_line' id='line_1_12' title="bbox 415 1226 2011 1301; baseline -0.003 -15"><span class='ocrx_word' id='word_1_72' title='bbox 415 1226 831 1286; x_wconf 80' lang='lat' dir='ltr'><strong>delectationem</strong></span> <span class='ocrx_word' id='word_1_73' title='bbox 859 1226 1080 1285; x_wconf 86' lang='lat' dir='ltr'><strong>retracti</strong></span> <span class='ocrx_word' id='word_1_74' title='bbox 1108 1226 1201 1285; x_wconf 89' lang='lat' dir='ltr'><strong>diu</strong></span> <span class='ocrx_word' id='word_1_75' title='bbox 1232 1226 1287 1285; x_wconf 90' lang='lat' dir='ltr'><strong>in</strong></span> <span class='ocrx_word' id='word_1_76' title='bbox 1314 1226 1527 1284; x_wconf 89' lang='lat' dir='ltr'><strong>interna</strong></span> <span class='ocrx_word' id='word_1_77' title='bbox 1556 1240 1693 1301; x_wconf 83' lang='lat' dir='ltr'><strong>pace</strong></span> <span class='ocrx_word' id='word_1_78' title='bbox 1710 1227 2011 1298; x_wconf 86' lang='lat' dir='ltr'><strong>persistere</strong></span> 
     </span>
    </p>
   </div>
   <div class='ocr_carea' id='block_1_13' title="bbox 415 1324 2010 1399">
    <p class='ocr_par' dir='ltr' id='par_1_13' title="bbox 415 1324 2010 1399">
     <span class='ocr_line' id='line_1_13' title="bbox 415 1324 2010 1399; baseline -0.003 -15"><span class='ocrx_word' id='word_1_79' title='bbox 415 1342 525 1384; x_wconf 87' lang='lat' dir='ltr'><strong>non</strong></span> <span class='ocrx_word' id='word_1_80' title='bbox 557 1333 810 1399; x_wconf 87' lang='lat' dir='ltr'><strong>possunt.</strong></span> <span class='ocrx_word' id='word_1_81' title='bbox 842 1325 995 1383; x_wconf 87' lang='lat' dir='ltr'><strong>Unus</strong></span> <span class='ocrx_word' id='word_1_82' title='bbox 1022 1324 1162 1392; x_wconf 85' lang='lat' dir='ltr'><strong>dies,</strong></span> <span class='ocrx_word' id='word_1_83' title='bbox 1194 1340 1307 1381; x_wconf 85' lang='lat' dir='ltr'><strong>una</strong></span> <span class='ocrx_word' id='word_1_84' title='bbox 1358 1324 1607 1393; x_wconf 79' lang='lat' dir='ltr'><strong>claritas,</strong></span> <span class='ocrx_word' id='word_1_85' title='bbox 1656 1339 1823 1383; x_wconf 77' lang='lat' dir='ltr'><strong>unum</strong></span> <span class='ocrx_word' id='word_1_86' title='bbox 1868 1337 2010 1399; x_wconf 77' lang='lat' dir='ltr'><strong>gau-</strong></span> 
     </span>
    </p>
   </div>
   <div class='ocr_carea' id='block_1_14' title="bbox 415 1411 2012 1487">
    <p class='ocr_par' dir='ltr' id='par_1_14' title="bbox 415 1411 2012 1487">
     <span class='ocr_line' id='line_1_14' title="bbox 415 1411 2012 1487; baseline -0.002 -16"><span class='ocrx_word' id='word_1_87' title='bbox 415 1414 593 1481; x_wconf 87' lang='lat' dir='ltr'><strong>dium,</strong></span> <span class='ocrx_word' id='word_1_88' title='bbox 623 1429 731 1470; x_wconf 89' lang='lat' dir='ltr'><strong>una</strong></span> <span class='ocrx_word' id='word_1_89' title='bbox 759 1413 1069 1473; x_wconf 80' lang='lat' dir='ltr'><strong>benedictio</strong></span> <span class='ocrx_word' id='word_1_90' title='bbox 1100 1429 1267 1487; x_wconf 86' lang='lat' dir='ltr'><strong>quam</strong></span> <span class='ocrx_word' id='word_1_91' title='bbox 1295 1415 1446 1471; x_wconf 84' lang='lat' dir='ltr'><strong>Esau</strong></span> <span class='ocrx_word' id='word_1_92' title='bbox 1482 1413 1717 1485; x_wconf 85' lang='lat' dir='ltr'><strong>accepit,</strong></span> <span class='ocrx_word' id='word_1_93' title='bbox 1771 1412 1863 1486; x_wconf 87' lang='lat' dir='ltr'><strong>qui</strong></span> <span class='ocrx_word' id='word_1_94' title='bbox 1906 1411 2012 1468; x_wconf 82' lang='lat' dir='ltr'><strong>du—</strong></span> 
     </span>
    </p>
   </div>
   <div class='ocr_carea' id='block_1_15' title="bbox 413 1499 2012 1577">
    <p class='ocr_par' dir='ltr' id='par_1_15' title="bbox 413 1499 2012 1577">
     <span class='ocr_line' id='line_1_15' title="bbox 413 1499 2012 1577; baseline -0.001 -18"><span class='ocrx_word' id='word_1_95' title='bbox 413 1504 614 1577; x_wconf 88' lang='lat' dir='ltr'><strong>plicem</strong></span> <span class='ocrx_word' id='word_1_96' title='bbox 654 1501 853 1559; x_wconf 85' lang='lat' dir='ltr'><strong>stolam</strong></span> <span class='ocrx_word' id='word_1_97' title='bbox 888 1518 999 1558; x_wconf 90' lang='lat' dir='ltr'><strong>non</strong></span> <span class='ocrx_word' id='word_1_98' title='bbox 1035 1501 1210 1574; x_wconf 88' lang='lat' dir='ltr'><strong>potuit</strong></span> <span class='ocrx_word' id='word_1_99' title='bbox 1260 1502 1588 1575; x_wconf 82' lang='lat' dir='ltr'><strong>promereri.</strong></span> <span class='ocrx_word' id='word_1_100' title='bbox 1645 1502 1743 1559; x_wconf 85' lang='lat' dir='ltr'><strong>Hie</strong></span> <span class='ocrx_word' id='word_1_101' title='bbox 1790 1508 1875 1556; x_wconf 89' lang='lat' dir='ltr'><strong>est</strong></span> <span class='ocrx_word' id='word_1_102' title='bbox 1919 1499 2012 1560; x_wconf 86' lang='lat' dir='ltr'><strong>ille</strong></span> 
     </span>
    </p>
   </div>
   <div class='ocr_carea' id='block_1_16' title="bbox 413 1599 2012 1679">
    <p class='ocr_par' dir='ltr' id='par_1_16' title="bbox 413 1599 2012 1679">
     <span class='ocr_line' id='line_1_16' title="bbox 413 1599 2012 1679; baseline -0.001 -23"><span class='ocrx_word' id='word_1_103' title='bbox 413 1617 556 1657; x_wconf 90' lang='lat' dir='ltr'><strong>unus</strong></span> <span class='ocrx_word' id='word_1_104' title='bbox 586 1599 726 1667; x_wconf 89' lang='lat' dir='ltr'><strong>dies,</strong></span> <span class='ocrx_word' id='word_1_105' title='bbox 759 1600 814 1656; x_wconf 91' lang='lat' dir='ltr'><strong>in</strong></span> <span class='ocrx_word' id='word_1_106' title='bbox 846 1616 954 1673; x_wconf 90' lang='lat' dir='ltr'><strong>quo</strong></span> <span class='ocrx_word' id='word_1_107' title='bbox 982 1616 1120 1679; x_wconf 87' lang='lat' dir='ltr'><strong>puer</strong></span> <span class='ocrx_word' id='word_1_108' title='bbox 1150 1600 1311 1661; x_wconf 88' lang='lat' dir='ltr'><strong>unius</strong></span> <span class='ocrx_word' id='word_1_109' title='bbox 1340 1600 1448 1659; x_wconf 87' lang='lat' dir='ltr'><strong>diei</strong></span> <span class='ocrx_word' id='word_1_110' title='bbox 1475 1600 1598 1658; x_wconf 89' lang='lat' dir='ltr'><strong>sine</strong></span> <span class='ocrx_word' id='word_1_111' title='bbox 1626 1608 1850 1673; x_wconf 89' lang='lat' dir='ltr'><strong>peccato</strong></span> <span class='ocrx_word' id='word_1_112' title='bbox 1889 1614 2012 1665; x_wconf 86' lang='lat' dir='ltr'><strong>esse</strong></span> 
     </span>
    </p>
   </div>
   <div class='ocr_carea' id='block_1_17' title="bbox 413 1686 2013 1765">
    <p class='ocr_par' dir='ltr' id='par_1_17' title="bbox 413 1686 2013 1765">
     <span class='ocr_line' id='line_1_17' title="bbox 413 1686 2013 1765; baseline -0.001 -19"><span class='ocrx_word' id='word_1_113' title='bbox 413 1706 526 1760; x_wconf 85' lang='lat' dir='ltr'><strong>non</strong></span> <span class='ocrx_word' id='word_1_114' title='bbox 555 1689 733 1763; x_wconf 89' lang='lat' dir='ltr'><strong>potuit</strong></span> <span class='ocrx_word' id='word_1_115' title='bbox 762 1705 938 1763; x_wconf 87' lang='lat' dir='ltr'><strong>super</strong></span> <span class='ocrx_word' id='word_1_116' title='bbox 978 1697 1206 1757; x_wconf 84' lang='lat' dir='ltr'><strong>terram,</strong></span> <span class='ocrx_word' id='word_1_117' title='bbox 1252 1689 1382 1765; x_wconf 90' lang='lat' dir='ltr'><strong>quia</strong></span> <span class='ocrx_word' id='word_1_118' title='bbox 1428 1706 1624 1747; x_wconf 84' lang='lat' dir='ltr'><strong>sensus</strong></span> <span class='ocrx_word' id='word_1_119' title='bbox 1666 1688 1867 1757; x_wconf 88' lang='lat' dir='ltr'><strong>carnis,</strong></span> <span class='ocrx_word' id='word_1_120' title='bbox 1921 1686 2013 1763; x_wconf 87' lang='lat' dir='ltr'><strong>qui</strong></span> 
     </span>
    </p>
   </div>
   <div class='ocr_carea' id='block_1_18' title="bbox 415 1778 2010 1852">
    <p class='ocr_par' dir='ltr' id='par_1_18' title="bbox 415 1778 2010 1852">
     <span class='ocr_line' id='line_1_18' title="bbox 415 1778 2010 1852; baseline -0.001 -18"><span class='ocrx_word' id='word_1_121' title='bbox 415 1786 682 1852; x_wconf 91' lang='lat' dir='ltr'><strong>quantum</strong></span> <span class='ocrx_word' id='word_1_122' title='bbox 712 1778 782 1837; x_wconf 89' lang='lat' dir='ltr'><strong>ad</strong></span> <span class='ocrx_word' id='word_1_123' title='bbox 818 1795 879 1836; x_wconf 89' lang='lat' dir='ltr'><strong>se</strong></span> <span class='ocrx_word' id='word_1_124' title='bbox 905 1795 1126 1851; x_wconf 84' lang='lat' dir='ltr'><strong>semper</strong></span> <span class='ocrx_word' id='word_1_125' title='bbox 1153 1779 1390 1852; x_wconf 89' lang='lat' dir='ltr'><strong>puerilia</strong></span> <span class='ocrx_word' id='word_1_126' title='bbox 1420 1779 1651 1852; x_wconf 86' lang='lat' dir='ltr'><strong>appetit,</strong></span> <span class='ocrx_word' id='word_1_127' title='bbox 1678 1778 1843 1848; x_wconf 81' lang='lat' dir='ltr'><strong>hujus</strong></span> <span class='ocrx_word' id='word_1_128' title='bbox 1885 1786 2010 1833; x_wconf 85' lang='lat' dir='ltr'><strong>tun-</strong></span> 
     </span>
    </p>
   </div>
   <div class='ocr_carea' id='block_1_19' title="bbox 2114 580 3705 661">
    <p class='ocr_par' dir='ltr' id='par_1_19' title="bbox 2114 580 3705 661">
     <span class='ocr_line' id='line_1_19' title="bbox 2114 580 3705 661; baseline -0.002 -18"><span class='ocrx_word' id='word_1_129' title='bbox 2114 584 2307 658; x_wconf 74' lang='lat' dir='ltr'><strong>primae</strong></span> <span class='ocrx_word' id='word_1_130' title='bbox 2336 582 2511 642; x_wconf 87' lang='lat' dir='ltr'><strong>noctis</strong></span> <span class='ocrx_word' id='word_1_131' title='bbox 2541 582 2645 640; x_wconf 87' lang='lat' dir='ltr'><strong>iter</strong></span> <span class='ocrx_word' id='word_1_132' title='bbox 2672 590 2757 643; x_wconf 86' lang='lat' dir='ltr'><strong>est</strong></span> <span class='ocrx_word' id='word_1_133' title='bbox 2783 599 2885 659; x_wconf 88' lang='lat' dir='ltr'><strong>per</strong></span> <span class='ocrx_word' id='word_1_134' title='bbox 2913 580 3246 656; x_wconf 85' lang='lat' dir='ltr'><strong>superbiam,</strong></span> <span class='ocrx_word' id='word_1_135' title='bbox 3280 600 3386 661; x_wconf 86' lang='lat' dir='ltr'><strong>qua</strong></span> <span class='ocrx_word' id='word_1_136' title='bbox 3416 586 3588 641; x_wconf 89' lang='lat' dir='ltr'><strong>Deum</strong></span> <span class='ocrx_word' id='word_1_137' title='bbox 3608 583 3705 640; x_wconf 86' lang='lat' dir='ltr'><strong>de-</strong></span> 
     </span>
    </p>
   </div>
   <div class='ocr_carea' id='block_1_20' title="bbox 2117 670 3706 747">
    <p class='ocr_par' dir='ltr' id='par_1_20' title="bbox 2117 670 3706 747">
     <span class='ocr_line' id='line_1_20' title="bbox 2117 670 3706 747; baseline 0.001 -20"><span class='ocrx_word' id='word_1_138' title='bbox 2117 673 2252 729; x_wconf 89' lang='lat' dir='ltr'><strong>serit</strong></span> <span class='ocrx_word' id='word_1_139' title='bbox 2287 691 2302 741; x_wconf 86' lang='lat'><strong>;</strong></span> <span class='ocrx_word' id='word_1_140' title='bbox 2331 671 2589 731; x_wconf 75' lang='lat' dir='ltr'><strong>secundae</strong></span> <span class='ocrx_word' id='word_1_141' title='bbox 2616 673 2791 729; x_wconf 89' lang='lat' dir='ltr'><strong>noctis</strong></span> <span class='ocrx_word' id='word_1_142' title='bbox 2820 672 2922 729; x_wconf 85' lang='lat' dir='ltr'><strong>iter</strong></span> <span class='ocrx_word' id='word_1_143' title='bbox 2948 681 3029 730; x_wconf 90' lang='lat' dir='ltr'><strong>est</strong></span> <span class='ocrx_word' id='word_1_144' title='bbox 3054 689 3154 747; x_wconf 90' lang='lat' dir='ltr'><strong>per</strong></span> <span class='ocrx_word' id='word_1_145' title='bbox 3181 670 3706 745; x_wconf 76' lang='lat' dir='ltr'><strong>concupiscentiam,</strong></span> 
     </span>
    </p>
   </div>
   <div class='ocr_carea' id='block_1_21' title="bbox 2117 770 3709 845">
    <p class='ocr_par' dir='ltr' id='par_1_21' title="bbox 2117 770 3709 845">
     <span class='ocr_line' id='line_1_21' title="bbox 2117 770 3709 845; baseline -0.001 -17"><span class='ocrx_word' id='word_1_146' title='bbox 2117 788 2222 845; x_wconf 73' lang='lat' dir='ltr'><strong>qua</strong></span> <span class='ocrx_word' id='word_1_147' title='bbox 2248 771 2355 829; x_wconf 84' lang='lat' dir='ltr'><strong>alia</strong></span> <span class='ocrx_word' id='word_1_148' title='bbox 2380 779 2584 845; x_wconf 63' lang='lat' dir='ltr'><strong>printer</strong></span> <span class='ocrx_word' id='word_1_149' title='bbox 2620 772 2796 829; x_wconf 86' lang='lat' dir='ltr'><strong>Deum</strong></span> <span class='ocrx_word' id='word_1_150' title='bbox 2844 771 3048 845; x_wconf 88' lang='lat' dir='ltr'><strong>appetit</strong></span> <span class='ocrx_word' id='word_1_151' title='bbox 3081 791 3096 839; x_wconf 87' lang='lat'><strong>;</strong></span> <span class='ocrx_word' id='word_1_152' title='bbox 3150 771 3324 827; x_wconf 77' lang='lat' dir='ltr'><strong>tertiae</strong></span> <span class='ocrx_word' id='word_1_153' title='bbox 3379 770 3551 829; x_wconf 88' lang='lat' dir='ltr'><strong>noctis</strong></span> <span class='ocrx_word' id='word_1_154' title='bbox 3606 770 3709 827; x_wconf 88' lang='lat' dir='ltr'><strong>iter</strong></span> 
     </span>
    </p>
   </div>
   <div class='ocr_carea' id='block_1_22' title="bbox 2117 859 3709 934">
    <p class='ocr_par' dir='ltr' id='par_1_22' title="bbox 2117 859 3709 934">
     <span class='ocr_line' id='line_1_22' title="bbox 2117 859 3709 934; baseline -0.002 -17"><span class='ocrx_word' id='word_1_155' title='bbox 2117 869 2199 918; x_wconf 90' lang='lat' dir='ltr'><strong>est</strong></span> <span class='ocrx_word' id='word_1_156' title='bbox 2226 877 2327 933; x_wconf 91' lang='lat' dir='ltr'><strong>per</strong></span> <span class='ocrx_word' id='word_1_157' title='bbox 2354 861 2723 928; x_wconf 87' lang='lat' dir='ltr'><strong>obstinatiam,</strong></span> <span class='ocrx_word' id='word_1_158' title='bbox 2756 860 2936 934; x_wconf 88' lang='lat' dir='ltr'><strong>quain</strong></span> <span class='ocrx_word' id='word_1_159' title='bbox 2957 860 3079 917; x_wconf 90' lang='lat' dir='ltr'><strong>aliis</strong></span> <span class='ocrx_word' id='word_1_160' title='bbox 3109 868 3264 916; x_wconf 83' lang='lat' dir='ltr'><strong>extra</strong></span> <span class='ocrx_word' id='word_1_161' title='bbox 3292 861 3466 917; x_wconf 91' lang='lat' dir='ltr'><strong>Deum</strong></span> <span class='ocrx_word' id='word_1_162' title='bbox 3496 859 3709 932; x_wconf 89' lang='lat' dir='ltr'><strong>requie-</strong></span> 
     </span>
    </p>
   </div>
   <div class='ocr_carea' id='block_1_23' title="bbox 2116 948 3708 1022">
    <p class='ocr_par' dir='ltr' id='par_1_23' title="bbox 2116 948 3708 1022">
     <span class='ocr_line' id='line_1_23' title="bbox 2116 948 3708 1022; baseline 0 -17"><span class='ocrx_word' id='word_1_163' title='bbox 2116 950 2239 1007; x_wconf 87' lang='lat' dir='ltr'><strong>scit.</strong></span> <span class='ocrx_word' id='word_1_164' title='bbox 2271 952 2332 1004; x_wconf 88' lang='lat' dir='ltr'><strong>In</strong></span> <span class='ocrx_word' id='word_1_165' title='bbox 2361 949 2618 1021; x_wconf 88' lang='lat' dir='ltr'><strong>superbia</strong></span> <span class='ocrx_word' id='word_1_166' title='bbox 2650 958 2733 1005; x_wconf 87' lang='lat' dir='ltr'><strong>est</strong></span> <span class='ocrx_word' id='word_1_167' title='bbox 2761 950 3000 1017; x_wconf 88' lang='lat' dir='ltr'><strong>vanitas,</strong></span> <span class='ocrx_word' id='word_1_168' title='bbox 3032 949 3088 1005; x_wconf 92' lang='lat' dir='ltr'><strong>in</strong></span> <span class='ocrx_word' id='word_1_169' title='bbox 3136 948 3571 1022; x_wconf 84' lang='lat' dir='ltr'><strong>concupiscentia</strong></span> <span class='ocrx_word' id='word_1_170' title='bbox 3617 949 3708 1005; x_wconf 89' lang='lat' dir='ltr'><strong>de-</strong></span> 
     </span>
    </p>
   </div>
   <div class='ocr_carea' id='block_1_24' title="bbox 2117 1045 3707 1121">
    <p class='ocr_par' dir='ltr' id='par_1_24' title="bbox 2117 1045 3707 1121">
     <span class='ocr_line' id='line_1_24' title="bbox 2117 1045 3707 1121; baseline 0 -20"><span class='ocrx_word' id='word_1_171' title='bbox 2117 1045 2356 1115; x_wconf 87' lang='lat' dir='ltr'><strong>lectatio,</strong></span> <span class='ocrx_word' id='word_1_172' title='bbox 2388 1047 2443 1103; x_wconf 87' lang='lat' dir='ltr'><strong>in</strong></span> <span class='ocrx_word' id='word_1_173' title='bbox 2472 1047 2765 1105; x_wconf 77' lang='lat' dir='ltr'><strong>obstinatis</strong></span> <span class='ocrx_word' id='word_1_174' title='bbox 2793 1062 3117 1104; x_wconf 87' lang='lat' dir='ltr'><strong>consensus.</strong></span> <span class='ocrx_word' id='word_1_175' title='bbox 3148 1049 3254 1103; x_wconf 90' lang='lat' dir='ltr'><strong>Per</strong></span> <span class='ocrx_word' id='word_1_176' title='bbox 3283 1047 3568 1103; x_wconf 87' lang='lat' dir='ltr'><strong>vanitatem</strong></span> <span class='ocrx_word' id='word_1_177' title='bbox 3598 1046 3707 1121; x_wconf 82' lang='lat' dir='ltr'><strong>igi-</strong></span> 
     </span>
    </p>
   </div>
   <div class='ocr_carea' id='block_1_25' title="bbox 2119 1136 3707 1209">
    <p class='ocr_par' dir='ltr' id='par_1_25' title="bbox 2119 1136 3707 1209">
     <span class='ocr_line' id='line_1_25' title="bbox 2119 1136 3707 1209; baseline 0 -17"><span class='ocrx_word' id='word_1_178' title='bbox 2119 1143 2208 1192; x_wconf 91' lang='lat' dir='ltr'><strong>tur</strong></span> <span class='ocrx_word' id='word_1_179' title='bbox 2232 1136 2362 1204; x_wconf 88' lang='lat' dir='ltr'><strong>abit,</strong></span> <span class='ocrx_word' id='word_1_180' title='bbox 2395 1150 2493 1208; x_wconf 91' lang='lat' dir='ltr'><strong>per</strong></span> <span class='ocrx_word' id='word_1_181' title='bbox 2520 1136 2884 1193; x_wconf 84' lang='lat' dir='ltr'><strong>deiectionem</strong></span> <span class='ocrx_word' id='word_1_182' title='bbox 2925 1143 3052 1204; x_wconf 83' lang='lat' dir='ltr'><strong>stat,</strong></span> <span class='ocrx_word' id='word_1_183' title='bbox 3093 1152 3195 1209; x_wconf 89' lang='lat' dir='ltr'><strong>per</strong></span> <span class='ocrx_word' id='word_1_184' title='bbox 3240 1150 3565 1193; x_wconf 84' lang='lat' dir='ltr'><strong>consensum</strong></span> <span class='ocrx_word' id='word_1_185' title='bbox 3614 1151 3707 1192; x_wconf 89' lang='lat' dir='ltr'><strong>se-</strong></span> 
     </span>
    </p>
   </div>
   <div class='ocr_carea' id='block_1_26' title="bbox 2118 1225 3709 1299">
    <p class='ocr_par' dir='ltr' id='par_1_26' title="bbox 2118 1225 3709 1299">
     <span class='ocr_line' id='line_1_26' title="bbox 2118 1225 3709 1299; baseline -0.001 -18"><span class='ocrx_word' id='word_1_186' title='bbox 2118 1225 2230 1282; x_wconf 91' lang='lat' dir='ltr'><strong>det.</strong></span> <span class='ocrx_word' id='word_1_187' title='bbox 2271 1228 2376 1282; x_wconf 88' lang='lat' dir='ltr'><strong>Per</strong></span> <span class='ocrx_word' id='word_1_188' title='bbox 2413 1226 2727 1299; x_wconf 88' lang='lat' dir='ltr'><strong>superbiam</strong></span> <span class='ocrx_word' id='word_1_189' title='bbox 2755 1241 2793 1283; x_wconf 90' lang='lat' dir='ltr'><strong>a</strong></span> <span class='ocrx_word' id='word_1_190' title='bbox 2821 1226 2938 1283; x_wconf 89' lang='lat' dir='ltr'><strong>Deo</strong></span> <span class='ocrx_word' id='word_1_191' title='bbox 2965 1226 3252 1295; x_wconf 86' lang='lat' dir='ltr'><strong>recedens,</strong></span> <span class='ocrx_word' id='word_1_192' title='bbox 3284 1225 3426 1282; x_wconf 82' lang='lat' dir='ltr'><strong>vadit</strong></span> <span class='ocrx_word' id='word_1_193' title='bbox 3454 1225 3523 1281; x_wconf 91' lang='lat' dir='ltr'><strong>ad</strong></span> <span class='ocrx_word' id='word_1_194' title='bbox 3554 1240 3614 1281; x_wconf 91' lang='lat' dir='ltr'><strong>se</strong></span> <span class='ocrx_word' id='word_1_195' title='bbox 3651 1234 3709 1281; x_wconf 91' lang='lat' dir='ltr'><strong>ut</strong></span> 
     </span>
    </p>
   </div>
   <div class='ocr_carea' id='block_1_27' title="bbox 2118 1322 3707 1396">
    <p class='ocr_par' dir='ltr' id='par_1_27' title="bbox 2118 1322 3707 1396">
     <span class='ocr_line' id='line_1_27' title="bbox 2118 1322 3707 1396; baseline 0 -18"><span class='ocrx_word' id='word_1_196' title='bbox 2118 1322 2427 1395; x_wconf 67' lang='lat' dir='ltr'><strong>requiescat</strong></span> <span class='ocrx_word' id='word_1_197' title='bbox 2455 1324 2513 1380; x_wconf 87' lang='lat' dir='ltr'><strong>in</strong></span> <span class='ocrx_word' id='word_1_198' title='bbox 2543 1339 2605 1380; x_wconf 86' lang='lat' dir='ltr'><strong>se</strong></span> <span class='ocrx_word' id='word_1_199' title='bbox 2626 1342 2642 1392; x_wconf 88' lang='lat'><strong>;</strong></span> <span class='ocrx_word' id='word_1_200' title='bbox 2672 1338 2775 1396; x_wconf 84' lang='lat' dir='ltr'><strong>per</strong></span> <span class='ocrx_word' id='word_1_201' title='bbox 2788 1323 3295 1395; x_wconf 74' lang='lat' dir='ltr'><strong>concupiscentiam</strong></span> <span class='ocrx_word' id='word_1_202' title='bbox 3310 1322 3598 1380; x_wconf 77' lang='lat' dir='ltr'><strong>descendit</strong></span> <span class='ocrx_word' id='word_1_203' title='bbox 3607 1323 3707 1379; x_wconf 91' lang='lat' dir='ltr'><strong>sub</strong></span> 
     </span>
    </p>
   </div>
   <div class='ocr_carea' id='block_1_28' title="bbox 2119 1412 3710 1486">
    <p class='ocr_par' dir='ltr' id='par_1_28' title="bbox 2119 1412 3710 1486">
     <span class='ocr_line' id='line_1_28' title="bbox 2119 1412 3710 1486; baseline -0.001 -13"><span class='ocrx_word' id='word_1_204' title='bbox 2119 1428 2202 1480; x_wconf 74' lang='lat' dir='ltr'><strong>se,</strong></span> <span class='ocrx_word' id='word_1_205' title='bbox 2234 1420 2296 1473; x_wconf 82' lang='lat' dir='ltr'><strong>ut</strong></span> <span class='ocrx_word' id='word_1_206' title='bbox 2319 1412 2627 1486; x_wconf 79' lang='lat' dir='ltr'><strong>requiescat</strong></span> <span class='ocrx_word' id='word_1_207' title='bbox 2654 1413 2711 1468; x_wconf 90' lang='lat' dir='ltr'><strong>in</strong></span> <span class='ocrx_word' id='word_1_208' title='bbox 2741 1428 2911 1471; x_wconf 83' lang='lat' dir='ltr'><strong>carne</strong></span> <span class='ocrx_word' id='word_1_209' title='bbox 2937 1429 2953 1483; x_wconf 85' lang='lat'><strong>;</strong></span> <span class='ocrx_word' id='word_1_210' title='bbox 2981 1428 3084 1485; x_wconf 81' lang='lat' dir='ltr'><strong>per</strong></span> <span class='ocrx_word' id='word_1_211' title='bbox 3111 1412 3453 1471; x_wconf 72' lang='lat' dir='ltr'><strong>obstinatiam</strong></span> <span class='ocrx_word' id='word_1_212' title='bbox 3482 1412 3710 1471; x_wconf 76' lang='lat' dir='ltr'><strong>trahitur</strong></span> 
     </span>
    </p>
   </div>
   <div class='ocr_carea' id='block_1_29' title="bbox 2118 1500 3708 1576">
    <p class='ocr_par' dir='ltr' id='par_1_29' title="bbox 2118 1500 3708 1576">
     <span class='ocr_line' id='line_1_29' title="bbox 2118 1500 3708 1576; baseline 0.001 -18"><span class='ocrx_word' id='word_1_213' title='bbox 2118 1509 2275 1563; x_wconf 78' lang='lat' dir='ltr'><strong>extra</strong></span> <span class='ocrx_word' id='word_1_214' title='bbox 2301 1517 2389 1568; x_wconf 86' lang='lat' dir='ltr'><strong>se,</strong></span> <span class='ocrx_word' id='word_1_215' title='bbox 2415 1510 2474 1558; x_wconf 83' lang='lat' dir='ltr'><strong>at</strong></span> <span class='ocrx_word' id='word_1_216' title='bbox 2504 1502 2813 1576; x_wconf 79' lang='lat' dir='ltr'><strong>requiescat</strong></span> <span class='ocrx_word' id='word_1_217' title='bbox 2839 1503 2897 1559; x_wconf 86' lang='lat' dir='ltr'><strong>in</strong></span> <span class='ocrx_word' id='word_1_218' title='bbox 2930 1517 3102 1560; x_wconf 81' lang='lat' dir='ltr'><strong>carae</strong></span> <span class='ocrx_word' id='word_1_219' title='bbox 3128 1517 3165 1560; x_wconf 89' lang='lat' dir='ltr'><strong>a</strong></span> <span class='ocrx_word' id='word_1_220' title='bbox 3189 1500 3373 1573; x_wconf 81' lang='lat' dir='ltr'><strong>specie</strong></span> <span class='ocrx_word' id='word_1_221' title='bbox 3419 1500 3708 1560; x_wconf 76' lang='lat' dir='ltr'><strong>visibilium</strong></span> 
     </span>
    </p>
   </div>
   <div class='ocr_carea' id='block_1_30' title="bbox 2120 1596 3709 1671">
    <p class='ocr_par' dir='ltr' id='par_1_30' title="bbox 2120 1596 3709 1671">
     <span class='ocr_line' id='line_1_30' title="bbox 2120 1596 3709 1671; baseline -0.002 -16"><span class='ocrx_word' id='word_1_222' title='bbox 2120 1606 2175 1655; x_wconf 81' lang='lat' dir='ltr'><strong>at</strong></span> <span class='ocrx_word' id='word_1_223' title='bbox 2218 1607 2542 1671; x_wconf 77' lang='lat' dir='ltr'><strong>permaneat</strong></span> <span class='ocrx_word' id='word_1_224' title='bbox 2584 1599 2643 1654; x_wconf 82' lang='lat' dir='ltr'><strong>in</strong></span> <span class='ocrx_word' id='word_1_225' title='bbox 2696 1598 3088 1657; x_wconf 72' lang='lat' dir='ltr'><strong>delectatione.</strong></span> <span class='ocrx_word' id='word_1_226' title='bbox 3157 1597 3398 1653; x_wconf 83' lang='lat' dir='ltr'><strong>Primum</strong></span> <span class='ocrx_word' id='word_1_227' title='bbox 3449 1596 3606 1653; x_wconf 79' lang='lat' dir='ltr'><strong>vadit</strong></span> <span class='ocrx_word' id='word_1_228' title='bbox 3637 1596 3709 1652; x_wconf 83' lang='lat' dir='ltr'><strong>de</strong></span> 
     </span>
    </p>
   </div>
   <div class='ocr_carea' id='block_1_31' title="bbox 2119 1684 3711 1761">
    <p class='ocr_par' dir='ltr' id='par_1_31' title="bbox 2119 1684 3711 1761">
     <span class='ocr_line' id='line_1_31' title="bbox 2119 1684 3711 1761; baseline 0.002 -17"><span class='ocrx_word' id='word_1_229' title='bbox 2119 1688 2323 1744; x_wconf 85' lang='lat' dir='ltr'><strong>virtute</strong></span> <span class='ocrx_word' id='word_1_230' title='bbox 2345 1703 2446 1743; x_wconf 86' lang='lat' dir='ltr'><strong>sua</strong></span> <span class='ocrx_word' id='word_1_231' title='bbox 2474 1687 2733 1761; x_wconf 84' lang='lat' dir='ltr'><strong>gloriari,</strong></span> <span class='ocrx_word' id='word_1_232' title='bbox 2767 1687 3019 1744; x_wconf 83' lang='lat' dir='ltr'><strong>secundo</strong></span> <span class='ocrx_word' id='word_1_233' title='bbox 3044 1687 3194 1745; x_wconf 82' lang='lat' dir='ltr'><strong>vadit</strong></span> <span class='ocrx_word' id='word_1_234' title='bbox 3220 1686 3278 1744; x_wconf 88' lang='lat' dir='ltr'><strong>in</strong></span> <span class='ocrx_word' id='word_1_235' title='bbox 3306 1686 3454 1744; x_wconf 81' lang='lat' dir='ltr'><strong>vitiis</strong></span> <span class='ocrx_word' id='word_1_236' title='bbox 3481 1686 3597 1743; x_wconf 82' lang='lat' dir='ltr'><strong>suis</strong></span> <span class='ocrx_word' id='word_1_237' title='bbox 3622 1684 3711 1747; x_wconf 79' lang='lat' dir='ltr'><strong>de.-</strong></span> 
     </span>
    </p>
   </div>
   <div class='ocr_carea' id='block_1_32' title="bbox 2119 1774 3708 1847">
    <p class='ocr_par' dir='ltr' id='par_1_32' title="bbox 2119 1774 3708 1847">
     <span class='ocr_line' id='line_1_32' title="bbox 2119 1774 3708 1847; baseline -0.001 -15"><span class='ocrx_word' id='word_1_238' title='bbox 2119 1776 2334 1847; x_wconf 84' lang='lat' dir='ltr'><strong>lectari,</strong></span> <span class='ocrx_word' id='word_1_239' title='bbox 2364 1776 2527 1834; x_wconf 86' lang='lat' dir='ltr'><strong>tertio</strong></span> <span class='ocrx_word' id='word_1_240' title='bbox 2552 1776 2707 1833; x_wconf 86' lang='lat' dir='ltr'><strong>vadit</strong></span> <span class='ocrx_word' id='word_1_241' title='bbox 2732 1776 2788 1832; x_wconf 89' lang='lat' dir='ltr'><strong>in</strong></span> <span class='ocrx_word' id='word_1_242' title='bbox 2814 1775 3148 1833; x_wconf 84' lang='lat' dir='ltr'><strong>trausitoriis</strong></span> <span class='ocrx_word' id='word_1_243' title='bbox 3176 1774 3471 1835; x_wconf 80' lang='lat' dir='ltr'><strong>consolari.</strong></span> <span class='ocrx_word' id='word_1_244' title='bbox 3505 1774 3708 1841; x_wconf 83' lang='lat' dir='ltr'><strong>Primo,</strong></span> 
     </span>
    </p>
   </div>
   <div class='ocr_carea' id='block_1_33' title="bbox 410 1872 3703 1947">
    <p class='ocr_par' dir='ltr' id='par_1_33' title="bbox 410 1872 3703 1947">
     <span class='ocr_line' id='line_1_33' title="bbox 410 1872 3703 1947; baseline -0.001 -18"><span class='ocrx_word' id='word_1_245' title='bbox 410 1882 525 1930; x_wconf 88' lang='lat' dir='ltr'><strong>tum</strong></span> <span class='ocrx_word' id='word_1_246' title='bbox 555 1874 682 1931; x_wconf 71' lang='lat' dir='ltr'><strong>vitae</strong></span> <span class='ocrx_word' id='word_1_247' title='bbox 710 1874 1013 1931; x_wconf 86' lang='lat' dir='ltr'><strong>claritatem</strong></span> <span class='ocrx_word' id='word_1_248' title='bbox 1044 1876 1310 1931; x_wconf 82' lang='lat' dir='ltr'><strong>amansin</strong></span> <span class='ocrx_word' id='word_1_249' title='bbox 1336 1892 1398 1932; x_wconf 90' lang='lat' dir='ltr'><strong>ea</strong></span> <span class='ocrx_word' id='word_1_250' title='bbox 1418 1890 1697 1947; x_wconf 86' lang='lat' dir='ltr'><strong>nunquam</strong></span> <span class='ocrx_word' id='word_1_251' title='bbox 1725 1874 1843 1930; x_wconf 82' lang='lat' dir='ltr'><strong>sine</strong></span> <span class='ocrx_word' id='word_1_252' title='bbox 1882 1889 2010 1945; x_wconf 86' lang='lat' dir='ltr'><strong>pec-</strong></span> <span class='ocrx_word' id='word_1_253' title='bbox 2036 1877 2092 1947; x_wconf 69' lang='grc' dir='ltr'>Β</span> <span class='ocrx_word' id='word_1_254' title='bbox 2124 1896 2153 1937; x_wconf 57' lang='grc' dir='ltr'><em>μ</em></span> <span class='ocrx_word' id='word_1_255' title='bbox 2192 1873 2519 1931; x_wconf 70' lang='lat' dir='ltr'><strong>maledictus</strong></span> <span class='ocrx_word' id='word_1_256' title='bbox 2556 1875 2724 1931; x_wconf 85' lang='lat' dir='ltr'><strong>homo</strong></span> <span class='ocrx_word' id='word_1_257' title='bbox 2758 1873 2851 1946; x_wconf 86' lang='lat' dir='ltr'><strong>qui</strong></span> <span class='ocrx_word' id='word_1_258' title='bbox 2905 1872 3130 1930; x_wconf 82' lang='lat' dir='ltr'><strong>conﬁdit</strong></span> <span class='ocrx_word' id='word_1_259' title='bbox 3174 1873 3232 1928; x_wconf 78' lang='lat' dir='ltr'><strong>in</strong></span> <span class='ocrx_word' id='word_1_260' title='bbox 3285 1872 3505 1929; x_wconf 73' lang='lat' dir='ltr'><strong>homine</strong></span> <span class='ocrx_word' id='word_1_261' title='bbox 3559 1873 3703 1941; x_wconf 64' lang='grc' dir='ltr'><strong>(λεν.</strong></span> 
     </span>
    </p>
   </div>
   <div class='ocr_carea' id='block_1_34' title="bbox 412 1961 2009 2025">
    <p class='ocr_par' dir='ltr' id='par_1_34' title="bbox 412 1961 2009 2025">
     <span class='ocr_line' id='line_1_34' title="bbox 412 1961 2009 2025; baseline -0.003 -4"><span class='ocrx_word' id='word_1_262' title='bbox 412 1964 521 2021; x_wconf 87' lang='lat' dir='ltr'><strong>cati</strong></span> <span class='ocrx_word' id='word_1_263' title='bbox 557 1963 779 2021; x_wconf 88' lang='lat' dir='ltr'><strong>macula</strong></span> <span class='ocrx_word' id='word_1_264' title='bbox 817 1964 1086 2025; x_wconf 88' lang='lat' dir='ltr'><strong>consistit.</strong></span> <span class='ocrx_word' id='word_1_265' title='bbox 1126 1966 1249 2023; x_wconf 86' lang='lat' dir='ltr'><strong>Non</strong></span> <span class='ocrx_word' id='word_1_266' title='bbox 1301 1965 1447 2022; x_wconf 87' lang='lat' dir='ltr'><strong>enim</strong></span> <span class='ocrx_word' id='word_1_267' title='bbox 1500 1964 1647 2021; x_wconf 85' lang='lat' dir='ltr'><strong>venit</strong></span> <span class='ocrx_word' id='word_1_268' title='bbox 1712 1963 1783 2021; x_wconf 85' lang='lat' dir='ltr'><strong>ad</strong></span> <span class='ocrx_word' id='word_1_269' title='bbox 1846 1961 2009 2019; x_wconf 87' lang='lat' dir='ltr'><strong>alium</strong></span> 
     </span>
    </p>
   </div>
   <div class='ocr_carea' id='block_1_35' title="bbox 410 2051 2010 2125">
    <p class='ocr_par' dir='ltr' id='par_1_35' title="bbox 410 2051 2010 2125">
     <span class='ocr_line' id='line_1_35' title="bbox 410 2051 2010 2125; baseline 0 -18"><span class='ocrx_word' id='word_1_270' title='bbox 410 2052 576 2119; x_wconf 90' lang='lat' dir='ltr'><strong>diem,</strong></span> <span class='ocrx_word' id='word_1_271' title='bbox 618 2051 687 2109; x_wconf 89' lang='lat' dir='ltr'><strong>de</strong></span> <span class='ocrx_word' id='word_1_272' title='bbox 726 2070 835 2125; x_wconf 89' lang='lat' dir='ltr'><strong>quo</strong></span> <span class='ocrx_word' id='word_1_273' title='bbox 874 2051 1080 2109; x_wconf 85' lang='lat' dir='ltr'><strong>dictum</strong></span> <span class='ocrx_word' id='word_1_274' title='bbox 1111 2061 1195 2108; x_wconf 89' lang='lat' dir='ltr'><strong>est</strong></span> <span class='ocrx_word' id='word_1_275' title='bbox 1229 2072 1242 2107; x_wconf 92' lang='lat'>:</span> <span class='ocrx_word' id='word_1_276' title='bbox 1282 2076 1302 2101; x_wconf 73' lang='grc' dir='ltr'><strong><em>υ</em></strong></span> <span class='ocrx_word' id='word_1_277' title='bbox 1336 2052 1592 2109; x_wconf 86' lang='lat' dir='ltr'><strong>Nuntiate</strong></span> <span class='ocrx_word' id='word_1_278' title='bbox 1630 2051 1777 2108; x_wconf 90' lang='lat' dir='ltr'><strong>diem</strong></span> <span class='ocrx_word' id='word_1_279' title='bbox 1815 2051 1884 2107; x_wconf 89' lang='lat' dir='ltr'><strong>de</strong></span> <span class='ocrx_word' id='word_1_280' title='bbox 1921 2051 2010 2107; x_wconf 91' lang='lat' dir='ltr'><strong>die</strong></span> 
     </span>
    </p>
   </div>
   <div class='ocr_carea' id='block_1_36' title="bbox 413 2147 2011 2223">
    <p class='ocr_par' dir='ltr' id='par_1_36' title="bbox 413 2147 2011 2223">
     <span class='ocr_line' id='line_1_36' title="bbox 413 2147 2011 2223; baseline -0.004 -14"><span class='ocrx_word' id='word_1_281' title='bbox 413 2151 590 2221; x_wconf 80' lang='lat' dir='ltr'><strong>(Psal.</strong></span> <span class='ocrx_word' id='word_1_282' title='bbox 614 2152 772 2223; x_wconf 82' lang='lat' dir='ltr'><strong>xcv):</strong></span> <span class='ocrx_word' id='word_1_283' title='bbox 802 2173 824 2198; x_wconf 75' lang='grc' dir='ltr'><strong>υ</strong></span> <span class='ocrx_word' id='word_1_284' title='bbox 851 2158 1136 2209; x_wconf 89' lang='lat' dir='ltr'><strong>etrursum</strong></span> <span class='ocrx_word' id='word_1_285' title='bbox 1162 2171 1173 2206; x_wconf 88' lang='lat'>:</span> <span class='ocrx_word' id='word_1_286' title='bbox 1200 2172 1221 2202; x_wconf 76' lang='grc' dir='ltr'>ι</span> <span class='ocrx_word' id='word_1_287' title='bbox 1251 2151 1381 2209; x_wconf 89' lang='lat' dir='ltr'><strong>Dies</strong></span> <span class='ocrx_word' id='word_1_288' title='bbox 1398 2167 1564 2222; x_wconf 88' lang='lat' dir='ltr'><strong>super</strong></span> <span class='ocrx_word' id='word_1_289' title='bbox 1585 2149 1703 2209; x_wconf 86' lang='lat' dir='ltr'><strong>dies</strong></span> <span class='ocrx_word' id='word_1_290' title='bbox 1720 2148 1866 2223; x_wconf 81' lang='lat' dir='ltr'><strong>regis</strong></span> <span class='ocrx_word' id='word_1_291' title='bbox 1882 2147 2011 2218; x_wconf 85' lang='lat' dir='ltr'><strong>adji-</strong></span> 
     </span>
    </p>
   </div>
   <div class='ocr_carea' id='block_1_37' title="bbox 408 2236 2011 2313">
    <p class='ocr_par' dir='ltr' id='par_1_37' title="bbox 408 2236 2011 2313">
     <span class='ocr_line' id='line_1_37' title="bbox 408 2236 2011 2313; baseline -0.001 -17"><span class='ocrx_word' id='word_1_292' title='bbox 408 2238 520 2299; x_wconf 88' lang='lat' dir='ltr'><strong>cies</strong></span> <span class='ocrx_word' id='word_1_293' title='bbox 549 2239 727 2311; x_wconf 81' lang='lat' dir='ltr'><strong>(Psal.</strong></span> <span class='ocrx_word' id='word_1_294' title='bbox 761 2241 871 2310; x_wconf 75' lang='grc' dir='ltr'><strong>ιχ).</strong></span> <span class='ocrx_word' id='word_1_295' title='bbox 910 2262 932 2288; x_wconf 88' lang='lat'><strong>»</strong></span> <span class='ocrx_word' id='word_1_296' title='bbox 970 2240 1271 2313; x_wconf 88' lang='lat' dir='ltr'><strong>Propterea</strong></span> <span class='ocrx_word' id='word_1_297' title='bbox 1298 2239 1462 2301; x_wconf 87' lang='lat' dir='ltr'><strong>unius</strong></span> <span class='ocrx_word' id='word_1_298' title='bbox 1487 2238 1597 2296; x_wconf 90' lang='lat' dir='ltr'><strong>diei</strong></span> <span class='ocrx_word' id='word_1_299' title='bbox 1625 2238 1730 2294; x_wconf 88' lang='lat' dir='ltr'><strong>iter</strong></span> <span class='ocrx_word' id='word_1_300' title='bbox 1752 2246 1836 2295; x_wconf 87' lang='lat' dir='ltr'><strong>est</strong></span> <span class='ocrx_word' id='word_1_301' title='bbox 1857 2236 2011 2297; x_wconf 87' lang='lat' dir='ltr'><strong>elon-</strong></span> 
     </span>
    </p>
   </div>
   <div class='ocr_carea' id='block_1_38' title="bbox 409 2326 2010 2407">
    <p class='ocr_par' dir='ltr' id='par_1_38' title="bbox 409 2326 2010 2407">
     <span class='ocr_line' id='line_1_38' title="bbox 409 2326 2010 2407; baseline 0.001 -24"><span class='ocrx_word' id='word_1_302' title='bbox 409 2326 671 2405; x_wconf 79' lang='lat' dir='ltr'><strong>gantibus</strong></span> <span class='ocrx_word' id='word_1_303' title='bbox 688 2327 756 2385; x_wconf 85' lang='lat' dir='ltr'><strong>ab</strong></span> <span class='ocrx_word' id='word_1_304' title='bbox 780 2328 1151 2399; x_wconf 84' lang='lat' dir='ltr'><strong>Hierusalem,</strong></span> <span class='ocrx_word' id='word_1_305' title='bbox 1180 2329 1305 2407; x_wconf 86' lang='lat' dir='ltr'><strong>quia</strong></span> <span class='ocrx_word' id='word_1_306' title='bbox 1335 2327 1619 2384; x_wconf 88' lang='lat' dir='ltr'><strong>delectatio</strong></span> <span class='ocrx_word' id='word_1_307' title='bbox 1660 2326 2010 2407; x_wconf 61' lang='lat' dir='ltr'><strong>praesentium</strong></span> 
     </span>
    </p>
   </div>
   <div class='ocr_carea' id='block_1_39' title="bbox 411 2423 2011 2499">
    <p class='ocr_par' dir='ltr' id='par_1_39' title="bbox 411 2423 2011 2499">
     <span class='ocr_line' id='line_1_39' title="bbox 411 2423 2011 2499; baseline -0.001 -18"><span class='ocrx_word' id='word_1_308' title='bbox 411 2423 579 2498; x_wconf 83' lang='lat' dir='ltr'><strong>longe</strong></span> <span class='ocrx_word' id='word_1_309' title='bbox 602 2424 726 2481; x_wconf 79' lang='lat' dir='ltr'><strong>facit</strong></span> <span class='ocrx_word' id='word_1_310' title='bbox 743 2425 957 2482; x_wconf 90' lang='lat' dir='ltr'><strong>animos</strong></span> <span class='ocrx_word' id='word_1_311' title='bbox 973 2441 1005 2481; x_wconf 92' lang='lat' dir='ltr'><strong>a</strong></span> <span class='ocrx_word' id='word_1_312' title='bbox 1021 2426 1480 2499; x_wconf 81' lang='lat' dir='ltr'><strong>contemplatione</strong></span> <span class='ocrx_word' id='word_1_313' title='bbox 1505 2434 1846 2483; x_wconf 75' lang='lat' dir='ltr'><strong>aeternorum.</strong></span> <span class='ocrx_word' id='word_1_314' title='bbox 1882 2424 2011 2499; x_wconf 77' lang='lat' dir='ltr'><strong>Post</strong></span> 
     </span>
    </p>
   </div>
   <div class='ocr_carea' id='block_1_40' title="bbox 407 2511 2008 2589">
    <p class='ocr_par' dir='ltr' id='par_1_40' title="bbox 407 2511 2008 2589">
     <span class='ocr_line' id='line_1_40' title="bbox 407 2511 2008 2589; baseline 0.002 -23"><span class='ocrx_word' id='word_1_315' title='bbox 407 2511 644 2569; x_wconf 88' lang='lat' dir='ltr'><strong>triduum</strong></span> <span class='ocrx_word' id='word_1_316' title='bbox 675 2516 834 2570; x_wconf 86' lang='lat' dir='ltr'><strong>Jesus</strong></span> <span class='ocrx_word' id='word_1_317' title='bbox 854 2513 911 2570; x_wconf 90' lang='lat' dir='ltr'><strong>in</strong></span> <span class='ocrx_word' id='word_1_318' title='bbox 949 2515 1151 2588; x_wconf 89' lang='lat' dir='ltr'><strong>templo</strong></span> <span class='ocrx_word' id='word_1_319' title='bbox 1179 2515 1474 2583; x_wconf 86' lang='lat' dir='ltr'><strong>invenitur,</strong></span> <span class='ocrx_word' id='word_1_320' title='bbox 1506 2514 1637 2586; x_wconf 87' lang='lat' dir='ltr'><strong>quia</strong></span> <span class='ocrx_word' id='word_1_321' title='bbox 1662 2521 1787 2589; x_wconf 85' lang='lat' dir='ltr'><strong>post</strong></span> <span class='ocrx_word' id='word_1_322' title='bbox 1814 2528 2008 2571; x_wconf 89' lang='lat' dir='ltr'><strong>corre—</strong></span> 
     </span>
    </p>
   </div>
   <div class='ocr_carea' id='block_1_41' title="bbox 407 2600 2008 2675">
    <p class='ocr_par' dir='ltr' id='par_1_41' title="bbox 407 2600 2008 2675">
     <span class='ocr_line' id='line_1_41' title="bbox 407 2600 2008 2675; baseline 0.001 -17"><span class='ocrx_word' id='word_1_323' title='bbox 407 2600 644 2659; x_wconf 89' lang='lat' dir='ltr'><strong>ctionem</strong></span> <span class='ocrx_word' id='word_1_324' title='bbox 675 2602 1046 2675; x_wconf 81' lang='lat' dir='ltr'><strong>cegitationis,</strong></span> <span class='ocrx_word' id='word_1_325' title='bbox 1081 2603 1369 2660; x_wconf 88' lang='lat' dir='ltr'><strong>locutionis</strong></span> <span class='ocrx_word' id='word_1_326' title='bbox 1398 2612 1451 2660; x_wconf 90' lang='lat' dir='ltr'><strong>et</strong></span> <span class='ocrx_word' id='word_1_327' title='bbox 1479 2603 1686 2674; x_wconf 86' lang='lat' dir='ltr'><strong>operis,</strong></span> <span class='ocrx_word' id='word_1_328' title='bbox 1718 2602 1925 2661; x_wconf 85' lang='lat' dir='ltr'><strong>veritas</strong></span> <span class='ocrx_word' id='word_1_329' title='bbox 1954 2602 2008 2659; x_wconf 88' lang='lat' dir='ltr'><strong>in</strong></span> 
     </span>
    </p>
   </div>
   <div class='ocr_carea' id='block_1_42' title="bbox 405 2696 2007 2773">
    <p class='ocr_par' dir='ltr' id='par_1_42' title="bbox 405 2696 2007 2773">
     <span class='ocr_line' id='line_1_42' title="bbox 405 2696 2007 2773; baseline 0.001 -18"><span class='ocrx_word' id='word_1_330' title='bbox 405 2696 576 2755; x_wconf 87' lang='lat' dir='ltr'><strong>corde</strong></span> <span class='ocrx_word' id='word_1_331' title='bbox 615 2699 819 2757; x_wconf 89' lang='lat' dir='ltr'><strong>mundo</strong></span> <span class='ocrx_word' id='word_1_332' title='bbox 848 2700 1167 2773; x_wconf 89' lang='lat' dir='ltr'><strong>percipitur.</strong></span> <span class='ocrx_word' id='word_1_333' title='bbox 1197 2702 1476 2758; x_wconf 84' lang='lat' dir='ltr'><strong>Invenitur</strong></span> <span class='ocrx_word' id='word_1_334' title='bbox 1503 2710 1684 2759; x_wconf 87' lang='lat' dir='ltr'><strong>autem</strong></span> <span class='ocrx_word' id='word_1_335' title='bbox 1718 2700 1860 2757; x_wconf 89' lang='lat' dir='ltr'><strong>inter</strong></span> <span class='ocrx_word' id='word_1_336' title='bbox 1903 2700 2007 2757; x_wconf 81' lang='lat' dir='ltr'><strong>do-</strong></span> 
     </span>
    </p>
   </div>
   <div class='ocr_carea' id='block_1_43' title="bbox 404 2788 2010 2863">
    <p class='ocr_par' dir='ltr' id='par_1_43' title="bbox 404 2788 2010 2863">
     <span class='ocr_line' id='line_1_43' title="bbox 404 2788 2010 2863; baseline -0.001 -16"><span class='ocrx_word' id='word_1_337' title='bbox 404 2794 588 2847; x_wconf 76' lang='lat' dir='ltr'><strong>Ctores</strong></span> <span class='ocrx_word' id='word_1_338' title='bbox 625 2794 680 2843; x_wconf 90' lang='lat' dir='ltr'><strong>et</strong></span> <span class='ocrx_word' id='word_1_339' title='bbox 708 2788 1003 2859; x_wconf 88' lang='lat' dir='ltr'><strong>sapientes,</strong></span> <span class='ocrx_word' id='word_1_340' title='bbox 1046 2789 1168 2863; x_wconf 87' lang='lat' dir='ltr'><strong>quia</strong></span> <span class='ocrx_word' id='word_1_341' title='bbox 1206 2790 1261 2845; x_wconf 94' lang='lat' dir='ltr'><strong>in</strong></span> <span class='ocrx_word' id='word_1_342' title='bbox 1301 2791 1426 2863; x_wconf 85' lang='lat' dir='ltr'><strong>lege</strong></span> <span class='ocrx_word' id='word_1_343' title='bbox 1480 2798 1534 2845; x_wconf 89' lang='lat' dir='ltr'><strong>et</strong></span> <span class='ocrx_word' id='word_1_344' title='bbox 1589 2789 1890 2861; x_wconf 87' lang='lat' dir='ltr'><strong>prophetis,</strong></span> <span class='ocrx_word' id='word_1_345' title='bbox 1957 2798 2010 2846; x_wconf 92' lang='lat' dir='ltr'><strong>et</strong></span> 
     </span>
    </p>
   </div>
   <div class='ocr_carea' id='block_1_44' title="bbox 408 2875 2006 2949">
    <p class='ocr_par' dir='ltr' id='par_1_44' title="bbox 408 2875 2006 2949">
     <span class='ocr_line' id='line_1_44' title="bbox 408 2875 2006 2949; baseline 0.003 -18"><span class='ocrx_word' id='word_1_346' title='bbox 408 2875 849 2949; x_wconf 84' lang='lat' dir='ltr'><strong>evangelistis,et</strong></span> <span class='ocrx_word' id='word_1_347' title='bbox 865 2877 1151 2949; x_wconf 83' lang='lat' dir='ltr'><strong>apostolis,</strong></span> <span class='ocrx_word' id='word_1_348' title='bbox 1166 2886 1219 2933; x_wconf 91' lang='lat' dir='ltr'><strong>et</strong></span> <span class='ocrx_word' id='word_1_349' title='bbox 1236 2879 1375 2934; x_wconf 88' lang='lat' dir='ltr'><strong>sacri</strong></span> <span class='ocrx_word' id='word_1_350' title='bbox 1391 2879 1543 2937; x_wconf 88' lang='lat' dir='ltr'><strong>verbi</strong></span> <span class='ocrx_word' id='word_1_351' title='bbox 1557 2878 1893 2947; x_wconf 86' lang='lat' dir='ltr'><strong>doctoribus,</strong></span> <span class='ocrx_word' id='word_1_352' title='bbox 1908 2894 2006 2935; x_wconf 87' lang='lat' dir='ltr'><strong>ve-</strong></span> 
     </span>
    </p>
   </div>
   <div class='ocr_carea' id='block_1_45' title="bbox 405 2972 2007 3055">
    <p class='ocr_par' dir='ltr' id='par_1_45' title="bbox 405 2972 2007 3055">
     <span class='ocr_line' id='line_1_45' title="bbox 405 2972 2007 3055; baseline 0.004 -27"><span class='ocrx_word' id='word_1_353' title='bbox 405 2972 542 3055; x_wconf 84' lang='lat' dir='ltr'><strong>ritas</strong></span> <span class='ocrx_word' id='word_1_354' title='bbox 581 2975 965 3045; x_wconf 76' lang='lat' dir='ltr'><strong>cognoscitur.</strong></span> <span class='ocrx_word' id='word_1_355' title='bbox 1010 2975 1231 3051; x_wconf 82' lang='lat' dir='ltr'><strong>Legitur</strong></span> <span class='ocrx_word' id='word_1_356' title='bbox 1260 2992 1480 3051; x_wconf 90' lang='lat' dir='ltr'><strong>quoque</strong></span> <span class='ocrx_word' id='word_1_357' title='bbox 1510 2975 1580 3037; x_wconf 90' lang='lat' dir='ltr'><strong>de</strong></span> <span class='ocrx_word' id='word_1_358' title='bbox 1608 2976 1803 3032; x_wconf 85' lang='lat' dir='ltr'><strong>itinere</strong></span> <span class='ocrx_word' id='word_1_359' title='bbox 1843 2975 2007 3035; x_wconf 87' lang='lat' dir='ltr'><strong>trium</strong></span> 
     </span>
    </p>
   </div>
   <div class='ocr_carea' id='block_1_46' title="bbox 407 3060 2008 3135">
    <p class='ocr_par' dir='ltr' id='par_1_46' title="bbox 407 3060 2008 3135">
     <span class='ocr_line' id='line_1_46' title="bbox 407 3060 2008 3135; baseline 0.004 -21"><span class='ocrx_word' id='word_1_360' title='bbox 407 3060 642 3129; x_wconf 87' lang='lat' dir='ltr'><strong>dierum,</strong></span> <span class='ocrx_word' id='word_1_361' title='bbox 675 3062 727 3116; x_wconf 90' lang='lat' dir='ltr'><strong>iu</strong></span> <span class='ocrx_word' id='word_1_362' title='bbox 759 3063 955 3135; x_wconf 88' lang='lat' dir='ltr'><strong>quibus</strong></span> <span class='ocrx_word' id='word_1_363' title='bbox 984 3064 1160 3123; x_wconf 88' lang='lat' dir='ltr'><strong>ierant</strong></span> <span class='ocrx_word' id='word_1_364' title='bbox 1198 3064 1294 3121; x_wconf 78' lang='lat' dir='ltr'><strong>filii</strong></span> <span class='ocrx_word' id='word_1_365' title='bbox 1336 3065 1504 3123; x_wconf 88' lang='lat' dir='ltr'><strong>Israel</strong></span> <span class='ocrx_word' id='word_1_366' title='bbox 1533 3065 1589 3121; x_wconf 91' lang='lat' dir='ltr'><strong>in</strong></span> <span class='ocrx_word' id='word_1_367' title='bbox 1618 3065 1919 3132; x_wconf 88' lang='lat' dir='ltr'><strong>desertum,</strong></span> <span class='ocrx_word' id='word_1_368' title='bbox 1950 3073 2008 3121; x_wconf 85' lang='lat' dir='ltr'><strong>ut</strong></span> 
     </span>
    </p>
   </div>
   <div class='ocr_carea' id='block_1_47' title="bbox 408 3148 2007 3225">
    <p class='ocr_par' dir='ltr' id='par_1_47' title="bbox 408 3148 2007 3225">
     <span class='ocr_line' id='line_1_47' title="bbox 408 3148 2007 3225; baseline 0.005 -22"><span class='ocrx_word' id='word_1_369' title='bbox 408 3148 484 3203; x_wconf 91' lang='lat' dir='ltr'><strong>ibi</strong></span> <span class='ocrx_word' id='word_1_370' title='bbox 515 3148 886 3207; x_wconf 86' lang='lat' dir='ltr'><strong>sacriﬁcarent</strong></span> <span class='ocrx_word' id='word_1_371' title='bbox 916 3153 1151 3210; x_wconf 89' lang='lat' dir='ltr'><strong>Domino</strong></span> <span class='ocrx_word' id='word_1_372' title='bbox 1182 3154 1299 3211; x_wconf 92' lang='lat' dir='ltr'><strong>Deo</strong></span> <span class='ocrx_word' id='word_1_373' title='bbox 1340 3170 1441 3211; x_wconf 90' lang='lat' dir='ltr'><strong>suo</strong></span> <span class='ocrx_word' id='word_1_374' title='bbox 1485 3155 1686 3223; x_wconf 74' lang='lat' dir='ltr'><strong>(Exod.</strong></span> <span class='ocrx_word' id='word_1_375' title='bbox 1729 3156 1838 3225; x_wconf 84' lang='lat' dir='ltr'><strong>In).</strong></span> <span class='ocrx_word' id='word_1_376' title='bbox 1906 3154 2007 3211; x_wconf 82' lang='lat' dir='ltr'><strong>Est</strong></span> 
     </span>
    </p>
   </div>
   <div class='ocr_carea' id='block_1_48' title="bbox 2119 1960 3709 2035">
    <p class='ocr_par' dir='ltr' id='par_1_48' title="bbox 2119 1960 3709 2035">
     <span class='ocr_line' id='line_1_48' title="bbox 2119 1960 3709 2035; baseline 0.001 -17"><span class='ocrx_word' id='word_1_377' title='bbox 2119 1966 2263 2032; x_wconf 72' lang='lat' dir='ltr'><strong>xvii)</strong></span> <span class='ocrx_word' id='word_1_378' title='bbox 2289 1977 2304 2026; x_wconf 86' lang='lat'><strong>;</strong></span> <span class='ocrx_word' id='word_1_379' title='bbox 2332 1985 2355 2015; x_wconf 78' lang='grc' dir='ltr'>ιι</span> <span class='ocrx_word' id='word_1_380' title='bbox 2380 1962 2642 2032; x_wconf 81' lang='lat' dir='ltr'><strong>secundo,</strong></span> <span class='ocrx_word' id='word_1_381' title='bbox 2670 1982 2694 2016; x_wconf 73' lang='grc' dir='ltr'>ι</span> <span class='ocrx_word' id='word_1_382' title='bbox 2713 1962 2807 2035; x_wconf 88' lang='lat' dir='ltr'><strong>qui</strong></span> <span class='ocrx_word' id='word_1_383' title='bbox 2824 1963 2979 2034; x_wconf 82' lang='lat' dir='ltr'><strong>ponit</strong></span> <span class='ocrx_word' id='word_1_384' title='bbox 2997 1976 3223 2019; x_wconf 83' lang='lat' dir='ltr'><strong>carnem</strong></span> <span class='ocrx_word' id='word_1_385' title='bbox 3245 1960 3532 2020; x_wconf 80' lang='lat' dir='ltr'><strong>brachium</strong></span> <span class='ocrx_word' id='word_1_386' title='bbox 3552 1975 3709 2019; x_wconf 78' lang='lat' dir='ltr'><strong>suum</strong></span> 
     </span>
    </p>
   </div>
   <div class='ocr_carea' id='block_1_49' title="bbox 2118 2049 3708 2124">
    <p class='ocr_par' dir='ltr' id='par_1_49' title="bbox 2118 2049 3708 2124">
     <span class='ocr_line' id='line_1_49' title="bbox 2118 2049 3708 2124; baseline -0.003 -15"><span class='ocrx_word' id='word_1_387' title='bbox 2118 2053 2341 2124; x_wconf 46' lang='lat' dir='ltr'><strong>una.“</strong></span> <span class='ocrx_word' id='word_1_388' title='bbox 2377 2073 2398 2102; x_wconf 79' lang='grc' dir='ltr'><strong>ιο</strong></span> <span class='ocrx_word' id='word_1_389' title='bbox 2434 2052 2618 2119; x_wconf 89' lang='lat' dir='ltr'><strong>tertio,</strong></span> <span class='ocrx_word' id='word_1_390' title='bbox 2650 2074 2672 2102; x_wconf 72' lang='grc' dir='ltr'><strong>ι.</strong></span> <span class='ocrx_word' id='word_1_391' title='bbox 2708 2051 2801 2124; x_wconf 87' lang='lat' dir='ltr'><strong>qui</strong></span> <span class='ocrx_word' id='word_1_392' title='bbox 2829 2051 3072 2124; x_wconf 80' lang='lat' dir='ltr'><strong>speravit</strong></span> <span class='ocrx_word' id='word_1_393' title='bbox 3106 2051 3162 2107; x_wconf 90' lang='lat' dir='ltr'><strong>in</strong></span> <span class='ocrx_word' id='word_1_394' title='bbox 3192 2050 3530 2109; x_wconf 74' lang='lat' dir='ltr'><strong>multitudine</strong></span> <span class='ocrx_word' id='word_1_395' title='bbox 3565 2049 3708 2107; x_wconf 84' lang='lat' dir='ltr'><strong>divi-</strong></span> 
     </span>
    </p>
   </div>
   <div class='ocr_carea' id='block_1_50' title="bbox 2115 2147 3701 2220">
    <p class='ocr_par' dir='ltr' id='par_1_50' title="bbox 2115 2147 3701 2220">
     <span class='ocr_line' id='line_1_50' title="bbox 2115 2147 3701 2220; baseline 0.001 -18"><span class='ocrx_word' id='word_1_396' title='bbox 2115 2148 2314 2207; x_wconf 79' lang='lat' dir='ltr'><strong>tiaram</strong></span> <span class='ocrx_word' id='word_1_397' title='bbox 2344 2163 2585 2215; x_wconf 85' lang='lat' dir='ltr'><strong>suarum,</strong></span> <span class='ocrx_word' id='word_1_398' title='bbox 2619 2154 2674 2204; x_wconf 87' lang='lat' dir='ltr'><strong>et</strong></span> <span class='ocrx_word' id='word_1_399' title='bbox 2700 2147 2985 2220; x_wconf 63' lang='lat' dir='ltr'><strong>pravaiuit</strong></span> <span class='ocrx_word' id='word_1_400' title='bbox 3012 2148 3067 2203; x_wconf 91' lang='lat' dir='ltr'><strong>iu</strong></span> <span class='ocrx_word' id='word_1_401' title='bbox 3098 2147 3341 2204; x_wconf 81' lang='lat' dir='ltr'><strong>vanitate</strong></span> <span class='ocrx_word' id='word_1_402' title='bbox 3383 2163 3483 2201; x_wconf 82' lang='lat' dir='ltr'><strong>sua</strong></span> <span class='ocrx_word' id='word_1_403' title='bbox 3518 2148 3701 2216; x_wconf 76' lang='lat' dir='ltr'><strong>(Paci.</strong></span> 
     </span>
    </p>
   </div>
   <div class='ocr_carea' id='block_1_51' title="bbox 2117 2236 3708 2309">
    <p class='ocr_par' dir='ltr' id='par_1_51' title="bbox 2117 2236 3708 2309">
     <span class='ocr_line' id='line_1_51' title="bbox 2117 2236 3708 2309; baseline 0.004 -19"><span class='ocrx_word' id='word_1_404' title='bbox 2117 2237 2221 2309; x_wconf 74' lang='grc' dir='ltr'><strong>ιι).</strong></span> <span class='ocrx_word' id='word_1_405' title='bbox 2264 2261 2285 2291; x_wconf 84' lang='lat' dir='ltr'><strong>a</strong></span> <span class='ocrx_word' id='word_1_406' title='bbox 2319 2237 2637 2294; x_wconf 77' lang='lat' dir='ltr'><strong>Bevertenti</strong></span> <span class='ocrx_word' id='word_1_407' title='bbox 2664 2246 2845 2294; x_wconf 82' lang='lat' dir='ltr'><strong>autem</strong></span> <span class='ocrx_word' id='word_1_408' title='bbox 2873 2237 3071 2308; x_wconf 65' lang='lat' dir='ltr'><strong>prima</strong></span> <span class='ocrx_word' id='word_1_409' title='bbox 3098 2237 3209 2294; x_wconf 87' lang='lat' dir='ltr'><strong>diei</strong></span> <span class='ocrx_word' id='word_1_410' title='bbox 3236 2237 3343 2293; x_wconf 87' lang='lat' dir='ltr'><strong>iter</strong></span> <span class='ocrx_word' id='word_1_411' title='bbox 3369 2243 3453 2293; x_wconf 86' lang='lat' dir='ltr'><strong>est</strong></span> <span class='ocrx_word' id='word_1_412' title='bbox 3493 2236 3708 2305; x_wconf 74' lang='lat' dir='ltr'><strong>querulo</strong></span> 
     </span>
    </p>
   </div>
   <div class='ocr_carea' id='block_1_52' title="bbox 2116 2325 3707 2397">
    <p class='ocr_par' dir='ltr' id='par_1_52' title="bbox 2116 2325 3707 2397">
     <span class='ocr_line' id='line_1_52' title="bbox 2116 2325 3707 2397; baseline -0.002 -15"><span class='ocrx_word' id='word_1_413' title='bbox 2116 2326 2472 2384; x_wconf 81' lang='lat' dir='ltr'><strong>intentionem</strong></span> <span class='ocrx_word' id='word_1_414' title='bbox 2507 2341 2667 2385; x_wconf 88' lang='lat' dir='ltr'><strong>suam</strong></span> <span class='ocrx_word' id='word_1_415' title='bbox 2702 2326 2970 2385; x_wconf 81' lang='lat' dir='ltr'><strong>convertit</strong></span> <span class='ocrx_word' id='word_1_416' title='bbox 3004 2326 3185 2385; x_wconf 82' lang='lat' dir='ltr'><strong>anima</strong></span> <span class='ocrx_word' id='word_1_417' title='bbox 3214 2326 3283 2385; x_wconf 83' lang='lat' dir='ltr'><strong>ab</strong></span> <span class='ocrx_word' id='word_1_418' title='bbox 3313 2340 3382 2385; x_wconf 81' lang='lat' dir='ltr'><strong>eo</strong></span> <span class='ocrx_word' id='word_1_419' title='bbox 3407 2325 3556 2397; x_wconf 86' lang='lat' dir='ltr'><strong>quod</strong></span> <span class='ocrx_word' id='word_1_420' title='bbox 3600 2338 3707 2380; x_wconf 80' lang='lat' dir='ltr'><strong>ex-</strong></span> 
     </span>
    </p>
   </div>
   <div class='ocr_carea' id='block_1_53' title="bbox 2118 2420 3707 2495">
    <p class='ocr_par' dir='ltr' id='par_1_53' title="bbox 2118 2420 3707 2495">
     <span class='ocr_line' id='line_1_53' title="bbox 2118 2420 3707 2495; baseline -0.002 -16"><span class='ocrx_word' id='word_1_421' title='bbox 2118 2432 2201 2479; x_wconf 87' lang='lat' dir='ltr'><strong>tra</strong></span> <span class='ocrx_word' id='word_1_422' title='bbox 2229 2424 2405 2495; x_wconf 79' lang='lat' dir='ltr'><strong>ipsam</strong></span> <span class='ocrx_word' id='word_1_423' title='bbox 2441 2432 2545 2491; x_wconf 87' lang='lat' dir='ltr'><strong>est,</strong></span> <span class='ocrx_word' id='word_1_424' title='bbox 2575 2422 2651 2479; x_wconf 84' lang='lat' dir='ltr'><strong>ad</strong></span> <span class='ocrx_word' id='word_1_425' title='bbox 2680 2423 2735 2479; x_wconf 90' lang='lat' dir='ltr'><strong>id</strong></span> <span class='ocrx_word' id='word_1_426' title='bbox 2766 2424 2913 2495; x_wconf 83' lang='lat' dir='ltr'><strong>quod</strong></span> <span class='ocrx_word' id='word_1_427' title='bbox 2945 2422 3073 2495; x_wconf 88' lang='lat' dir='ltr'><strong>ipsa</strong></span> <span class='ocrx_word' id='word_1_428' title='bbox 3109 2431 3219 2479; x_wconf 86' lang='lat' dir='ltr'><strong>est.</strong></span> <span class='ocrx_word' id='word_1_429' title='bbox 3274 2422 3541 2479; x_wconf 62' lang='lat' dir='ltr'><strong>Secundae</strong></span> <span class='ocrx_word' id='word_1_430' title='bbox 3597 2420 3707 2477; x_wconf 88' lang='lat' dir='ltr'><strong>diei</strong></span> 
     </span>
    </p>
   </div>
   <div class='ocr_carea' id='block_1_54' title="bbox 2115 2510 3706 2585">
    <p class='ocr_par' dir='ltr' id='par_1_54' title="bbox 2115 2510 3706 2585">
     <span class='ocr_line' id='line_1_54' title="bbox 2115 2510 3706 2585; baseline -0.002 -18"><span class='ocrx_word' id='word_1_431' title='bbox 2115 2512 2220 2568; x_wconf 86' lang='lat' dir='ltr'><strong>iter</strong></span> <span class='ocrx_word' id='word_1_432' title='bbox 2249 2521 2350 2582; x_wconf 82' lang='lat' dir='ltr'><strong>est,</strong></span> <span class='ocrx_word' id='word_1_433' title='bbox 2381 2512 2601 2585; x_wconf 85' lang='lat' dir='ltr'><strong>quando</strong></span> <span class='ocrx_word' id='word_1_434' title='bbox 2624 2513 2699 2567; x_wconf 88' lang='lat' dir='ltr'><strong>ab</strong></span> <span class='ocrx_word' id='word_1_435' title='bbox 2723 2528 2792 2567; x_wconf 85' lang='lat' dir='ltr'><strong>eo</strong></span> <span class='ocrx_word' id='word_1_436' title='bbox 2819 2512 2963 2583; x_wconf 79' lang='lat' dir='ltr'><strong>quod</strong></span> <span class='ocrx_word' id='word_1_437' title='bbox 2992 2513 3047 2569; x_wconf 88' lang='lat' dir='ltr'><strong>in</strong></span> <span class='ocrx_word' id='word_1_438' title='bbox 3078 2512 3183 2569; x_wconf 85' lang='lat' dir='ltr'><strong>alio</strong></span> <span class='ocrx_word' id='word_1_439' title='bbox 3209 2520 3293 2573; x_wconf 77' lang='lat' dir='ltr'><strong>est</strong></span> <span class='ocrx_word' id='word_1_440' title='bbox 3319 2511 3533 2567; x_wconf 87' lang='lat' dir='ltr'><strong>ducitur</strong></span> <span class='ocrx_word' id='word_1_441' title='bbox 3561 2510 3630 2565; x_wconf 89' lang='lat' dir='ltr'><strong>ad</strong></span> <span class='ocrx_word' id='word_1_442' title='bbox 3651 2510 3706 2565; x_wconf 92' lang='lat' dir='ltr'><strong>id</strong></span> 
     </span>
    </p>
   </div>
   <div class='ocr_carea' id='block_1_55' title="bbox 2115 2601 3708 2675">
    <p class='ocr_par' dir='ltr' id='par_1_55' title="bbox 2115 2601 3708 2675">
     <span class='ocr_line' id='line_1_55' title="bbox 2115 2601 3708 2675; baseline -0.001 -17"><span class='ocrx_word' id='word_1_443' title='bbox 2115 2602 2264 2675; x_wconf 79' lang='lat' dir='ltr'><strong>quod</strong></span> <span class='ocrx_word' id='word_1_444' title='bbox 2291 2617 2417 2659; x_wconf 82' lang='lat' dir='ltr'><strong>esse</strong></span> <span class='ocrx_word' id='word_1_445' title='bbox 2444 2601 2628 2659; x_wconf 88' lang='lat' dir='ltr'><strong>debet.</strong></span> <span class='ocrx_word' id='word_1_446' title='bbox 2659 2602 2853 2661; x_wconf 71' lang='lat' dir='ltr'><strong>Tertius</strong></span> <span class='ocrx_word' id='word_1_447' title='bbox 2880 2601 2989 2659; x_wconf 77' lang='lat' dir='ltr'><strong>diei</strong></span> <span class='ocrx_word' id='word_1_448' title='bbox 3017 2602 3120 2658; x_wconf 87' lang='lat' dir='ltr'><strong>iter</strong></span> <span class='ocrx_word' id='word_1_449' title='bbox 3148 2610 3255 2668; x_wconf 86' lang='lat' dir='ltr'><strong>est,</strong></span> <span class='ocrx_word' id='word_1_450' title='bbox 3282 2601 3503 2673; x_wconf 84' lang='lat' dir='ltr'><strong>quando</strong></span> <span class='ocrx_word' id='word_1_451' title='bbox 3530 2616 3565 2659; x_wconf 87' lang='lat' dir='ltr'><strong>a</strong></span> <span class='ocrx_word' id='word_1_452' title='bbox 3591 2615 3708 2671; x_wconf 79' lang='lat' dir='ltr'><strong>per~</strong></span> 
     </span>
    </p>
   </div>
   <div class='ocr_carea' id='block_1_56' title="bbox 2115 2697 3701 2771">
    <p class='ocr_par' dir='ltr' id='par_1_56' title="bbox 2115 2697 3701 2771">
     <span class='ocr_line' id='line_1_56' title="bbox 2115 2697 3701 2771; baseline -0.001 -17"><span class='ocrx_word' id='word_1_453' title='bbox 2115 2699 2367 2771; x_wconf 82' lang='lat' dir='ltr'><strong>captione</strong></span> <span class='ocrx_word' id='word_1_454' title='bbox 2393 2698 2808 2756; x_wconf 83' lang='lat' dir='ltr'><strong>iliuminationis</strong></span> <span class='ocrx_word' id='word_1_455' title='bbox 2836 2699 3051 2770; x_wconf 79' lang='lat' dir='ltr'><strong>rapitur</strong></span> <span class='ocrx_word' id='word_1_456' title='bbox 3077 2699 3150 2754; x_wconf 87' lang='lat' dir='ltr'><strong>ad</strong></span> <span class='ocrx_word' id='word_1_457' title='bbox 3200 2698 3407 2755; x_wconf 79' lang='lat' dir='ltr'><strong>fontem</strong></span> <span class='ocrx_word' id='word_1_458' title='bbox 3452 2697 3701 2757; x_wconf 88' lang='lat' dir='ltr'><strong>luminis.</strong></span> 
     </span>
    </p>
   </div>
   <div class='ocr_carea' id='block_1_57' title="bbox 2115 2787 3709 2860">
    <p class='ocr_par' dir='ltr' id='par_1_57' title="bbox 2115 2787 3709 2860">
     <span class='ocr_line' id='line_1_57' title="bbox 2115 2787 3709 2860; baseline -0.001 -16"><span class='ocrx_word' id='word_1_459' title='bbox 2115 2789 2291 2844; x_wconf 82' lang='lat' dir='ltr'><strong>Prima</strong></span> <span class='ocrx_word' id='word_1_460' title='bbox 2323 2788 2523 2844; x_wconf 81' lang='lat' dir='ltr'><strong>revisio</strong></span> <span class='ocrx_word' id='word_1_461' title='bbox 2552 2796 2636 2845; x_wconf 83' lang='lat' dir='ltr'><strong>est</strong></span> <span class='ocrx_word' id='word_1_462' title='bbox 2655 2788 2726 2844; x_wconf 85' lang='lat' dir='ltr'><strong>ab</strong></span> <span class='ocrx_word' id='word_1_463' title='bbox 2756 2788 2955 2844; x_wconf 86' lang='lat' dir='ltr'><strong>alienis</strong></span> <span class='ocrx_word' id='word_1_464' title='bbox 2983 2787 3056 2844; x_wconf 86' lang='lat' dir='ltr'><strong>ad</strong></span> <span class='ocrx_word' id='word_1_465' title='bbox 3075 2787 3293 2860; x_wconf 88' lang='lat' dir='ltr'><strong>propria</strong></span> <span class='ocrx_word' id='word_1_466' title='bbox 3320 2805 3335 2852; x_wconf 88' lang='lat'><strong>;</strong></span> <span class='ocrx_word' id='word_1_467' title='bbox 3363 2787 3607 2843; x_wconf 85' lang='lat' dir='ltr'><strong>secunda</strong></span> <span class='ocrx_word' id='word_1_468' title='bbox 3623 2793 3709 2842; x_wconf 86' lang='lat' dir='ltr'><strong>est</strong></span> 
     </span>
    </p>
   </div>
   <div class='ocr_carea' id='block_1_58' title="bbox 2115 2876 3706 2947">
    <p class='ocr_par' dir='ltr' id='par_1_58' title="bbox 2115 2876 3706 2947">
     <span class='ocr_line' id='line_1_58' title="bbox 2115 2876 3706 2947; baseline -0.001 -13"><span class='ocrx_word' id='word_1_469' title='bbox 2115 2892 2150 2934; x_wconf 89' lang='lat' dir='ltr'><strong>a</strong></span> <span class='ocrx_word' id='word_1_470' title='bbox 2176 2877 2339 2938; x_wconf 84' lang='lat' dir='ltr'><strong>malis</strong></span> <span class='ocrx_word' id='word_1_471' title='bbox 2365 2878 2435 2935; x_wconf 83' lang='lat' dir='ltr'><strong>ad</strong></span> <span class='ocrx_word' id='word_1_472' title='bbox 2464 2877 2609 2935; x_wconf 89' lang='lat' dir='ltr'><strong>bona</strong></span> <span class='ocrx_word' id='word_1_473' title='bbox 2639 2892 2655 2947; x_wconf 90' lang='lat'><strong>;</strong></span> <span class='ocrx_word' id='word_1_474' title='bbox 2690 2877 2842 2935; x_wconf 85' lang='lat' dir='ltr'><strong>tertia</strong></span> <span class='ocrx_word' id='word_1_475' title='bbox 2869 2885 2953 2933; x_wconf 85' lang='lat' dir='ltr'><strong>est</strong></span> <span class='ocrx_word' id='word_1_476' title='bbox 3009 2893 3044 2933; x_wconf 85' lang='lat' dir='ltr'><strong>a</strong></span> <span class='ocrx_word' id='word_1_477' title='bbox 3101 2877 3281 2939; x_wconf 86' lang='lat' dir='ltr'><strong>studio</strong></span> <span class='ocrx_word' id='word_1_478' title='bbox 3327 2876 3579 2935; x_wconf 84' lang='lat' dir='ltr'><strong>virtutum</strong></span> <span class='ocrx_word' id='word_1_479' title='bbox 3636 2876 3706 2935; x_wconf 88' lang='lat' dir='ltr'><strong>ad</strong></span> 
     </span>
    </p>
   </div>
   <div class='ocr_carea' id='block_1_59' title="bbox 2116 2973 3708 3046">
    <p class='ocr_par' dir='ltr' id='par_1_59' title="bbox 2116 2973 3708 3046">
     <span class='ocr_line' id='line_1_59' title="bbox 2116 2973 3708 3046; baseline 0.001 -16"><span class='ocrx_word' id='word_1_480' title='bbox 2116 2973 2529 3046; x_wconf 79' lang='lat' dir='ltr'><strong>perceptionem</strong></span> <span class='ocrx_word' id='word_1_481' title='bbox 2558 2973 2784 3030; x_wconf 72' lang='lat' dir='ltr'><strong>internis</strong></span> <span class='ocrx_word' id='word_1_482' title='bbox 2812 2983 2863 3030; x_wconf 89' lang='lat' dir='ltr'><strong>et</strong></span> <span class='ocrx_word' id='word_1_483' title='bbox 2891 2981 3116 3030; x_wconf 74' lang='lat' dir='ltr'><strong>internae</strong></span> <span class='ocrx_word' id='word_1_484' title='bbox 3155 2973 3490 3030; x_wconf 82' lang='lat' dir='ltr'><strong>dulcedinis.</strong></span> <span class='ocrx_word' id='word_1_485' title='bbox 3532 2974 3602 3028; x_wconf 87' lang='lat' dir='ltr'><strong>Et</strong></span> <span class='ocrx_word' id='word_1_486' title='bbox 3630 2973 3708 3031; x_wconf 80' lang='lat' dir='ltr'><strong>sic</strong></span> 
     </span>
    </p>
   </div>
   <div class='ocr_carea' id='block_1_60' title="bbox 2115 3062 3705 3135">
    <p class='ocr_par' dir='ltr' id='par_1_60' title="bbox 2115 3062 3705 3135">
     <span class='ocr_line' id='line_1_60' title="bbox 2115 3062 3705 3135; baseline -0.001 -17"><span class='ocrx_word' id='word_1_487' title='bbox 2115 3069 2239 3134; x_wconf 85' lang='lat' dir='ltr'><strong>post</strong></span> <span class='ocrx_word' id='word_1_488' title='bbox 2270 3063 2525 3131; x_wconf 82' lang='lat' dir='ltr'><strong>triduum,</strong></span> <span class='ocrx_word' id='word_1_489' title='bbox 2552 3064 2661 3120; x_wconf 89' lang='lat' dir='ltr'><strong>hoc</strong></span> <span class='ocrx_word' id='word_1_490' title='bbox 2680 3071 2765 3119; x_wconf 87' lang='lat' dir='ltr'><strong>est</strong></span> <span class='ocrx_word' id='word_1_491' title='bbox 2779 3071 2904 3135; x_wconf 86' lang='lat' dir='ltr'><strong>post</strong></span> <span class='ocrx_word' id='word_1_492' title='bbox 2926 3063 3325 3119; x_wconf 87' lang='lat' dir='ltr'><strong>correctionem</strong></span> <span class='ocrx_word' id='word_1_493' title='bbox 3341 3062 3705 3135; x_wconf 84' lang='lat' dir='ltr'><strong>cogitationis,</strong></span> 
     </span>
    </p>
   </div>
   <div class='ocr_carea' id='block_1_61' title="bbox 2114 3150 3707 3223">
    <p class='ocr_par' dir='ltr' id='par_1_61' title="bbox 2114 3150 3707 3223">
     <span class='ocr_line' id='line_1_61' title="bbox 2114 3150 3707 3223; baseline -0.001 -10"><span class='ocrx_word' id='word_1_494' title='bbox 2114 3151 2425 3219; x_wconf 81' lang='lat' dir='ltr'><strong>locutionis,</strong></span> <span class='ocrx_word' id='word_1_495' title='bbox 2456 3153 2646 3223; x_wconf 87' lang='lat' dir='ltr'><strong>operis</strong></span> <span class='ocrx_word' id='word_1_496' title='bbox 2679 3171 2694 3217; x_wconf 84' lang='lat'><strong>;</strong></span> <span class='ocrx_word' id='word_1_497' title='bbox 2723 3150 2907 3219; x_wconf 79' lang='lat' dir='ltr'><strong>Jcsus,</strong></span> <span class='ocrx_word' id='word_1_498' title='bbox 2940 3152 2997 3208; x_wconf 89' lang='lat' dir='ltr'><strong>id</strong></span> <span class='ocrx_word' id='word_1_499' title='bbox 3027 3156 3113 3209; x_wconf 80' lang='lat' dir='ltr'><strong>est</strong></span> <span class='ocrx_word' id='word_1_500' title='bbox 3142 3152 3346 3209; x_wconf 88' lang='lat' dir='ltr'><strong>veritas</strong></span> <span class='ocrx_word' id='word_1_501' title='bbox 3389 3152 3449 3209; x_wconf 87' lang='lat' dir='ltr'><strong>in</strong></span> <span class='ocrx_word' id='word_1_502' title='bbox 3485 3150 3707 3222; x_wconf 74' lang='lat' dir='ltr'><strong>templo.</strong></span> 
     </span>
    </p>
   </div>
   <div class='ocr_carea' id='block_1_62' title="bbox 405 3233 3711 3321">
    <p class='ocr_par' dir='ltr' id='par_1_62' title="bbox 405 3233 3711 3321">
     <span class='ocr_line' id='line_1_62' title="bbox 405 3233 3711 3321; baseline 0.001 -19"><span class='ocrx_word' id='word_1_503' title='bbox 405 3245 628 3321; x_wconf 87' lang='lat' dir='ltr'><strong>quidam</strong></span> <span class='ocrx_word' id='word_1_504' title='bbox 659 3262 942 3317; x_wconf 86' lang='lat' dir='ltr'><strong>accessus,</strong></span> <span class='ocrx_word' id='word_1_505' title='bbox 977 3257 1031 3307; x_wconf 90' lang='lat' dir='ltr'><strong>et</strong></span> <span class='ocrx_word' id='word_1_506' title='bbox 1065 3265 1315 3308; x_wconf 87' lang='lat' dir='ltr'><strong>recessus</strong></span> <span class='ocrx_word' id='word_1_507' title='bbox 1343 3252 1540 3307; x_wconf 69' lang='lat' dir='ltr'><strong>animae</strong></span> <span class='ocrx_word' id='word_1_508' title='bbox 1569 3252 1641 3307; x_wconf 90' lang='lat' dir='ltr'><strong>ad</strong></span> <span class='ocrx_word' id='word_1_509' title='bbox 1666 3251 1867 3318; x_wconf 89' lang='lat' dir='ltr'><strong>Deum,</strong></span> <span class='ocrx_word' id='word_1_510' title='bbox 1890 3250 2009 3307; x_wconf 83' lang='lat' dir='ltr'><strong>sive</strong></span> <span class='ocrx_word' id='word_1_511' title='bbox 2037 3233 2088 3297; x_wconf 70' lang='grc' dir='ltr'>Ο</span> <span class='ocrx_word' id='word_1_512' title='bbox 2116 3251 2220 3307; x_wconf 75' lang='lat' dir='ltr'><strong>hoc</strong></span> <span class='ocrx_word' id='word_1_513' title='bbox 2247 3257 2335 3308; x_wconf 85' lang='lat' dir='ltr'><strong>est</strong></span> <span class='ocrx_word' id='word_1_514' title='bbox 2358 3250 2417 3306; x_wconf 85' lang='lat' dir='ltr'><strong>in</strong></span> <span class='ocrx_word' id='word_1_515' title='bbox 2444 3250 2653 3306; x_wconf 84' lang='lat' dir='ltr'><strong>mundo</strong></span> <span class='ocrx_word' id='word_1_516' title='bbox 2685 3250 2856 3307; x_wconf 84' lang='lat' dir='ltr'><strong>corde</strong></span> <span class='ocrx_word' id='word_1_517' title='bbox 2884 3249 3180 3321; x_wconf 84' lang='lat' dir='ltr'><strong>percipitur</strong></span> <span class='ocrx_word' id='word_1_518' title='bbox 3215 3268 3229 3306; x_wconf 89' lang='lat'><strong>:</strong></span> <span class='ocrx_word' id='word_1_519' title='bbox 3252 3250 3329 3306; x_wconf 88' lang='lat' dir='ltr'><strong>ita</strong></span> <span class='ocrx_word' id='word_1_520' title='bbox 3356 3258 3411 3305; x_wconf 83' lang='lat' dir='ltr'><strong>et</strong></span> <span class='ocrx_word' id='word_1_521' title='bbox 3438 3265 3533 3321; x_wconf 82' lang='lat' dir='ltr'><strong>per</strong></span> <span class='ocrx_word' id='word_1_522' title='bbox 3563 3248 3711 3306; x_wconf 80' lang='lat' dir='ltr'><strong>sacri</strong></span> 
     </span>
    </p>
   </div>
   <div class='ocr_carea' id='block_1_63' title="bbox 404 3335 3710 3421">
    <p class='ocr_par' dir='ltr' id='par_1_63' title="bbox 404 3335 3710 3421">
     <span class='ocr_line' id='line_1_63' title="bbox 404 3335 3710 3421; baseline 0.001 -31"><span class='ocrx_word' id='word_1_523' title='bbox 404 3349 438 3389; x_wconf 92' lang='lat' dir='ltr'><strong>a</strong></span> <span class='ocrx_word' id='word_1_524' title='bbox 467 3335 623 3404; x_wconf 88' lang='lat' dir='ltr'><strong>Deo;</strong></span> <span class='ocrx_word' id='word_1_525' title='bbox 657 3351 918 3396; x_wconf 86' lang='lat' dir='ltr'><strong>accessus</strong></span> <span class='ocrx_word' id='word_1_526' title='bbox 948 3338 1017 3394; x_wconf 80' lang='lat' dir='ltr'><strong>ad</strong></span> <span class='ocrx_word' id='word_1_527' title='bbox 1038 3340 1235 3408; x_wconf 88' lang='lat' dir='ltr'><strong>Deum,</strong></span> <span class='ocrx_word' id='word_1_528' title='bbox 1260 3357 1515 3398; x_wconf 89' lang='lat' dir='ltr'><strong>recessus</strong></span> <span class='ocrx_word' id='word_1_529' title='bbox 1541 3356 1575 3398; x_wconf 86' lang='lat' dir='ltr'><strong>a</strong></span> <span class='ocrx_word' id='word_1_530' title='bbox 1605 3342 1742 3398; x_wconf 91' lang='lat' dir='ltr'><strong>Deo.</strong></span> <span class='ocrx_word' id='word_1_531' title='bbox 1779 3340 2012 3397; x_wconf 82' lang='lat' dir='ltr'><strong>Abeun—</strong></span> <span class='ocrx_word' id='word_1_532' title='bbox 2111 3339 2267 3395; x_wconf 84' lang='lat' dir='ltr'><strong>verbi</strong></span> <span class='ocrx_word' id='word_1_533' title='bbox 2296 3340 2581 3406; x_wconf 79' lang='lat' dir='ltr'><strong>doctores,</strong></span> <span class='ocrx_word' id='word_1_534' title='bbox 2611 3339 2817 3399; x_wconf 85' lang='lat' dir='ltr'><strong>veritas</strong></span> <span class='ocrx_word' id='word_1_535' title='bbox 2845 3339 3039 3395; x_wconf 89' lang='lat' dir='ltr'><strong>horum</strong></span> <span class='ocrx_word' id='word_1_536' title='bbox 3071 3339 3239 3397; x_wconf 84' lang='lat' dir='ltr'><strong>trium</strong></span> <span class='ocrx_word' id='word_1_537' title='bbox 3268 3338 3485 3395; x_wconf 77' lang='lat' dir='ltr'><strong>dierum</strong></span> <span class='ocrx_word' id='word_1_538' title='bbox 3510 3353 3710 3421; x_wconf 65' lang='grc' dir='ltr'><strong>θετεετ</strong></span> 
     </span>
    </p>
   </div>
   <div class='ocr_carea' id='block_1_64' title="bbox 407 3432 2001 3515">
    <p class='ocr_par' dir='ltr' id='par_1_64' title="bbox 407 3432 2001 3515">
     <span class='ocr_line' id='line_1_64' title="bbox 407 3432 2001 3515; baseline -0.001 -20"><span class='ocrx_word' id='word_1_539' title='bbox 407 3432 467 3503; x_wconf 83' lang='lat' dir='ltr'><strong>ti,</strong></span> <span class='ocrx_word' id='word_1_540' title='bbox 498 3433 602 3490; x_wconf 85' lang='lat' dir='ltr'><strong>iter</strong></span> <span class='ocrx_word' id='word_1_541' title='bbox 631 3443 716 3493; x_wconf 88' lang='lat' dir='ltr'><strong>est</strong></span> <span class='ocrx_word' id='word_1_542' title='bbox 740 3452 844 3510; x_wconf 88' lang='lat' dir='ltr'><strong>per</strong></span> <span class='ocrx_word' id='word_1_543' title='bbox 875 3445 1112 3506; x_wconf 87' lang='lat' dir='ltr'><strong>noctem,</strong></span> <span class='ocrx_word' id='word_1_544' title='bbox 1146 3438 1398 3507; x_wconf 80' lang='lat' dir='ltr'><strong>redeunti,</strong></span> <span class='ocrx_word' id='word_1_545' title='bbox 1426 3439 1530 3505; x_wconf 77' lang='lat' dir='ltr'><strong>iter</strong></span> <span class='ocrx_word' id='word_1_546' title='bbox 1556 3446 1643 3507; x_wconf 86' lang='lat' dir='ltr'><strong>est</strong></span> <span class='ocrx_word' id='word_1_547' title='bbox 1685 3454 1786 3515; x_wconf 87' lang='lat' dir='ltr'><strong>per</strong></span> <span class='ocrx_word' id='word_1_548' title='bbox 1829 3438 2001 3503; x_wconf 75' lang='lat' dir='ltr'><strong>diem,</strong></span> 
     </span>
    </p>
   </div>
   <div class='ocr_carea' id='block_1_65' title="bbox 2111 3434 3704 3510">
    <p class='ocr_par' dir='ltr' id='par_1_65' title="bbox 2111 3434 3704 3510">
     <span class='ocr_line' id='line_1_65' title="bbox 2111 3434 3704 3510; baseline -0.001 -17"><span class='ocrx_word' id='word_1_549' title='bbox 2111 3436 2288 3503; x_wconf 79' lang='lat' dir='ltr'><strong>sionis</strong></span> <span class='ocrx_word' id='word_1_550' title='bbox 2317 3437 2704 3494; x_wconf 72' lang='lat' dir='ltr'><strong>Hebrasrorum</strong></span> <span class='ocrx_word' id='word_1_551' title='bbox 2734 3451 2808 3494; x_wconf 72' lang='lat' dir='ltr'><strong>ex</strong></span> <span class='ocrx_word' id='word_1_552' title='bbox 2831 3437 3069 3510; x_wconf 68' lang='lat' dir='ltr'><strong>Egypte</strong></span> <span class='ocrx_word' id='word_1_553' title='bbox 3094 3434 3348 3494; x_wconf 70' lang='lat' dir='ltr'><strong>ﬁdelibus</strong></span> <span class='ocrx_word' id='word_1_554' title='bbox 3368 3435 3704 3503; x_wconf 56' lang='lat' dir='ltr'><strong>declaratur,</strong></span> 
     </span>
    </p>
   </div>
   <div class='ocr_carea' id='block_1_66' title="bbox 761 3730 3356 3845">
    <p class='ocr_par' dir='ltr' id='par_1_66' title="bbox 761 3730 3356 3845">
     <span class='ocr_line' id='line_1_66' title="bbox 761 3730 3356 3845; baseline 0.002 -10"><span class='ocrx_word' id='word_1_555' title='bbox 761 3730 1258 3835; x_wconf 86' lang='lat' dir='ltr'><strong>DOMINA</strong></span> <span class='ocrx_word' id='word_1_556' title='bbox 1339 3730 1930 3839; x_wconf 86' lang='lat' dir='ltr'><strong>SECUNDA</strong></span> <span class='ocrx_word' id='word_1_557' title='bbox 2005 3730 2338 3843; x_wconf 87' lang='lat' dir='ltr'><strong>POST</strong></span> <span class='ocrx_word' id='word_1_558' title='bbox 2411 3731 3356 3845; x_wconf 83' lang='lat' dir='ltr'><strong>THEOPHANIAM.</strong></span> 
     </span>
    </p>
   </div>
   <div class='ocr_carea' id='block_1_67' title="bbox 489 3973 2011 4047">
    <p class='ocr_par' dir='ltr' id='par_1_67' title="bbox 489 3973 2011 4047">
     <span class='ocr_line' id='line_1_67' title="bbox 489 3973 2011 4047; baseline 0.003 -14"><span class='ocrx_word' id='word_1_559' title='bbox 489 3998 510 4025; x_wconf 72' lang='grc' dir='ltr'><strong>σι</strong></span> <span class='ocrx_word' id='word_1_560' title='bbox 543 3973 760 4047; x_wconf 67' lang='lat' dir='ltr'><strong>Nuptiae</strong></span> <span class='ocrx_word' id='word_1_561' title='bbox 787 3974 949 4035; x_wconf 63' lang='lat' dir='ltr'><strong>facta</strong></span> <span class='ocrx_word' id='word_1_562' title='bbox 962 3984 1088 4033; x_wconf 91' lang='lat' dir='ltr'><strong>sunt</strong></span> <span class='ocrx_word' id='word_1_563' title='bbox 1107 3974 1160 4033; x_wconf 90' lang='lat' dir='ltr'><strong>in</strong></span> <span class='ocrx_word' id='word_1_564' title='bbox 1185 3976 1333 4043; x_wconf 74' lang='lat' dir='ltr'><strong>Cana</strong></span> <span class='ocrx_word' id='word_1_565' title='bbox 1355 3975 1619 4046; x_wconf 73' lang='lat' dir='ltr'><strong>Galilaeze,</strong></span> <span class='ocrx_word' id='word_1_566' title='bbox 1646 3985 1698 4035; x_wconf 91' lang='lat' dir='ltr'><strong>et</strong></span> <span class='ocrx_word' id='word_1_567' title='bbox 1730 3986 1849 4039; x_wconf 84' lang='lat' dir='ltr'><strong>erat</strong></span> <span class='ocrx_word' id='word_1_568' title='bbox 1894 3993 2011 4037; x_wconf 87' lang='lat' dir='ltr'><strong>ma-</strong></span> 
     </span>
    </p>
   </div>
   <div class='ocr_carea' id='block_1_68' title="bbox 414 4063 2010 4140">
    <p class='ocr_par' dir='ltr' id='par_1_68' title="bbox 414 4063 2010 4140">
     <span class='ocr_line' id='line_1_68' title="bbox 414 4063 2010 4140; baseline 0.002 -19"><span class='ocrx_word' id='word_1_569' title='bbox 414 4063 530 4121; x_wconf 74' lang='lat' dir='ltr'><strong>ter.)</strong></span> <span class='ocrx_word' id='word_1_570' title='bbox 539 4079 640 4120; x_wconf 91' lang='lat' dir='ltr'><strong>esu</strong></span> <span class='ocrx_word' id='word_1_571' title='bbox 665 4063 760 4121; x_wconf 83' lang='lat' dir='ltr'><strong>ibi.</strong></span> <span class='ocrx_word' id='word_1_572' title='bbox 792 4064 1029 4123; x_wconf 87' lang='lat' dir='ltr'><strong>Vocatus</strong></span> <span class='ocrx_word' id='word_1_573' title='bbox 1053 4073 1136 4123; x_wconf 88' lang='lat' dir='ltr'><strong>est</strong></span> <span class='ocrx_word' id='word_1_574' title='bbox 1153 4073 1332 4123; x_wconf 90' lang='lat' dir='ltr'><strong>autem</strong></span> <span class='ocrx_word' id='word_1_575' title='bbox 1352 4066 1514 4123; x_wconf 83' lang='lat' dir='ltr'><strong>Jesus</strong></span> <span class='ocrx_word' id='word_1_576' title='bbox 1528 4075 1579 4125; x_wconf 88' lang='lat' dir='ltr'><strong>et</strong></span> <span class='ocrx_word' id='word_1_577' title='bbox 1600 4067 1854 4140; x_wconf 87' lang='lat' dir='ltr'><strong>discipuli</strong></span> <span class='ocrx_word' id='word_1_578' title='bbox 1871 4067 2010 4139; x_wconf 82' lang='lat' dir='ltr'><strong>ejus,</strong></span> 
     </span>
    </p>
   </div>
   <div class='ocr_carea' id='block_1_69' title="bbox 412 4148 2013 4226">
    <p class='ocr_par' dir='ltr' id='par_1_69' title="bbox 412 4148 2013 4226">
     <span class='ocr_line' id='line_1_69' title="bbox 412 4148 2013 4226; baseline 0.004 -19"><span class='ocrx_word' id='word_1_579' title='bbox 412 4148 482 4207; x_wconf 82' lang='lat' dir='ltr'><strong>ad</strong></span> <span class='ocrx_word' id='word_1_580' title='bbox 514 4152 733 4225; x_wconf 89' lang='lat' dir='ltr'><strong>nuptias</strong></span> <span class='ocrx_word' id='word_1_581' title='bbox 765 4155 953 4226; x_wconf 84' lang='lat' dir='ltr'><strong>(Joan.</strong></span> <span class='ocrx_word' id='word_1_582' title='bbox 987 4159 1067 4222; x_wconf 87' lang='grc' dir='ltr'><strong>ιι).</strong></span> <span class='ocrx_word' id='word_1_583' title='bbox 1108 4178 1128 4201; x_wconf 74' lang='grc' dir='ltr'><strong><em>η</em></strong></span> <span class='ocrx_word' id='word_1_584' title='bbox 1154 4155 1334 4211; x_wconf 87' lang='lat' dir='ltr'><strong>Voluit</strong></span> <span class='ocrx_word' id='word_1_585' title='bbox 1357 4156 1627 4215; x_wconf 90' lang='lat' dir='ltr'><strong>Dominus</strong></span> <span class='ocrx_word' id='word_1_586' title='bbox 1647 4156 1762 4212; x_wconf 89' lang='lat' dir='ltr'><strong>suis</strong></span> <span class='ocrx_word' id='word_1_587' title='bbox 1783 4172 1884 4215; x_wconf 88' lang='lat' dir='ltr'><strong>nec</strong></span> <span class='ocrx_word' id='word_1_588' title='bbox 1906 4173 2013 4213; x_wconf 90' lang='lat' dir='ltr'><strong>non</strong></span> 
     </span>
    </p>
   </div>
   <div class='ocr_carea' id='block_1_70' title="bbox 413 4239 2015 4314">
    <p class='ocr_par' dir='ltr' id='par_1_70' title="bbox 413 4239 2015 4314">
     <span class='ocr_line' id='line_1_70' title="bbox 413 4239 2015 4314; baseline 0.003 -18"><span class='ocrx_word' id='word_1_589' title='bbox 413 4239 679 4301; x_wconf 89' lang='lat' dir='ltr'><strong>miraculo</strong></span> <span class='ocrx_word' id='word_1_590' title='bbox 736 4242 954 4314; x_wconf 88' lang='lat' dir='ltr'><strong>nuptias</strong></span> <span class='ocrx_word' id='word_1_591' title='bbox 1017 4244 1414 4303; x_wconf 88' lang='lat' dir='ltr'><strong>commendare</strong></span> <span class='ocrx_word' id='word_1_592' title='bbox 1448 4287 1462 4312; x_wconf 92' lang='lat'><strong>,</strong></span> <span class='ocrx_word' id='word_1_593' title='bbox 1504 4260 1572 4305; x_wconf 85' lang='lat' dir='ltr'><strong>ne</strong></span> <span class='ocrx_word' id='word_1_594' title='bbox 1629 4261 1729 4301; x_wconf 85' lang='lat' dir='ltr'><strong>eas</strong></span> <span class='ocrx_word' id='word_1_595' title='bbox 1775 4246 2015 4305; x_wconf 60' lang='grc' dir='ltr'><strong>ἣξει-ριίοί</strong></span> 
     </span>
    </p>
   </div>
   <div class='ocr_carea' id='block_1_71' title="bbox 417 4327 2013 4403">
    <p class='ocr_par' dir='ltr' id='par_1_71' title="bbox 417 4327 2013 4403">
     <span class='ocr_line' id='line_1_71' title="bbox 417 4327 2013 4403; baseline 0.005 -18"><span class='ocrx_word' id='word_1_596' title='bbox 417 4327 679 4385; x_wconf 86' lang='lat' dir='ltr'><strong>damnare</strong></span> <span class='ocrx_word' id='word_1_597' title='bbox 717 4340 1137 4402; x_wconf 82' lang='lat' dir='ltr'><strong>praesumerent.</strong></span> <span class='ocrx_word' id='word_1_598' title='bbox 1180 4333 1407 4403; x_wconf 76' lang='lat' dir='ltr'><strong>Mystice</strong></span> <span class='ocrx_word' id='word_1_599' title='bbox 1464 4333 1740 4393; x_wconf 82' lang='lat' dir='ltr'><strong>desiderio</strong></span> <span class='ocrx_word' id='word_1_600' title='bbox 1798 4337 2013 4395; x_wconf 86' lang='lat' dir='ltr'><strong>Patrum</strong></span> 
     </span>
    </p>
   </div>
   <div class='ocr_carea' id='block_1_72' title="bbox 415 4416 2017 4497">
    <p class='ocr_par' dir='ltr' id='par_1_72' title="bbox 415 4416 2017 4497">
     <span class='ocr_line' id='line_1_72' title="bbox 415 4416 2017 4497; baseline 0.006 -26"><span class='ocrx_word' id='word_1_601' title='bbox 415 4416 851 4491; x_wconf 70' lang='lat' dir='ltr'><strong>praecedentium</strong></span> <span class='ocrx_word' id='word_1_602' title='bbox 890 4428 1017 4476; x_wconf 91' lang='lat' dir='ltr'><strong>ante</strong></span> <span class='ocrx_word' id='word_1_603' title='bbox 1054 4422 1255 4495; x_wconf 91' lang='lat' dir='ltr'><strong>legem,</strong></span> <span class='ocrx_word' id='word_1_604' title='bbox 1316 4423 1419 4481; x_wconf 88' lang='lat' dir='ltr'><strong>sub</strong></span> <span class='ocrx_word' id='word_1_605' title='bbox 1476 4422 1600 4497; x_wconf 84' lang='lat' dir='ltr'><strong>lege</strong></span> <span class='ocrx_word' id='word_1_606' title='bbox 1658 4433 1879 4482; x_wconf 84' lang='lat' dir='ltr'><strong>vocatus</strong></span> <span class='ocrx_word' id='word_1_607' title='bbox 1928 4433 2017 4481; x_wconf 84' lang='lat' dir='ltr'><strong>est</strong></span> 
     </span>
    </p>
   </div>
   <div class='ocr_carea' id='block_1_73' title="bbox 417 4507 2017 4587">
    <p class='ocr_par' dir='ltr' id='par_1_73' title="bbox 417 4507 2017 4587">
     <span class='ocr_line' id='line_1_73' title="bbox 417 4507 2017 4587; baseline 0.005 -27"><span class='ocrx_word' id='word_1_608' title='bbox 417 4521 675 4578; x_wconf 90' lang='lat' dir='ltr'><strong>sponsus,</strong></span> <span class='ocrx_word' id='word_1_609' title='bbox 708 4507 777 4562; x_wconf 90' lang='lat' dir='ltr'><strong>ad</strong></span> <span class='ocrx_word' id='word_1_610' title='bbox 806 4507 1109 4565; x_wconf 90' lang='lat' dir='ltr'><strong>Ecclesiam</strong></span> <span class='ocrx_word' id='word_1_611' title='bbox 1142 4524 1403 4583; x_wconf 89' lang='lat' dir='ltr'><strong>sponsam</strong></span> <span class='ocrx_word' id='word_1_612' title='bbox 1433 4512 1639 4578; x_wconf 90' lang='lat' dir='ltr'><strong>venire,</strong></span> <span class='ocrx_word' id='word_1_613' title='bbox 1673 4520 1724 4567; x_wconf 86' lang='lat' dir='ltr'><strong>et</strong></span> <span class='ocrx_word' id='word_1_614' title='bbox 1746 4513 1802 4568; x_wconf 90' lang='lat' dir='ltr'><strong>in</strong></span> <span class='ocrx_word' id='word_1_615' title='bbox 1842 4513 2017 4587; x_wconf 85' lang='lat' dir='ltr'><strong>gratia</strong></span> 
     </span>
    </p>
   </div>
   <div class='ocr_carea' id='block_1_74' title="bbox 2122 3976 3719 4054">
    <p class='ocr_par' dir='ltr' id='par_1_74' title="bbox 2122 3976 3719 4054">
     <span class='ocr_line' id='line_1_74' title="bbox 2122 3976 3719 4054; baseline 0.002 -16"><span class='ocrx_word' id='word_1_616' title='bbox 2122 3976 2363 4040; x_wconf 74' lang='lat' dir='ltr'><strong>futurum</strong></span> <span class='ocrx_word' id='word_1_617' title='bbox 2388 3987 2475 4037; x_wconf 91' lang='lat' dir='ltr'><strong>est</strong></span> <span class='ocrx_word' id='word_1_618' title='bbox 2517 3979 2840 4038; x_wconf 86' lang='lat' dir='ltr'><strong>miraculum</strong></span> <span class='ocrx_word' id='word_1_619' title='bbox 2898 3982 3047 4054; x_wconf 87' lang='lat' dir='ltr'><strong>quod</strong></span> <span class='ocrx_word' id='word_1_620' title='bbox 3101 3983 3267 4054; x_wconf 89' lang='lat' dir='ltr'><strong>petis.</strong></span> <span class='ocrx_word' id='word_1_621' title='bbox 3332 3982 3527 4041; x_wconf 79' lang='lat' dir='ltr'><strong>Veniet</strong></span> <span class='ocrx_word' id='word_1_622' title='bbox 3579 3983 3719 4041; x_wconf 86' lang='lat' dir='ltr'><strong>hora</strong></span> 
     </span>
    </p>
   </div>
   <div class='ocr_carea' id='block_1_75' title="bbox 2123 4067 3724 4146">
    <p class='ocr_par' dir='ltr' id='par_1_75' title="bbox 2123 4067 3724 4146">
     <span class='ocr_line' id='line_1_75' title="bbox 2123 4067 3724 4146; baseline 0 -19"><span class='ocrx_word' id='word_1_623' title='bbox 2123 4083 2270 4134; x_wconf 83' lang='lat' dir='ltr'><strong>mea,</strong></span> <span class='ocrx_word' id='word_1_624' title='bbox 2299 4067 2353 4126; x_wconf 88' lang='lat' dir='ltr'><strong>id</strong></span> <span class='ocrx_word' id='word_1_625' title='bbox 2376 4076 2458 4125; x_wconf 89' lang='lat' dir='ltr'><strong>est</strong></span> <span class='ocrx_word' id='word_1_626' title='bbox 2487 4068 2760 4141; x_wconf 82' lang='lat' dir='ltr'><strong>passionis</strong></span> <span class='ocrx_word' id='word_1_627' title='bbox 2788 4072 3191 4142; x_wconf 84' lang='lat' dir='ltr'><strong>opportunitas,</strong></span> <span class='ocrx_word' id='word_1_628' title='bbox 3221 4072 3279 4128; x_wconf 90' lang='lat' dir='ltr'><strong>in</strong></span> <span class='ocrx_word' id='word_1_629' title='bbox 3316 4088 3426 4146; x_wconf 87' lang='lat' dir='ltr'><strong>qua</strong></span> <span class='ocrx_word' id='word_1_630' title='bbox 3464 4072 3724 4131; x_wconf 81' lang='lat' dir='ltr'><strong>videlicet</strong></span> 
     </span>
    </p>
   </div>
   <div class='ocr_carea' id='block_1_76' title="bbox 2124 4157 3720 4234">
    <p class='ocr_par' dir='ltr' id='par_1_76' title="bbox 2124 4157 3720 4234">
     <span class='ocr_line' id='line_1_76' title="bbox 2124 4157 3720 4234; baseline 0.001 -19"><span class='ocrx_word' id='word_1_631' title='bbox 2124 4172 2248 4215; x_wconf 86' lang='lat' dir='ltr'><strong>cum</strong></span> <span class='ocrx_word' id='word_1_632' title='bbox 2279 4157 2524 4228; x_wconf 80' lang='lat' dir='ltr'><strong>pendere</strong></span> <span class='ocrx_word' id='word_1_633' title='bbox 2555 4158 2609 4217; x_wconf 90' lang='lat' dir='ltr'><strong>in</strong></span> <span class='ocrx_word' id='word_1_634' title='bbox 2639 4173 2809 4217; x_wconf 85' lang='lat' dir='ltr'><strong>cruce</strong></span> <span class='ocrx_word' id='word_1_635' title='bbox 2834 4158 3124 4218; x_wconf 77' lang='lat' dir='ltr'><strong>inﬁrmitas</strong></span> <span class='ocrx_word' id='word_1_636' title='bbox 3168 4162 3416 4233; x_wconf 83' lang='lat' dir='ltr'><strong>coeperit,</strong></span> <span class='ocrx_word' id='word_1_637' title='bbox 3461 4161 3623 4234; x_wconf 58' lang='lat' dir='ltr'><strong>cuius</strong></span> <span class='ocrx_word' id='word_1_638' title='bbox 3662 4169 3720 4217; x_wconf 84' lang='lat' dir='ltr'><strong>tu</strong></span> 
     </span>
    </p>
   </div>
   <div class='ocr_carea' id='block_1_77' title="bbox 2110 4248 3722 4319">
    <p class='ocr_par' dir='ltr' id='par_1_77' title="bbox 2110 4248 3722 4319">
     <span class='ocr_line' id='line_1_77' title="bbox 2110 4248 3722 4319; baseline 0.002 -18"><span class='ocrx_word' id='word_1_639' title='bbox 2110 4254 2301 4313; x_wconf 81' lang='lat' dir='ltr'><strong>mater</strong></span> <span class='ocrx_word' id='word_1_640' title='bbox 2328 4263 2393 4303; x_wconf 84' lang='lat' dir='ltr'><strong>es</strong></span> <span class='ocrx_word' id='word_1_641' title='bbox 2416 4262 2713 4319; x_wconf 74' lang='lat' dir='ltr'><strong>agnoscam</strong></span> <span class='ocrx_word' id='word_1_642' title='bbox 2744 4254 2797 4304; x_wconf 88' lang='lat' dir='ltr'><strong>te</strong></span> <span class='ocrx_word' id='word_1_643' title='bbox 2827 4256 3058 4305; x_wconf 88' lang='lat' dir='ltr'><strong>matrem</strong></span> <span class='ocrx_word' id='word_1_644' title='bbox 3085 4258 3143 4306; x_wconf 89' lang='lat' dir='ltr'><strong>ut</strong></span> <span class='ocrx_word' id='word_1_645' title='bbox 3189 4248 3353 4317; x_wconf 81' lang='lat' dir='ltr'><strong>ﬁlius,</strong></span> <span class='ocrx_word' id='word_1_646' title='bbox 3404 4266 3596 4311; x_wconf 73' lang='lat' dir='ltr'><strong>curam</strong></span> <span class='ocrx_word' id='word_1_647' title='bbox 3644 4249 3722 4307; x_wconf 87' lang='lat' dir='ltr'><strong>tui</strong></span> 
     </span>
    </p>
   </div>
   <div class='ocr_carea' id='block_1_78' title="bbox 2124 4334 3722 4411">
    <p class='ocr_par' dir='ltr' id='par_1_78' title="bbox 2124 4334 3722 4411">
     <span class='ocr_line' id='line_1_78' title="bbox 2124 4334 3722 4411; baseline 0.002 -21"><span class='ocrx_word' id='word_1_648' title='bbox 2124 4334 2391 4406; x_wconf 86' lang='lat' dir='ltr'><strong>discipulo</strong></span> <span class='ocrx_word' id='word_1_649' title='bbox 2416 4335 2781 4397; x_wconf 84' lang='lat' dir='ltr'><strong>committens.</strong></span> <span class='ocrx_word' id='word_1_650' title='bbox 2802 4337 3107 4399; x_wconf 67' lang='lat' dir='ltr'><strong>Prwdieato</strong></span> <span class='ocrx_word' id='word_1_651' title='bbox 3132 4348 3312 4397; x_wconf 85' lang='lat' dir='ltr'><strong>autem</strong></span> <span class='ocrx_word' id='word_1_652' title='bbox 3346 4339 3644 4411; x_wconf 78' lang='lat' dir='ltr'><strong>Evangelia</strong></span> <span class='ocrx_word' id='word_1_653' title='bbox 3668 4346 3722 4399; x_wconf 84' lang='lat' dir='ltr'><strong>et</strong></span> 
     </span>
    </p>
   </div>
   <div class='ocr_carea' id='block_1_79' title="bbox 2125 4423 3712 4499">
    <p class='ocr_par' dir='ltr' id='par_1_79' title="bbox 2125 4423 3712 4499">
     <span class='ocr_line' id='line_1_79' title="bbox 2125 4423 3712 4499; baseline 0.003 -19"><span class='ocrx_word' id='word_1_654' title='bbox 2125 4423 2324 4480; x_wconf 87' lang='lat' dir='ltr'><strong>virtute</strong></span> <span class='ocrx_word' id='word_1_655' title='bbox 2354 4423 2539 4483; x_wconf 87' lang='lat' dir='ltr'><strong>divina</strong></span> <span class='ocrx_word' id='word_1_656' title='bbox 2566 4433 2792 4481; x_wconf 88' lang='lat' dir='ltr'><strong>ostensa</strong></span> <span class='ocrx_word' id='word_1_657' title='bbox 2820 4426 3050 4493; x_wconf 88' lang='lat' dir='ltr'><strong>mundo,</strong></span> <span class='ocrx_word' id='word_1_658' title='bbox 3100 4428 3198 4484; x_wconf 77' lang='lat' dir='ltr'><strong>fuit</strong></span> <span class='ocrx_word' id='word_1_659' title='bbox 3238 4429 3368 4486; x_wconf 78' lang='lat' dir='ltr'><strong>liora</strong></span> <span class='ocrx_word' id='word_1_660' title='bbox 3412 4427 3712 4499; x_wconf 81' lang='lat' dir='ltr'><strong>passionis.</strong></span> 
     </span>
    </p>
   </div>
   <div class='ocr_carea' id='block_1_80' title="bbox 2126 4513 3723 4583">
    <p class='ocr_par' dir='ltr' id='par_1_80' title="bbox 2126 4513 3723 4583">
     <span class='ocr_line' id='line_1_80' title="bbox 2126 4513 3723 4583; baseline 0.004 -14"><span class='ocrx_word' id='word_1_661' title='bbox 2126 4513 2251 4569; x_wconf 88' lang='lat' dir='ltr'><strong>Non</strong></span> <span class='ocrx_word' id='word_1_662' title='bbox 2280 4514 2620 4571; x_wconf 86' lang='lat' dir='ltr'><strong>necessitatis</strong></span> <span class='ocrx_word' id='word_1_663' title='bbox 2640 4514 2850 4570; x_wconf 88' lang='lat' dir='ltr'><strong>scilicet</strong></span> <span class='ocrx_word' id='word_1_664' title='bbox 2872 4516 3018 4583; x_wconf 82' lang='lat' dir='ltr'><strong>liora,</strong></span> <span class='ocrx_word' id='word_1_665' title='bbox 3045 4524 3097 4572; x_wconf 90' lang='lat' dir='ltr'><strong>ut</strong></span> <span class='ocrx_word' id='word_1_666' title='bbox 3118 4517 3358 4577; x_wconf 59' lang='lat' dir='ltr'><strong>haeretici</strong></span> <span class='ocrx_word' id='word_1_667' title='bbox 3378 4517 3723 4575; x_wconf 85' lang='lat' dir='ltr'><strong>calumnian-</strong></span> 
     </span>
    </p>
   </div>
   <div class='ocr_carea' id='block_1_81' title="bbox 419 4572 3721 4673">
    <p class='ocr_par' dir='ltr' id='par_1_81' title="bbox 419 4572 3721 4673">
     <span class='ocr_line' id='line_1_81' title="bbox 419 4572 3721 4673; baseline 0.002 -24"><span class='ocrx_word' id='word_1_668' title='bbox 419 4572 683 4669; x_wconf 67' lang='lat' dir='ltr'><strong>Evangeli</strong></span> <span class='ocrx_word' id='word_1_669' title='bbox 712 4598 892 4653; x_wconf 87' lang='lat' dir='ltr'><strong>venit.</strong></span> <span class='ocrx_word' id='word_1_670' title='bbox 936 4598 1125 4653; x_wconf 84' lang='lat' dir='ltr'><strong>Vocati</strong></span> <span class='ocrx_word' id='word_1_671' title='bbox 1157 4572 1283 4653; x_wconf 75' lang='lat' dir='ltr'><strong>sunt</strong></span> <span class='ocrx_word' id='word_1_672' title='bbox 1312 4608 1364 4655; x_wconf 90' lang='lat' dir='ltr'><strong>et</strong></span> <span class='ocrx_word' id='word_1_673' title='bbox 1394 4572 1668 4673; x_wconf 78' lang='lat' dir='ltr'><strong>discipuli,</strong></span> <span class='ocrx_word' id='word_1_674' title='bbox 1700 4610 1757 4657; x_wconf 90' lang='lat' dir='ltr'><strong>ut</strong></span> <span class='ocrx_word' id='word_1_675' title='bbox 1787 4572 2017 4658; x_wconf 49' lang='lat' dir='ltr'><strong>mi&#39;nistri</strong></span> <span class='ocrx_word' id='word_1_676' title='bbox 2047 4572 2099 4633; x_wconf 66' lang='grc' dir='ltr'>Β</span> <span class='ocrx_word' id='word_1_677' title='bbox 2130 4605 2235 4667; x_wconf 90' lang='lat' dir='ltr'><strong>tur,</strong></span> <span class='ocrx_word' id='word_1_678' title='bbox 2264 4597 2364 4653; x_wconf 90' lang='lat' dir='ltr'><strong>sed</strong></span> <span class='ocrx_word' id='word_1_679' title='bbox 2390 4598 2711 4655; x_wconf 87' lang='lat' dir='ltr'><strong>voluntatis.</strong></span> <span class='ocrx_word' id='word_1_680' title='bbox 2752 4572 3077 4657; x_wconf 79' lang='lat' dir='ltr'><strong>Undeillud</strong></span> <span class='ocrx_word' id='word_1_681' title='bbox 3108 4617 3119 4654; x_wconf 89' lang='lat'>:</span> <span class='ocrx_word' id='word_1_682' title='bbox 3144 4572 3197 4650; x_wconf 9' lang='lat' dir='ltr'><strong>rvi</strong></span> <span class='ocrx_word' id='word_1_683' title='bbox 3248 4572 3574 4659; x_wconf 52' lang='lat' dir='ltr'><strong>Detestatem</strong></span> <span class='ocrx_word' id='word_1_684' title='bbox 3618 4572 3721 4658; x_wconf 78' lang='lat' dir='ltr'><strong>lia-</strong></span> 
     </span>
    </p>
   </div>
   <div class='ocr_carea' id='block_1_82' title="bbox 420 4681 2019 4762">
    <p class='ocr_par' dir='ltr' id='par_1_82' title="bbox 420 4681 2019 4762">
     <span class='ocr_line' id='line_1_82' title="bbox 420 4681 2019 4762; baseline 0.006 -25"><span class='ocrx_word' id='word_1_685' title='bbox 420 4681 476 4738; x_wconf 89' lang='lat' dir='ltr'><strong>in</strong></span> <span class='ocrx_word' id='word_1_686' title='bbox 506 4682 736 4755; x_wconf 90' lang='lat' dir='ltr'><strong>nuptiis.</strong></span> <span class='ocrx_word' id='word_1_687' title='bbox 756 4686 908 4742; x_wconf 85' lang='lat' dir='ltr'><strong>Hanc</strong></span> <span class='ocrx_word' id='word_1_688' title='bbox 930 4699 1188 4759; x_wconf 85' lang='lat' dir='ltr'><strong>sponsam</strong></span> <span class='ocrx_word' id='word_1_689' title='bbox 1223 4688 1501 4758; x_wconf 87' lang='lat' dir='ltr'><strong>conjunxit</strong></span> <span class='ocrx_word' id='word_1_690' title='bbox 1520 4690 1626 4745; x_wconf 88' lang='lat' dir='ltr'><strong>sibi</strong></span> <span class='ocrx_word' id='word_1_691' title='bbox 1674 4706 1931 4762; x_wconf 85' lang='lat' dir='ltr'><strong>sponsus,</strong></span> <span class='ocrx_word' id='word_1_692' title='bbox 1966 4692 2019 4746; x_wconf 90' lang='lat' dir='ltr'><strong>in</strong></span> 
     </span>
    </p>
   </div>
   <div class='ocr_carea' id='block_1_83' title="bbox 2129 4686 3720 4758">
    <p class='ocr_par' dir='ltr' id='par_1_83' title="bbox 2129 4686 3720 4758">
     <span class='ocr_line' id='line_1_83' title="bbox 2129 4686 3720 4758; baseline 0.004 -17"><span class='ocrx_word' id='word_1_693' title='bbox 2129 4686 2233 4742; x_wconf 87' lang='lat' dir='ltr'><strong>beo</strong></span> <span class='ocrx_word' id='word_1_694' title='bbox 2264 4701 2465 4758; x_wconf 89' lang='lat' dir='ltr'><strong>ponere</strong></span> <span class='ocrx_word' id='word_1_695' title='bbox 2496 4687 2741 4745; x_wconf 89' lang='lat' dir='ltr'><strong>animam</strong></span> <span class='ocrx_word' id='word_1_696' title='bbox 2772 4705 2970 4755; x_wconf 88' lang='lat' dir='ltr'><strong>meam,</strong></span> <span class='ocrx_word' id='word_1_697' title='bbox 3003 4698 3052 4744; x_wconf 88' lang='lat' dir='ltr'><strong>et</strong></span> <span class='ocrx_word' id='word_1_698' title='bbox 3091 4690 3289 4746; x_wconf 87' lang='lat' dir='ltr'><strong>iterum</strong></span> <span class='ocrx_word' id='word_1_699' title='bbox 3332 4706 3549 4747; x_wconf 89' lang='lat' dir='ltr'><strong>sumere</strong></span> <span class='ocrx_word' id='word_1_700' title='bbox 3596 4706 3720 4747; x_wconf 86' lang='lat' dir='ltr'><strong>eam</strong></span> 
     </span>
    </p>
   </div>
   <div class='ocr_carea' id='block_1_84' title="bbox 420 4770 3722 4853">
    <p class='ocr_par' dir='ltr' id='par_1_84' title="bbox 420 4770 3722 4853">
     <span class='ocr_line' id='line_1_84' title="bbox 420 4770 3722 4853; baseline 0.002 -27"><span class='ocrx_word' id='word_1_701' title='bbox 420 4780 586 4827; x_wconf 84' lang='lat' dir='ltr'><strong>utero</strong></span> <span class='ocrx_word' id='word_1_702' title='bbox 623 4770 885 4847; x_wconf 80' lang='lat' dir='ltr'><strong>Virginis.</strong></span> <span class='ocrx_word' id='word_1_703' title='bbox 926 4774 1167 4833; x_wconf 82' lang='lat' dir='ltr'><strong>Verbum</strong></span> <span class='ocrx_word' id='word_1_704' title='bbox 1208 4777 1349 4833; x_wconf 86' lang='lat' dir='ltr'><strong>enim</strong></span> <span class='ocrx_word' id='word_1_705' title='bbox 1391 4794 1646 4850; x_wconf 88' lang='lat' dir='ltr'><strong>sponsus,</strong></span> <span class='ocrx_word' id='word_1_706' title='bbox 1708 4789 1761 4836; x_wconf 89' lang='lat' dir='ltr'><strong>et</strong></span> <span class='ocrx_word' id='word_1_707' title='bbox 1817 4796 2020 4853; x_wconf 89' lang='lat' dir='ltr'><strong>sponsa</strong></span> <span class='ocrx_word' id='word_1_708' title='bbox 2125 4775 2411 4848; x_wconf 83' lang='lat' dir='ltr'><strong>(Joan.x).</strong></span> <span class='ocrx_word' id='word_1_709' title='bbox 2440 4799 2462 4825; x_wconf 71' lang='grc' dir='ltr'><strong>»ι</strong></span> <span class='ocrx_word' id='word_1_710' title='bbox 2486 4777 2607 4832; x_wconf 91' lang='lat' dir='ltr'><strong>Non</strong></span> <span class='ocrx_word' id='word_1_711' title='bbox 2629 4776 2772 4832; x_wconf 90' lang='lat' dir='ltr'><strong>enim</strong></span> <span class='ocrx_word' id='word_1_712' title='bbox 2795 4783 3432 4853; x_wconf 81' lang='lat' dir='ltr'><strong>auctortemporumtato</strong></span> <span class='ocrx_word' id='word_1_713' title='bbox 3464 4778 3722 4853; x_wconf 91' lang='lat' dir='ltr'><strong>temporis</strong></span> 
     </span>
    </p>
   </div>
   <div class='ocr_carea' id='block_1_85' title="bbox 419 4860 2017 4936">
    <p class='ocr_par' dir='ltr' id='par_1_85' title="bbox 419 4860 2017 4936">
     <span class='ocr_line' id='line_1_85' title="bbox 419 4860 2017 4936; baseline 0.006 -21"><span class='ocrx_word' id='word_1_714' title='bbox 419 4874 548 4917; x_wconf 87' lang='lat' dir='ltr'><strong>caro</strong></span> <span class='ocrx_word' id='word_1_715' title='bbox 573 4860 807 4918; x_wconf 83' lang='lat' dir='ltr'><strong>humana</strong></span> <span class='ocrx_word' id='word_1_716' title='bbox 834 4872 940 4920; x_wconf 89' lang='lat' dir='ltr'><strong>est.</strong></span> <span class='ocrx_word' id='word_1_717' title='bbox 977 4866 1039 4919; x_wconf 85' lang='lat' dir='ltr'><strong>In</strong></span> <span class='ocrx_word' id='word_1_718' title='bbox 1067 4864 1218 4921; x_wconf 87' lang='lat' dir='ltr'><strong>Cana</strong></span> <span class='ocrx_word' id='word_1_719' title='bbox 1249 4865 1511 4936; x_wconf 65' lang='lat' dir='ltr'><strong>Galilrezn,</strong></span> <span class='ocrx_word' id='word_1_720' title='bbox 1544 4866 1597 4922; x_wconf 88' lang='lat' dir='ltr'><strong>in</strong></span> <span class='ocrx_word' id='word_1_721' title='bbox 1644 4868 1786 4925; x_wconf 85' lang='lat' dir='ltr'><strong>coelo</strong></span> <span class='ocrx_word' id='word_1_722' title='bbox 1834 4878 2017 4925; x_wconf 88' lang='lat' dir='ltr'><strong>trans-</strong></span> 
     </span>
    </p>
   </div>
   <div class='ocr_carea' id='block_1_86' title="bbox 418 4950 2015 5030">
    <p class='ocr_par' dir='ltr' id='par_1_86' title="bbox 418 4950 2015 5030">
     <span class='ocr_line' id='line_1_86' title="bbox 418 4950 2015 5030; baseline 0.006 -25"><span class='ocrx_word' id='word_1_723' title='bbox 418 4950 768 5025; x_wconf 85' lang='lat' dir='ltr'><strong>migrationis</strong></span> <span class='ocrx_word' id='word_1_724' title='bbox 800 4952 931 5008; x_wconf 83' lang='lat' dir='ltr'><strong>fiunt</strong></span> <span class='ocrx_word' id='word_1_725' title='bbox 960 4952 1181 5025; x_wconf 64' lang='lat' dir='ltr'><strong>nuptiae,</strong></span> <span class='ocrx_word' id='word_1_726' title='bbox 1215 4955 1342 5029; x_wconf 87' lang='lat' dir='ltr'><strong>quia</strong></span> <span class='ocrx_word' id='word_1_727' title='bbox 1372 4956 1425 5012; x_wconf 86' lang='lat' dir='ltr'><strong>hi</strong></span> <span class='ocrx_word' id='word_1_728' title='bbox 1451 4965 1575 5011; x_wconf 72' lang='lat' dir='ltr'><strong>sunt</strong></span> <span class='ocrx_word' id='word_1_729' title='bbox 1604 4957 1755 5030; x_wconf 83' lang='lat' dir='ltr'><strong>digni</strong></span> <span class='ocrx_word' id='word_1_730' title='bbox 1780 4958 2015 5028; x_wconf 80' lang='lat' dir='ltr'><strong>Christo,</strong></span> 
     </span>
    </p>
   </div>
   <div class='ocr_carea' id='block_1_87' title="bbox 420 5039 2016 5117">
    <p class='ocr_par' dir='ltr' id='par_1_87' title="bbox 420 5039 2016 5117">
     <span class='ocr_line' id='line_1_87' title="bbox 420 5039 2016 5117; baseline 0.006 -22"><span class='ocrx_word' id='word_1_731' title='bbox 420 5041 512 5113; x_wconf 85' lang='lat' dir='ltr'><strong>qui</strong></span> <span class='ocrx_word' id='word_1_732' title='bbox 543 5039 760 5099; x_wconf 78' lang='lat' dir='ltr'><strong>fervore</strong></span> <span class='ocrx_word' id='word_1_733' title='bbox 787 5041 1101 5099; x_wconf 88' lang='lat' dir='ltr'><strong>devotionis</strong></span> <span class='ocrx_word' id='word_1_734' title='bbox 1130 5045 1199 5101; x_wconf 86' lang='lat' dir='ltr'><strong>de</strong></span> <span class='ocrx_word' id='word_1_735' title='bbox 1230 5045 1374 5102; x_wconf 87' lang='lat' dir='ltr'><strong>vitiis</strong></span> <span class='ocrx_word' id='word_1_736' title='bbox 1403 5046 1470 5102; x_wconf 77' lang='lat' dir='ltr'><strong>ad</strong></span> <span class='ocrx_word' id='word_1_737' title='bbox 1504 5048 1744 5117; x_wconf 89' lang='lat' dir='ltr'><strong>virtutes,</strong></span> <span class='ocrx_word' id='word_1_738' title='bbox 1778 5049 1847 5105; x_wconf 85' lang='lat' dir='ltr'><strong>de</strong></span> <span class='ocrx_word' id='word_1_739' title='bbox 1879 5058 2016 5104; x_wconf 83' lang='lat' dir='ltr'><strong>terra</strong></span> 
     </span>
    </p>
   </div>
   <div class='ocr_carea' id='block_1_88' title="bbox 418 5127 964 5204">
    <p class='ocr_par' dir='ltr' id='par_1_88' title="bbox 418 5127 964 5204">
     <span class='ocr_line' id='line_1_88' title="bbox 418 5127 964 5204; baseline 0.007 -21"><span class='ocrx_word' id='word_1_740' title='bbox 418 5127 485 5184; x_wconf 84' lang='lat' dir='ltr'><strong>ad</strong></span> <span class='ocrx_word' id='word_1_741' title='bbox 508 5129 676 5187; x_wconf 68' lang='lat' dir='ltr'><strong>caelos</strong></span> <span class='ocrx_word' id='word_1_742' title='bbox 706 5129 964 5204; x_wconf 81' lang='lat' dir='ltr'><strong>migrant.</strong></span> 
     </span>
    </p>
   </div>
   <div class='ocr_carea' id='block_1_89' title="bbox 497 5217 2017 5291">
    <p class='ocr_par' dir='ltr' id='par_1_89' title="bbox 497 5217 2017 5291">
     <span class='ocr_line' id='line_1_89' title="bbox 497 5217 2017 5291; baseline 0.007 -18"><span class='ocrx_word' id='word_1_743' title='bbox 497 5243 520 5268; x_wconf 78' lang='grc' dir='ltr'>ι</span> <span class='ocrx_word' id='word_1_744' title='bbox 566 5217 637 5275; x_wconf 88' lang='lat' dir='ltr'><strong>Et</strong></span> <span class='ocrx_word' id='word_1_745' title='bbox 665 5218 956 5278; x_wconf 84' lang='lat' dir='ltr'><strong>deficiente</strong></span> <span class='ocrx_word' id='word_1_746' title='bbox 985 5220 1131 5291; x_wconf 88' lang='lat' dir='ltr'><strong>vino,</strong></span> <span class='ocrx_word' id='word_1_747' title='bbox 1165 5220 1295 5279; x_wconf 89' lang='lat' dir='ltr'><strong>dicit</strong></span> <span class='ocrx_word' id='word_1_748' title='bbox 1325 5231 1499 5279; x_wconf 88' lang='lat' dir='ltr'><strong>mater</strong></span> <span class='ocrx_word' id='word_1_749' title='bbox 1526 5226 1689 5282; x_wconf 74' lang='lat' dir='ltr'><strong>Iesus</strong></span> <span class='ocrx_word' id='word_1_750' title='bbox 1730 5226 1798 5282; x_wconf 63' lang='grc' dir='ltr'><strong>επὶ</strong></span> <span class='ocrx_word' id='word_1_751' title='bbox 1846 5245 1969 5283; x_wconf 91' lang='lat' dir='ltr'><strong>eum</strong></span> <span class='ocrx_word' id='word_1_752' title='bbox 2003 5246 2017 5284; x_wconf 91' lang='lat'><strong><em>:</em></strong></span> 
     </span>
    </p>
   </div>
   <div class='ocr_carea' id='block_1_90' title="bbox 422 5306 2010 5381">
    <p class='ocr_par' dir='ltr' id='par_1_90' title="bbox 422 5306 2010 5381">
     <span class='ocr_line' id='line_1_90' title="bbox 422 5306 2010 5381; baseline 0.007 -19"><span class='ocrx_word' id='word_1_753' title='bbox 422 5306 620 5364; x_wconf 76' lang='lat' dir='ltr'><strong>Vinum</strong></span> <span class='ocrx_word' id='word_1_754' title='bbox 650 5324 760 5365; x_wconf 89' lang='lat' dir='ltr'><strong>non</strong></span> <span class='ocrx_word' id='word_1_755' title='bbox 792 5310 996 5366; x_wconf 85' lang='lat' dir='ltr'><strong>habent</strong></span> <span class='ocrx_word' id='word_1_756' title='bbox 1030 5336 1077 5366; x_wconf 80' lang='grc' dir='ltr'><strong>υ.</strong></span> <span class='ocrx_word' id='word_1_757' title='bbox 1112 5310 1279 5381; x_wconf 87' lang='lat' dir='ltr'><strong>Quasi</strong></span> <span class='ocrx_word' id='word_1_758' title='bbox 1310 5313 1458 5371; x_wconf 88' lang='lat' dir='ltr'><strong>dicat</strong></span> <span class='ocrx_word' id='word_1_759' title='bbox 1491 5333 1503 5369; x_wconf 89' lang='lat'>:</span> <span class='ocrx_word' id='word_1_760' title='bbox 1538 5315 1734 5371; x_wconf 81' lang='lat' dir='ltr'><strong>Vinum</strong></span> <span class='ocrx_word' id='word_1_761' title='bbox 1783 5316 1854 5373; x_wconf 90' lang='lat' dir='ltr'><strong>da</strong></span> <span class='ocrx_word' id='word_1_762' title='bbox 1905 5317 2010 5373; x_wconf 88' lang='lat' dir='ltr'><strong>eis.</strong></span> 
     </span>
    </p>
   </div>
   <div class='ocr_carea' id='block_1_91' title="bbox 421 5392 2018 5479">
    <p class='ocr_par' dir='ltr' id='par_1_91' title="bbox 421 5392 2018 5479">
     <span class='ocr_line' id='line_1_91' title="bbox 421 5392 2018 5479; baseline 0.009 -29"><span class='ocrx_word' id='word_1_763' title='bbox 421 5392 617 5463; x_wconf 73' lang='lat' dir='ltr'><strong>Vinum</strong></span> <span class='ocrx_word' id='word_1_764' title='bbox 648 5397 990 5473; x_wconf 80' lang='lat' dir='ltr'><strong>deﬁcit,quin</strong></span> <span class='ocrx_word' id='word_1_765' title='bbox 1016 5400 1650 5477; x_wconf 77' lang='lat' dir='ltr'><strong>spiritalisintelligentia</strong></span> <span class='ocrx_word' id='word_1_766' title='bbox 1680 5406 1821 5479; x_wconf 80' lang='lat' dir='ltr'><strong>legis</strong></span> <span class='ocrx_word' id='word_1_767' title='bbox 1863 5406 2018 5463; x_wconf 80' lang='lat' dir='ltr'><strong>falla-</strong></span> 
     </span>
    </p>
   </div>
   <div class='ocr_carea' id='block_1_92' title="bbox 421 5488 1893 5567">
    <p class='ocr_par' dir='ltr' id='par_1_92' title="bbox 421 5488 1893 5567">
     <span class='ocr_line' id='line_1_92' title="bbox 421 5488 1893 5567; baseline 0.009 -28"><span class='ocrx_word' id='word_1_768' title='bbox 421 5497 538 5540; x_wconf 87' lang='lat' dir='ltr'><strong>cem</strong></span> <span class='ocrx_word' id='word_1_769' title='bbox 570 5488 973 5545; x_wconf 78' lang='lat' dir='ltr'><strong>Pbarisaeorum</strong></span> <span class='ocrx_word' id='word_1_770' title='bbox 1006 5491 1401 5563; x_wconf 83' lang='lat' dir='ltr'><strong>expositionem</strong></span> <span class='ocrx_word' id='word_1_771' title='bbox 1435 5493 1603 5550; x_wconf 87' lang='lat' dir='ltr'><strong>latere</strong></span> <span class='ocrx_word' id='word_1_772' title='bbox 1626 5505 1893 5567; x_wconf 85' lang='lat' dir='ltr'><strong>coeperat.</strong></span> 
     </span>
    </p>
   </div>
   <div class='ocr_carea' id='block_1_93' title="bbox 497 5588 2018 5666">
    <p class='ocr_par' dir='ltr' id='par_1_93' title="bbox 497 5588 2018 5666">
     <span class='ocr_line' id='line_1_93' title="bbox 497 5588 2018 5666; baseline 0.011 -23"><span class='ocrx_word' id='word_1_773' title='bbox 497 5610 518 5635; x_wconf 82' lang='lat'><strong>-</strong></span> <span class='ocrx_word' id='word_1_774' title='bbox 554 5588 622 5644; x_wconf 85' lang='lat' dir='ltr'><strong>Et</strong></span> <span class='ocrx_word' id='word_1_775' title='bbox 652 5590 790 5646; x_wconf 79' lang='lat' dir='ltr'><strong>dixit</strong></span> <span class='ocrx_word' id='word_1_776' title='bbox 822 5591 869 5646; x_wconf 92' lang='lat' dir='ltr'><strong>ei</strong></span> <span class='ocrx_word' id='word_1_777' title='bbox 897 5593 1059 5650; x_wconf 85' lang='lat' dir='ltr'><strong>Jesus</strong></span> <span class='ocrx_word' id='word_1_778' title='bbox 1083 5610 1095 5649; x_wconf 91' lang='lat'><strong>:</strong></span> <span class='ocrx_word' id='word_1_779' title='bbox 1121 5594 1263 5665; x_wconf 86' lang='lat' dir='ltr'><strong>Quid</strong></span> <span class='ocrx_word' id='word_1_780' title='bbox 1285 5595 1601 5653; x_wconf 85' lang='lat' dir='ltr'><strong>mihiettibi</strong></span> <span class='ocrx_word' id='word_1_781' title='bbox 1623 5606 1725 5666; x_wconf 89' lang='lat' dir='ltr'><strong>est,</strong></span> <span class='ocrx_word' id='word_1_782' title='bbox 1765 5600 1963 5660; x_wconf 87' lang='lat' dir='ltr'><strong>mulier</strong></span> <span class='ocrx_word' id='word_1_783' title='bbox 1990 5604 2018 5659; x_wconf 87' lang='lat'><strong>?</strong></span> 
     </span>
    </p>
   </div>
   <div class='ocr_carea' id='block_1_94' title="bbox 419 5676 1244 5740">
    <p class='ocr_par' dir='ltr' id='par_1_94' title="bbox 419 5676 1244 5740">
     <span class='ocr_line' id='line_1_94' title="bbox 419 5676 1244 5740; baseline 0.017 -13"><span class='ocrx_word' id='word_1_784' title='bbox 419 5676 665 5732; x_wconf 87' lang='lat' dir='ltr'><strong>nondum</strong></span> <span class='ocrx_word' id='word_1_785' title='bbox 694 5679 838 5735; x_wconf 89' lang='lat' dir='ltr'><strong>venit</strong></span> <span class='ocrx_word' id='word_1_786' title='bbox 871 5681 999 5738; x_wconf 86' lang='lat' dir='ltr'><strong>hora</strong></span> <span class='ocrx_word' id='word_1_787' title='bbox 1027 5700 1177 5740; x_wconf 89' lang='lat' dir='ltr'><strong>mea.</strong></span> <span class='ocrx_word' id='word_1_788' title='bbox 1223 5707 1244 5733; x_wconf 75' lang='grc' dir='ltr'><strong>ιι</strong></span> 
     </span>
    </p>
   </div>
   <div class='ocr_carea' id='block_1_95' title="bbox 494 5772 2011 5860">
    <p class='ocr_par' dir='ltr' id='par_1_95' title="bbox 494 5772 2011 5860">
     <span class='ocr_line' id='line_1_95' title="bbox 494 5772 2011 5860; baseline 0.012 -31"><span class='ocrx_word' id='word_1_789' title='bbox 494 5772 640 5843; x_wconf 86' lang='lat' dir='ltr'><strong>Quid</strong></span> <span class='ocrx_word' id='word_1_790' title='bbox 668 5790 957 5837; x_wconf 87' lang='lat' dir='ltr'><strong>commune</strong></span> <span class='ocrx_word' id='word_1_791' title='bbox 987 5789 1071 5837; x_wconf 90' lang='lat' dir='ltr'><strong>est</strong></span> <span class='ocrx_word' id='word_1_792' title='bbox 1101 5782 1197 5837; x_wconf 89' lang='lat' dir='ltr'><strong>tibi</strong></span> <span class='ocrx_word' id='word_1_793' title='bbox 1227 5791 1422 5853; x_wconf 87' lang='lat' dir='ltr'><strong>mater,</strong></span> <span class='ocrx_word' id='word_1_794' title='bbox 1441 5786 1747 5845; x_wconf 83' lang='lat' dir='ltr'><strong>secundum</strong></span> <span class='ocrx_word' id='word_1_795' title='bbox 1762 5802 2011 5860; x_wconf 82' lang='lat' dir='ltr'><strong>carnem,</strong></span> 
     </span>
    </p>
   </div>
   <div class='ocr_carea' id='block_1_96' title="bbox 425 5861 2013 5951">
    <p class='ocr_par' dir='ltr' id='par_1_96' title="bbox 425 5861 2013 5951">
     <span class='ocr_line' id='line_1_96' title="bbox 425 5861 2013 5951; baseline 0.014 -34"><span class='ocrx_word' id='word_1_796' title='bbox 425 5865 477 5917; x_wconf 82' lang='lat' dir='ltr'><strong>et</strong></span> <span class='ocrx_word' id='word_1_797' title='bbox 498 5861 631 5919; x_wconf 88' lang='lat' dir='ltr'><strong>mihi</strong></span> <span class='ocrx_word' id='word_1_798' title='bbox 655 5870 871 5921; x_wconf 65' lang='lat' dir='ltr'><strong>aeternae</strong></span> <span class='ocrx_word' id='word_1_799' title='bbox 900 5866 1001 5922; x_wconf 91' lang='lat' dir='ltr'><strong>Dei</strong></span> <span class='ocrx_word' id='word_1_800' title='bbox 1032 5867 1212 5925; x_wconf 87' lang='lat' dir='ltr'><strong>virtuti</strong></span> <span class='ocrx_word' id='word_1_801' title='bbox 1248 5884 1312 5928; x_wconf 88' lang='lat' dir='ltr'><strong>ac</strong></span> <span class='ocrx_word' id='word_1_802' title='bbox 1335 5871 1434 5935; x_wconf 86' lang='lat' dir='ltr'><strong>Dei</strong></span> <span class='ocrx_word' id='word_1_803' title='bbox 1463 5873 1767 5944; x_wconf 63' lang='lat' dir='ltr'><strong>sapientiae,</strong></span> <span class='ocrx_word' id='word_1_804' title='bbox 1800 5892 1872 5935; x_wconf 76' lang='lat' dir='ltr'><strong>ex</strong></span> <span class='ocrx_word' id='word_1_805' title='bbox 1904 5894 2013 5951; x_wconf 79' lang='lat' dir='ltr'><strong>qua</strong></span> 
     </span>
    </p>
   </div>
   <div class='ocr_carea' id='block_1_97' title="bbox 2126 4864 2363 4936">
    <p class='ocr_par' dir='ltr' id='par_1_97' title="bbox 2126 4864 2363 4936">
     <span class='ocr_line' id='line_1_97' title="bbox 2126 4864 2363 4936; baseline 0.013 -19"><span class='ocrx_word' id='word_1_806' title='bbox 2126 4864 2363 4936; x_wconf 85' lang='lat' dir='ltr'><strong>regitur.</strong></span> 
     </span>
    </p>
   </div>
   <div class='ocr_carea' id='block_1_98' title="bbox 2204 4960 3716 5040">
    <p class='ocr_par' dir='ltr' id='par_1_98' title="bbox 2204 4960 3716 5040">
     <span class='ocr_line' id='line_1_98' title="bbox 2204 4960 3716 5040; baseline 0.004 -24"><span class='ocrx_word' id='word_1_807' title='bbox 2204 4985 2226 5010; x_wconf 77' lang='grc' dir='ltr'>α</span> <span class='ocrx_word' id='word_1_808' title='bbox 2244 4960 2387 5017; x_wconf 90' lang='lat' dir='ltr'><strong>Dicit</strong></span> <span class='ocrx_word' id='word_1_809' title='bbox 2404 4969 2577 5019; x_wconf 90' lang='lat' dir='ltr'><strong>mater</strong></span> <span class='ocrx_word' id='word_1_810' title='bbox 2591 4962 2713 5037; x_wconf 82' lang='lat' dir='ltr'><strong>ejus</strong></span> <span class='ocrx_word' id='word_1_811' title='bbox 2738 4983 2751 5020; x_wconf 90' lang='lat'><strong>:</strong></span> <span class='ocrx_word' id='word_1_812' title='bbox 2773 4962 3153 5040; x_wconf 85' lang='lat' dir='ltr'><strong>Quodcunque</strong></span> <span class='ocrx_word' id='word_1_813' title='bbox 3163 4965 3357 5023; x_wconf 82' lang='lat' dir='ltr'><strong>dixerit</strong></span> <span class='ocrx_word' id='word_1_814' title='bbox 3371 4964 3524 5023; x_wconf 85' lang='lat' dir='ltr'><strong>vobis</strong></span> <span class='ocrx_word' id='word_1_815' title='bbox 3538 4964 3716 5023; x_wconf 83' lang='lat' dir='ltr'><strong>facile.</strong></span> 
     </span>
    </p>
   </div>
   <div class='ocr_carea' id='block_1_99' title="bbox 2126 5051 3720 5127">
    <p class='ocr_par' dir='ltr' id='par_1_99' title="bbox 2126 5051 3720 5127">
     <span class='ocr_line' id='line_1_99' title="bbox 2126 5051 3720 5127; baseline 0.003 -21"><span class='ocrx_word' id='word_1_816' title='bbox 2126 5051 2292 5106; x_wconf 87' lang='lat' dir='ltr'><strong>Erant</strong></span> <span class='ocrx_word' id='word_1_817' title='bbox 2331 5060 2514 5109; x_wconf 89' lang='lat' dir='ltr'><strong>autem</strong></span> <span class='ocrx_word' id='word_1_818' title='bbox 2552 5052 2625 5109; x_wconf 91' lang='lat' dir='ltr'><strong>ibi</strong></span> <span class='ocrx_word' id='word_1_819' title='bbox 2662 5053 2893 5125; x_wconf 73' lang='lat' dir='ltr'><strong>lapideae</strong></span> <span class='ocrx_word' id='word_1_820' title='bbox 2956 5054 3163 5125; x_wconf 64' lang='lat' dir='ltr'><strong>hydria:</strong></span> <span class='ocrx_word' id='word_1_821' title='bbox 3201 5072 3302 5112; x_wconf 85' lang='lat' dir='ltr'><strong>sex</strong></span> <span class='ocrx_word' id='word_1_822' title='bbox 3371 5056 3561 5127; x_wconf 77' lang='lat' dir='ltr'><strong>posita:</strong></span> <span class='ocrx_word' id='word_1_823' title='bbox 3625 5070 3720 5111; x_wconf 87' lang='lat' dir='ltr'><strong>se-</strong></span> 
     </span>
    </p>
   </div>
   <div class='ocr_carea' id='block_1_100' title="bbox 2119 5139 3718 5216">
    <p class='ocr_par' dir='ltr' id='par_1_100' title="bbox 2119 5139 3718 5216">
     <span class='ocr_line' id='line_1_100' title="bbox 2119 5139 3718 5216; baseline 0.003 -21"><span class='ocrx_word' id='word_1_824' title='bbox 2119 5139 2360 5197; x_wconf 78' lang='lat' dir='ltr'><strong>cundum</strong></span> <span class='ocrx_word' id='word_1_825' title='bbox 2390 5140 2827 5212; x_wconf 85' lang='lat' dir='ltr'><strong>purificationem</strong></span> <span class='ocrx_word' id='word_1_826' title='bbox 2852 5141 3188 5211; x_wconf 66' lang='lat' dir='ltr'><strong>Judazorum,</strong></span> <span class='ocrx_word' id='word_1_827' title='bbox 3218 5144 3497 5216; x_wconf 88' lang='lat' dir='ltr'><strong>capientes</strong></span> <span class='ocrx_word' id='word_1_828' title='bbox 3525 5143 3718 5215; x_wconf 86' lang='lat' dir='ltr'><strong>singu-</strong></span> 
     </span>
    </p>
   </div>
   <div class='ocr_carea' id='block_1_101' title="bbox 2130 5229 3720 5291">
    <p class='ocr_par' dir='ltr' id='par_1_101' title="bbox 2130 5229 3720 5291">
     <span class='ocr_line' id='line_1_101' title="bbox 2130 5229 3720 5291; baseline 0.003 -7"><span class='ocrx_word' id='word_1_829' title='bbox 2130 5229 2197 5287; x_wconf 67' lang='lat' dir='ltr'><strong>lae</strong></span> <span class='ocrx_word' id='word_1_830' title='bbox 2234 5238 2495 5287; x_wconf 82' lang='lat' dir='ltr'><strong>metretas</strong></span> <span class='ocrx_word' id='word_1_831' title='bbox 2531 5230 2689 5287; x_wconf 87' lang='lat' dir='ltr'><strong>binas</strong></span> <span class='ocrx_word' id='word_1_832' title='bbox 2727 5231 2812 5288; x_wconf 89' lang='lat' dir='ltr'><strong>vel</strong></span> <span class='ocrx_word' id='word_1_833' title='bbox 2853 5240 3055 5289; x_wconf 87' lang='lat' dir='ltr'><strong>ternas.</strong></span> <span class='ocrx_word' id='word_1_834' title='bbox 3104 5255 3125 5280; x_wconf 73' lang='grc' dir='ltr'><strong>ι»</strong></span> <span class='ocrx_word' id='word_1_835' title='bbox 3169 5232 3390 5291; x_wconf 77' lang='lat' dir='ltr'><strong>Confisa</strong></span> <span class='ocrx_word' id='word_1_836' title='bbox 3430 5240 3605 5289; x_wconf 87' lang='lat' dir='ltr'><strong>mater</strong></span> <span class='ocrx_word' id='word_1_837' title='bbox 3651 5233 3720 5289; x_wconf 91' lang='lat' dir='ltr'><strong>de</strong></span> 
     </span>
    </p>
   </div>
   <div class='ocr_carea' id='block_1_102' title="bbox 2129 5316 3721 5394">
    <p class='ocr_par' dir='ltr' id='par_1_102' title="bbox 2129 5316 3721 5394">
     <span class='ocr_line' id='line_1_102' title="bbox 2129 5316 3721 5394; baseline 0.004 -23"><span class='ocrx_word' id='word_1_838' title='bbox 2129 5316 2222 5373; x_wconf 82' lang='lat' dir='ltr'><strong>ﬁlii</strong></span> <span class='ocrx_word' id='word_1_839' title='bbox 2248 5319 2446 5392; x_wconf 89' lang='lat' dir='ltr'><strong>pietate</strong></span> <span class='ocrx_word' id='word_1_840' title='bbox 2475 5320 2542 5375; x_wconf 88' lang='lat' dir='ltr'><strong>ad</strong></span> <span class='ocrx_word' id='word_1_841' title='bbox 2574 5319 2776 5391; x_wconf 85' lang='lat' dir='ltr'><strong>ipsam.</strong></span> <span class='ocrx_word' id='word_1_842' title='bbox 2807 5328 2865 5374; x_wconf 92' lang='lat' dir='ltr'><strong>ut</strong></span> <span class='ocrx_word' id='word_1_843' title='bbox 2896 5318 2984 5373; x_wconf 83' lang='lat' dir='ltr'><strong>fiat</strong></span> <span class='ocrx_word' id='word_1_844' title='bbox 3026 5319 3173 5394; x_wconf 88' lang='lat' dir='ltr'><strong>quod</strong></span> <span class='ocrx_word' id='word_1_845' title='bbox 3221 5324 3359 5392; x_wconf 89' lang='lat' dir='ltr'><strong>petit</strong></span> <span class='ocrx_word' id='word_1_846' title='bbox 3400 5321 3721 5378; x_wconf 84' lang='lat' dir='ltr'><strong>fiducialiter</strong></span> 
     </span>
    </p>
   </div>
   <div class='ocr_carea' id='block_1_103' title="bbox 2131 5406 3718 5493">
    <p class='ocr_par' dir='ltr' id='par_1_103' title="bbox 2131 5406 3718 5493">
     <span class='ocr_line' id='line_1_103' title="bbox 2131 5406 3718 5493; baseline 0.003 -33"><span class='ocrx_word' id='word_1_847' title='bbox 2131 5406 2362 5481; x_wconf 86' lang='lat' dir='ltr'><strong>imperat</strong></span> <span class='ocrx_word' id='word_1_848' title='bbox 2383 5409 2664 5465; x_wconf 88' lang='lat' dir='ltr'><strong>ministris.</strong></span> <span class='ocrx_word' id='word_1_849' title='bbox 2691 5408 2877 5481; x_wconf 85' lang='lat' dir='ltr'><strong>liydor</strong></span> <span class='ocrx_word' id='word_1_850' title='bbox 2906 5407 3088 5493; x_wconf 78' lang='grc' dir='ltr'><strong>[ὕδωρ]</strong></span> <span class='ocrx_word' id='word_1_851' title='bbox 3113 5426 3195 5468; x_wconf 82' lang='lat' dir='ltr'><strong>est</strong></span> <span class='ocrx_word' id='word_1_852' title='bbox 3223 5428 3383 5486; x_wconf 87' lang='lat' dir='ltr'><strong>aqua.</strong></span> <span class='ocrx_word' id='word_1_853' title='bbox 3423 5412 3553 5467; x_wconf 88' lang='lat' dir='ltr'><strong>Inde</strong></span> <span class='ocrx_word' id='word_1_854' title='bbox 3577 5411 3718 5466; x_wconf 91' lang='lat' dir='ltr'><strong>dici-</strong></span> 
     </span>
    </p>
   </div>
   <div class='ocr_carea' id='block_1_104' title="bbox 2129 5497 3719 5571">
    <p class='ocr_par' dir='ltr' id='par_1_104' title="bbox 2129 5497 3719 5571">
     <span class='ocr_line' id='line_1_104' title="bbox 2129 5497 3719 5571; baseline 0.003 -21"><span class='ocrx_word' id='word_1_855' title='bbox 2129 5498 2219 5551; x_wconf 89' lang='lat' dir='ltr'><strong>tur</strong></span> <span class='ocrx_word' id='word_1_856' title='bbox 2244 5497 2433 5569; x_wconf 82' lang='lat' dir='ltr'><strong>hydria</strong></span> <span class='ocrx_word' id='word_1_857' title='bbox 2465 5515 2559 5553; x_wconf 86' lang='lat' dir='ltr'><strong>vas</strong></span> <span class='ocrx_word' id='word_1_858' title='bbox 2580 5514 2755 5571; x_wconf 59' lang='lat' dir='ltr'><strong>aquae.</strong></span> <span class='ocrx_word' id='word_1_859' title='bbox 2782 5498 3209 5559; x_wconf 84' lang='lat' dir='ltr'><strong>Pnriticationem</strong></span> <span class='ocrx_word' id='word_1_860' title='bbox 3231 5504 3541 5559; x_wconf 71' lang='lat' dir='ltr'><strong>Iudaeorum</strong></span> <span class='ocrx_word' id='word_1_861' title='bbox 3589 5499 3719 5556; x_wconf 90' lang='lat' dir='ltr'><strong>dicit</strong></span> 
     </span>
    </p>
   </div>
   <div class='ocr_carea' id='block_1_105' title="bbox 2129 5586 3715 5675">
    <p class='ocr_par' dir='ltr' id='par_1_105' title="bbox 2129 5586 3715 5675">
     <span class='ocr_line' id='line_1_105' title="bbox 2129 5586 3715 5675; baseline 0.007 -36"><span class='ocrx_word' id='word_1_862' title='bbox 2129 5586 2275 5658; x_wconf 90' lang='lat' dir='ltr'><strong>quod</strong></span> <span class='ocrx_word' id='word_1_863' title='bbox 2305 5589 2497 5644; x_wconf 88' lang='lat' dir='ltr'><strong>crebro</strong></span> <span class='ocrx_word' id='word_1_864' title='bbox 2514 5587 2766 5643; x_wconf 81' lang='lat' dir='ltr'><strong>levabant</strong></span> <span class='ocrx_word' id='word_1_865' title='bbox 2787 5604 2978 5643; x_wconf 87' lang='lat' dir='ltr'><strong>manus</strong></span> <span class='ocrx_word' id='word_1_866' title='bbox 2999 5598 3052 5644; x_wconf 90' lang='lat' dir='ltr'><strong>et</strong></span> <span class='ocrx_word' id='word_1_867' title='bbox 3072 5608 3222 5649; x_wconf 87' lang='lat' dir='ltr'><strong>vasa.</strong></span> <span class='ocrx_word' id='word_1_868' title='bbox 3253 5594 3460 5647; x_wconf 85' lang='lat' dir='ltr'><strong>Metron</strong></span> <span class='ocrx_word' id='word_1_869' title='bbox 3482 5588 3715 5675; x_wconf 73' lang='grc' dir='ltr'><strong>[μέτρον]</strong></span> 
     </span>
    </p>
   </div>
   <div class='ocr_carea' id='block_1_106' title="bbox 2128 5684 3715 5753">
    <p class='ocr_par' dir='ltr' id='par_1_106' title="bbox 2128 5684 3715 5753">
     <span class='ocr_line' id='line_1_106' title="bbox 2128 5684 3715 5753; baseline 0.005 -14"><span class='ocrx_word' id='word_1_870' title='bbox 2128 5684 2343 5753; x_wconf 73' lang='lat' dir='ltr'><strong>Grzece,</strong></span> <span class='ocrx_word' id='word_1_871' title='bbox 2384 5701 2638 5744; x_wconf 88' lang='lat' dir='ltr'><strong>mensura</strong></span> <span class='ocrx_word' id='word_1_872' title='bbox 2666 5688 2856 5746; x_wconf 84' lang='lat' dir='ltr'><strong>Latine</strong></span> <span class='ocrx_word' id='word_1_873' title='bbox 2898 5693 3127 5750; x_wconf 86' lang='lat' dir='ltr'><strong>dicitur.</strong></span> <span class='ocrx_word' id='word_1_874' title='bbox 3165 5692 3298 5748; x_wconf 86' lang='lat' dir='ltr'><strong>Inde</strong></span> <span class='ocrx_word' id='word_1_875' title='bbox 3350 5699 3579 5746; x_wconf 84' lang='lat' dir='ltr'><strong>melreta</strong></span> <span class='ocrx_word' id='word_1_876' title='bbox 3617 5704 3715 5747; x_wconf 86' lang='lat' dir='ltr'><strong>no-</strong></span> 
     </span>
    </p>
   </div>
   <div class='ocr_carea' id='block_1_107' title="bbox 2122 5788 2569 5835">
    <p class='ocr_par' dir='ltr' id='par_1_107' title="bbox 2122 5788 2569 5835">
     <span class='ocr_line' id='line_1_107' title="bbox 2122 5788 2569 5835; baseline 0.011 -7"><span class='ocrx_word' id='word_1_877' title='bbox 2122 5788 2251 5831; x_wconf 89' lang='lat' dir='ltr'><strong>men</strong></span> <span class='ocrx_word' id='word_1_878' title='bbox 2281 5790 2569 5835; x_wconf 66' lang='lat' dir='ltr'><strong>mensurae.</strong></span> 
     </span>
    </p>
   </div>
   <div class='ocr_carea' id='block_1_108' title="bbox 2199 5881 3713 5967">
    <p class='ocr_par' dir='ltr' id='par_1_108' title="bbox 2199 5881 3713 5967">
     <span class='ocr_line' id='line_1_108' title="bbox 2199 5881 3713 5967; baseline 0.001 -20"><span class='ocrx_word' id='word_1_879' title='bbox 2199 5900 2223 5933; x_wconf 74' lang='grc' dir='ltr'>α</span> <span class='ocrx_word' id='word_1_880' title='bbox 2255 5881 2399 5947; x_wconf 70' lang='lat' dir='ltr'><strong>Dicit</strong></span> <span class='ocrx_word' id='word_1_881' title='bbox 2427 5883 2510 5947; x_wconf 72' lang='lat' dir='ltr'><strong>sia</strong></span> <span class='ocrx_word' id='word_1_882' title='bbox 2527 5883 2689 5949; x_wconf 64' lang='lat' dir='ltr'><strong>Iesus</strong></span> <span class='ocrx_word' id='word_1_883' title='bbox 2718 5886 2982 5959; x_wconf 72' lang='lat' dir='ltr'><strong>:Irnpieta</strong></span> <span class='ocrx_word' id='word_1_884' title='bbox 3011 5889 3233 5961; x_wconf 76' lang='lat' dir='ltr'><strong>hydrias</strong></span> <span class='ocrx_word' id='word_1_885' title='bbox 3253 5904 3418 5962; x_wconf 79' lang='lat' dir='ltr'><strong>aqua.</strong></span> <span class='ocrx_word' id='word_1_886' title='bbox 3440 5888 3513 5951; x_wconf 68' lang='lat' dir='ltr'><strong>Et</strong></span> <span class='ocrx_word' id='word_1_887' title='bbox 3531 5886 3713 5967; x_wconf 58' lang='lat' dir='ltr'><strong>nupta</strong></span> 
     </span>
    </p>
   </div>
  </div>
