3924 6414
204 400 292 458 ΒΜ

1202 405 1786 466 DEFLORATIONES
1815 407 1914 468 SS.
1945 409 2257 474 PATRUM.
2288 442 2357 458 --
2385 413 2514 472 LIB.
2551 417 2591 471 Ι.

3446 420 3551 482 893

214 527 414 617 verunt
436 540 542 582 eas
573 528 889 617 usquead
943 544 1236 590 summum.
1267 532 1331 590 Ft
1359 531 1494 588 dixit
1521 532 1605 588 eis
1633 532 1794 590 Iesus
1826 552 1837 588 :
1868 534 1922 600 A
1952 537 2010 596 in
2038 537 2242 598 Genesi
2277 558 2289 594 :
2329 565 2352 592 α
2394 541 2687 614 Relinquat
2739 542 2906 600 homo
2958 550 3168 617 patrem
3213 550 3266 608 et
3292 550 3547 613 matrem,

219 616 444 680 Raurite.
470 632 650 684 nunc.
685 625 744 674 et
772 616 916 676 ferte
946 619 1332 677 architriclino.
1376 622 1438 676 Et
1467 620 1784 676 tutelerunt.
1821 647 1841 670 »ι

299 703 724 765 Architriclinus
756 712 846 764 est
877 707 1132 778 princeps
1165 709 1399 776 triclinii,
1427 709 1480 766 id
1510 719 1592 764 est
1614 711 1849 768 discum-

242 798 482 854 bentium
547 797 608 850 in
665 796 931 854 triclinio.
973 797 1286 854 Triclinium
1346 815 1477 854 vero
1508 798 1694 854 dicunt
1725 815 1848 855 esse

241 897 416 954 aulam
447 895 886 964 tricameratam,
917 895 1004 950 vel
1035 903 1147 950 tres
1175 896 1371 952 domos
1399 896 1482 952 vel
1515 905 1627 952 tres
1657 911 1847 954 came-

236 1001 327 1042 ras
357 999 483 1040 cum
515 983 793 1038 testudine
833 982 1024 1048 factas,
1067 982 1123 1038 in
1183 982 1378 1054 quibus
1435 983 1702 1038 sedebant
1758 983 1844 1040 di-

235 1073 612 1138 scumbentes,
645 1070 804 1143 quasi
836 1070 938 1125 sub
962 1071 1138 1126 tribus
1165 1071 1427 1126 arcubus.

314 1196 337 1219 ις
374 1171 442 1226 Ut
469 1176 653 1224 autem
700 1167 944 1240 gustavit
990 1167 1387 1224 architriclinus
1431 1184 1632 1240 aquam
1663 1169 1845 1226 vinum

229 1257 470 1325 factum,
503 1264 558 1316 et
605 1271 716 1312 non
747 1256 956 1312 sciebat
1002 1257 1146 1312 unde
1175 1266 1342 1322 esset,
1393 1257 1622 1314 ministri
1668 1266 1844 1316 autem

237 1347 500 1404 sciebant
527 1345 621 1416 qui
664 1346 962 1402 hauserant
990 1361 1214 1416 aquam,
1266 1354 1426 1402 vocat
1469 1363 1728 1417 sponsum
1758 1364 1845 1404 ar-

224 1443 596 1506 chitriclinus,
637 1449 690 1498 et
717 1441 848 1496 dicit
877 1441 926 1498 ei
961 1461 971 1495 :
1017 1441 1208 1498 Omnis
1238 1443 1410 1498 homo
1458 1443 1691 1512 primum
1741 1443 1842 1500 bo-

224 1549 367 1588 num
422 1531 606 1587 vinum
664 1530 856 1601 ponit;
889 1537 1098 1586 etcum
1157 1530 1407 1586 inebriati
1457 1530 1672 1597 fuerint,
1715 1538 1842 1588 tunc

222 1622 284 1678 id
325 1620 476 1694 quod
507 1619 748 1674 deterius
775 1625 883 1672 est.
938 1618 1016 1672 Tu
1049 1626 1228 1674 autem
1257 1620 1488 1674 servasti
1520 1618 1702 1673 vinum
1737 1619 1842 1674 bo-

226 1731 372 1770 num
431 1729 608 1786 usque
656 1713 857 1768 adhuc.
940 1713 1056 1770 Hoc
1110 1711 1237 1768 fecit
1290 1711 1498 1768 initium
1555 1714 1839 1786 signorum

219 1805 397 1861 Jesus
454 1803 510 1856 in
564 1802 708 1856 Cana
763 1798 1020 1868 Galilaeaa,
1080 1808 1133 1856 et
1169 1800 1534 1856 manifestavit
1609 1801 1836 1874 gloriam

221 1908 413 1948 suam.
449 1915 469 1939 υ

300 1991 448 2045 Inter
472 1987 644 2043 multa
672 1987 834 2060 signa
861 2003 982 2060 qua:
1014 1985 1140 2043 fecit
1167 1987 1326 2042 Jesus
1346 1986 1400 2040 in
1424 1987 1573 2042 Cana
1595 1987 1835 2044 Galilaea:

215 2079 327 2134 fuit
356 2081 462 2134 hoc
514 2078 773 2148 primum,
815 2084 868 2130 et
907 2076 1150 2146 quodam
1209 2075 1491 2152 dignitatis
1545 2077 1833 2148 privilegio

211 2168 623 2224 elementorum
687 2164 1068 2230 conversione,
1156 2164 1528 2220 manifestavit
1600 2165 1830 2240 gloriam

216 2281 405 2331 suam,
437 2264 492 2318 id
538 2270 622 2319 est
649 2262 907 2319 latentem
964 2261 1243 2318 deitatem.
1304 2261 1619 2318 Miraculum
1677 2280 1832 2335 aqum

215 2369 506 2409 conversae
565 2352 618 2406 in
686 2352 872 2406 vinum
957 2350 1239 2416 miramur,
1297 2358 1350 2406 et
1406 2365 1514 2406 non
1572 2351 1832 2408 miramur

224 2442 364 2515 quia
422 2440 570 2496 omni
600 2454 743 2495 anno
775 2439 912 2494 bene
955 2438 1084 2494 facit
1113 2439 1259 2494 Deus
1291 2438 1344 2494 in
1378 2439 1598 2506 vitibus,
1656 2448 1706 2496 et
1762 2440 1830 2498 de

219 2554 338 2595 uno
367 2552 540 2611 grano
597 2537 766 2592 multa
798 2535 942 2592 facit.
974 2536 1044 2590 Et
1092 2536 1259 2607 (quod
1290 2536 1464 2603 majus
1495 2538 1596 2605 est)
1628 2535 1826 2592 coelum

213 2637 269 2684 et
305 2636 508 2684 terram
539 2626 608 2682 de
655 2625 825 2680 nihilo
881 2624 1100 2692 creavit,
1145 2639 1320 2696 eaque
1353 2624 1672 2680 mirabiliter
1719 2643 1826 2697 σας

218 2727 441 2781 bernat.
472 2724 618 2795 Ergo
649 2722 773 2792 quia
802 2721 1050 2778 homines
1079 2721 1133 2778 in
1172 2721 1319 2776 aliud
1348 2721 1555 2786 intenti,
1576 2722 1827 2794 perdide-

222 2818 349 2865 runt
380 2806 874 2864 considerationem
918 2821 1142 2877 operum
1189 2806 1425 2872 Domini,
1460 2806 1512 2860 in
1543 2821 1651 2878 qua
1684 2823 1824 2878 quo-

219 2899 356 2954 tidie
416 2913 542 2951 eum
601 2896 910 2959 laudarent,
951 2894 1185 2949 servavit
1237 2895 1338 2948 sibi
1379 2895 1526 2949 Deus
1574 2896 1819 2965 qumdam

220 2998 491 3052 inusitata
522 3012 644 3068 qum
674 2993 900 3060 faceret,
930 3002 987 3048 ut
1026 3001 1281 3064 tanquam
1339 2993 1672 3048 dormientes
1726 2995 1821 3049 ho-

213 3087 394 3140 mines
423 3085 491 3139 ad
523 3101 582 3139 se
612 3083 909 3138 colendum
940 3081 1281 3136 mirabilibus
1313 3081 1818 3152 excitaret.Aquam

212 3175 377 3230 vertit
397 3175 560 3229 Jesus
593 3174 648 3226 in
681 3170 890 3240 vinum,
932 3186 1053 3226 cum
1085 3169 1375 3240 insipidam
1408 3179 1643 3226 mentem
1691 3186 1818 3226 car-

211 3263 421 3320 nalium
482 3277 686 3334 sapore
743 3259 978 3314 scientia:
1041 3259 1278 3314 cwlestis
1335 3258 1552 3313 imbuit.
1595 3259 1820 3314 Eramus

213 3353 363 3407 enirn
396 3366 558 3423 aqua,
592 3349 646 3404 id
683 3356 765 3404 est
814 3347 1153 3419 insipientes,
1214 3355 1265 3402 et
1313 3347 1437 3403 fecit
1467 3364 1568 3402 nos
1614 3348 1820 3414 vinum,

209 3451 268 3507 id
331 3458 415 3505 est
448 3448 729 3519 sapientes
779 3445 939 3502 fidem
971 3445 1162 3517 ipsius.
1197 3444 1295 3500 Vel
1325 3461 1469 3516 aqua
1500 3445 1818 3518 intelligitur

217 3539 508 3596 scientiam
564 3535 836 3592 mundans
865 3535 1140 3590 auditores
1187 3550 1220 3590 a
1263 3533 1516 3589 sordibus
1566 3542 1822 3605 peccato-

210 3645 340 3684 rum
368 3648 379 3682 :
405 3644 529 3699 quze
558 3633 686 3680 tunc
740 3623 1074 3680 convertitur
1104 3623 1160 3680 in
1219 3622 1427 3690 vinum,
1467 3623 1679 3695 quando
1709 3621 1814 3678 ali-

214 3718 344 3792 quis
377 3734 444 3772 ex
472 3723 586 3770 toto
614 3711 956 3770 obliviscitur
985 3713 1385 3784 praeteritorum
1437 3711 1722 3779 malorum,
1755 3729 1823 3766 ne

210 3817 268 3874 in
331 3830 398 3870 ea
430 3812 653 3879 incidat,
707 3820 760 3869 et
789 3811 975 3881 incipit
1006 3810 1183 3866 calere
1229 3811 1282 3864 in
1315 3809 1410 3865 Dei
1443 3825 1650 3879 amore,
1687 3809 1826 3864 sicut

211 3905 405 3959 vinum
436 3902 721 3957 inebrians
749 3900 1050 3956 obliviosos
1109 3897 1237 3954 facit
1269 3909 1543 3970 potatores
1576 3907 1628 3953 et
1682 3897 1824 3954 cale-

212 3994 369 4050 facit.
420 3990 702 4048 Convertit
733 4005 901 4060 aquas
935 3988 1177 4043 Christus
1208 3989 1258 4042 in
1286 3988 1488 4054 vinum,
1544 3987 1671 4042 dum
1705 4005 1824 4057 quae

212 4090 460 4147 carnalia
489 4088 813 4144 videbantur
869 4086 922 4141 in
952 4087 1096 4158 lege,
1131 4083 1438 4157 spiritualia
1481 4083 1736 4149 ostendit,
1771 4091 1824 4139 et

220 4177 575 4250 superficiem
606 4176 799 4231 litterae
829 4173 1049 4246 plenam
1082 4173 1288 4230 caelesti
1320 4174 1516 4227 virtute
1547 4172 1719 4227 videri
1753 4172 1827 4227 fe.

211 4268 313 4325 cit.
351 4265 604 4322 Christus
656 4264 803 4318 enim
835 4263 886 4316 in
936 4262 1215 4333 prophetis
1245 4261 1472 4317 necdum
1506 4259 1825 4316 manifesta-

208 4366 298 4411 tus
325 4353 481 4426 quasi
513 4354 692 4407 vinum
725 4351 779 4405 in
837 4365 980 4422 aqua
1009 4349 1160 4405 latuit
1195 4366 1208 4420 ;
1251 4347 1352 4405 sed
1383 4365 1503 4404 cum
1539 4348 1824 4420 discipulis

207 4449 432 4528 aperuit
480 4467 701 4508 sensum
757 4455 813 4504 ut
865 4447 1234 4522 intelligerent
1302 4449 1613 4518 Scripturas
1664 4445 1819 4516 (Luc.

207 4546 388 4608 xxxv),
421 4541 603 4596 vinum
636 4538 915 4593 inebrians
946 4537 1046 4592 fuit
1079 4537 1196 4610 ipse
1257 4537 1499 4592 Christus
1531 4537 1582 4590 in
1615 4535 1737 4610 lege
1769 4545 1821 4592 et

208 4629 507 4704 prOphetis
536 4625 934 4682 manifestatus.
966 4625 1065 4680 Illa
1093 4625 1262 4697 igitur
1287 4625 1584 4696 Scriptura,
1615 4625 1741 4679 dum
1764 4624 1818 4679 in

212 4735 284 4774 eo
316 4716 716 4782 sublevamine,
759 4715 810 4768 id
844 4722 926 4769 est
956 4713 1023 4768 ad
1076 4713 1444 4784 operationem
1475 4713 1663 4769 litterae
1689 4713 1820 4768 latet

209 4816 461 4872 Christus
491 4812 628 4884 sapit
686 4828 880 4884 aquam
928 4811 1236 4881 insipidam.
1289 4811 1422 4866 Cum
1473 4827 1602 4866 vero
1641 4809 1817 4865 aufert

207 4905 466 4960 velamen
497 4911 583 4959 est
613 4901 795 4956 vinum
829 4900 1130 4956 inebrians.
1152 4900 1256 4954 Sex
1286 4899 1494 4970 hydria:
1522 4917 1613 4954 sex
1633 4908 1817 4955 aetates

211 5001 492 5063 suntquae
543 4989 776 5045 inaniter
805 4994 1115 5054 currerent,
1168 4987 1270 5042 nisi
1319 4989 1564 5043 Christus
1624 4987 1678 5043 in
1738 4987 1818 5042 eis

222 5088 636 5162 praedicaretur.
671 5085 848 5140 Prima
891 5093 1018 5141 aetas
1067 5093 1146 5140 est
1178 5084 1246 5140 ab
1299 5085 1469 5138 Adam
1526 5100 1699 5155 usque
1755 5084 1822 5138 ad

212 5179 376 5244 Noe;
420 5174 681 5241 secunda,
715 5185 887 5244 nsque
920 5174 986 5228 ad
1012 5173 1320 5243 Abraham;
1346 5172 1519 5239 tertia,
1553 5188 1726 5245 usque
1748 5172 1819 5227 ad

216 5276 430 5339 David;
463 5282 676 5347 quarta,
714 5288 885 5344 usque
928 5273 994 5326 ad
1020 5272 1551 5344 transmigrationem
1585 5290 1598 5336 ;
1635 5271 1822 5343 quinta

213 5374 276 5429 ad
307 5376 570 5430 Joannem
607 5371 939 5440 Baptistam;
974 5377 1140 5438 sexta,
1178 5369 1304 5424 inde
1353 5385 1524 5438 usque
1556 5369 1623 5425 ad
1657 5368 1818 5423 ﬁnem

215 5471 422 5529 saeculi.
456 5467 755 5541 Prophetia
782 5469 833 5524 in
859 5467 1088 5540 singulis
1121 5467 1389 5534 aetatibus,
1411 5467 1561 5536 quasi
1592 5467 1817 5538 hydrus.

221 5570 528 5627 Secundum
591 5566 826 5620 litteram
857 5580 998 5637 aqua
1054 5563 1304 5636 insipida,
1349 5563 1622 5636 quomodo
1653 5563 1704 5618 in
1735 5563 1823 5618 vi-

212 5686 332 5726 num
367 5672 640 5726 mutetur,
673 5679 794 5716 cum
825 5663 892 5717 ad
925 5661 1194 5716 Christum
1228 5666 1281 5715 et
1312 5661 1380 5716 ad
1403 5676 1595 5716 omnes
1624 5668 1822 5732 gentes

211 5767 480 5826 referatur
513 5760 822 5816 videamus.
861 5757 1138 5829 Quidquid
1194 5757 1526 5831 figurabatur
1572 5758 1625 5812 in
1654 5759 1821 5812 Adam

213 5868 275 5927 de
323 5863 584 5927 Christo,
647 5854 718 5911 ad
769 5872 958 5914 omnes
1000 5861 1193 5928 gentes
1246 5854 1571 5927 pertinebat,
1607 5862 1661 5909 ut
1694 5854 1824 5910 illud

1955 633 2252 694 adhmrebit
2306 637 2468 696 uxori
2527 653 2660 705 sum,
2697 647 2751 694 et
2813 645 2970 698 erunt
3019 637 3130 702 duo
3158 638 3217 696 in
3243 653 3410 699 carne
3440 654 3551 702 una

1955 732 2123 800 (Gen.
2158 735 2242 802 ιι).
2281 758 2302 780 ιι
2333 733 2583 792 Christus
2610 733 2837 792 adhaesit
2857 735 3138 803 Ecclesiae.
3159 743 3218 794 ut
3243 743 3428 794 essem
3441 736 3552 794 duo

1956 819 2009 874 in
2032 837 2196 877 carne
2224 837 2356 888 una,
2387 829 2442 877 et
2468 822 2566 880 fuit
2597 823 2904 893 relinquere
2959 832 3175 895 patrem
3221 840 3331 880 non
3382 824 3439 882 in
3490 841 3552 882 ea

1955 908 2130 964 forma
2180 925 2446 981 apparere
2531 912 2842 968 hominibus
2898 913 2954 968 in
3033 929 3138 984 qua
3192 921 3276 969 est
3330 913 3554 985 aequalis

1956 999 2114 1054 Patri.
2175 999 2410 1071 Reliquit
2435 1008 2665 1058 matrem
2698 1001 2917 1070 quando
2943 1001 3013 1058 de
3046 1001 3342 1076 Synagoga
3370 1010 3551 1064 trans-

1955 1087 2048 1144 ivit
2077 1087 2149 1144 ad
2179 1087 2502 1144 Ecclesium.
2536 1089 2751 1146 Poterat
2806 1089 3072 1146 Dominus
3127 1090 3372 1163 vigilanti
3414 1090 3548 1151 Δᾱω

1953 1195 2159 1244 costam
2192 1186 2312 1242 sine
2339 1185 2533 1243 dolore
2560 1186 2801 1246 evellere
2829 1187 3145 1259 (Μὴ,εώ
3173 1188 3362 1260 procul
3383 1187 3550 1255 dubio

1954 1275 2151 1331 Christi
2181 1274 2432 1332 dormitis
2460 1275 2515 1332 in
2544 1289 2706 1334 cruce
2731 1274 2790 1330 in
2818 1291 2884 1334 eo
2913 1274 3346 1348 signiﬁcabatur,
3373 1276 3443 1334 de
3463 1290 3547 1336 cu-

1947 1364 2036 1432 jus
2065 1363 2232 1420 latere
2262 1371 2517 1435 tanquam
2541 1379 2744 1434 sponsa
2765 1363 3036 1421 ﬂuxerunt
3054 1371 3397 1422 sacramenta
3433 1365 3544 1424 Ec-

1951 1453 2152 1510 clesiae.
2184 1453 2262 1508 De
2293 1452 2420 1509 vino
2447 1452 2678 1510 aliarum
2707 1452 3020 1523 hydriarum
3079 1453 3350 1521 bibamus,
3377 1451 3541 1510 Chrio

1952 1548 2066 1596 stus
2097 1539 2360 1612 ﬁguratus
2376 1549 2457 1596 est
2473 1541 2529 1596 in
2545 1541 2684 1596 Noe.
2699 1541 2838 1598 Nam
2856 1541 2979 1597 ideo
3002 1541 3057 1598 in
3077 1556 3204 1598 arca
3223 1541 3404 1598 omnia
3421 1542 3544 1598 ani-

1949 1629 2117 1685 malis
2148 1637 2275 1685 sunt
2302 1629 2514 1688 inclusa
2537 1630 2700 1700 (Gen.
2724 1631 2844 1700 vn),
2871 1633 2932 1684 ut
2950 1645 3142 1687 omnes
3159 1637 3357 1703 gentes
3377 1629 3542 1702 signi-

1949 1724 2236 1782 ﬁcarentur
2272 1726 2554 1784 salvanda:
2583 1742 2684 1797 per
2711 1726 3002 1786 Christum.
3033 1727 3155 1782 Non
3175 1727 3320 1785 enim
3349 1726 3539 1786 deerat

1947 1814 2063 1869 Deo
2093 1831 2281 1870 rursus
2327 1829 2558 1870 causare
2602 1831 2766 1872 omne
2816 1831 2992 1888 genus
3041 1815 3380 1883 animalium,
3436 1811 3538 1882 sed

1860 1878 1914 1945 Β
1945 1902 2067 1960 ideo
2097 1919 2194 1975 per
2220 1903 2429 1976 lignum
2453 1903 2662 1960 salvata.
2689 1878 2986 1976 suntrquia
3006 1911 3060 1960 et
3079 1919 3181 1960 nos
3204 1919 3304 1975 per
3322 1878 3538 1978 lignum

1942 2000 2186 2060 salvandi
2216 2016 2457 2060 eramus.
2498 2001 2556 2063 In
2587 2001 2747 2058 tertia
2772 2000 2964 2073 hydria
2990 2000 3200 2064 audivit
3228 2001 3532 2062 Abraham.

1948 2114 1968 2138 ιι
2006 2090 2063 2146 in
2086 2089 2293 2151 semine
2324 2097 2416 2148 tuo
2444 2089 2834 2152 benedicentur
2861 2105 3062 2150 omnes
3104 2096 3300 2161 gentes
3352 2091 3529 2160 (Gen,

1941 2177 2100 2244 χχιι).
2137 2198 2157 2224 η
2195 2173 2330 2246 Quis
2358 2190 2470 2232 non
2519 2173 2666 2232 videt
2703 2175 2864 2246 cujus
2919 2174 3153 2250 figuram
3186 2173 3376 2232 habuit
3403 2173 3529 2230 uni-

1939 2287 2038 2328 cus
2066 2273 2186 2341 ejus
2212 2273 2360 2344 ligna
2389 2280 2610 2345 portans
2638 2273 2710 2328 ad
2738 2271 3089 2339 sacriﬁcium,
3113 2287 3222 2344 quo
3251 2271 3536 2332 immolan'

1938 2360 2042 2416 dus
2061 2361 2363 2420 ducebatur
2383 2379 2396 2418 :
2419 2361 2660 2433 portavit
2675 2361 2819 2416 enim
2839 2361 3098 2420 Dominus
3112 2376 3332 2418 crucem
3349 2365 3525 2420 suam.

1937 2451 1998 2504 In
2022 2458 2217 2521 quarta
2246 2449 2438 2520 hydria
2468 2449 2599 2516 dicit
2629 2449 2816 2508 David.
2845 2472 2866 2498 ‹‹
2901 2450 3100 2520 Surge,
3153 2450 3320 2516 Deus,
3343 2447 3528 2519 iudica

1937 2546 2162 2596 terram.
2188 2538 2460 2612 Quoniam
2479 2546 2533 2596 tu
2550 2538 2897 2596 hzereditabis
2923 2538 2980 2594 in
2999 2538 3252 2596 omnibus
3271 2537 3529 2614 gentibus

1935 2638 2118 2703 (Psat.
2147 2638 2358 2708 Lxxxi).
2399 2660 2420 2685 ι
2453 2637 2732 2707 Tanquam
2753 2636 3025 2694 diceretur
3056 2656 3067 2690 :
3100 2635 3356 2694 Dormisti
3379 2635 3532 2705 judi-

1933 2734 2092 2782 catus
2119 2741 2152 2782 a
2183 2735 2342 2796 terra,
2359 2742 2527 2798 surge
2546 2734 2602 2782 ut
2618 2725 3074 2796 judicesterram.
3097 2727 3157 2780 ιιι
3174 2725 3358 2797 quinta
3370 2727 3531 2794 astate

1933 2815 2063 2872 vidit
2078 2815 2267 2872 Daniel
2285 2815 2519 2886 lapidem
2536 2815 2827 2887 pracisum
2843 2814 2911 2870 de
2923 2822 3107 2872 monte
3119 2814 3237 2870 sine
3249 2813 3528 2886 manibus,

1931 2919 1983 2965 et
2014 2910 2246 2983 fregisse
2265 2911 2449 2970 omnia
2477 2927 2651 2981 regna
2698 2918 2994 2979 terrarum,
3025 2918 3077 2967 et
3105 2910 3352 2968 crevisse
3378 2908 3530 2968 illum

1927 2998 2184 3072 lapidem,
2217 3009 2269 3056 et
2322 3000 2522 3058 factum
2578 3015 2703 3056 esse
2754 3007 2994 3056 montem
3026 3015 3307 3071 magnum,
3338 2998 3414 3056 ita
3467 3005 3529 3062 ut

1923 3090 2173 3160 impleret
2202 3089 2516 3148 universam
2546 3087 2738 3146 faciem
2770 3096 2929 3146 terra:
2951 3089 3118 3157 (Dan.
3151 3093 3235 3157 ιι).
3265 3088 3347 3144 De
3412 3101 3529 3158 quo

1929 3187 2112 3236 monte
2138 3178 2476 3250 prmdicitur,
2535 3176 2642 3232 nisi
2697 3177 2769 3232 de
2816 3191 2994 3248 regno
3019 3175 3352 3242 Judzeorum,
3382 3175 3532 3236 unde

1930 3275 2178 3334 Christus
2207 3275 2508 3332 secundum
2537 3287 2760 3332 carnem
2807 3280 2966 3328 natus
3023 3280 3126 3339 est,
3180 3272 3298 3330 sine
3351 3286 3524 3342 opera

1922 3366 2165 3424 humano
2196 3363 2412 3432 quando
2441 3362 2557 3422 sine
2587 3361 2845 3433 amplexu
2877 3360 3162 3420 maritali?
3191 3360 3276 3420 Ad
3303 3366 3524 3424 sextam.

1930 3470 2144 3518 aetatem
2175 3460 2411 3532 pertinet
2464 3460 2699 3516 Joannes
2737 3458 2976 3529 Baptista
3004 3457 3196 3516 dicens
3229 3476 3240 3512 :
3275 3481 3299 3504 α
3333 3455 3526 3514 Nolite

1926 3552 2111 3612 dicere
2137 3566 2148 3606 :
2181 3551 2392 3606 Patrem
2422 3549 2686 3604 habemus
2715 3548 3016 3606 Abraham.
3049 3547 3247 3604 Potens
3265 3554 3353 3602 est
3378 3545 3524 3602 enim

1924 3642 2071 3697 Deus
2128 3639 2198 3694 de
2279 3638 2556 3709 lapidibus
2599 3637 2717 3695 istis
2775 3637 3044 3695 suscitare
3095 3634 3239 3698 ﬁlios
3293 3635 3524 3694 Abrahae

1924 3729 2146 3796 (Matth.
2179 3737 2290 3803 ιιι).
2326 3755 2346 3784 η
2381 3733 2622 3804 Lapides
2673 3732 2866 3789 dicens
2919 3740 3115 3804 gentes
3158 3744 3271 3790 non
3297 3738 3526 3803 propter

1924 3824 2264 3892 ﬁrmitatem,
2322 3823 2422 3878 sed
2478 3821 2786 3880 stoliditatis
2826 3821 3119 3887 duritiam;
3151 3820 3282 3876 dum
3311 3821 3522 3878 adoreo

1924 3913 2055 3969 bant
2085 3912 2400 3979 simulacra,
2431 3911 2637 3968 similes
2668 3909 2793 3966 facti
2847 3917 2970 3970 sunt
2996 3909 3125 3968 illis.
3157 3909 3313 3966 Unde
3344 3909 3514 3970 illud:

1929 4034 1951 4056 α
1987 4009 2200 4065 Similes
2232 4009 2338 4062 illis
2387 4007 2515 4061 fiant
2543 4006 2633 4078 qui
2687 4006 2889 4062 faciunt
2946 4021 3034 4072 ea,
3090 4005 3182 4078 qui
3237 4003 3515 4061 conﬁdunt

1924 4099 1978 4153 in
2009 4099 2088 4154 eis
2117 4099 2293 4169 (Psat.
2327 4098 2497 4165 cxiii).
2536 4120 2560 4143 ιι
2593 4097 2726 4152 Item
2755 4112 2851 4152 sex
2879 4094 3088 4166 hydriae
3124 4104 3244 4150 sunt
3273 4093 3516 4165 perfecta

1924 4188 2094 4243 corda
2119 4195 2450 4252 sanctorum,
2483 4185 2534 4238 in
2566 4184 2650 4240 his
2697 4185 2940 4239 mtatibus
2973 4183 3215 4256 receptui
3263 4183 3511 4254 Scriptu-

1924 4299 2106 4340 rarum
2139 4282 2236 4337 Dei
2267 4289 2476 4353 parata,
2510 4280 2562 4335 in
2604 4279 2910 4352 exemplum
2942 4280 3168 4340 videndi
3197 4287 3358 4352 atque
3388 4296 3515 4337 cre—

1922 4372 2086 4428 dendi
2145 4370 2458 4444 proposita.
2496 4368 2564 4424 Et
2611 4376 2741 4424 sunt
2772 4368 3007 4440 lapidea,
3055 4369 3110 4424 id
3140 4375 3221 4424 est
3251 4368 3413 4424 fortia
3462 4367 3517 4426 in

1923 4459 2135 4516 Christo
2165 4457 2372 4529 lapide.
2432 4457 2744 4513 Secundum
2804 4456 3240 4529 purificationem
3294 4457 3516 4514 Judan-

1930 4573 2046 4614 rum
2069 4557 2268 4612 dictum
2321 4562 2422 4621 est,
2457 4555 2581 4628 quia
2613 4553 2690 4609 illi
2723 4562 2928 4610 tantum
2956 4555 3158 4628 pepulo
3204 4553 3517 4612 Judmorum

1927 4645 2014 4702 lex
2045 4647 2166 4701 data
2197 4651 2298 4714 est,
2332 4643 2427 4700 sed
2459 4645 2631 4716 gratia
2664 4660 2763 4715 per
2784 4643 3054 4698 Christum
3085 4643 3334 4698 omnibus
3381 4639 3518 4698 facta

1924 4744 2026 4791 est.
2057 4735 2185 4789 Ideo
2214 4749 2324 4788 non
2353 4732 2552 4789 dictum
2587 4740 2669 4788 est
2696 4732 2973 4803 capientes
3002 4737 3261 4786 metretas
3289 4730 3408 4786 alia:
3436 4730 3517 4787 bi-

1925 4847 2044 4904 nas,
2079 4832 2196 4888 alia:
2228 4840 2431 4896 ternas,
2465 4829 2562 4886 sed
2586 4830 2740 4888 binas
2791 4829 2876 4886 vel
2903 4837 3107 4896 ternas,
3137 4837 3195 4884 ut
3224 4828 3341 4899 ipse
3367 4828 3518 4885 dice-

1923 4931 2001 4978 ret
2024 4921 2179 4976 binas
2227 4937 2363 4994 quas
2418 4928 2620 4976 ternas.
2663 4919 2794 4975 Sunt
2824 4933 2958 4991 ergo
3013 4915 3135 4972 duae
3165 4927 3431 4973 mensurae
3461 4907 3514 4972 in

1925 5009 2240 5082 Scripturis,
2289 5010 2413 5063 dum
2447 5011 2610 5064 Pater
2636 5011 2689 5063 et
2723 5005 2890 5062 Filius
2920 5005 3290 5073 nominantur,
3315 5003 3412 5062 sed
3441 5005 3515 5061 ibi

1925 5099 2158 5170 Spiritus
2186 5098 2277 5170 qui
2309 5097 2486 5152 Patris
2544 5105 2624 5151 est
2655 5103 2708 5151 et
2765 5093 2882 5150 Filii
2914 5095 3254 5167 intelligitur,
3289 5101 3345 5149 ut
3374 5094 3448 5149 ibi
3500 5111 3511 5146 :

1931 5211 1952 5234 α
1980 5186 2172 5242 Omnia
2204 5187 2258 5240 in
2307 5185 2574 5256 sapientia
2631 5183 2804 5254 (Psal.
2836 5184 2976 5252 cm),
3015 5207 3036 5232 ι
3071 5183 3124 5236 id
3166 5188 3250 5238 est
3296 5182 3351 5236 in
3381 5181 3516 5239 Filio

1927 5277 2126 5332 fecisti.
2165 5273 2297 5330 Tres
2345 5282 2585 5330 metretm
2641 5281 2784 5342 sunt,
2831 5273 2956 5327 dum
3007 5271 3286 5328 nominato
3315 5271 3519 5343 Spiritu

1928 5383 2119 5431 sancto
2175 5373 2406 5429 Trinitas
2456 5372 2800 5429 manifestius
2865 5372 3205 5446 intelligitur,
3256 5380 3314 5427 ut
3371 5372 3445 5426 ibi
3507 5390 3519 5429 :

1932 5487 1953 5515 α
1993 5465 2262 5536 Bapti‘zate
2293 5478 2388 5519 eos
2417 5463 2471 5516 in
2500 5463 2718 5517 nomine
2741 5461 2934 5528 Patris,
2961 5470 3010 5517 et
3043 5461 3182 5529 Filii,
3205 5468 3258 5518 et
3287 5461 3523 5532 Spiritus

1928 5561 2100 5617 sancti
2135 5559 2354 5630 (Matth.
2389 5563 2600 5631 xxvm).
2631 5583 2652 5606 »ι
2688 5558 2856 5614 Aliter
2885 5558 3027 5614 binae
3056 5558 3141 5614 vel
3172 5565 3339 5614 ternae
3369 5567 3524 5615 men-

1931 5674 2077 5714 surae
2110 5666 2234 5713 sunt
2287 5673 2477 5714 omnes
2535 5664 2725 5730 gentes
2775 5656 2844 5710 ad
2893 5674 3023 5729 quas
3054 5657 3328 5730 pertinent
3374 5658 3526 5715 Scri-

1931 5768 2126 5831 pturae,
2151 5757 2295 5813 binm
2317 5767 2542 5830 pr0pter
2571 5758 2915 5830 prmputium,
2949 5766 3002 5813 et
3032 5757 3524 5827 circumcisionem,

1935 5867 2105 5914 ternae
2164 5857 2289 5927 quia
2319 5872 2352 5912 a
2399 5856 2571 5912 tribus
2624 5854 2750 5911 filiis
2804 5855 2924 5912 Noc
2953 5861 3077 5912 sunt
3125 5855 3522 5913 disseminatus.
