3924 6392
436 405 539 463 823

1574 393 1917 454 WERNERI
1953 392 2250 450 ABBATIS
2303 393 2367 450 S.
2413 392 2636 451 BLASII

3649 398 3756 454 824

428 529 589 600 jussu
663 525 883 583 Domini
955 523 1195 597 impleta
1251 527 1378 578 sunt
1465 520 1694 592 hydria,
1749 501 2045 592 signiﬁcat
2070 519 2128 582 A
2155 525 2209 575 et
2235 518 2594 592 dispergitur.
2644 517 2831 576 Tertia
2876 525 2959 575 est
2997 518 3068 575 ab
3095 517 3478 576 adolescentia.
3509 519 3757 576 Primum

439 617 568 690 quia
597 615 880 688 Scriptura
907 614 977 670 ab
1007 628 1075 670 eo
1103 620 1207 670 est.
1247 611 1426 668 Potuit
1454 610 1678 686 quidem
1706 624 1911 667 vacuas
1939 609 2049 664 im-

439 705 593 779 plere
621 705 750 762 vino
779 705 873 778 qui
909 710 1104 760 cuncta
1149 700 1361 758 creavit
1391 716 1458 756 ex
1511 699 1705 767 nihilo,
1736 699 1837 756 sed
1865 698 2052 754 maluit

445 805 515 860 de
543 819 686 875 aqua
707 802 895 859 vinum
924 800 1127 867 facere,
1159 808 1219 854 ut
1244 799 1471 855 doceret
1496 814 1558 854 se
1594 813 1706 853 non
1725 797 1911 870 legem
1933 795 2051 852 sol-

446 908 598 960 vere,
631 891 728 948 sed
757 889 1081 961 adimplere,
1114 896 1168 946 et
1197 889 1253 944 in
1298 886 1604 960 Evangelio
1633 887 1730 942 illa
1758 886 1937 943 facere
1965 884 2054 941 vel

449 981 651 1037 docere
681 979 957 1052 praedixit.
1002 980 1189 1050 Usque
1217 977 1287 1033 ad
1318 992 1592 1032 summum
1623 975 1919 1048 implentur
1946 975 2053 1047 hy-

449 1069 603 1138 dria,
633 1069 763 1140 quia
792 1067 1003 1124 nullum
1058 1074 1275 1138 tempus
1323 1065 1424 1122 fuit
1452 1081 1486 1122 a
1532 1064 1758 1121 salutari
1813 1063 2055 1121 doctrina

447 1182 706 1225 vacuum.
753 1165 1168 1224 Architriclinus
1197 1163 1524 1237 intelligitur
1552 1162 1804 1234 princeps
1834 1162 1890 1217 in
1919 1161 2061 1234 peri-

447 1261 523 1318 tia
553 1259 850 1330 Scriptura
879 1253 1211 1313 continentis
1239 1253 1497 1308 historias
1549 1260 1604 1308 et
1636 1251 1975 1308 moralitates
2004 1259 2059 1307 et

446 1347 766 1423 allegorias.
805 1346 945 1401 Dum
977 1358 1115 1417 ergo
1161 1342 1258 1397 tali
1286 1341 1434 1398 velut
1469 1340 1792 1408 Nicodemo,
1852 1339 2056 1396 Gama-

441 1433 577 1501 iieli,
606 1429 879 1504 discipulo
899 1429 1021 1499 ejus
1041 1426 1208 1484 Saulo
1227 1427 1454 1483 verbum
1487 1425 1775 1498 Evangelii
1803 1425 2052 1492 oﬁ'ertur,

445 1531 631 1590 vinum
688 1530 758 1586 de
815 1543 963 1600 aqua
1021 1527 1225 1584 factum
1280 1524 1652 1581 architriclino
1697 1523 2044 1596 propinatur.

442 1618 708 1678 Nonnulli
738 1633 842 1690 per
871 1631 1077 1687 aquam
1108 1614 1439 1686 baptismum
1462 1614 1708 1683 Joannis,
1739 1628 1843 1685 per
1870 1612 2054 1668 vinum

443 1709 762 1783 passionem
793 1705 999 1762 Christi
1055 1703 1356 1776 accipiunt.
1405 1703 1561 1758 Unde
1615 1709 1670 1758 et
1695 1702 1877 1757 vinum
1902 1702 2053 1772 prius

442 1806 620 1863 fertur
648 1802 1051 1869 architriclino,
1083 1802 1139 1858 id
1167 1809 1252 1858 est
1282 1801 1388 1874 ipsi
1407 1801 1625 1868 Joanni,
1657 1801 1753 1874 qui
1774 1809 1897 1857 ante
1918 1800 2054 1855 bibit

2156 623 2259 681 per
2286 608 2673 665 cohibitionem
2715 607 3021 682 disciplina
3077 607 3524 677 circumciditur;
3553 609 3760 666 deinde

2157 698 2450 771 praeceptis
2480 697 2832 769 infopmatur,
2892 702 2947 754 et
3001 698 3234 755 consilio
3275 698 3496 770 regitur.
3528 698 3755 768 Quarta,

2159 787 2217 843 id
2245 796 2329 843 est
2350 789 2604 858 juventus
2629 787 2840 844 servire
2865 789 2977 858 jam
3023 787 3240 861 cOgitur
3269 795 3322 844 et
3351 788 3630 857 subjicitur
3657 803 3757 845 re-

2160 893 2349 950 gnum,
2401 885 2460 932 ut
2510 892 2616 948 per
2655 875 2909 933 timorem
2982 877 3219 933 hominis
3273 877 3510 934 divinum
3566 877 3755 934 distat.

2162 973 2384 1045 Quinta,
2415 974 2469 1030 id
2500 982 2584 1030 est
2612 973 2783 1031 virilis
2809 983 2940 1031 atas
2975 983 3102 1046 post
3142 974 3392 1032 timorem
3421 973 3656 1031 hominis
3684 974 3761 1030 ad

2161 1063 2405 1120 divinum
2435 1063 2600 1119 venit.
2660 1064 2853 1131 Sexta,
2886 1063 2944 1120 id
2973 1071 3057 1119 est
3111 1072 3383 1132 senectus,
3443 1065 3592 1136 quasi
3612 1065 3764 1119 itura

2163 1152 2612 1225 concupiscentia
2665 1152 2969 1209 futurorum
3016 1152 3264 1210 trahitur.
3319 1153 3410 1210 Sic
3462 1153 3763 1209 humanum

2164 1265 2361 1324 genus,
2419 1250 2655 1321 primum
2701 1250 2904 1306 diluvio
2944 1249 3195 1305 obrutum
3252 1257 3353 1318 est,
3415 1249 3652 1306 secundo
3701 1251 3763 1305 in

2163 1338 2525 1396 adiﬁcatione
2553 1338 2722 1395 turris
2751 1339 2975 1406 elatum,
3025 1339 3082 1394 in
3135 1339 3400 1396 divisione
3442 1339 3762 1413 linguarum

2163 1429 2496 1501 dispersum,
2567 1425 2729 1485 tertio
2786 1428 2842 1483 in
2898 1429 3174 1484 Abraham
3244 1429 3643 1497 circumcisum,
3702 1429 3764 1484 in

2163 1519 2352 1590 Moyse
2377 1518 2666 1591 praeceptis
2695 1517 3070 1586 informatum,
3105 1518 3206 1574 sub
3230 1517 3501 1588 judicibus
3531 1517 3762 1574 consilio

2162 1616 2548 1690 gubernatum,
2636 1623 2690 1671 et
2745 1623 2934 1688 quarto
3010 1616 3110 1672 sub
3168 1615 3386 1687 regibus
3444 1616 3768 1672 dominatori

2159 1704 2493 1774 subjectum,
2547 1705 2736 1778 quinto
2793 1705 2894 1760 sub
2949 1703 3294 1777 pontificibus
3343 1705 3596 1778 religioni
3660 1722 3766 1778 pa-

2162 1811 2312 1861 rens,
2368 1802 2525 1850 sexto
2573 1795 2676 1849 sub
2731 1795 2902 1868 gratia
2933 1810 3066 1850 vera
3122 1794 3360 1850 bonitate
3415 1795 3759 1852 illustratum.

440 1894 757 1969 passionem
787 1909 954 1966 quam
985 1891 1252 1948 Christus.
1294 1889 1733 1957 Architriclinus,
1756 1890 1812 1945 id
1833 1898 1914 1945 est
1936 1897 2048 1945 tres
2075 1879 2131 1942 Β
2163 1886 2288 1941 Ista
2318 1899 2420 1940 sex
2447 1882 2656 1956 hydria
2711 1884 2830 1939 sive
2877 1883 2934 1938 in
2960 1883 3196 1940 decursu
3241 1883 3425 1940 saculi
3453 1885 3762 1956 praesentis,

442 1983 666 2041 ordines
685 1983 742 2038 in
781 1981 988 2054 nuptiis
1016 1979 1498 2048 discumbentium,
1529 1978 1816 2035 altitudine
1831 1979 2044 2034 distan-

2154 1981 2272 2038 sive
2300 1981 2357 2036 in
2385 1980 2496 2037 vita
2541 1979 2802 2048 hominis,
2837 1995 3037 2037 omnes
3093 1981 3250 2054 aquis
3277 1980 3591 2053 implentur,
3634 1981 3767 2053 quia

442 2081 528 2129 tes
557 2071 702 2128 inter
727 2085 811 2139 se,
844 2069 1138 2144 designant
1166 2077 1277 2126 tres
1307 2068 1528 2126 ordines
1556 2067 1800 2124 fidelium
1829 2069 1886 2124 in
1931 2069 2047 2125 Ec-
2149 2070 2358 2142 judicio
2386 2067 2586 2141 plenus
2627 2076 2709 2125 est
2763 2069 3020 2126 mundus.
3071 2069 3292 2126 Judicia
3363 2077 3475 2137 tua,
3509 2070 3760 2135 Domine,

444 2169 642 2228 clesia:
667 2168 1113 2240 conjugatorum,
1135 2165 1547 2233 continentium,
1573 2173 1626 2222 et
1646 2165 1949 2223 doctorum.
1982 2166 2051 2221 Et

445 2260 571 2333 quia
591 2259 878 2315 doctorum
899 2265 982 2313 est
1009 2255 1290 2313 veteribus
1310 2255 1593 2323 institutis,
1616 2255 1854 2329 gratiam
1875 2257 2052 2312 Evan-

445 2347 581 2422 gelii
609 2346 890 2423 praferre,
951 2353 1141 2402 vocato
1209 2360 1418 2416 sponso
1471 2344 1608 2401 dixit
1654 2345 2053 2402 architriclinus

449 2437 658 2494 bonum
697 2435 884 2493 vinum
930 2435 1100 2490 fuisse
1149 2441 1454 2490 servatum.
1494 2433 1654 2503 Quod
1709 2442 1892 2490 autem
1922 2433 2054 2490 dici-

446 2541 559 2600 tur,
616 2548 726 2589 non
755 2530 966 2588 sciebat
994 2531 1140 2586 unde
1169 2538 1337 2598 esset,
1366 2529 1780 2603 intelligendum
1802 2538 1906 2598 est,
1930 2531 2056 2601 quia

447 2622 638 2678 multis
665 2621 719 2676 in
750 2620 875 2692 lege
925 2619 1116 2691 peritis
1171 2619 1469 2675 secundum
1501 2619 1739 2676 litteram
1767 2619 2055 2676 nuntiave-

447 2718 574 2767 runt
625 2708 989 2780 Evangelium
1045 2707 1302 2779 discipuli
1355 2708 1573 2775 Christi,
1624 2709 1717 2782 qui
1763 2710 2060 2766 hauserant

449 2822 669 2879 aquam.
701 2805 1002 2878 prudenter
1029 2803 1392 2876 intelligendo
1429 2813 1484 2861 et
1513 2804 1746 2862 ﬁdeliter
1762 2806 2057 2878 aperiendo

447 2904 693 2953 veterem
725 2895 1100 2967 Scripturam.
1135 2892 1330 2950 Omnis
1381 2895 1548 2951 homo
1592 2895 1826 2966 primum
1859 2897 2058 2952 bonum

448 2985 639 3041 vinum
669 2983 843 3056 ponit,
875 2983 1082 3040 dictum
1107 2991 1188 3039 est
1217 2983 1289 3038 ad
1317 2983 1552 3040 litteram
1588 2985 1890 3041 secundum
1911 2987 2060 3042 mul-

447 3078 630 3127 torum
651 3067 1126 3126 consuetudinem.
1157 3067 1405 3140 Mystice,
1437 3069 1624 3137 homo,
1656 3069 1711 3125 id
1745 3075 1830 3127 est
1860 3087 2060 3129 carna-

444 3167 535 3234 lis,
567 3165 808 3222 deterius
867 3165 1054 3221 vinum
1088 3164 1224 3220 bibit
1251 3174 1377 3238 post
1425 3166 1648 3237 bonum,
1709 3167 1766 3223 id
1795 3177 1880 3225 est
1934 3185 2061 3226 cum

447 3255 662 3311 animus
691 3256 764 3311 ad
811 3254 948 3310 falsa
977 3254 1285 3310 descendit.
1325 3255 1434 3312 Sed
1463 3255 1763 3326 spiritualis
1817 3258 2059 3328 quotidie
2091 3241 2142 3306 C

447 3345 506 3402 in
536 3343 738 3402 visibili
792 3343 921 3400 vino
950 3343 1097 3416 quod
1145 3343 1301 3415 prius
1331 3343 1492 3400 latuit
1518 3344 1576 3399 in
1603 3346 1916 3418 Scripturis,
1974 3348 2067 3404 in-

452 3444 694 3501 ebriatur
704 3450 758 3499 et
777 3441 1013 3514 proﬁcit.
1029 3443 1297 3498 Maximus
1330 3443 1628 3517 episcOpus
1650 3445 1706 3500 in
1727 3462 1984 3504 sermone
1995 3448 2066 3505 de

453 3532 759 3605 Epiphania
791 3531 884 3603 qui
914 3530 991 3586 ita
1046 3531 1236 3603 incipit
1270 3549 1284 3586 :
1322 3552 1346 3584 α
1380 3531 1668 3604 Completa
1717 3535 1900 3603 nobis,
1949 3537 2056 3592 fra-

453 3629 589 3690 tres,
645 3621 823 3677 dicit:
873 3620 1026 3677 Sicut
1082 3620 1364 3692 posteriati
1411 3638 1530 3678 sua
1579 3622 1760 3680 ﬁdelis
1789 3625 2068 3683 mandavit

453 3710 768 3784 antiquitas,
801 3709 963 3767 hodie
1005 3709 1259 3766 Salvator
1302 3717 1387 3766 est
1414 3725 1449 3766 a
1477 3711 1751 3769 Chaldais
1783 3713 2064 3782 adorotus,

461 3808 640 3865 Hodie
695 3808 858 3866 ﬂenta
887 3807 1145 3865 Iordanis
1202 3808 1586 3867 benedictione
1623 3813 1832 3884 proprii
1889 3813 2065 3886 bapti-

463 3893 654 3949 smatis
683 3893 1051 3952 consecravit.
1088 3892 1264 3951 Hodie
1285 3893 1544 3951 invitatus
1560 3895 1631 3952 ad
1662 3897 1876 3970 nuptias
1895 3913 2070 3972 aquas

465 3983 631 4042 vertit
659 3984 718 4040 in
745 3984 964 4040 vinum.

733 4099 905 4156 ITEM
942 4099 1037 4155 DE
1074 4097 1322 4156 EODEM
1360 4100 1793 4159 EVANGELIO.

546 4241 568 4265 α
603 4215 832 4287 Implete
861 4214 1084 4286 hydrias
1128 4230 1275 4288 aqua
1332 4214 1522 4287 (Joan.
1579 4218 1665 4288 ιι).
1724 4218 1953 4277 Galilaa
1980 4220 2070 4277 in-

471 4308 808 4377 terpretatur
839 4305 1298 4377 transmigratio.
1337 4305 1457 4360 Vita
1486 4321 1619 4379 ergo
1648 4323 1890 4379 prasens
1916 4309 2071 4366 Gali-

475 4393 580 4450 laa
609 4399 696 4448 est
725 4393 1123 4464 transmigrans
1152 4393 1219 4449 de
1259 4395 1616 4464 praesentibus
1643 4396 1711 4451 ad
1759 4397 1970 4454 futura.
2010 4403 2074 4456 In

474 4491 704 4548 Galilaa
735 4492 936 4563 nuptia
963 4491 1115 4559 ﬁunt,
1136 4492 1264 4564 quia
1293 4492 1346 4548 in
1389 4495 1622 4551 transitu
1653 4498 1914 4569 temporis
1944 4515 2074 4555 san-

470 4580 738 4640 ctiﬁcatur
783 4581 980 4653 copula
1027 4597 1406 4653 permansurae
1444 4583 1750 4642 dilectionis
1804 4587 2073 4645 Ecclesia

474 4672 548 4728 ad
577 4670 878 4738 Christum,
912 4669 1110 4726 anima
1128 4671 1198 4726 ad
1229 4672 1424 4727 Deum.
1463 4673 1568 4728 Sex
1599 4674 1807 4746 hydria
1826 4683 1954 4732 sunt
1983 4695 2077 4738 sex

485 4778 676 4828 atates
725 4771 779 4826 in
809 4769 1034 4826 mundo.
1066 4769 1251 4824 Prima
1308 4770 1378 4826 ab
1407 4770 1582 4826 Adam
1620 4789 1795 4844 usque
1822 4775 1888 4831 ad
1920 4778 2041 4836 Noe
2072 4791 2086 4837 ;

476 4859 743 4926 secunda,
774 4875 805 4914 a
842 4859 962 4915 Noe
991 4875 1164 4931 usque
1193 4859 1264 4914 ad
1286 4860 1560 4916 Abraham
1585 4879 1599 4925 ;
1626 4862 1808 4933 tertia,
1837 4864 1907 4920 ab
1922 4868 2090 4926 Abra-

475 4949 600 5006 ham
657 4965 830 5022 usque
861 4948 932 5006 ad
982 4947 1158 5005 David
1195 4965 1209 5012 ;
1242 4956 1455 5018 quarta,
1488 4965 1523 5005 a
1578 4951 1755 5008 David
1786 4969 1962 5026 usque
2016 4956 2089 5014 ad

472 5038 1014 5110 transmigrationem
1044 5037 1336 5109 Babylonis
1367 5056 1383 5105 ;
1418 5039 1628 5110 quinta,
1661 5056 1695 5096 a
1727 5045 2089 5119 transmigra-

472 5137 622 5194 tione
653 5135 944 5209 Babylonis
971 5152 1144 5208 usque
1175 5136 1245 5190 ad
1296 5135 1579 5192 Christum
1612 5154 1625 5208 ;
1659 5147 1835 5208 sexta,
1867 5159 1897 5196 a
1927 5143 2091 5200 Chri-

474 5237 560 5282 sto
590 5242 763 5300 usque
833 5225 903 5281 ad
935 5225 1101 5283 tinem
1155 5225 1357 5282 saeculi.
1392 5227 1452 5281 In
1482 5226 1587 5282 vita
1617 5228 1852 5285 hominis
1907 5233 2092 5304 prima

469 5317 716 5385 infantia,
746 5315 996 5374 secunda
1015 5314 1269 5388 pueritia,
1289 5316 1446 5372 tertia
1473 5317 1869 5389 adolescentia,
1889 5332 2087 5394 quarta

456 5405 741 5476 juventus,
771 5406 960 5480 quinta
990 5406 1159 5462 virilis
1203 5413 1356 5472 atas,
1389 5415 1544 5463 sexta
1565 5417 1845 5465 senectus.
1880 5411 2081 5482 Prima,

466 5500 525 5558 id
552 5513 636 5559 est
662 5503 907 5571 infantia,
941 5504 1098 5577 quasi
1165 5505 1410 5578 quodam
1437 5504 1639 5561 diluvio
1703 5505 1908 5564 lubrice
1937 5508 2082 5564 obli-

467 5598 645 5656 vionis
674 5601 940 5668 obruitur,
1000 5609 1055 5657 ut
1085 5617 1195 5658 non
1251 5601 1504 5660 videatur
1532 5603 1586 5658 in
1623 5611 1922 5675 posterum,
1978 5621 2082 5663 nec

469 5697 707 5771 vestigia
737 5697 820 5753 sui
851 5699 962 5754 ulla
993 5699 1285 5772 relinquat.
1315 5700 1587 5766 Secunda,
1620 5700 1674 5756 id
1707 5704 1790 5758 est
1819 5702 2074 5776 pueritia,

479 5793 717 5861 primum
747 5812 779 5850 a
810 5796 1016 5852 diluvio
1045 5796 1345 5852 oblivionis
1373 5797 1445 5852 ad
1485 5813 1706 5853 sensum
1737 5799 1946 5866 exiens,
1981 5817 2079 5871 per

464 5878 772 5961 superbiam
800 5890 1049 5963 erigitur,
1071 5900 1123 5950 et
1152 5907 1256 5964 per
1287 5893 1790 5967 concupiscentiam
1823 5887 2077 5954 dividitur

2155 2160 2391 2232 abyssus
2423 2158 2611 2214 multa.
2672 2157 2838 2214 Multa
2867 2166 3124 2230 operatus
3170 2166 3254 2215 est
3308 2160 3457 2215 Deus
3485 2159 3556 2215 ab
3607 2159 3762 2214 initio

2157 2249 2367 2318 saculi,
2401 2257 2452 2305 et
2481 2247 2700 2320 operari
2731 2263 2841 2304 non
2870 2247 3071 2303 desinit
3126 2264 3300 2320 usque
3329 2246 3400 2304 ad
3429 2247 3589 2304 ﬁnem
3620 2249 3758 2319 ejus,

2159 2355 2214 2405 et
2244 2347 2396 2405 circa
2424 2346 2702 2402 hominem
2733 2361 2767 2401 a
2815 2345 3086 2419 principio
3113 2363 3286 2417 usque
3339 2346 3408 2401 ad
3433 2345 3592 2403 ﬁnem
3621 2348 3759 2416 ejus,

2160 2444 2215 2493 et
2242 2435 2428 2493 omnia
2451 2436 2570 2492 hac
2589 2433 2860 2506 judicium
2897 2444 3040 2502 sunt,
3096 2443 3149 2490 et
3178 2435 3315 2490 nihil
3343 2437 3463 2492 sine
3483 2452 3652 2492 causa
3679 2435 3758 2490 ﬁt.

2163 2526 2274 2582 Sed
2319 2525 2560 2598 quandiu
2615 2525 2805 2580 dicere
2852 2540 2963 2580 non
3004 2532 3183 2597 potest
3227 2525 3435 2582 homo:
3473 2548 3494 2573 ι
3548 2525 3764 2581 Judicia

2161 2619 2256 2671 tua
2280 2614 2519 2685 jucunda
2539 2615 2713 2685 (Prol.
2745 2614 2959 2685 cxvnr),
2985 2636 3008 2662 ι»
3054 2613 3296 2670 nondum
3326 2628 3467 2688 aqua
3496 2613 3548 2669 in
3579 2615 3762 2670 vinum

2164 2730 2430 2773 conversa
2457 2722 2565 2770 est.
2605 2712 2908 2770 Deﬁciente
2966 2722 3148 2770 vetere
3193 2714 3340 2782 vino,
3393 2714 3596 2787 hydria
3619 2729 3762 2786 aqua

2163 2804 2492 2877 implentur,
2554 2803 2681 2877 quia
2710 2818 2832 2860 cum
2864 2803 2921 2859 in
2967 2803 3074 2859 vita
3124 2804 3360 2860 hominis
3389 2802 3633 2860 carnales
3661 2803 3764 2859 de-

2163 2903 2484 2960 lectationes
2514 2903 2796 2971 deﬁciunt,
2857 2903 3055 2960 divina
3109 2903 3509 2960 consolationes
3564 2918 3762 2959 succe-

2165 3004 2324 3061 dunt.
2364 3003 2498 3073 Qua
2529 3003 2750 3075 quidem
2782 3002 3118 3059 initiantibus
3148 3004 3328 3058 minus
3358 3003 3570 3075 saporis
3624 3019 3763 3059 con-

2167 3093 2368 3160 ferunt,
2392 3091 2801 3165 proﬁcientibus
2832 3092 3068 3164 amplius
3092 3093 3431 3159 dulcescunt,
3463 3091 3584 3166 quia
3641 3100 3762 3148 tunc

2168 3199 2322 3255 aqua
2349 3183 2404 3238 in
2433 3183 2621 3238 vinum
2651 3190 3066 3248 convertuntur,
3103 3182 3324 3256 quando
3347 3181 3403 3236 in
3431 3190 3612 3238 mente
3661 3182 3764 3238 ho-

2175 3271 2337 3327 minis
2367 3287 2506 3343 opus
2534 3272 2636 3327 Dei
2665 3270 2813 3343 quod
2843 3270 3112 3328 laboranti
3140 3271 3374 3343 primum
3426 3287 3533 3326 non
3562 3270 3762 3343 sapuit,

2174 3385 2276 3442 per
2305 3367 2643 3440 spiritualem
2699 3367 3122 3440 intelligentiam
3147 3367 3454 3424 illuminato
3484 3367 3764 3425 dulcescit.

2175 3459 2308 3514 Item
2338 3473 2433 3513 sex
2465 3457 2672 3529 hydria
2702 3473 2798 3512 sex
2837 3465 3025 3513 atates
3054 3457 3261 3524 mundi,
3315 3472 3453 3528 aqua
3483 3457 3537 3512 in
3567 3457 3766 3514 vimum

2177 3562 2461 3614 conversa,
2492 3561 2663 3618 opera
2689 3545 2932 3618 priorum
2976 3546 3032 3600 in
3063 3545 3237 3620 ﬁgura
3263 3545 3622 3618 spiritualium
3667 3563 3769 3620 ge-

2177 3654 2284 3701 sta.
2323 3645 2384 3699 In
2413 3644 2592 3716 prima
2619 3650 2780 3702 atate
2808 3644 2946 3701 Abel
2975 3661 3173 3717 agnum
3203 3645 3320 3702 Deo
3367 3645 3579 3711 obtulit,
3609 3661 3770 3717 quem

2178 3735 2349 3790 frater
2375 3750 2506 3789 suus
2528 3733 2661 3790 Cain
2689 3733 2906 3802 occidit,
2925 3741 2978 3790 et
3005 3742 3128 3806 post
3155 3735 3272 3792 hac
3300 3734 3562 3790 Dominus
3585 3735 3769 3791 Enoch

2179 3824 2234 3879 in
2265 3823 2464 3880 calum
2501 3823 2789 3880 transtulit.
2822 3825 2902 3880 De
2950 3825 3052 3880 hac
3097 3823 3290 3896 hydria
3343 3839 3520 3897 aqua,
3552 3823 3771 3880 verbum

2179 3913 2283 3968 Dei
2314 3913 2621 3970 sitientibus
2677 3913 2867 3969 vinum
2922 3913 3186 3981 hauritur,
3245 3914 3374 3970 dum
3403 3915 3506 3970 hoc
3549 3914 3771 3986 mystice

2179 4011 2440 4085 aperitur.
2490 4010 2623 4067 Abel
2656 4011 2748 4084 qui
2795 4027 2996 4084 agnum
3052 4011 3389 4082 sacriﬁcavit,
3422 4019 3505 4068 est
3531 4011 3771 4067 Christus

2181 4101 2272 4174 qui
2303 4116 2503 4174 corpus
2534 4116 2690 4156 suum
2722 4117 2823 4173 pro
2871 4101 3030 4157 nobis
3085 4101 3206 4158 Deo
3260 4101 3408 4156 Patri
3461 4100 3770 4157 immolavit.

2181 4197 2321 4256 Abel
2349 4216 2381 4254 a
2437 4198 2609 4255 fratre
2665 4198 2954 4266 occiditur,
3004 4206 3058 4255 et
3087 4198 3341 4256 Christus
3369 4213 3403 4254 a
3427 4198 3654 4256 Judaico
3681 4215 3775 4270 po-

2183 4297 2312 4369 pulo
2343 4296 2706 4353 interemitur.
2747 4297 2933 4354 Enoch
2963 4297 3036 4352 de
3076 4304 3219 4352 terra
3276 4297 3506 4368 rapitur,
3537 4305 3592 4352 et
3618 4297 3774 4353 Chri-

2183 4395 2298 4442 stus
2327 4395 2451 4458 post
2494 4386 2814 4458 passionem
2844 4386 2900 4441 in
2943 4386 3144 4443 calum
3175 4387 3516 4442 transfertur.
3571 4387 3631 4441 In
3685 4404 3774 4443 se-

2181 4475 2357 4532 cunda
2382 4483 2540 4531 atate
2565 4476 2684 4532 Noe
2714 4474 2969 4548 plantans
3023 4475 3242 4530 vineam
3285 4475 3409 4531 vino
3461 4475 3772 4544 inebriatur,

2185 4564 2465 4620 dormiens
2495 4563 2825 4628 denudatus,
2865 4579 2896 4619 a
2952 4562 3065 4620 ﬁlio
3089 4565 3467 4630 subsannatur,
3497 4580 3531 4620 a
3568 4565 3773 4621 duobus

2189 4661 2346 4710 veste
2391 4653 2627 4710 velatur.
2706 4653 2986 4726 Evigilans
3042 4669 3174 4710 vero
3233 4653 3508 4709 irrisorem
3561 4654 3775 4711 servitio

2189 4751 2412 4818 addicit,
2471 4752 2710 4823 reliquos
2737 4752 2808 4807 ad
2836 4751 3069 4824 gloriam
3097 4750 3387 4807 benedicit.
3437 4753 3564 4808 Hac
3591 4752 3775 4823 hydria

2188 4856 2346 4913 aqua
2366 4840 2721 4909 convertitur,
2781 4857 2903 4896 cum
2960 4841 3052 4895 tali
3084 4841 3246 4896 modo
3277 4840 3608 4911 intelligitur.
3665 4841 3776 4896 Noe

2189 4929 2282 5002 qui
2314 4929 2526 4984 vineam
2564 4928 2851 5000 plantavit,
2912 4937 2995 4985 est
3053 4929 3302 4985 Christus
3330 4929 3422 5001 qui
3480 4928 3772 4984 Ecclesiam

2188 5017 2454 5082 fundavit,
2515 5017 2604 5092 qui
2627 5018 2826 5091 poculo
2852 5033 3052 5074 amara
3079 5017 3357 5090 passionis
3387 5017 3695 5084 inebriatur,
3722 5021 3775 5074 et

2186 5131 2220 5172 a
2247 5115 2456 5188 perﬁdo
2489 5116 2692 5188 populo
2722 5114 2910 5171 irrisus
2939 5116 3278 5188 deturpatur,
3339 5116 3437 5172 sed
3485 5131 3516 5170 a
3571 5114 3774 5172 duobus

2187 5205 2417 5274 velatur,
2451 5206 2503 5261 id
2537 5214 2620 5262 est
2640 5207 2706 5261 ab
2736 5205 2986 5262 Hebrais
3016 5213 3069 5262 et
3098 5205 3352 5278 gentibus
3379 5203 3628 5261 ﬁdelibus
3656 5212 3770 5260 tur-

2184 5305 2373 5378 pitudo
2407 5303 2682 5377 passiosis
2712 5305 2828 5374 ejus
2865 5313 3178 5361 veneratur.
3214 5304 3318 5374 Qui
3348 5319 3383 5362 a
3411 5318 3602 5361 somno
3629 5319 3769 5360 mor-

2185 5404 2253 5460 tis
2283 5403 2552 5478 evigilans
2598 5402 2879 5458 irrisorem
2934 5403 3195 5475 populum
3224 5402 3503 5459 Judaicum
3533 5401 3765 5468 damnat,

2182 5521 2242 5559 se
2273 5505 2601 5559 honorantes
2632 5502 2703 5557 ad
2759 5501 2924 5558 vitam
2963 5501 3179 5558 exaltat.
3231 5503 3290 5556 In
3318 5502 3477 5558 tertia
3503 5507 3659 5556 atate
3683 5499 3766 5554 Jo-

2181 5603 2318 5676 seph
2344 5602 2415 5659 ob
2443 5601 2702 5658 invidiam
2733 5617 2764 5656 a
2792 5599 3053 5656 fratribus
3079 5599 3352 5667 venditur,
3377 5615 3409 5654 a
3438 5598 3658 5655 domina
3676 5612 3765 5653 sua

2177 5702 2250 5758 ob
2280 5700 2580 5757 castitatem
2635 5697 3033 5765 incriminatur,
3068 5698 3123 5753 in
3162 5712 3445 5753 carcerem
3468 5695 3758 5762 retruditur,

2175 5799 2246 5856 de
2267 5815 2488 5857 carcere
2519 5799 2764 5863 eductus,
2827 5803 2904 5851 tot
2958 5794 3196 5868 Egypto
3233 5798 3587 5867 praponitur.
3647 5794 3761 5849 Hac

2173 5887 2370 5971 hydria
2419 5897 2575 5967 aqua
2622 5888 2804 5951 suavis
2852 5890 3026 5952 reﬁcit
3071 5904 3173 5951 nos
3195 5907 3390 5966 sapore
3419 5877 3527 5949 vini
3557 5881 3756 5948 dulcicd
