3924 6406
196 419 300 475 825

1184 422 1764 482 DEFLORATIONES
1801 424 1900 483 SS.
1940 425 2248 485 PATRUM.
2283 458 2355 470 —
2390 427 2524 484 LIB.
2572 429 2616 486 Ι.

3423 427 3524 481 826

215 543 316 600 ris.
348 544 574 616 Ioseph
636 547 741 620 qui
765 563 798 603 a
825 547 1083 606 fratribus
1099 547 1415 606 distrahitur
1465 557 1554 606 est
1581 549 1843 620 Christus,
1880 555 1929 620 Α
1963 565 2088 609 cum
2117 552 2344 624 captivis
2373 553 2682 620 revertitur,
2742 558 2826 608 est
2877 551 3036 607 Iesus
3090 546 3336 605 Christus
3381 561 3543 602 verus

224 634 318 708 qui
345 649 382 691 ι
403 634 700 708 discipulo
749 637 954 694 Iudais
982 637 1229 703 traditur,
1285 639 1377 710 qui
1403 653 1439 694 a
1466 639 1760 712 Synagoga
1787 647 1846 696 ut
1953 641 2230 709 sacerdos,
2260 641 2372 711 qui,
2405 642 2475 697 ab
2503 641 2718 697 inferno
2766 639 3130 711 captivitatem
3156 636 3447 702 reducens,
3476 633 3546 690 ad

226 724 320 781 ille
349 739 384 780 a
414 723 652 780 domina
670 741 806 782 reus
835 734 1140 797 accusatur,
1169 727 1292 784 neci
1319 727 1609 783 damnatus
1655 727 1845 799 sepul-

1952 729 2153 785 calum
2190 729 2514 802 regreditur.
2546 729 2724 785 Ruina
2751 727 2940 798 templi
2966 727 3035 782 ab
3060 727 3188 782 Iesu
3208 725 3263 779 in
3293 723 3546 780 Hieroso-

239 829 335 872 cro
380 812 684 880 clauditur,
744 814 821 870 de
851 814 1116 871 barathro
1171 814 1393 872 rediens
1444 815 1699 872 universo
1727 815 1848 872 orbi
1952 817 2113 889 lymis
2138 826 2441 890 reparatur,
2472 825 2526 873 et
2554 819 2713 874 ruina
2749 817 3013 890 angelica
3031 814 3197 872 curia
3225 828 3326 884 per
3360 813 3546 868 Iesum

241 902 610 975 principatur.
648 901 714 956 In
734 909 927 974 quarta
956 910 1112 959 atate
1141 903 1315 960 David
1343 902 1558 960 Goliam
1599 920 1848 977 pugnans

237 998 488 1063 superat,
521 998 578 1045 et
609 990 873 1048 Salomon
903 991 1165 1063 templum
1193 991 1598 1064 Hierosolymis
1625 1008 1689 1048 ex
1720 1008 1849 1048 auro

235 1087 296 1136 et
327 1079 562 1152 gemmis
593 1078 852 1137 adificat.
886 1081 966 1135 De
995 1081 1158 1151 hujus
1183 1080 1392 1152 hydria
1418 1097 1557 1153 aqua
1584 1081 1744 1138 dulce
1771 1081 1852 1137 vi-

232 1185 375 1224 num
406 1167 629 1235 bibitur,
659 1167 791 1223 dum
837 1167 932 1222 tali
947 1168 1110 1224 modo
1137 1169 1416 1240 accipitur,
1455 1169 1645 1226 Golias
1671 1185 1706 1224 a
1735 1170 1850 1224 Da-

236 1257 340 1314 vid
369 1255 655 1321 sternitur,
691 1263 745 1312 et
773 1256 1025 1312 diabolus
1054 1271 1088 1312 a
1126 1257 1343 1313 Christo
1388 1257 1442 1312 in
1471 1273 1631 1314 cruce
1675 1257 1850 1314 vinci-

234 1353 359 1401 tur.
402 1344 690 1415 Templum
736 1343 793 1399 in
849 1343 1195 1400 Hierusalem
1224 1360 1259 1400 a
1288 1345 1585 1402 Salomone
1641 1360 1772 1402 auro
1800 1348 1854 1402 et

235 1433 489 1507 gemmis
515 1432 868 1499 construitur,
903 1433 1029 1504 quia
1055 1432 1301 1490 Ecclesia
1317 1450 1441 1506 qua
1470 1442 1554 1490 est
1590 1434 1852 1506 templum

233 1522 349 1578 Dei
379 1538 410 1576 a
442 1521 661 1578 Christo
705 1520 762 1576 in
809 1520 964 1577 calis
1022 1537 1088 1578 ex
1135 1521 1392 1594 perfectis
1446 1522 1744 1595 colligitur.
1791 1524 1852 1579 In

239 1611 444 1684 quinta
467 1619 624 1666 atate
651 1610 812 1665 Iesus
870 1609 1131 1666 sacerdos
1159 1625 1282 1667 cum
1312 1611 1538 1682 captivis
1555 1611 1625 1667 de
1680 1611 1852 1683 Baby-

235 1699 378 1755 lone
431 1706 672 1764 remeat,
707 1706 761 1753 et
799 1697 1009 1753 ruinam
1038 1699 1224 1770 templi
1263 1699 1317 1754 in
1349 1699 1738 1772 Hierosolymis
1757 1716 1852 1756 re-

235 1786 506 1843 adiﬁcat.
549 1788 677 1844 Hac
713 1786 920 1859 Hydria
949 1803 1104 1860 aqua
1133 1804 1234 1843 nos
1265 1789 1391 1844 vino
1419 1788 1666 1855 inebriat,
1723 1789 1853 1844 dum

233 1877 366 1933 hac
397 1875 713 1949 spiritaliter
742 1884 899 1949 gesta
926 1875 1181 1932 insinuat.
1214 1877 1373 1935 Iesus
1398 1878 1490 1950 qui
1519 1893 1550 1933 a
1579 1876 1852 1950 Babylone

1955 906 2231 962 Christum
2251 914 2598 963 restauratur.
2633 909 2693 961 In
2724 914 2872 962 sexta
2899 912 3058 961 atate
3087 902 3266 958 omnis
3311 899 3546 971 populus

1956 995 2026 1050 ad
2052 995 2237 1051 Iesum
2266 995 2432 1062 venit,
2464 1003 2515 1051 et
2546 995 2664 1066 ipse
2695 1009 2791 1051 eos
2811 1009 2949 1064 aqua
2989 991 3234 1058 abluens,
3261 987 3450 1044 ﬁdeles
3477 987 3547 1041 ab

1957 1083 2273 1140 inﬁdelibus
2302 1085 2555 1140 secernit.
2601 1083 2775 1153 Hujus
2803 1082 2966 1138 etiam
3016 1079 3226 1152 hydria
3253 1093 3411 1149 aqua
3446 1091 3547 1131 sa-

1957 1187 2150 1245 porem
2181 1173 2336 1228 vertit
2361 1173 2518 1228 nobis
2548 1172 2798 1228 Christus
2843 1171 2899 1226 in
2927 1169 3038 1226 vini
3062 1168 3360 1225 dulcorem.
3409 1163 3547 1220 Alti-

1958 1261 2088 1316 tudo
2110 1261 2296 1332 populi
2325 1261 2392 1316 ad
2420 1262 2704 1328 Joannem,
2739 1268 2794 1314 et
2823 1275 2919 1315 eos
2947 1258 3004 1313 in
3033 1255 3253 1312 ﬂumine
3300 1258 3542 1324 separat,

1960 1349 2083 1421 quia
2107 1349 2284 1405 omnis
2305 1349 2536 1420 populus
2582 1349 2653 1404 ad
2711 1347 3003 1417 Christum,
3041 1346 3097 1400 in
3151 1341 3352 1399 ultimis
3407 1355 3546 1398 con-

1959 1445 2243 1511 gregatur,
2276 1445 2330 1494 et
2375 1437 2442 1492 ab
2500 1453 2565 1493 eo
2617 1452 2716 1508 per
2751 1437 2972 1508 igneum
3000 1433 3225 1488 ﬂuvium
3263 1429 3437 1486 ﬁdelis
3475 1429 3546 1484 ab

1959 1525 2166 1582 infideli
2192 1533 2537 1598 segregatur.
2583 1525 2755 1591 Hunc,
2789 1523 3108 1589 charissimi,
3164 1519 3374 1575 debetis
3419 1516 3548 1572 dili-

1960 1631 2096 1688 gere
2125 1622 2234 1671 toto
2266 1613 2462 1670 affectu
2491 1613 2688 1669 mentis
2716 1613 2808 1686 qui
2846 1619 3058 1669 vestras
3086 1609 3304 1666 animas
3333 1613 3549 1662 recreat

1960 1703 2156 1758 talibus
2176 1703 2554 1769 sacramentis,
2581 1701 2673 1774 qui
2702 1717 2800 1758 vos
2832 1701 2904 1756 ad
2932 1699 3149 1771 nuptias
3169 1712 3298 1753 suas
3345 1694 3545 1750 invita-

1959 1791 2037 1848 vit
2091 1799 2145 1847 et
2196 1791 2324 1847 vino
2361 1799 2580 1848 aterna
2625 1789 2931 1848 dulcedinis
2968 1787 3292 1861 quandoque
3310 1783 3548 1840 inebria-

1961 1879 2057 1936 bit.

1311 2159 1927 2264 DOMINICA
2026 2160 2496 2268 TERTIA

1509 2349 1855 2414 Secudum
1902 2350 2297 2416 Matthaum

327 2559 349 2583 «ι
395 2535 528 2590 Cum
561 2533 940 2591 descendisset
967 2535 1126 2590 Iesus
1150 2534 1220 2589 de
1249 2540 1451 2600 monte,
1499 2543 1698 2592 secuta
1728 2543 1850 2590 sunt
1879 2540 1933 2600 Β
1963 2536 2077 2592 bat.
2104 2537 2276 2594 Docet
2304 2536 2568 2592 Dominus
2584 2551 2694 2593 non
2709 2552 2832 2593 esse
2859 2535 3136 2607 vulganda
3165 2542 3346 2590 nostra
3375 2534 3550 2590 bene-

239 2624 424 2680 turba
469 2623 683 2679 multa.
751 2624 816 2678 Et
853 2639 982 2680 ecce
1027 2622 1280 2694 leprosus
1327 2623 1550 2680 veniens
1595 2623 1856 2679 adorabat

242 2728 396 2781 cum,
457 2711 967 2779 dicenszDomine,
1015 2711 1060 2766 si
1110 2711 1214 2780 vis,
1271 2720 1426 2784 potes
1459 2727 1546 2767 me
1595 2712 1857 2768 mundare

246 2801 482 2872 (Matth.
524 2803 697 2872 vm)).
736 2800 902 2857 Recte
930 2809 1054 2872 post
1081 2800 1385 2856 doctrinam
1407 2798 1540 2855 fiunt
1568 2799 1854 2867 miracula,

248 2907 310 2955 ut
351 2915 450 2971 per
496 2899 756 2954 virtutem
787 2913 969 2954 sermo
999 2897 1337 2954 ﬁrmaretur.
1391 2899 1607 2969 (Rana)
1646 2899 1852 2970 Lepro-

251 3014 373 3062 sus,
398 2995 700 3053 secundum
743 2997 977 3052 Marcum
1035 3012 1178 3069 genu
1199 2996 1422 3053 ﬂectens
1471 2998 1660 3066 (Marc.
1691 2998 1752 3067 1),
1802 3003 1860 3052 ut

250 3096 433 3152 Lucas
463 3095 575 3149 ait:
619 3117 640 3141 «
673 3093 730 3149 in
757 3093 954 3150 faciem
979 3093 1211 3165 procidit
1231 3095 1392 3164 (Luc.
1426 3095 1504 3164 v),
1549 3118 1571 3144 ι»
1605 3095 1747 3168 quod
1760 3095 1860 3150 hu-

250 3183 500 3240 militatis
531 3189 618 3238 est
648 3190 704 3238 et
730 3182 974 3254 pudoris,
1007 3190 1065 3238 ut
1085 3183 1459 3255 unusquisque
1497 3183 1566 3240 de
1595 3200 1710 3239 sua
1737 3184 1861 3240 vita

248 3272 486 3330 maculis
523 3271 838 3340 erubescat,
867 3271 1270 3328 confessionem
1299 3272 1753 3329 verecundianon
1782 3289 1864 3328 re-

253 3361 466 3435 primit,
499 3361 596 3416 sed
627 3361 838 3417 directo
860 3360 1090 3416 vulnere
1104 3361 1405 3416 remedium
1420 3361 1630 3433 quaerit.
1660 3361 1863 3417 Volun-

255 3451 358 3505 tati
379 3449 601 3506 Domini
617 3448 917 3505 curationis
935 3456 1260 3519 potestatem
1278 3449 1530 3520 leprosus
1544 3449 1749 3516 tribuit,
1761 3465 1861 3505 nec

257 3547 422 3620 quasi
440 3545 770 3602 incredulus
783 3546 1007 3614 dubitat,
1027 3546 1123 3602 sed
1139 3562 1252 3602 sua
1263 3546 1590 3602 colluvionis
1605 3546 1863 3604 conscius

252 3651 367 3693 non
394 3635 678 3707 prasumit
705 3634 893 3691 dicere
923 3653 936 3690 :
969 3634 1168 3689 Munda
1205 3651 1291 3691 me
1321 3635 1572 3702 Domine,
1619 3643 1674 3692 et
1699 3651 1864 3691 mun-

253 3732 450 3788 dabor.
483 3733 625 3787 Dum
646 3731 738 3788 hic
757 3746 790 3786 a
828 3731 953 3805 lege
981 3731 1244 3788 exclusus
1271 3748 1331 3788 se
1362 3732 1578 3788 Domini
1593 3739 1865 3804 potestate

254 3822 445 3878 curari
475 3821 737 3893 postulat,
773 3836 938 3892 supra
977 3821 1154 3891 legem
1187 3836 1310 3876 esse
1340 3821 1573 3892 gratiam
1628 3820 1855 3876 indicat.

1965 2624 2112 2692 ﬁcia,
2145 2627 2243 2682 sed
2294 2626 2617 2698 premenda,
2649 2635 2707 2681 ut
2733 2641 2845 2682 non
2876 2625 3053 2680 solum
3081 2639 3116 2680 a
3144 2623 3398 2679 mercede
3416 2621 3552 2678 abs-

1965 2714 2230 2770 tineamus
2251 2716 2496 2786 pecunia
2524 2715 2622 2772 sed
2652 2714 2814 2771 etiam
2846 2714 3064 2787 gratia.
3110 2711 3372 2767 Iactantia
3391 2711 3556 2784 quip-

1965 2826 2035 2883 pe
2055 2811 2218 2866 vitata
2247 2811 2373 2868 facit
2401 2829 2471 2867 ne
2502 2813 2656 2882 lepra
2684 2813 2854 2883 possit
2880 2810 3118 2867 transire
3139 2810 3195 2864 in
3249 2808 3548 2865 medicum.

1967 2899 2099 2956 Ideo
2120 2900 2281 2972 etiam
2310 2901 2608 2972 imperatur
2661 2899 2956 2966 silentium,
3015 2901 3149 2972 quia
3199 2898 3396 2954 melius
3449 2895 3560 2952 ﬁde

1967 2990 2146 3060 magis
2185 2997 2543 3060 spontaneum
2569 2988 2803 3044 salutem
2862 3004 3111 3060 quarere
3140 3003 3301 3057 quam
3340 2984 3559 3042 beneﬂ-

1968 3077 2067 3134 ciis
2090 3077 2322 3134 invitari.
2384 3077 2691 3133 Ostendere
2721 3093 2780 3132 se
2810 3076 3082 3133 sacerdoti
3101 3076 3322 3146 jubetur
3370 3074 3562 3144 lepro-

1973 3191 2087 3241 sus,
2115 3182 2174 3230 ut
2202 3173 2528 3246 intelligeret
2546 3173 2804 3230 sacerdos
2846 3189 2970 3229 eum
3011 3188 3120 3228 non
3149 3171 3287 3243 legis
3344 3169 3556 3240 ordine,

1970 3263 2069 3320 sed
2098 3263 2270 3335 gratia
2299 3263 2399 3318 Dei
2429 3269 2702 3318 curatum.
2723 3262 2934 3319 Offerre
2963 3260 3288 3319 sacrificium
3301 3258 3562 3331 pracipi-

1969 3368 2059 3416 tur
2087 3369 2146 3416 ut
2182 3360 2496 3417 ostenderet
2551 3359 2822 3416 Dominus
2848 3376 2909 3417 se
2929 3375 3039 3416 non
3094 3359 3273 3430 legem
3320 3355 3561 3424 solvere,

1973 3456 2074 3513 sed
2102 3456 2329 3528 implere
2361 3455 2658 3514 secundum
2689 3457 2867 3528 legem
2895 3455 3176 3527 gradiens,
3217 3461 3270 3510 et
3291 3467 3454 3523 supra
3475 3449 3564 3506 le-

1971 3571 2097 3627 gem
2127 3571 2351 3611 sanans.
2386 3559 2448 3611 In
2476 3556 2609 3630 lege
2638 3555 2688 3611 ei
2707 3563 3041 3628 praeceptum
3072 3563 3208 3622 erat,
3231 3561 3289 3609 ut
3317 3549 3565 3607 mundati

1973 3660 2007 3701 a
2035 3644 2192 3716 lepra
2243 3661 2471 3701 munera
2497 3645 2757 3702 offerrent
2803 3645 3173 3702 sacerdotibus
3231 3660 3332 3716 qua
3355 3661 3412 3700 re
3468 3644 3567 3697 hu-

1972 3742 2171 3798 militer
2197 3743 2268 3798 ad
2297 3743 2445 3814 ipsos
2472 3743 2655 3798 mittit.
2711 3743 2841 3798 Haec
2869 3742 3152 3814 oportebat
3207 3741 3567 3815 signiﬁcantia

1974 3830 2173 3887 auferri
2203 3830 2465 3888 sacriﬁcia
2513 3832 2827 3903 priusquam
2857 3845 2989 3888 vera
3045 3831 3207 3886 etiam
3232 3831 3285 3885 in
3316 3831 3423 3886 illis
3479 3833 3567 3888 si-

257 3911 422 3966 Sicut
458 3909 602 3966 enim
625 3911 913 3982 potestatis
971 3909 1262 3966 auctoritas
1287 3909 1343 3964 in
1375 3910 1628 3978 Domino,
1685 3909 1760 3965 ita
1812 3908 1866 3963 in
1897 3895 1947 3958 C
1971 3928 2139 3992 gnam
2169 3919 2436 3976 sacriﬁcia
2465 3895 2782 3976 οὸηδηηάιε
2824 3929 3006 3976 essent
3035 3919 3090 3974 in
3121 3919 3338 3976 Christo
3370 3928 3421 3975 eg
3450 3920 3568 3977 Ec-

256 4009 368 4064 isto
397 4007 525 4065 fidei
547 4007 856 4064 constantia
884 4007 1216 4064 declaratur.

343 4156 366 4180 «ι
403 4133 466 4187 Et
489 4130 787 4188 extendens
813 4146 1033 4187 manum
1055 4130 1230 4202 tetigit
1274 4145 1398 4186 eum
1426 4130 1601 4196 Iesus,
1627 4128 1816 4185 dicens
1850 4144 1862 4183 :

265 4231 427 4298 Volo,
457 4228 748 4284 mundare.
763 4229 826 4284 Et
842 4227 1128 4285 confestim
1141 4228 1399 4284 mundata
1410 4234 1492 4282 est
1507 4226 1658 4298 lepra
1675 4226 1816 4296 ejus.
1839 4247 1862 4276 ι

266 4329 337 4384 Et
365 4327 672 4384 extendens
730 4325 1122 4381 misericordia
1175 4324 1368 4380 aﬂ'cctu
1397 4340 1614 4378 manum
1659 4324 1866 4394 lepram

264 4417 468 4488 tetigit,
529 4432 594 4470 ex
648 4414 944 4469 humilitate
986 4414 1192 4470 docens
1244 4428 1345 4469 nos
1376 4412 1581 4467 nullum
1611 4429 1869 4483 spernere

266 4521 374 4578 pro
393 4504 576 4576 aliqua
605 4503 854 4573 corporis
874 4501 1272 4558 maculatione.
1326 4502 1434 4556 Lex
1491 4501 1639 4570 tangi
1691 4500 1869 4572 lepro-

268 4609 364 4649 sos
394 4592 669 4664 prohibet.
711 4592 817 4647 Sed
846 4590 916 4646 de
954 4606 1021 4646 eo
1074 4605 1185 4645 non
1241 4597 1359 4646 erat
1385 4589 1738 4660 prohibitum,
1781 4589 1872 4660 qui

266 4681 538 4737 Dominus
598 4680 741 4753 legis
770 4689 871 4735 est.
899 4679 1098 4751 Tetigit
1126 4679 1294 4749 igitur
1332 4694 1441 4733 non
1471 4679 1616 4750 quod
1645 4677 1762 4733 sine
1792 4687 1870 4732 ta-

269 4778 364 4827 ctu
405 4784 606 4824 sanare
636 4775 844 4839 posset,
895 4768 992 4823 sed
1023 4774 1081 4822 ut
1109 4767 1310 4822 indicet
1357 4782 1417 4821 se
1455 4782 1564 4822 non
1593 4766 1691 4821 sub
1747 4766 1870 4838 lege

269 4873 418 4923 esse,
441 4857 552 4913 imo
582 4857 874 4912 Dominum
905 4856 1043 4925 legis
1081 4856 1174 4927 qui
1212 4871 1319 4911 non
1351 4855 1501 4911 timet
1528 4855 1867 4927 contagium,

269 4962 397 5004 cum
426 4945 612 5017 potius
641 4945 779 5000 alios
805 4943 1025 5000 liberet.
1047 4941 1137 4998 Ex
1158 4943 1358 5015 pietate
1375 4943 1469 5010 ait,
1490 4943 1636 5008 volo,
1669 4958 1872 4998 sanans

267 5058 336 5100 eo
363 5058 574 5114 genere
603 5057 714 5114 quo
763 5040 942 5097 fuerat
967 5042 1308 5106 obsecratus,
1365 5055 1488 5095 cum
1553 5039 1825 5096 diceretur
1856 5054 1868 5094 :

261 5132 320 5188 Si
340 5131 444 5199 vis,
512 5139 674 5202 potes
729 5145 818 5186 me
847 5129 1130 5197 mundare,
1162 5128 1488 5201 imperando
1534 5128 1811 5198 subjunxit
1856 5145 1869 5182 :

273 5254 294 5278 α
327 5229 599 5286 Mundare
630 5243 644 5298 ;
691 5252 713 5276 η
746 5228 802 5284 in
831 5242 940 5301 quo
964 5226 1266 5296 majestatis
1294 5229 1537 5298 aperitur
1590 5226 1857 5298 potentia.

264 5319 412 5375 Nihil
436 5318 585 5374 enim
609 5317 848 5372 medium
879 5324 962 5370 est
983 5317 1125 5370 inter
1146 5331 1283 5387 opus
1306 5315 1405 5371 Dei
1437 5323 1490 5370 et
1509 5323 1865 5387 praeceptum,

265 5410 392 5483 quia
420 5408 564 5464 inter
589 5409 932 5479 praeceptum
963 5411 1046 5460 est
1081 5419 1240 5476 opus.
1278 5403 1423 5459 Dixit
1457 5404 1620 5471 enim,
1651 5411 1707 5460 et
1728 5404 1868 5460 facta

261 5507 383 5556 sunt
395 5540 409 5554 .

327 5647 352 5674 ε
388 5623 462 5678 Et
519 5619 598 5674 ait
639 5615 718 5672 illi
771 5617 932 5673 Iesus
994 5635 1006 5671 :
1056 5615 1213 5684 Vide,
1271 5615 1479 5672 nemini
1515 5614 1736 5683 dixeris,
1769 5617 1868 5672 sed

252 5714 411 5781 vade,
446 5706 690 5766 ostende
747 5712 797 5760 te
839 5703 1132 5771 sacerdoti,
1183 5710 1237 5760 et
1273 5703 1410 5760 olfer
1462 5720 1662 5760 munus
1720 5706 1868 5774 quod

244 5805 530 5886 pracepit
561 5802 783 5870 Moyses
827 5800 884 5856 in
915 5799 1286 5856 testimonium
1339 5798 1439 5854 illi.
1503 5822 1526 5847 ιι
1572 5801 1696 5855 Non
1747 5808 1864 5854 erat

240 5917 483 5970 necesse
515 5906 580 5957 ut
612 5909 862 5956 sermone
883 5895 1116 5969 iactaret
1144 5895 1290 5968 quod
1318 5909 1550 5968 corpore
1607 5893 1859 5968 praefere-

1897 5251 1949 5311 D

1973 4009 2140 4066 clesia
2167 4009 2561 4065 contestatione
2586 4007 2956 4080 apostolorum
2978 4013 3034 4063 et
3060 4007 3166 4064 ﬁde
3194 4008 3557 4064 credentium.

1975 4096 2297 4154 Oﬂ'erturin
2343 4097 2712 4154 testimonium
2759 4097 2866 4152 illis
2920 4097 3013 4169 qui
3052 4096 3246 4152 vident
3288 4097 3569 4168 leprosum

1977 4195 2310 4262 mundatum,
2333 4195 2421 4251 vel
2460 4195 2604 4267 quod
2665 4193 2942 4250 salvantur
2971 4194 3171 4267 alepra
3215 4203 3568 4266 peccatorum

1975 4292 2031 4340 et
2057 4282 2215 4340 oﬂ'ert
2243 4298 2304 4340 se
2333 4284 2468 4350 Deo,
2505 4284 2552 4338 si
2585 4284 2831 4351 credunt,
2865 4291 2958 4339 aut
2985 4284 3030 4339 si
3067 4299 3178 4340 non
3206 4283 3453 4351 credunt,
3486 4283 3570 4339 in-

1977 4371 2318 4428 excusabiles
2361 4379 2543 4428 erunt.
2583 4372 2678 4428 Vel
2698 4372 2774 4426 ita
2807 4387 2820 4426 :
2851 4374 3047 4428 Munus
3102 4372 3248 4444 quod
3308 4372 3571 4443 pracepit

1976 4463 2220 4532 Moyses,
2251 4459 2359 4515 illis
2379 4460 2630 4516 videlicet
2655 4461 3030 4516 sacerdotibus
3057 4459 3240 4517 oﬂ'erri
3267 4461 3322 4515 in
3335 4461 3570 4516 testimov

1975 4549 2148 4616 nium,
2175 4550 2232 4605 id
2261 4557 2344 4604 est
2371 4549 2426 4604 in
2455 4550 2675 4622 signum
2713 4549 3006 4620 spiritualis
3060 4548 3371 4616 oblationis,
3429 4549 3570 4604 sicut

1979 4647 2189 4704 curatio
2217 4647 2387 4717 lepra
2417 4655 2643 4702 testatur
2682 4647 3009 4702 curationem
3038 4645 3262 4717 peccati.
3311 4644 3451 4699 Illud
3479 4645 3570 4701 in-

1979 4752 2144 4808 quam
2171 4751 2375 4792 munus
2405 4734 2559 4791 oﬂ‘ert
2589 4751 2699 4790 non
2745 4734 2922 4790 solum
2950 4735 3005 4788 in
3061 4734 3240 4805 signo,
3263 4733 3360 4790 sed
3381 4733 3436 4787 in
3487 4749 3568 4803 re,

1977 4833 2037 4881 ut
2063 4833 2120 4880 tu
2148 4825 2268 4896 ipse
2296 4841 2328 4880 a
2357 4825 2620 4881 sordibus
2663 4823 2866 4895 peccati
2894 4823 3216 4879 emundatus
3269 4822 3327 4877 in
3363 4820 3573 4878 sacriﬁ-

1979 4923 2122 4978 cium
2150 4921 2249 4978 Dei
2279 4929 2547 4978 transeas.
2589 4922 2806 4992 Moyses
2833 4919 2978 4975 enim
3006 4919 3262 4990 praecepit
3315 4918 3573 4976 testimo—

1980 5021 2126 5076 nium
2152 5020 2312 5089 cujus
2367 5028 2421 5076 te
2459 5020 2614 5094 geris
2643 5018 2920 5076 effectum.
2984 5018 3089 5075 Ubi
3115 5017 3363 5089 leprosus
3413 5033 3570 5073 mun-

1981 5110 2137 5166 datur
2156 5117 2338 5165 certus
2392 5124 2504 5165 non
2550 5108 2878 5180 exprimitur
2931 5107 3106 5177 locus,
3146 5116 3204 5163 ut
3252 5105 3572 5164 ostendatur

1981 5228 2092 5270 non
2118 5228 2288 5268 unum
2315 5213 2580 5284 populum
2608 5211 2840 5281 alicujus
2875 5210 3131 5283 specialis
3159 5209 3412 5276 civitatis,
3471 5209 3574 5266 sed

1981 5311 2282 5367 multarum
2308 5308 2541 5380 populos
2571 5309 2741 5366 fuisse
2769 5317 3017 5365 sanatos.
3055 5307 3194 5377 Quia
3221 5322 3350 5364 vero
3379 5307 3570 5379 lepro-

1977 5427 2072 5466 sus
2108 5424 2285 5481 genus
2313 5407 2609 5462 humanum
2648 5407 2891 5479 peccatis
2918 5406 3238 5478 languidum
3259 5404 3439 5476 typice
3468 5405 3573 5461 de-

1976 5507 2175 5576 signat,
2209 5512 2356 5561 recte
2384 5504 2440 5559 in
2469 5504 2615 5559 Luca
2645 5504 2838 5573 plenus
2866 5505 3021 5575 lepra
3058 5503 3386 5560 describitur
3413 5503 3571 5572 (Luc.

1976 5607 2060 5676 v).
2101 5604 2304 5660 Omnes
2325 5602 2469 5658 enim
2526 5611 2895 5672 peccaverunt
2943 5613 2995 5657 et
3050 5610 3214 5674 egent
3242 5600 3421 5672 gloria
3473 5600 3573 5657 Dei

1979 5705 2156 5773 (Rom.
2184 5703 2285 5771 ut).
2315 5699 2574 5756 Exteusio
2604 5713 2800 5753 manus
2851 5699 3151 5754 Salvatoris
3174 5699 3448 5771 signiﬁcat
3495 5699 3574 5754 in-

1977 5800 2348 5857 carnationem
2377 5806 2657 5853 extensum
2683 5796 2753 5850 ad
2802 5795 3030 5851 salutem
3052 5797 3357 5851 hominum.
3414 5795 3573 5852 Unde

1977 5895 2109 5954 illud
2141 5896 2272 5955 alibi
2304 5915 2316 5953 :
2346 5895 2468 5953 Iam
2490 5911 2586 5952 vos
2614 5893 2803 5952 mundi
2832 5895 2966 5952 estis
2993 5901 3217 5968 propter
3245 5907 3562 5952 sermonem
