3924 6396
442 404 546 461 ΒΞἸ

442 614 1205 679 «incuriosi-internum.
1260 609 1838 682 eniomnesaprisci
1890 625 2046 669 erro-

442 706 519 760 ris
545 704 815 761 varietate
826 702 1074 760 mandati
1100 701 1307 759 debeat
1347 715 1412 759 ae
1438 700 1735 759 oatandue
1777 697 2048 760 conﬁtcn-

445 802 520 857 do
549 800 676 873 quia
694 800 957 873 templum
981 800 1105 870 ejus
1135 806 1279 865 sunt,
1311 805 1369 854 et
1390 795 1593 855 offerre
1619 802 1675 852 et
1702 811 2048 868 suacorpora

441 889 679 945 hostiam
708 889 1009 945 viventem.

518 1027 540 1057 ι
578 1005 712 1061 Cum
751 1012 928 1063 autem
959 1003 1243 1061 introisset
1262 1001 1666 1076 Caplaarnaum,
1699 1001 1930 1059 accessit
1974 1001 2045 1058 ad

441 1110 564 1154 eum
597 1094 865 1160 centurio,
890 1109 1100 1168 rogans
1122 1108 1247 1149 eum
1279 1099 1331 1148 et
1350 1092 1548 1148 dicens
1582 1109 1597 1147 :
1628 1091 1883 1158 Domine,
1911 1106 2050 1163 puer

446 1199 603 1239 meus
624 1182 773 1254 jacet
802 1182 857 1237 in
888 1182 1052 1238 domo
1076 1181 1424 1255 paralyticus,
1455 1188 1509 1237 et
1537 1180 1990 1253 maletorquetur.
2016 1202 2039 1229 ιι

443 1270 571 1327 Non
602 1279 690 1327 est
717 1270 1052 1331 contrarium
1111 1269 1257 1342 quod
1317 1270 1491 1326 Lucas
1528 1269 1659 1325 dicit
1690 1287 1705 1323 :
1749 1292 1771 1317 α
1807 1267 1950 1323 Misit
1978 1267 2046 1323 ad

438 1374 564 1421 eum
594 1359 839 1417 seniores
858 1358 1095 1427 Iudaeos,
1128 1373 1331 1432 rogans
1361 1359 1526 1427 (Luc.
1564 1360 1641 1427 v),
1679 1380 1701 1407 υ
1736 1355 1877 1412 sicut
1906 1370 2036 1414 cum

433 1472 539 1538 per
593 1456 828 1513 amicum
877 1456 1153 1513 soleamus
1191 1455 1486 1527 pervenire
1518 1454 1588 1511 ad
1617 1452 1879 1527 aliquem.
1931 1454 2047 1511 Ve-

440 1553 756 1602 rumtamen
791 1561 896 1601 non
920 1545 1271 1621 negligenter
1300 1543 1559 1600 intuenda
1585 1550 1671 1600 est
1696 1544 1860 1599 etiam
1907 1544 2047 1599 Mat-

433 1634 553 1691 tbei
583 1633 816 1707 mystica
838 1634 1058 1702 solutio,
1109 1631 1411 1692 secundum
1443 1648 1601 1707 quam
1632 1633 1898 1705 scriptum
1963 1636 2048 1688 est

437 1730 495 1791 in
565 1730 782 1789 Psalmo
820 1748 836 1789 :
874 1754 896 1781 «ι
939 1730 1197 1788 Accedite
1257 1728 1331 1788 ad
1386 1747 1509 1786 eum
1561 1736 1615 1786 et
1669 1728 2046 1785 illuminamiui

440 1828 628 1901 (Psal.
663 1828 901 1900 χχχιιι).
948 1851 968 1878 ιε
1004 1828 1193 1899 Itaque
1222 1826 1329 1883 fide
1358 1828 1506 1882 venit
1537 1827 1803 1882 centurio.
1821 1825 1939 1882 Dici
1958 1831 2045 1887 la-

442 1931 572 1971 men
602 1924 786 1987 potest
813 1916 963 1989 quod
996 1916 1160 1971 etiam
1192 1931 1432 1987 corpore
1473 1916 1703 1983 venerit,
1736 1924 1787 1971 et
1812 1914 2048 1970 seniori-

446 2013 547 2067 bus
577 2012 781 2068 Judaeis
810 2022 1068 2084 tanquam
1121 2012 1475 2067 familiaribus
1530 2011 1728 2067 Christi
1750 2012 1896 2085 quod
1940 2012 2053 2067 Lu-

446 2118 539 2158 cas
568 2102 798 2173 explicat
847 2102 1079 2157 verbum
1112 2117 1268 2157 suum
1316 2101 1671 2169 commiserit,
1699 2109 1761 2165 ut
1812 2100 2055 2179 quotidie

436 2189 557 2246 fieri
587 2190 725 2247 solet
752 2198 877 2245 ante
907 2196 1185 2261 potentes.
1224 2190 1374 2246 Jacet
1395 2189 2056 2262 paralytiaus,torquetur

442 2288 608 2335 acuta
674 2279 883 2335 scilicet
938 2279 1221 2349 passione.
1286 2279 1416 2334 Haec
1446 2278 1520 2333 ita
1574 2277 1847 2349 exprimit,
1887 2285 1947 2333 ut
2000 2285 2055 2335 et

438 2368 637 2423 animae
664 2384 775 2423 sum
794 2367 1081 2440 angustias
1110 2366 1331 2434 indicet,
1367 2375 1418 2422 et
1436 2366 1713 2422 Christum
1747 2366 1817 2421 ad
1837 2365 2054 2423 miseri-

445 2456 689 2513 cordiam
721 2456 1256 2512 commoveat.Nunc
1282 2455 1527 2510 dicamus
1557 2455 1905 2511 commisceri
1926 2472 2052 2511 ser-

441 2545 547 2610 vis,
605 2552 669 2599 ut
714 2546 888 2601 Lucas
930 2543 1003 2599 ait
1050 2558 1063 2613 ;
1126 2542 1421 2599 moriturus
1477 2550 1593 2599 erat
1624 2558 1825 2599 servus
1864 2544 1911 2599 si
1939 2559 2053 2599 non

444 2633 663 2689 Domini
694 2634 775 2688 sui
807 2633 914 2688 ﬁde
935 2641 989 2688 et
1027 2632 1225 2689 Christi
1255 2632 1456 2705 pietate
1511 2633 1836 2689 redderetur
1890 2632 2040 2689 vitae.

446 2720 538 2778 Sic
560 2720 828 2779 Ezechias
877 2737 995 2789 rex,
1027 2722 1115 2777 cui
1161 2720 1430 2777 Dominus
1458 2731 1545 2776 ter
1589 2722 1787 2795 quinos
1842 2720 2052 2778 addidit

438 2824 614 2867 811803
627 2852 639 2865 .

518 2931 542 2958 ε
575 2908 662 2964 Ait
691 2907 771 2964 illi
823 2909 1017 2965 Iesus:
1051 2910 1169 2979 Ego
1225 2908 1463 2974 veniam,
1496 2914 1549 2965 et
1570 2908 1776 2965 curabo
1833 2923 1978 2965 eum.
2019 2932 2043 2958 η

442 3005 526 3061 Ad
556 3005 865 3061 sanandum
928 3004 1099 3079 reguli
1154 3004 1321 3059 tilium
1353 3004 1434 3060 ire
1482 3004 1674 3072 noluit,
1706 3021 1775 3061 ne
1832 3003 2047 3061 divitias

442 3093 748 3150 honorasse
771 3095 1075 3150 videretur.
1115 3095 1193 3149 Ad
1225 3094 1445 3150 servum
1478 3093 1559 3149 ire
1616 3103 1670 3150 et
1724 3093 1915 3161 sensit,
1974 3110 2045 3150 ne

1360 449 1371 459 .
1590 393 1927 455 WERNBRI
1961 391 2258 457 W118
2287 392 2347 452 8.
2386 392 2609 453 BLASII

440 540 605 601 quem
644 524 859 584 loeutus
887 539 1011 582 sum
1036 523 1197 582 vobis
1223 523 1416 594 (locis.
1453 520 1603 592 aut).
1638 521 1767 594 Ipsa
1801 518 2046 581 Christus
2070 523 2127 592 Α
2157 520 2377 580 eidemin
2401 520 2648 592 venient,
2706 529 2767 580 at
2814 521 3149 582 reamnbaat
3192 530 3319 579 eum
3371 519 3649 581 Abraham
3705 529 3770 581 et

2153 620 2311 677 Isaac
2337 626 2396 683 et
2447 619 2623 681 Iacob
2666 620 2726 677 in
2771 634 3004 693 regnum
3056 617 3340 677 scelerum.
3395 617 3517 675 Filii
3570 629 3766 678 unum

2155 716 2317 790 regni
2346 717 2641 786 ejicientur
2664 717 2722 772 in
2749 718 3007 775 tenebras
3035 716 3335 773 exteriores
3363 733 3375 771 :
3407 714 3482 770 ibi
3507 716 3613 772 erit
3652 715 3768 772 fle-

2154 812 2243 861 tus
2264 805 2542 862 etstridor
2589 806 2855 862 dentium.
2883 829 2906 855 ιο
2942 807 3064 862 Non
3095 804 3440 861 solummodo
3463 805 3564 859 iste
3617 819 3768 861 cen-

2154 894 2301 951 turio
2325 895 2397 951 de
2424 894 2683 967 gentibus
2710 901 2862 951 recte
2916 894 3088 952 credit
3124 894 3180 948 in
3208 894 3402 960 Deum,
3459 892 3557 949 sed
3601 893 3771 949 multi

2155 990 2389 1067 gentiles
2427 990 2605 1047 adhuc
2635 990 2860 1048 venient
2888 990 2960 1047 ad
2986 998 3195 1048 rectam
3245 987 3639 1047 credulitatem.
3681 990 3769 1047 De

2153 1079 2468 1137 nationibus
2518 1079 2813 1137 credituris
2862 1079 3033 1137 dicit:
3062 1076 3217 1136 multi
3270 1078 3497 1135 venient
3551 1082 3607 1135 et
3666 1094 3770 1135 re-

2155 1168 2435 1244 quiescent
2470 1168 2710 1226 feliciter
2738 1168 3035 1242 epulaturi.
3074 1166 3239 1225 Filios
3267 1170 3449 1224 autem
3475 1166 3636 1240 regni
3681 1166 3769 1223 di-

2156 1256 2227 1315 cit
2255 1258 2471 1315 Judeos
2498 1257 2553 1313 in
2585 1255 2783 1332 quibus
2811 1266 2937 1315 ante
2973 1255 3223 1329 regnavit
3263 1256 3437 1312 Deus.
3489 1254 3768 1312 Tenebras

2154 1355 2442 1421 supersunt
2470 1346 2908 1415 interiores,non
2937 1345 3262 1403 exteriores.
3287 1344 3502 1401 Scilicet
3527 1344 3769 1401 exterio—

2153 1450 2243 1492 res
2270 1434 2395 1492 ideo
2423 1433 2583 1492 dicta:
2631 1443 2776 1503 sunt,
2835 1435 3110 1509 quomodo
3155 1430 3357 1509 iumen
3390 1432 3607 1507 reliquit
3665 1434 3767 1505 qui

2154 1534 2447 1591 aDomino
2488 1533 2633 1590 foras
2665 1533 2978 1607 expellitur.
3018 1532 3123 1590 Ubi
3170 1531 3303 1589 dicit
3329 1532 3489 1588 ﬂetus
3517 1541 3570 1587 et
3623 1532 3764 1586 stri-

2155 1622 2258 1679 dor
2284 1622 2545 1693 dentium,
2578 1638 2766 1681 veram
2820 1621 3059 1679 ostendit
3088 1618 3568 1688 resurrectionem,
3627 1634 3761 1679 cum

2154 1720 2318 1778 ﬂetus
2346 1721 2416 1777 sit
2445 1719 2744 1788 oculorum,
2777 1728 2832 1777 et
2860 1719 3053 1776 dentes
3082 1726 3135 1775 et
3164 1732 3319 1779 ossa.

2236 1859 2259 1891 ι
2292 1836 2358 1893 Et
2382 1836 2517 1893 dixit
2543 1837 2703 1895 Iesus
2719 1834 3020 1895 centurioni
3056 1850 3068 1890 :
3102 1833 3274 1901 Vade,
3298 1832 3762 1893 ateicutcredidi-

2163 1923 2477 1981 stiﬁattibi.
2498 1924 2564 1979 Et
2589 1933 2812 1980 sanatus
2844 1931 2927 1979 est
2955 1939 3093 1995 puer
3117 1923 3173 1978 in
3194 1923 3288 1978 illa
3316 1922 3476 1978 hora.
3519 1946 3540 1970 α
3574 1922 3644 1977 Et
3674 1938 3763 1979 re-

2160 2029 2352 2068 versus
2369 2020 2455 2068 est
2482 2012 2726 2069 centurio
2757 2011 2810 2066 in
2842 2011 3063 2067 domum
3110 2026 3292 2078 suam,
3314 2018 3368 2066 et
3382 2010 3592 2066 invenit
3634 2026 3761 2067 ser-

2160 2117 2292 2165 vum
2319 2101 2417 2174 qui
2443 2100 2730 2177 languerat
2758 2115 2952 2157 sanum
2972 2101 3258 2170 (Luam).
3276 2098 3523 2155 Meritum
3538 2099 3764 2157 Domini

2163 2198 2370 2255 famulo
2397 2197 2746 2270 suﬂ’ragatur.
2805 2197 3182 2269 Intelligamus
3210 2196 3580 2254 centurionem
3628 2213 3762 2255 cor-

2160 2303 2294 2360 pore
2323 2288 2546 2345 tandem
2575 2286 2895 2359 pervenisse
2923 2287 2993 2341 ad
3007 2286 3318 2353 Dominum,
3350 2294 3538 2344 etcum
3551 2286 3635 2345 his
3667 2289 3763 2360 qui

2160 2383 2314 2438 missi
2345 2383 2562 2440 fuerant
2591 2383 2824 2439 rediisse
2870 2382 3113 2448 domum,
3143 2398 3264 2437 cum
3284 2382 3543 2438 Dominus
3565 2383 3766 2439 dixerit

2161 2472 2247 2528 ei:
2273 2474 2420 2528 Vade
2442 2488 2455 2543 ;
2476 2473 2563 2528 vel
2593 2472 2735 2529 sicut
2763 2488 2864 2545 per
2879 2471 3099 2527 nuntios
3126 2471 3445 2539 accessisse,
3475 2472 3555 2529 sic
3575 2479 3628 2528 et
3658 2488 3761 2545 per

2159 2562 2380 2619 nuntios
2411 2577 2670 2618 reversus
2700 2560 2870 2617 fuisse
2890 2560 3217 2617 attendatur.
3246 2560 3440 2617 Divina
3456 2560 3756 2634 providen-

2157 2650 2233 2709 tia
2290 2650 2462 2707 ,ιιιᾶωί
2510 2650 2666 2706 missi
2710 2658 2856 2721 sunt,
2915 2658 2975 2706 ut
3019 2648 3415 2707 inexcusabiles
3453 2648 3663 2719 fierent,
3710 2652 3759 2708 si

2156 2747 2275 2804 viso
2302 2747 2570 2809 miraculo
2600 2754 2653 2804 et
2682 2747 2942 2803 credente
2968 2746 3159 2821 gentili
3175 2746 3294 2804 viro
3321 2763 3430 2804 non
3445 2747 3752 2805 crederent.

2158 2836 2419 2893 Seniores
2447 2853 2549 2909 pro
2580 2835 2899 2893 centurione
2927 2843 2980 2893 et
3010 2834 3184 2890 sancti
3212 2851 3315 2907 pro
3344 2835 3753 2894 nobisinterce-

2156 2924 2288 2981 dunt
2312 2927 2379 2981 ad
2411 2925 2721 2980 dominum.
2769 2924 2967 2979 Milites
3006 2924 3340 2979 centurionis
3383 2933 3607 2997 possunt
3662 2926 3751 2980 in-

2154 3014 2327 3087 telligi
2353 3013 2576 3070 virtutes
2607 3012 2885 3069 naturales
2933 3027 3071 3085 quas
3098 3011 3251 3067 multi
3280 3027 3464 3069 secum
3506 3013 3753 3071 deferunt

2155 3103 2225 3158 ad
2259 3104 2551 3159 Dominum
2572 3104 2879 3159 venientes.
2913 3102 2997 3158 De
3024 3102 3228 3174 quibus
3279 3100 3334 3156 in
3357 3101 3573 3158 laudem
3620 3104 3750 3159 Cor-

437 3183 697 3239 servilem
730 3184 1103 3240 conditionem
1146 3183 1423 3255 sprevisse
1450 3191 1759 3254 putaretur.
1827 3184 1936 3238 Sed
1988 3183 2047 3238 in
2076 3243 2121 3264 η
2155 3191 2287 3248 nem
2341 3192 2681 3248 centurionis
2758 3190 2958 3247 dicitur
3018 3190 3112 3264 qui
3147 3213 3169 3240 α
3199 3198 3315 3246 erat
3366 3190 3450 3246 vir
3477 3190 3657 3262 justus
3696 3201 3750 3249 et

435 3271 635 3328 itinere
663 3274 838 3328 verba
865 3289 986 3328 eum
1043 3243 1272 3338 sanavit,
1296 3288 1369 3327 ne
1398 3243 1680 3343 putaretur
1708 3272 1791 3328 ire
1809 3272 1882 3329 ob
1935 3273 2043 3328 im-

2157 3243 2287 3248 η---
2346 3243 2673 3248 ---_-___-_-_
2764 3243 2945 3247 πη-.-
3026 3243 3111 3264 γ-
3477 3243 3655 3262 ,_--__
3700 3243 3747 3249 _-

2159 3287 2359 3344 timens
2391 3291 2563 3345 Deum
2595 3305 2722 3345 cum
2755 3288 2903 3344 omni
2932 3288 3096 3344 domo
3132 3304 3250 3355 sua,
3282 3286 3485 3344 faciens
3515 3288 3749 3346 eleemo—

437 3361 739 3433 potentiam
768 3371 824 3421 et
850 3376 963 3417 non
991 3362 1065 3417 ob
1094 3361 1481 3417 humilitatem.

510 3483 535 3508 κ
570 3460 635 3516 Et
664 3460 1004 3532 respondens
1044 3458 1290 3520 centurio
1312 3459 1386 3514 ait
1417 3474 1430 3514 :
1464 3460 1717 3526 Domine,
1779 3473 1886 3517 non
1919 3475 2040 3516 sum

435 3547 643 3622 dignas
671 3556 733 3604 ut
753 3549 925 3607 intres
966 3550 1070 3607 sub
1099 3557 1299 3606 tectum
1323 3562 1530 3617 meum,
1553 3554 1648 3605 sed
1693 3557 1905 3605 tantum
1955 3549 2045 3611 dic

434 3636 624 3703 verbo,
648 3643 701 3693 et
732 3639 1015 3694 sanabitur
1042 3652 1182 3709 puer
1208 3651 1393 3693 meus.
1419 3636 1565 3692 Nam
1591 3643 1646 3691 et
1663 3651 1771 3709 ego
1798 3652 1921 3693 sum
1938 3635 2044 3694 sub

435 3732 707 3797 potestate
734 3725 1083 3793 constitutus,
1142 3725 1352 3789 habens
1407 3724 1509 3785 sub
1564 3740 1657 3785 me
1709 3724 1929 3791 milites,
1988 3731 2044 3787 et

437 3814 567 3879 dico
585 3814 713 3877 huic
743 3833 755 3869 :
789 3815 941 3879 Vade
979 3823 1032 3877 et
1060 3814 1209 3877 vadit
1240 3830 1254 3883 ;
1287 3822 1342 3877 et
1369 3813 1465 3873 alii
1498 3833 1509 3869 :
1546 3814 1681 3873 Veni
1735 3822 1791 3871 et
1847 3814 1996 3875 venit
2024 3829 2038 3884 ;

434 3910 488 3967 et
508 3917 673 3967 servo
702 3919 826 3965 meo
859 3922 871 3959 :
902 3905 1012 3963 Fac
1041 3904 1149 3967 hoc
1174 3902 1397 3965 etfacit.
1431 3924 1457 3957 ι
1488 3904 1721 3974 PrOpter
1748 3902 1873 3965 vita
1898 3918 2047 3975 gen-

440 3993 552 4055 tilis
581 3993 977 4057 conscientiam
1003 3992 1284 4053 metuebat
1332 3991 1547 4065 gravari
1591 3992 1917 4055 Dominum.
1958 3992 2044 4051 Vi-

432 4090 513 4149 dit
540 4091 809 4149 Dominus
837 4090 1023 4160 fidem,
1052 4090 1439 4155 humilitatem,
1468 4089 1821 4161 prudentiam
1844 4099 2042 4147 conm-

433 4179 644 4241 rionis:
679 4178 865 4247 ﬁdem.
896 4180 1045 4253 quod
1074 4197 1139 4239 ex
1170 4180 1428 4252 gentibus
1455 4179 1684 4245 credidit
1717 4195 1731 4247 ;
1763 4180 2042 4241 humilita-

438 4284 571 4344 tem,
609 4278 755 4346 quod
784 4294 845 4335 se
867 4278 1134 4347 judicavit
1184 4278 1473 4351 indignum
1495 4278 1653 4348 cuius
1678 4285 1881 4335 tectum
1932 4280 2043 4336 Do-

436 4364 623 4423 minus
648 4366 878 4426 intraret
909 4382 923 4435 ;
956 4366 1300 4438 prudentiam
1354 4368 1501 4440 quod
1529 4368 1865 4424 divinitatem
1919 4382 2043 4424 eor-

433 4467 573 4524 pore
599 4461 794 4511 tectam
845 4455 1094 4526 agnovit.
1134 4454 1258 4523 Qua
1305 4455 1597 4527 prudentia
1643 4456 1806 4513 etiam
1859 4455 2039 4513 dixit:

432 4542 608 4601 Homo
630 4559 753 4602 sum
782 4552 839 4601 et
860 4544 1016 4601 mitto
1078 4544 1353 4614 homines,
1384 4545 1566 4605 «iens
1592 4544 1886 4607 Dominum
1940 4561 2037 4603 an-

430 4631 593 4704 gelos
622 4633 835 4699 mittere
865 4649 1054 4705 posse.
1094 4633 1251 4695 Unde
1263 4634 1546 4706 sequitur:

509 4769 531 4793 α
557 4745 804 4802 Audiens
830 4756 1011 4804 autem
1041 4748 1199 4803 Iesus
1232 4748 1457 4804 miratus
1486 4755 1653 4814 est,et
1680 4751 2034 4823 sequentibus

429 4848 490 4888 se
519 4834 651 4890 dixit
686 4849 700 4889 ε
733 4839 923 4903 Amen,
957 4852 1140 4901 amen,
1173 4838 1298 4893 dico
1323 4838 1500 4905 vobis,
1534 4853 1642 4893 non
1662 4840 1847 4896 inveni
1906 4847 2032 4895 tan-

428 4930 547 4979 tam
572 4923 739 4979 tidem
766 4924 824 4992 in
851 4926 1042 4989 Israel.
1064 4949 1089 4975 ι
1120 4925 1284 4995 Quod
1311 4927 1473 4982 Jesus
1498 4928 1728 4983 miratus
1757 4936 1859 4995 est,
1874 4929 2033 4986 nobis

410 5018 742 5077 mirandum
771 5021 1069 5095 signiﬁcat,
1098 5023 1232 5095 quia
1262 5023 1403 5080 tales
1426 5033 1629 5093 mutus,
1663 5041 1790 5085 eum
1817 5026 1889 5083 de
1916 5027 2034 5084 Deo

432 5114 711 5180 dicuntur.
744 5132 852 5173 non
884 5119 1186 5190 perturbati
1222 5119 1389 5181 animi
1417 5121 1581 5194 signa
1608 5130 1752 5189 sunt,
1810 5124 1910 5179 sed
1937 5123 2036 5179 ὁο-
2117 5175 2125 5183 .

428 5215 612 5273 cautis
637 5215 908 5289 magistri.
938 5216 1022 5272 De
1059 5217 1430 5288 prasentibus
1455 5220 1588 5285 dicit
1622 5236 1638 5276 :
1670 5221 1797 5276 Non
1850 5220 2039 5278 inveni

435 5310 639 5365 tantem
668 5303 833 5366 ﬁdem
863 5304 920 5363 in
970 5305 1163 5372 Israel.
1190 5322 1302 5367 non
1328 5307 1403 5367 de
1427 5309 1754 5380 patriarchis
1791 5319 1850 5368 et
1901 5326 2034 5382 pro-

429 5391 631 5463 phetis,
662 5393 769 5461 nisi
798 5394 943 5455 forte
972 5396 1027 5453 in
1056 5396 1377 5459 centurione
1407 5397 1548 5455 ﬁdes
1563 5399 1806 5471 gentium
1827 5415 2036 5472 praepo-

430 5493 590 5549 natur
655 5487 879 5549 lsraeli.
944 5490 1319 5553 Praesentibus
1374 5492 1505 5550 ideo
1560 5494 1842 5566 prmiortur
1897 5496 2036 5555 iist

430 5583 789 5651 centurionis,
822 5585 951 5656 quia
998 5586 1075 5649 illi
1103 5587 1244 5661 legis
1298 5592 1802 5666 prophetarumque
1851 5595 2034 5663 moni-

431 5676 499 5733 tis
529 5679 713 5739 edocti
742 5690 897 5741 erant
927 5701 941 5749 ;
976 5684 1097 5755 ipse
1122 5693 1305 5743 autem
1337 5688 1554 5745 nemine
1585 5689 1816 5747 docente
1837 5700 2036 5764 sponte

432 5775 686 5833 credidit.

511 5902 535 5929 ε
568 5881 705 5941 Dico
730 5890 913 5945 autem
944 5884 1127 5953 vobis.
1160 5889 1307 5959 quod
1327 5889 1483 5951 multi
1502 5891 1574 5953 ab
1603 5892 1831 5956 Oriente
1850 5903 1903 5955 et
1932 5895 2038 5957 Oc-

2059 4605 2121 4668 D

2161 3394 2328 3451 synas
2356 3378 2556 3434 multas
2586 3377 2756 3450 plebi,
2787 3385 2838 3433 et
2862 3378 3164 3449 deprecans
3180 3378 3744 3451 Deumsemper(.ict.

2153 3476 2236 3546 χ).
2282 3498 2303 3523 υ
2343 3473 2446 3544 Qui
2498 3483 2676 3530 autem
2734 3489 2848 3529 non
2894 3473 3037 3529 bene
3088 3481 3311 3529 utuntur
3353 3473 3478 3543 illis,
3527 3474 3745 3532 minime

2153 3573 2279 3619 sunt
2314 3563 2466 3636 digni
2494 3561 2801 3619 visitatione
2832 3561 3223 3619 Dei.Centurio
3255 3561 3457 3619 electos
3489 3579 3553 3619 ex
3599 3580 3741 3638 gen-

2152 3652 2295 3709 tibus
2324 3653 2581 3721 ostendit,
2639 3652 2730 3725 qui
2788 3650 2945 3725 quasi
2998 3651 3318 3709 centenario
3344 3651 3515 3708 milite
3567 3652 3742 3729 stipati

2150 3742 2407 3798 virtutum
2439 3741 2799 3813 spiritualium
2831 3748 2956 3797 sunt
3007 3741 3344 3814 perfectione
3373 3741 3651 3811 sublimes,
3691 3751 3742 3799 et

2152 3832 2270 3888 sola
2298 3840 2518 3887 aeterne
2570 3830 2760 3885 salutis
2785 3830 2985 3903 gaudia
3044 3830 3147 3885 sibi
3189 3831 3414 3902 suisque
3443 3831 3735 3903 requirunt.

2149 3928 2425 3983 Numerus
2454 3927 2603 3982 enim
2633 3925 2983 3983 centenarias
3018 3926 3109 3998 qui
3138 3925 3208 3982 de
3237 3924 3374 3982 laeva
3427 3926 3738 3983 transfertur

2156 4018 2225 4073 ad
2255 4017 2538 4072 dexteram
2563 4016 2851 4072 caelestem
2882 4014 3154 4088 significat
3204 4015 3565 4072 vitam.Unde
3617 4030 3736 4072 arca

2150 4108 2269 4164 Noe
2290 4114 2511 4165 centum
2538 4106 2705 4163 annis
2753 4104 3015 4175 fabricata
3067 4112 3153 4161 est
3184 4120 3198 4175 ;
3227 4104 3507 4167 Abraham
3552 4110 3736 4169 cente-

2150 4196 2338 4253 narius
2367 4192 2538 4253 ﬁlium
2568 4194 2951 4267 promissionis
3007 4194 3220 4266 accepit
3250 4214 3265 4259 ;
3297 4196 3453 4253 Isaac
3482 4194 3638 4257 sevit.
3684 4202 3738 4252 et

2149 4285 2207 4345 in
2251 4285 2377 4356 ipso
2432 4299 2576 4340 anno
2616 4283 2927 4355 centuplum
2972 4283 3179 4338 invenit
3232 4297 3246 4352 ;
3301 4283 3496 4341 atrium
3553 4283 3734 4341 taber—

2149 4373 2331 4430 naculi
2379 4381 2597 4433 centum
2658 4371 2854 4430 cubitis
2905 4370 3132 4444 longum
3179 4370 3311 4443 fuit;
3343 4371 3398 4428 in
3446 4373 3734 4433 centesimo

2149 4470 2383 4549 psalmo,
2397 4470 2776 4529 misericordia
2795 4469 3124 4540 etjudicium
3135 4477 3417 4528 cantantur
3431 4469 3679 4530 Domino.
3706 4494 3727 4520 υ

2155 4629 2473 4707 Quaestiode
2502 4645 2563 4687 eo
2598 4647 2611 4685 :
2644 4632 2693 4686 si
2709 4646 2876 4705 pares
2890 4631 3009 4687 sint
3025 4633 3279 4707 potestas
3299 4631 3464 4687 Deiot
3482 4630 3732 4691 voluntas

2882 4720 3008 4779 Dei.

2214 4834 2490 4906 Quaeritur
2514 4835 2586 4892 de
2612 4843 2881 4907 potestate
2910 4835 3031 4907 Dei,
3064 4836 3110 4897 si
3139 4836 3318 4907 major
3353 4845 3437 4901 est
3464 4837 3727 4901 voluntate

2142 4925 2290 4997 ejus.
2332 4924 2390 4981 Si
2410 4924 2560 4993 enim
2581 4924 2707 4998 plus
2753 4932 2935 4997 potest
2981 4926 3130 4991 Dona
3147 4941 3311 4998 quam
3342 4926 3477 4994 vult.
3526 4927 3729 4993 videtur

2142 5020 2387 5084 potestas
2413 5013 2535 5082 ejus
2560 5013 2737 5083 major
2795 5028 2961 5086 quam
2983 5013 3235 5073 voluntas
3263 5015 3409 5089 eius.
3473 5014 3531 5073 Si
3556 5022 3725 5079 autem

2147 5109 2395 5173 potestas
2424 5102 2550 5172 ejus
2580 5100 2757 5172 nzajor
2785 5111 2868 5159 est
2897 5118 3065 5181 quam
3114 5102 3364 5173 voluntas
3392 5104 3549 5183 ejuS._
3580 5104 3721 5169 Vide-

2144 5200 2229 5246 tur
2255 5190 2315 5253 in
2347 5206 2411 5247 eo
2442 5206 2566 5255 esse
2614 5191 2882 5262 inaequale
2912 5192 3139 5271 aliquid,
3164 5201 3218 5257 et
3288 5208 3401 5265 non
3445 5200 3587 5253 totus
3630 5193 3723 5247 sibi

2143 5278 2445 5335 convenire
2476 5279 2650 5339 Deus.
2708 5278 2994 5350 Quomodo
3041 5296 3177 5354 ergo
3230 5298 3396 5339 unum
3436 5291 3517 5341 est
3568 5289 3725 5339 totum

2152 5367 2297 5441 quod
2328 5376 2430 5435 est,
2464 5367 2513 5424 si
2544 5369 2722 5441 majus
2758 5369 3229 5427 etminusibiest‘?
3248 5370 3303 5431 Si
3326 5386 3458 5433 vero
3488 5370 3628 5431 idem,
3653 5378 3722 5429 est

2144 5456 2219 5511 illi
2249 5464 2303 5512 et
2335 5456 2477 5513 velle
2508 5466 2561 5514 et
2592 5460 2973 5530 posse.eadem
2991 5468 3325 5530 estpotestas
3339 5459 3723 5529 ejus,etvolun-

2142 5553 2228 5601 tas
2259 5546 2400 5615 ejus.
2421 5547 2477 5603 Si
2495 5554 2672 5602 autem
2690 5547 2831 5602 idem
2863 5546 3278 5616 iiiiestetposse
3311 5557 3365 5603 et
3396 5547 3555 5613 velle,
3587 5546 3723 5619 quid-

2147 5634 2280 5706 quid
2303 5634 2417 5689 vult
2444 5641 2647 5705 potest,
2673 5644 2726 5690 et
2756 5634 3015 5708 quidquid
3030 5644 3208 5708 potest
3238 5636 3373 5691 vult.
3414 5637 3534 5691 Vult
3564 5645 3720 5692 autem

2143 5736 2305 5781 omne
2336 5723 2483 5796 quod
2514 5723 2658 5789 fecit,
2685 5723 2811 5796 quia
2839 5732 3033 5780 contra
3053 5725 3401 5780 voluntatem
3426 5725 3563 5780 nihil
3591 5724 3715 5791 facit,

2144 5811 2236 5881 qui
2257 5812 2569 5867 voluntaria
2586 5810 2713 5868 facit
2731 5812 3000 5885 quidquid
3013 5813 3407 5873 iactationem
3421 5829 3580 5871 omne
3590 5814 3716 5886 quod

2145 5898 2571 5972 vultfaeit,qaia
2596 5899 2668 5958 ad
2701 5900 3079 5973 omniapnssa
3108 5901 3288 5973 adeat,
3311 5917 3439 5961 cum
3463 5902 3715 5960 vellanon
