3924 6456
178 396 276 457 8ῖ9
1175 407 1757 469 DEFLOBATIONES
1794 407 1874 467 ss
1934 408 2233 471 PATRUI.
2260 436 2335 453 ς»
2368 407 2494 463 LIB.
2535 407 2580 461 1.
3417 398 3518 455 830

188 520 357 581 deest.
391 526 462 584 Si
496 545 651 605 ergo
678 532 914 605 amplius
942 547 1051 591 non
1077 541 1251 606 potest
1276 534 1423 591 Deus
1451 533 1629 591 facere
1665 549 1825 606 quam
1855 532 1913 599 Α
1942 533 2060 604 eius
2116 530 2334 605 respicit
2384 540 2441 588 et
2504 536 2741 602 potestas
2809 530 2942 600 eius.
3000 527 3090 585 δίο
3142 526 3305 601 ἱείιυπ
3369 531 3526 596 νοω-

193 613 329 685 vult,
356 632 562 689 neque
592 620 834 691 amplius
882 619 1061 679 facere
1100 622 1213 679 vult
1257 639 1421 695 quam
1451 623 1595 693 facit,
1626 630 1834 679 constat
1937 628 2047 679 stas
2063 621 2245 681 divina
2273 628 2521 691 respectu
2574 619 2755 697 aliquo
2812 618 2881 677 ad
2935 616 3043 675 alia
3071 631 3129 672 se
3158 615 3322 673 habet
3364 627 3526 687 qmm

198 706 393 774 procul
423 706 634 777 dubio,
668 709 794 781 quia
823 710 1056 781 amplius
1098 710 1273 767 facere
1302 726 1407 766 non
1439 719 1617 783 potest
1668 727 1829 781 quam
1936 716 2201 783 voluntas,
2235 716 2362 788 quia
2385 722 2572 771 contra
2599 714 2927 770 voluntatem
2955 712 3091 767 nihil
3120 711 3308 769 habet.

207 799 362 854 facit.
420 800 486 856 Si
535 811 721 873 potest
762 804 906 858 Deus
937 805 1057 875 plus
1098 805 1272 859 facere
1304 822 1464 875 quam
1496 807 1630 871 vult,
1660 814 1832 877 potest
2009 805 2116 861 Sed
2145 806 2332 860 dicunt
2361 823 2374 859 :
2409 803 2466 858 Si
2496 805 2640 859 Deus
2690 802 2910 872 aliquod
2965 802 3143 856 facere
3182 806 3357 871 potest
3384 794 3528 867 quod

211 897 404 947 contra
440 892 791 949 voluntatem
839 909 993 949 suam
1042 894 1238 960 facere,
1282 903 1334 949 et
1381 895 1557 950 facere
1604 895 1831 966 quodin
1938 919 2047 959 non
2074 903 2207 970 vult,
2236 902 2441 975 aliquid
2495 901 2673 957 facere
2728 907 2904 972 potest
2958 907 3143 956 contra
3195 898 3526 957 voluntatem

216 979 499 1035 voluntate
562 997 676 1037 non
735 982 919 1048 habet,
967 988 1016 1037 et
1046 991 1124 1038 est
1151 990 1387 1056 potestas
1417 984 1530 1053 ejus
1568 983 1831 1040 contraria
1938 1007 2128 1061 suam;
2160 993 2205 1046 si
2247 1000 2425 1047 autem
2477 998 2665 1047 contra
2716 990 3046 1045 voluntatem
3091 986 3295 1057 aliquid
3354 984 3531 1039 facere

218 1075 487 1131 voluntati
521 1074 661 1145 ejus.
714 1078 866 1135 Unde
923 1094 1257 1150 consequens
1301 1096 1414 1135 esse
1440 1080 1670 1147 videtur,
1706 1079 1832 1151 quia
1940 1088 2135 1153 potest,
2166 1095 2275 1136 non
2303 1087 2383 1134 est
2410 1080 2770 1149 omnipotens,
2820 1077 2911 1148 qui
2954 1076 3075 1148 cogi
3107 1082 3281 1146 potest
3308 1073 3525 1139 invitus,

218 1165 358 1219 sicut
387 1180 557 1219 omne
589 1166 736 1237 quod
763 1174 942 1236 potest
968 1175 1020 1223 et
1051 1167 1179 1235 vult,
1216 1168 1363 1234 facit,
1394 1168 1471 1225 sic
1499 1184 1658 1224 omne
1688 1168 1831 1240 quod
1940 1178 1995 1224 et
2021 1169 2144 1224 duci
2164 1168 2234 1226 ad
2260 1168 2314 1223 id
2343 1166 2487 1238 quod
2541 1184 2652 1223 non
2703 1166 2836 1221 vult.
2886 1164 2993 1222 Sed
3047 1164 3227 1220 videte
3254 1160 3527 1233 quomodo

221 1251 353 1308 facit
384 1261 567 1324 potest
615 1261 668 1310 et
714 1255 829 1312 vult
856 1255 967 1324 sic;
1016 1270 1179 1312 omne
1206 1256 1351 1330 quod
1390 1265 1568 1328 potest
1596 1257 1725 1324 vult,
1755 1256 1833 1313 sic

1956 1267 2227 1323 :ohaareat.
2258 1263 2417 1334 Quod
2442 1263 2644 1333 dicunt,
2690 1262 2817 1335 quia
2862 1262 2907 1316 si
2948 1262 3093 1315 Deus
3128 1257 3331 1328 aliquid
3357 1263 3531 1328 potest

218 1365 390 1406 omne
439 1348 589 1420 quod
646 1351 761 1409 vult
812 1359 1005 1424 potest.
1057 1352 1164 1407 Sed
1192 1354 1237 1408 si
1266 1354 1368 1409 hoc
1411 1353 1665 1423 recipitur
1690 1352 1832 1423 quod
1942 1354 2087 1425 quod
2116 1354 2295 1410 facere
2320 1369 2430 1407 non
2484 1352 2614 1419 vult,
2664 1368 2794 1422 ergo
2841 1358 3025 1407 contra
3052 1348 3382 1405 voluntatem
3424 1344 3530 1399 ali-

218 1439 376 1497 Deus
404 1439 517 1494 alio
546 1439 733 1510 modo,
766 1440 853 1494 vel
881 1440 1035 1497 aliter
1079 1441 1215 1496 nihil
1256 1441 1433 1498 facere
1478 1442 1643 1513 possit
1672 1457 1833 1511 quam

216 1526 360 1583 facit
418 1544 487 1582 ex
544 1528 884 1597 necessitate,
940 1536 1192 1601 operatur
1246 1530 1451 1599 omnia,
1496 1538 1547 1586 et
1588 1530 1838 1604 alligatur
1942 1531 2161 1598 faceret,
2191 1530 2233 1585 si
2266 1530 2467 1586 faceret
2512 1528 2655 1600 quod
2712 1528 2887 1583 facere
2939 1526 3148 1581 nollet:
3198 1538 3308 1578 non
3351 1528 3530 1583 autem

215 1633 393 1694 atque
452 1623 838 1697 constringitur
893 1625 1016 1697 lege
1071 1641 1295 1698 Operam
1343 1642 1583 1695 suorum,
1632 1635 1689 1682 ut
1732 1628 1836 1683 do-
1944 1629 2164 1697 idcirco,
2197 1628 2324 1698 quia
2369 1625 2569 1697 aliquid
2623 1625 2799 1681 facere
2841 1630 3015 1695 potest
3043 1620 3186 1693 quod
3216 1620 3391 1679 facere
3422 1633 3531 1675 non

213 1713 471 1769 minetur
498 1714 549 1768 ei
578 1714 817 1769 conditio
873 1714 1052 1787 aperis
1106 1716 1208 1770 sui.
1271 1715 1379 1771 Sed
1434 1717 1536 1772 hoc
1582 1716 1735 1770 nefas
1761 1732 1839 1782 est
1946 1717 2079 1783 vult,
2111 1723 2295 1771 contra
2341 1716 2669 1771 voluntatem
2716 1729 2869 1769 suam
2898 1713 3078 1767 facere
3105 1716 3296 1781 potest,
3331 1706 3458 1778 quia
3485 1706 3530 1761 si

213 1800 502 1857 conﬁteri.
544 1801 832 1873 Quomodo
892 1819 1045 1877 ergo,
1095 1804 1358 1873 inquiunt,
1400 1804 1544 1859 idem
1596 1812 1675 1859 est
1726 1805 1838 1863 Deo
1947 1814 2003 1870 id
2033 1814 2232 1870 faceret
2261 1814 2405 1884 quod
2435 1813 2609 1867 facere
2640 1818 2833 1882 potest,
2875 1818 2928 1864 et
2953 1824 3061 1864 non
3097 1809 3229 1875 vult,
3256 1807 3375 1877 jam
3400 1802 3532 1861 illud

211 1898 374 1954 velle
406 1907 461 1953 et
493 1913 674 1973 posse.
705 1898 747 1952 si
778 1898 957 1969 major
1002 1908 1081 1954 est
1129 1908 1362 1971 potestas
1391 1902 1508 1972 ejus
1544 1918 1705 1971 quam
1735 1918 1835 1958 vo—
1863 1892 1915 1953 Β
1946 1903 2121 1961 facere
2152 1902 2312 1961 vellet
2339 1900 2482 1973 quod
2513 1901 2730 1967 faceret,
2792 1900 2927 1953 sicut
2981 1896 3167 1964 modo,
3198 1894 3327 1964 quia
3354 1893 3531 1948 facere

208 1986 461 2042 luntas?
492 1986 681 2041 Videte
711 1987 836 2058 quid
868 1988 1069 2043 dicunt.
1118 1988 1313 2057 major,
1341 1990 1605 2061 inquiunt,
1637 2006 1833 2045 secun-
1944 2015 2053 2056 non
2081 1999 2213 2063 vult,
2245 2014 2353 2055 non
2381 1997 2533 2064 facit,
2590 1996 2734 2066 quod
2792 2004 2969 2051 tamen
3027 1994 3201 2049 facere
3245 1997 3443 2067 posset,
3487 1988 3531 2047 si

208 2077 358 2131 dum
421 2091 523 2131 vos
574 2082 656 2130 est
709 2083 946 2145 potestas
998 2077 1096 2133 Dei
1152 2093 1314 2149 quam
1372 2078 1620 2134 voluntas
1682 2080 1826 2151 ejus.

211 2170 413 2241 Quare
435 2171 465 2224 ε)
494 2172 621 2242 quia
650 2171 826 2226 dicitis
882 2173 1055 2228 Deum
1112 2174 1230 2245 plus
1286 2190 1441 2245 posse
1470 2190 1633 2244 quam
1663 2176 1826 2231 velle.

210 2259 522 2315 Intendite.
557 2259 615 2315 Si
645 2260 843 2315 idcirco
892 2261 1062 2331 major
1089 2260 1251 2317 debet
1280 2262 1381 2317 dici
1414 2272 1646 2333 potestas
1675 2280 1835 2333 quam

213 2349 488 2403 voluntas
516 2347 652 2419 ejus,
706 2347 835 2418 quia
875 2348 1041 2403 multa
1082 2349 1261 2404 facere
1296 2358 1488 2420 potest,
1510 2367 1630 2420 qua:
1660 2351 1835 2407 facere

218 2451 344 2491 non
378 2435 532 2490 vult:
567 2452 697 2510 ergo
730 2444 781 2490 et
809 2436 1056 2491 voluntas
1085 2438 1261 2508 major
1290 2456 1403 2493 esse
1433 2440 1638 2494 dicatur
1675 2454 1834 2508 quam

217 2531 496 2595 potestas,
539 2524 793 2594 quoniam
827 2525 991 2579 multa
1015 2541 1135 2593 quae
1159 2525 1332 2579 facere
1363 2534 1536 2597 potest
1564 2542 1669 2580 non
1689 2526 1833 2595 facit,

220 2607 364 2679 quia
394 2607 575 2663 facere
604 2622 713 2661 non
742 2608 883 2676 vult;
942 2609 983 2662 si
1042 2609 1182 2664 enim
1224 2618 1458 2679 potestas
1505 2610 1681 2679 major
1708 2609 1838 2663 dici-

220 2714 341 2774 tur,
378 2704 506 2774 quia
535 2703 866 2759 voluntatem
916 2705 1259 2773 transcendit,
1302 2713 1353 2760 et
1383 2707 1627 2760 voluntas
1664 2705 1840 2775 major

224 2793 468 2862 dicatur,
504 2792 630 2863 quia
686 2798 1001 2864 potestatem
1050 2794 1392 2864 constringit.
1433 2794 1538 2849 Sed
1581 2795 1716 2848 sicut
1745 2810 1839 2865 po-

225 2896 406 2944 testas
434 2904 541 2943 non
572 2896 887 2957 coarctatur,
938 2887 991 2942 id
1040 2897 1119 2943 est
1146 2906 1210 2943 c0
1249 2890 1390 2960 quod
1422 2890 1536 2944 sine
1568 2889 1838 2944 voluntate

224 2977 377 3031 nihil
405 2985 676 3046 operatum
709 2976 783 3031 ita
810 2983 864 3031 et
918 2977 1165 3032 mlum“
1213 2993 1318 3033 non
1376 2985 1655 3047 superam"
1684 2978 1737 3031 ίη
1773 2993 1837 3032 ρο
1949 3014 2012 3054 ea
2031 3012 2151 3067 qum
2180 2976 2416 3050 facturus
2444 3002 2525 3049 est
2562 3000 2786 3050 tantum.
2818 2992 3134 3047 Ambrosius
3179 2988 3322 3045 enim
3367 2986 3533 3041 dicit:

228 3074 391 3174 quod
419 3088 528 3174 non
557 3074 839 3174 admomnia
868 3076 1071 3174 qum-in
1118 3084 1375 3146 potestate
1405 3084 1529 3129 sunt
1556 3076 1829 3174 dilatatur.
1954 3117 1977 3145 υ
2022 3092 2423 3149 pmdesunam
2450 3092 2595 3145 Deus
2620 3090 2910 3161 impiorum
2952 3090 3276 3160 gehennam,
3307 3083 3402 3141 sed
3430 3097 3541 3138 ,οι

227 3164 369 3263 Tm?
395 3170 535 3263 simi:
569 3160 807 3263 ἔθρεψέν
842 3172 903 3263 οἳ.
947 3163 1195 3263 egemus;
1221 3173 1271 3220 θῑ
1300 3173 1590 3263 τοςρθξίυεο
1632 3164 1839 3221 ῩΟῙυΨ
1872 3246 1916 3263 ἡ
1949 3160 2903 3255 prasdestinavitimpiorumculpam.
2930 3200 2951 3224 ιι
2979 3175 3135 3244 Quod
3152 3175 3295 3228 enim
3310 3172 3544 3229 facturus

229 3261 322 3309 tas
351 3253 519 3325 igitur
544 3260 598 3308 et
624 3258 861 3323 potestas
889 3252 941 3306 in
964 3252 1097 3320 Deo,
1118 3252 1310 3308 affectu
1340 3261 1391 3309 et
1421 3252 1612 3308 effectu
1675 3268 1839 3307 unum

1956 3246 2052 3327 iuit
2079 3246 2497 3342 praedestinavit,
2546 3266 2689 3337 quod
2745 3246 2923 3321 autem
2984 3264 3217 3319 laeuirus
3272 3277 3381 3317 non
3423 3260 3542 3328 fuit,

228 3359 387 3417 sunt,
433 3351 527 3406 sed
582 3358 827 3421 respectu
885 3349 952 3405 ad
1016 3368 1179 3405 unum
1226 3368 1336 3406 non
1384 3358 1524 3405 sunt.
1558 3350 1844 3420 Quomodo
1950 3362 2047 3417 sed
2101 3359 2481 3432 permissu-[15‘
2525 3372 2637 3413 non
2689 3353 3113 3425 prwdcstinayit’
3169 3351 3263 3406 sed
3314 3348 3542 3423 ρι-ωδοί-

230 3441 365 3495 haec
394 3439 501 3495 duo
529 3440 582 3493 in
614 3438 728 3494 Deo
759 3437 950 3494 aﬂ'ectu
978 3456 1143 3493 unum
1200 3448 1322 3494 sunt
1350 3440 1380 3492 εν
1399 3440 1523 3511 quia
1554 3440 1607 3493 in
1638 3439 1845 3494 Christo
1952 3457 2048 3516 γη,

229 3545 346 3586 nec
374 3528 625 3586 voluntas
677 3528 792 3582 sine
840 3535 1098 3600 potestate
1151 3536 1248 3595 est,
1307 3543 1406 3582 nec
1462 3535 1695 3601 potestas
1732 3526 1845 3579 sine
2123 3557 2500 3616 Εχροειτιο
2539 3558 2634 3613 DE
2667 3555 2915 3611 EODEM
2951 3552 3375 3610 κγΑΝρΕωο,

233 3629 552 3725 Y°3““'4‘°'
582 3626 832 3725 ,Ροφεωδ
881 3627 997 3685 Sine
1042 3627 1314 3725 Yoiunmw
1345 3623 1579 3725 eiset’fi
1610 3626 1846 3698 aliquam
2029 3691 2052 3718 «ι
2085 3668 2227 3723 Cum
2257 3665 2618 3721 descendisset
2670 3664 2822 3717 Jesus
2847 3662 2915 3717 de
2945 3668 3147 3725 monte,
3179 3667 3379 3714 secutae
3421 3667 3546 3713 sunt

234 3716 473 3773 haberet
500 3714 797 3786 potentiam
830 3732 991 3786 quam
1047 3716 1246 3772 habere
1300 3715 1483 3772 nollet.
1516 3715 1716 3770 Rursus
1754 3731 1847 3771 vo-

1956 3774 2075 3813 eum
2673 3714 3075 3820 ξιίΐαέιὴϊνηί).
3114 3714 3147 3797 η’
3170 3747 3310 3816 Quia
3354 3747 3543 3817 voluit,

237 3806 427 3910 him“
481 3806 599 3910 si"?
636 3812 898 3910 Ρουῖδίῗίθ
934 3805 1212 3910 έδῗθίκῗί
1252 3803 1723 3910 ,Ψίαιῖῗηδθλῖθη
1780 3819 1847 3857 ex
2546 3803 2826 3904 Emisit.
2878 3803 3329 3900 inkrlheminw
3382 3803 3545 3896 habi;

238 3904 467 3971 virtute,
499 3898 594 3957 sed
637 3918 705 3957 ex
752 3899 1058 3955 infirmitate
1100 3899 1303 3972 aliquid
1333 3900 1516 3955 vellet.
1555 3898 1694 3969 Quia
1719 3914 1848 3970 ergo

252 3999 296 4010 κ.
333 3998 567 4010 .4-.-,A_A
601 3991 646 4010 !_
683 3991 694 4010 9
720 4006 791 4010 ᾗ--
829 4006 1038 4010 _-______
1100 3999 1168 4010 --ι
1223 3990 1513 4010 ___L___n__._'_
1578 3995 1622 4010 ,Α
1653 3988 1811 4010 _--l--_
2074 3986 2086 4010 ν

242 3999 301 4046 et
330 3998 571 4061 pomsms
599 3991 652 4045 in
682 3991 799 4063 ipso
825 4006 1039 4089 εθτηυθτ
1094 3999 1171 4045 θδί
1202 3990 1542 4089 ,νοωῠωῆω
1573 3995 1626 4044 ει
1653 3988 1849 4044 mlun-
2123 3988 2560 4084 ’ξειῐῖεῂνῷἱέ
2903 4021 3269 4077 credulitatem
3311 4017 3548 4089 mysticis

243 4100 334 4145 tas
362 4090 704 4162 potestativa,
764 4088 1017 4159 quoniam
1074 4087 1218 4161 quod
1276 4095 1449 4159 potest
1505 4102 1664 4142 omne
1694 4101 1847 4158 posse

1956 4120 2284 4176 informavit.
2340 4117 2528 4172 Paucis
2597 4112 2872 4183 discipulis
2927 4113 2982 4165 in
3034 4116 3220 4165 monte
3285 4087 3548 4163 Dominus

241 4178 388 4247 vult,
420 4186 473 4233 et
502 4178 646 4249 quod
675 4178 789 4233 vult
842 4192 1023 4243 omne,
1058 4192 1124 4232 ex
1154 4182 1417 4249 potestate
1459 4175 1572 4232 vult
1606 4194 1616 4229 :
1652 4174 1850 4229 idcirco
2206 4174 2209 4175 ⁷
2734 4174 2750 4183 ⁵

246 4278 263 4289 .
345 4278 398 4291 ρ..
452 4276 512 4291 .,
787 4282 798 4291 ,
868 4281 901 4291 ,ν
1024 4273 1034 4284 .
1090 4290 1099 4291 ί
1208 4272 1251 4291 ί,
1956 4218 2343 4291 ρι’ωᾱιεθνθηιῐ
2379 4231 2479 4271 nec
2533 4221 2656 4268 tunc
2712 4210 2882 4265 turbae
2912 4208 2981 4265 ad
3009 4224 3129 4264 eum
3162 4206 3536 4262 ascenderant.

243 4278 305 4331 in
341 4276 552 4333 Christo
583 4292 681 4330 nec
711 4281 944 4348 potestas
994 4273 1108 4329 sine
1162 4272 1435 4331 voluntate
1490 4280 1586 4340 est,
1622 4288 1720 4327 nec
1749 4287 1851 4326 vo-
1956 4272 2243 4363 elidit
2270 4305 2532 4359 Dominus
2588 4301 2661 4356 de
2718 4307 2918 4366 monte,
2949 4306 3000 4353 et
3026 4304 3223 4351 secum
3273 4300 3395 4350 sum
3423 4306 3548 4348 eum

1942 1441 2071 1515 quid
2101 1441 2275 1497 facere
2305 1448 2498 1513 potest.
2530 1441 2728 1495 Contra
2782 1438 3108 1493 voluntatem
3147 1450 3300 1490 suam
3332 1433 3530 1504 quippe

1942 2088 2121 2143 vellet.
2174 2086 2263 2141 Sic
2321 2085 2653 2157 praescientia
2709 2091 2762 2139 et
2815 2080 3210 2153 prasdestinatio
3239 2080 3295 2134 in
3326 2080 3459 2147 Deo,
3488 2076 3533 2131 si

1942 2176 2237 2231 secundum
2290 2182 2592 2245 respectum
2627 2172 3048 2238 considerantur,
3105 2167 3433 2224 dissimiliter
3474 2180 3531 2217 se

1942 2273 2162 2340 habent,
2195 2287 2316 2327 cum
2348 2278 2527 2326 tamen
2550 2270 2606 2324 in
2636 2270 2748 2325 Deo
2796 2284 2963 2322 unum
3010 2268 3142 2323 sint.
3197 2260 3534 2323 Praiscientia

1944 2362 2089 2418 enim
2119 2368 2171 2414 et
2200 2360 2267 2416 ad
2300 2360 2441 2414 male
2469 2367 2523 2413 et
2549 2358 2616 2413 ad
2654 2358 2799 2414 bona
2849 2374 2905 2411 se
2962 2356 3141 2419 habet,
3190 2351 3535 2426 praedestina-

1946 2450 2020 2506 tio
2048 2449 2118 2505 ad
2138 2450 2281 2504 bona
2309 2456 2535 2503 tantum.
2567 2446 2763 2501 Omnia
2803 2446 3001 2515 quippe
3042 2445 3217 2498 futura
3244 2439 3530 2512 praescivit,

1944 2549 2145 2603 electos
2199 2555 2379 2602 autem
2426 2552 2629 2600 tantum
2702 2542 3115 2615 praedestinavit.
3175 2539 3432 2596 Similiter
3481 2543 3536 2592 et

1948 2635 2346 2707 praidestinatio
2377 2633 2590 2703 quando
2646 2648 2747 2702 pro
2802 2631 3150 2701 dispositione
3177 2627 3455 2698 accipitur,
3479 2626 3535 2683 in

1944 2732 2191 2796 respectu
2242 2732 2424 2779 tamen
2498 2721 2849 2793 praeseientize
2887 2718 3153 2789 pariﬁcari
3208 2731 3317 2770 non
3362 2721 3539 2784 potest

1946 2822 2075 2892 quia
2104 2819 2440 2890 praescientia
2467 2818 2565 2874 Dei
2595 2826 2647 2873 et
2675 2817 2743 2871 ad
2773 2833 2837 2873 ea
2890 2831 3012 2885 quae
3042 2815 3277 2871 facturus
3312 2818 3389 2866 est
3418 2825 3539 2880 per-

1947 2910 2082 2963 tinet
2107 2916 2159 2962 et
2196 2923 2316 2978 qua:
2371 2906 2747 2976 permissurus,
2801 2900 3200 2974 prmdestiuatio
3253 2906 3431 2955 autem
3469 2896 3538 2952 ad

246 4365 432 4422 luntas
459 4366 575 4419 sine
602 4372 883 4435 potestate.

329 4472 593 4529 Similiter
621 4472 676 4527 in
706 4470 895 4527 effectu
942 4487 1041 4528 nec
1079 4470 1325 4527 voluntas
1354 4486 1386 4525 a
1414 4476 1703 4539 potestate,
1755 4483 1854 4522 nec

251 4578 494 4644 potestas
520 4587 555 4626 a
579 4570 852 4625 voluntate
881 4569 1148 4625 ullatenus
1181 4566 1417 4637 separari
1449 4574 1641 4637 potest.
1674 4564 1849 4635 Quid-

254 4660 390 4732 quid
419 4659 564 4714 enim
612 4659 758 4714 Deus
805 4656 1103 4714 voluntarie
1151 4656 1298 4725 facit,
1332 4655 1459 4711 facit
1487 4663 1539 4711 et
1567 4661 1846 4726 potestate.

258 4750 328 4803 Et
353 4764 565 4803 rursum
601 4766 613 4802 :
647 4746 903 4817 quidquid
937 4746 1065 4801 facit
1090 4752 1370 4816 potestate,
1408 4743 1534 4799 facit
1563 4751 1615 4800 et
1669 4743 1856 4798 volun-

260 4855 389 4915 tate,
425 4845 551 4918 quia
581 4845 764 4901 omnia
793 4860 913 4914 quee
944 4843 1073 4898 facit
1097 4852 1150 4897 et
1193 4843 1485 4909 voluntate,
1518 4849 1567 4897 et
1595 4846 1856 4910 potestate

263 4936 413 4991 facit.
445 4936 596 5006 Ergo
624 4934 682 4989 in
726 4933 875 4989 omni
912 4947 1077 5003 opere
1133 4946 1231 4986 suo
1274 4931 1419 4985 Deus
1445 4937 1498 4983 et
1526 4929 1856 4985 voluntatem

263 5034 315 5080 et
341 5031 663 5095 potestatem
684 5029 916 5086 exercet,
960 5035 1061 5075 nec
1100 5037 1157 5075 se
1192 5019 1438 5075 dividunt
1464 5018 1517 5073 in
1547 5033 1706 5088 opere
1738 5032 1857 5086 qua:

265 5122 433 5177 dividi
464 5136 572 5175 non
600 5126 825 5189 possunt
878 5118 933 5172 in
990 5124 1264 5189 eperante.
1312 5116 1402 5170 Sic
1456 5130 1587 5185 ergo
1626 5121 1859 5185 potestas

264 5221 360 5276 Dei
391 5228 447 5275 et
471 5219 721 5276 voluntas
774 5224 827 5271 et
880 5213 1072 5271 affectu
1126 5215 1181 5270 in
1236 5214 1377 5284 ipso,
1434 5219 1487 5268 et
1543 5210 1735 5266 eﬂectu
1764 5226 1859 5281 per

266 5310 439 5380 ipsum
498 5307 736 5364 indivisa
792 5311 1135 5376 perseverant
1176 5309 1423 5374 respectu
1476 5309 1628 5356 extra
1682 5300 1855 5370 ipsum

266 5406 590 5463 dissimiliter
618 5420 677 5460 se
707 5402 1091 5458 demonstrant.
1115 5401 1255 5473 Quia
1274 5400 1419 5455 enim
1440 5400 1583 5454 Deus
1600 5396 1860 5453 veraciter

264 5524 365 5564 non
418 5522 584 5563 omne
645 5500 793 5571 quod
846 5507 1024 5572 potest
1076 5500 1214 5556 velle
1261 5498 1470 5560 dicitur,
1523 5496 1648 5566 quia
1692 5495 1858 5550 multa

264 5597 437 5655 facere
464 5599 651 5667 potest
678 5606 797 5662 qua
827 5590 1005 5646 facere
1035 5604 1142 5643 non
1171 5588 1288 5645 vult
1326 5605 1341 5653 ;
1400 5587 1531 5641 nihil
1560 5592 1737 5641 autem
1768 5583 1857 5638 fa—

256 5716 370 5757 cere
401 5698 518 5755 vult
550 5690 702 5766 quod
735 5688 911 5744 facere
958 5702 1067 5742 non
1111 5693 1284 5757 potest
1315 5701 1328 5737 :
1362 5683 1484 5739 ideo
1512 5682 1582 5737 ad
1610 5680 1859 5750 quaedam

254 5788 473 5864 respicit
499 5786 752 5858 potestas
796 5777 914 5849 ejus
962 5775 1033 5832 ad
1085 5792 1206 5846 quae
1235 5789 1343 5830 non
1370 5771 1585 5843 respicit
1614 5768 1861 5825 voluntas

253 5894 401 5967 ejus;
456 5882 534 5943 ad
596 5875 786 5936 omnia
838 5883 1019 5931 autem
1075 5873 1143 5929 ad
1198 5887 1319 5943 quae
1371 5869 1589 5941 respicit
1615 5865 1861 5925 voluntas

1958 4405 2130 4459 turbae
2153 4403 2358 4457 multa.
2406 4422 2428 4449 α
2462 4399 2529 4453 Et
2564 4414 2689 4454 ecce
2728 4396 2971 4465 leprosus
3017 4392 3240 4449 veniens
3288 4390 3551 4446 adorabat

1960 4508 2082 4548 eum
2114 4493 2297 4546 dicens
2333 4505 2346 4557 ;
2397 4488 2645 4554 Domine,
2677 4486 2721 4539 si
2758 4484 2856 4547 vis,
2889 4490 3043 4551 petes
3085 4497 3173 4535 me
3202 4478 3482 4534 mundare.
3520 4500 3543 4525 υ

1962 4582 2010 4637 Ο
2039 4588 2237 4651 quanta
2266 4577 2400 4632 ﬁdes
2443 4574 2684 4646 leprosi?
2734 4572 2987 4627 Audierat
3031 4571 3275 4639 leprosus
3298 4569 3398 4622 iste
3425 4566 3553 4636 quia

1962 4680 2031 4733 de
2061 4679 2178 4733 Deo
2204 4677 2458 4745 scriptum
2488 4679 2636 4727 erat:
2677 4693 2700 4720 α
2742 4669 2941 4726 Omnia
2985 4681 3316 4738 Quaecunque
3356 4664 3550 4729 voluit,

1964 4768 2227 4823 Dominus
2282 4764 2407 4819 fecit
2458 4762 2631 4830 (Poal.
2680 4762 2922 4827 cxxxtv).
2958 4776 2982 4805 υ
3032 4754 3285 4809 Audierat
3333 4752 3551 4822 quidem

1964 4856 2089 4926 quia
2119 4870 2216 4925 per
2260 4854 2493 4907 Eliseum
2522 4851 2768 4904 Naaman
2796 4846 3096 4917 principem
3122 4842 3310 4913 Syria,
3341 4842 3399 4894 in
3424 4841 3550 4895 Jor-

1964 4953 2103 5008 dane
2135 4953 2376 5015 tinctum,
2428 4962 2463 5003 a
2520 4948 2668 5019 lepra
2703 4945 2982 5003 mundavit
3035 4942 3314 5007 Dominus,
3347 4947 3402 4994 et
3427 4938 3555 5008 quia

1966 5040 2229 5095 Dominus
2253 5038 2436 5093 omnia
2467 5035 2593 5091 fecit
2618 5035 2735 5090 sola
2787 5034 3078 5099 voluntate,
3126 5030 3203 5086 ait
3248 5030 3333 5084 ei:
3380 5050 3403 5077 κ
3436 5028 3554 5082 Πον-

1965 5130 2130 5192 mine,
2179 5126 2224 5181 si
2271 5126 2356 5181 vis
2396 5133 2549 5193 potes
2586 5140 2677 5179 me
2731 5123 3012 5177 mundare.
3048 5142 3071 5169 »ι
3106 5120 3228 5173 Non
3254 5116 3474 5187 quidem
3503 5122 3555 5170 te

1965 5223 2247 5295 oportebat
2268 5221 2483 5291 jubere,
2511 5222 2606 5275 sed
2633 5220 2791 5286 velle,
2824 5219 2950 5288 quia
2976 5224 3031 5274 et
3055 5216 3381 5271 voluntatem
3410 5220 3553 5267 tuam

1964 5313 2201 5383 sequitur
2229 5317 2479 5382 potestas.
2515 5310 2659 5380 Ergo
2685 5332 2707 5357 ‹‹
2742 5309 2787 5362 si
2814 5308 2896 5363 vis
2915 5316 3067 5376 potes
3095 5321 3184 5359 me
3211 5301 3490 5358 mundare.
3527 5323 3549 5348 υ

1966 5403 2168 5457 Videas
2217 5401 2395 5469 itaque
2448 5397 2713 5452 Dominus
2770 5396 3015 5452 vocantis
3062 5393 3244 5459 ﬁdem,
3275 5399 3330 5447 et
3357 5390 3556 5447 volun—

1969 5509 2127 5557 tatem
2158 5496 2495 5569 deprecantis
2549 5496 2658 5550 ait:
2706 5495 2843 5549 Cum
2899 5509 3032 5566 ergo
3058 5500 3211 5563 petas
3246 5505 3424 5546 meam
3453 5504 3557 5544 vo—

1969 5591 2225 5646 luntatem
2256 5594 2308 5643 et
2336 5601 2457 5641 ores
2486 5600 2628 5649 eam,
2661 5583 2807 5647 volo,
2835 5582 3024 5650 jubeo,
3056 5596 3275 5635 manum
3302 5579 3550 5650 impono.

1969 5680 2102 5733 Cum
2131 5677 2203 5732 ait
2227 5694 2239 5730 :
2267 5674 2422 5739 Volo,
2441 5688 2498 5727 se
2518 5672 2654 5726 velle
2677 5669 2942 5735 ostendit;
2973 5684 3096 5723 cum
3127 5668 3201 5723 ait
3234 5686 3245 5721 :
3281 5666 3559 5733 Mundare,

1968 5772 2239 5847 praecipit.
2275 5773 2411 5827 Cum
2463 5765 2830 5840 legitur.qu
2874 5764 3170 5821 extendens
3213 5779 3460 5829 manum,
3488 5769 3562 5819 te-

1969 5865 2090 5937 tigit
2116 5878 2262 5931 eum,
2292 5858 2522 5917 ostendit
2549 5857 2677 5929 quia
2714 5870 2935 5913 manum
2975 5853 3243 5924 apposuit.
3295 5850 3402 5909 Sed
3430 5864 3562 5920 qua-
