3924 6406
482 408 581 462 831

1618 400 1962 462 WERNERI
1995 403 2281 464 ABBATIS
2318 405 2378 464 S.
2416 407 2641 465 BLASII

3696 410 3808 466 832

484 547 546 588 re
567 530 745 605 tetigit
769 530 1062 604 leprosum,
1102 548 1224 589 cum
1273 532 1583 588 immundus
1611 540 1767 603 esset,
1797 548 1922 590 cum
1966 532 2081 588 sola
2107 530 2165 594 Α
2194 531 2275 588 sui
2306 532 2398 604 qui
2420 533 2568 604 jacet
2594 534 2745 606 quasi
2787 536 3127 611 paralyticus,
3185 544 3240 592 et
3293 535 3434 593 male
3493 543 3803 610 torquetur,

485 630 764 687 voluntate
815 630 1075 687 mundare
1130 639 1326 703 posset.
1378 630 1558 687 Voluit
1583 622 1729 686 enim
1772 630 2082 701 superbiam

486 725 726 775 nostram
771 721 1070 789 ostendere,
1117 727 1171 775 et
1212 719 1530 776 obtundere.
1571 720 1699 777 Ideo
1727 735 1837 775 non
1877 720 2081 776 abhor-

486 808 594 865 ruit
618 824 836 865 carnem
891 809 1109 882 leprosi,
1166 816 1225 865 ut
1277 810 1574 882 prodesset,
1626 816 1869 866 tractare.
1902 808 2082 879 Quili-

486 908 579 963 bet
606 909 752 965 enim
781 908 948 980 dives,
976 908 1232 979 quaelibet
1256 909 1511 982 superbia
1538 908 1809 965 inﬁrmum
1839 916 1893 964 et
1917 907 2083 981 turpi-

489 997 728 1053 tudinem
758 997 1026 1054 horrenda
1065 1014 1178 1054 sua:
1232 998 1595 1070 corruptionis
1651 998 1903 1055 abhorret
1956 1004 2082 1053 tan-

481 1101 630 1159 gere,
652 1086 975 1159 dedignatur
1000 1086 1203 1158 videre,
1235 1103 1335 1144 nec
1363 1088 1477 1144 vult
1518 1103 1617 1161 per
1643 1086 2075 1143 commiseratio-

482 1199 607 1239 nem
635 1184 913 1241 accedere.
953 1183 1061 1241 Sed
1089 1186 1230 1241 hunc
1250 1185 1514 1241 Dominus
1550 1193 1603 1241 et
1647 1184 1792 1240 facto
1830 1191 1882 1240 et
1909 1183 2081 1256 digito

482 1272 757 1345 objurgat.
791 1272 928 1330 Ecce
958 1282 1166 1329 creator
1190 1274 1340 1342 caeli,
1372 1291 1468 1331 rex
1496 1274 1814 1347 angelorum
1849 1272 2080 1328 descen-

482 1361 561 1417 dit
587 1362 644 1416 in
671 1362 953 1429 mundum,
996 1370 1056 1418 ut
1083 1369 1329 1436 tangeret
1361 1364 1653 1435 leprosum.
1677 1365 1755 1418 Ac
1773 1362 1818 1417 si
1838 1360 2075 1417 diceret:

486 1451 623 1507 Ecce
654 1457 874 1523 tangere
900 1452 1025 1507 veni
1067 1468 1192 1507 eum
1240 1468 1338 1524 per
1377 1452 1756 1518 humilitatem,
1806 1450 1897 1520 qui
1926 1449 2083 1505 vobis

482 1546 665 1602 sordet
690 1563 788 1619 per
813 1546 1159 1617 superbiam;
1191 1563 1298 1604 non
1349 1548 1423 1603 cit
1448 1547 1554 1604 vile
1594 1561 1750 1603 servo
1781 1544 1926 1616 quod
1955 1545 2081 1601 facit

483 1635 796 1708 imperator.
826 1636 914 1691 Ait
940 1636 1086 1692 enim
1116 1636 1411 1692 Salomon:
1472 1634 1578 1704 Qui
1632 1634 1860 1706 despicit
1887 1649 2082 1706 paupe-

484 1741 623 1794 rem,
656 1725 948 1798 exprobrat
973 1725 1164 1782 tactori
1220 1725 1355 1796 ejus,
1412 1723 1539 1795 quia
1582 1724 1699 1796 ipse
1729 1723 1856 1779 fecit
1880 1738 1998 1792 nos,
2030 1731 2084 1778 et

486 1838 593 1879 non
627 1823 730 1895 ipsi
758 1839 894 1880 nos:
928 1824 1016 1879 hic
1044 1823 1134 1880 tali
1154 1824 1397 1895 increpat
1415 1823 1576 1879 facto.
1608 1822 1762 1879 Dicto
1783 1820 2084 1893 increpabit

2190 625 2249 672 ut
2275 633 2387 674 suae
2412 619 2610 675 animae
2650 621 2926 693 angustias
2970 621 3380 688 demonstraret,
3412 627 3465 676 et
3490 615 3803 677 Deminum

2190 707 2588 767 commovisset.
2626 732 2648 759 α
2682 710 2838 778 Puer,
2890 710 3082 784 inquit,
3114 712 3261 783 jacet
3288 710 3345 766 in
3373 710 3539 768 domo
3562 711 3800 782 (Matth.

2190 806 2332 877 vni).
2368 828 2390 856 »

2262 894 2321 951 Si
2350 895 2544 967 aliquis
2572 906 2776 969 quaerat
2805 914 2969 969 quare
3018 902 3160 955 hunc
3205 914 3313 955 non
3342 898 3622 968 attulisset,
3656 899 3803 955 sicut

2188 982 2267 1038 illi
2287 984 2378 1040 alii
2409 986 2499 1055 qui
2538 987 2858 1058 paralyticos
2895 988 2952 1042 in
2976 988 3114 1044 lecto
3153 989 3454 1056 attulerant,
3482 987 3800 1059 respondeo

2197 1081 2324 1152 quia
2349 1098 2457 1138 non
2487 1092 2567 1140 est
2602 1099 2739 1155 opus
2786 1084 2937 1140 illum
2990 1087 3173 1141 omnia
3225 1086 3427 1142 videnti
3472 1085 3527 1139 in
3554 1101 3797 1157 conspe-

2187 1177 2331 1224 ctum
2370 1170 2579 1241 afferre,
2637 1174 2794 1244 cujus
2848 1175 3087 1246 potentia
3131 1174 3330 1246 ubique
3388 1189 3625 1246 praesens
3675 1183 3789 1230 est.

2187 1257 2374 1328 Itaque
2394 1259 2615 1316 mandat
2641 1261 2691 1316 ei
2721 1280 2734 1317 :
2769 1284 2792 1311 «ι
2828 1262 2965 1317 Puer
2987 1261 3135 1331 jacet
3167 1263 3225 1318 in
3260 1262 3445 1329 domo,
3480 1284 3503 1311 ιι
3539 1278 3603 1318 ac
3631 1262 3679 1316 si
3702 1261 3797 1315 di-

2186 1354 2331 1403 ceret
2362 1366 2375 1403 :
2407 1350 2531 1403 Non
2559 1357 2641 1406 est
2666 1365 2803 1422 opus
2829 1357 2889 1405 ut
2916 1358 3040 1407 ante
3070 1358 3119 1406 te
3149 1351 3367 1407 feratur.
3390 1350 3497 1406 Cur
3515 1366 3649 1423 ergo
3670 1350 3797 1405 Do-

2185 1435 2365 1492 minus
2392 1437 2502 1494 ait:
2541 1461 2565 1487 α
2587 1439 2710 1512 Ego
2741 1440 2957 1496 veniam
2988 1448 3040 1496 et
3069 1440 3267 1496 curabo
3289 1456 3411 1496 eum
3436 1441 3640 1511 (ibid.),
3662 1457 3794 1495 cum

2187 1549 2295 1589 non
2315 1541 2461 1606 petat
2489 1535 2778 1592 adventum
2799 1536 2917 1606 ejus
2932 1538 2961 1591 ε)
2977 1537 3216 1610 Regulus
3235 1536 3451 1608 quidam
3472 1536 3626 1606 cujus
3644 1534 3794 1591 ﬁlius

2185 1620 2557 1679 inﬁrmabatur
2613 1626 3012 1695 Capharnaum,
3069 1625 3283 1699 rogavit
3318 1640 3441 1680 eum
3479 1631 3537 1680 ut
3562 1626 3794 1681 descen-

2185 1720 2354 1788 deret,
2379 1727 2431 1775 et
2446 1720 2838 1777 sanaretﬁlium
2859 1723 2995 1792 ejus.
3012 1723 3108 1778 Cui
3129 1724 3204 1779 ait
3220 1723 3388 1778 Iesus:
3411 1722 3577 1793 Vade,
3633 1722 3784 1777 ﬁlius

2185 1815 2308 1865 tuus
2335 1809 2469 1867 vivit
2497 1810 2682 1881 (Joan.
2732 1812 2832 1883 1v).
2885 1810 3277 1882 [Gancoaws]
3308 1811 3393 1867 Ad
3433 1828 3648 1868 servum
3678 1827 3794 1867 non

483 1912 766 1982 superbos,
798 1928 921 1969 cum
976 1912 1135 1969 dicit:
1173 1935 1195 1963 «
1255 1911 1504 1967 Infirmus
1533 1912 1611 1966 fui
1644 1931 1656 1967 :
1706 1919 1759 1967 et
1803 1926 1913 1967 non
1941 1910 2078 1967 visi-
2103 1895 2158 1956 Β
2189 1907 2418 1978 petentis
2462 1908 2647 1964 venire
2699 1908 2888 1975 voluit,
2935 1917 2989 1964 et
3034 1907 3103 1965 ad
3157 1908 3325 1965 ﬁlium
3381 1908 3527 1983 regis
3570 1925 3797 1981 persua—

488 2002 610 2057 tasti
638 2016 726 2058 me
746 2001 969 2073 (Matth.
1001 2004 1162 2074 xxv).
1205 2024 1227 2053 ι»
1261 2032 1334 2044 --
1367 2024 1390 2051 «ι
1424 2002 1492 2058 Et
1510 2000 1794 2058 confestim
1824 1999 2084 2055 mundata

486 2107 567 2155 est
591 2100 744 2171 lepra
767 2101 900 2170 ejus.
936 2122 960 2150 υ

560 2189 708 2245 Fecit
759 2198 812 2245 et
858 2188 1004 2245 aliud
1054 2189 1373 2245 miraculum
1429 2187 1485 2243 in
1525 2187 1718 2245 eodem
1759 2186 2083 2259 Evangelio,

488 2278 582 2333 ubi
611 2279 827 2351 signum
882 2285 963 2334 est
1011 2295 1227 2352 magna}
1281 2278 1615 2334 humilitatis.
1662 2277 1820 2334 Venit
1863 2275 1933 2330 ad
1961 2290 2085 2330 eum

492 2376 731 2432 centurio
758 2376 1012 2432 continuo
1035 2385 1157 2446 post
1200 2376 1399 2446 leprosi
1436 2374 1862 2443 mundationem,
1902 2381 1954 2428 et
1990 2387 2085 2428 ro-

492 2460 646 2533 gavit
670 2476 813 2527 cum,
847 2461 1067 2517 dicens:
1106 2484 1128 2511 «
1175 2461 1427 2529 Domine,
1459 2475 1596 2530 puer
1633 2475 1787 2513 meus
1808 2458 1955 2528 jacet
1980 2472 2087 2527 pa-

492 2559 745 2630 ralyticus
795 2559 852 2614 in
905 2558 1091 2627 domo,
1136 2564 1189 2615 et
1234 2558 1379 2613 male
1425 2564 1720 2627 torquetur.
1769 2557 1839 2611 Et
1876 2556 1951 2611 ait
2012 2554 2089 2609 illi

495 2647 683 2703 Iesus:
718 2648 835 2719 Ego
863 2647 1102 2716 veniam,
1131 2655 1187 2703 et
1212 2647 1412 2703 curabo
1469 2662 1614 2701 eum.
1666 2646 1732 2700 Et
1756 2642 2088 2715 respondens

494 2736 756 2804 centurio,
786 2737 894 2792 ait:
925 2736 1179 2803 Domine,
1211 2752 1319 2792 non
1350 2750 1473 2791 sum
1501 2735 1698 2807 dignus
1721 2742 1781 2789 ut
1805 2732 1969 2788 intres
1988 2732 2087 2786 sub

494 2833 692 2881 tectum
721 2840 923 2892 meum,
983 2825 1080 2880 sed
1133 2832 1338 2881 tantum
1394 2824 1482 2879 dic
1509 2824 1696 2893 verbo,
1730 2831 1781 2879 et
1816 2821 2092 2877 sanabitur

494 2937 633 2992 puer
656 2938 809 2977 meus
836 2922 1055 2993 (Matth.
1088 2922 1234 2994 vn)).
1269 2945 1292 2972 υ
1328 2921 1556 2978 Gentilis
1573 2929 1687 2976 erat
1714 2919 1954 2976 centurio
1970 2919 2087 2986 iste,

494 3018 548 3067 et
566 3011 764 3067 multos
788 3012 986 3067 milites
1011 3011 1112 3067 sub
1138 3018 1401 3082 potestate
1429 3011 1636 3067 habuit.
1663 3009 1880 3065 Nullam
1910 3008 2090 3081 legem

494 3108 750 3175 habebat,
791 3126 912 3180 quae
959 3109 1008 3164 ei
1049 3109 1335 3165 condolere
1387 3108 1638 3180 proximo
1669 3107 2003 3179 praeciperet,
2038 3113 2092 3160 et

491 3204 672 3253 tamen
712 3198 902 3268 dolet;
942 3214 1053 3254 non
1098 3198 1165 3253 de
1218 3198 1352 3264 ﬁlio,
1412 3213 1520 3253 non
1562 3196 1631 3252 de
1658 3196 1850 3265 milite,
1887 3194 1983 3250 sed
2018 3194 2088 3250 de

490 3298 669 3341 servo.
699 3246 983 3339 Christiani
1024 3283 1313 3353 principes,
1371 3283 1416 3337 si
1471 3297 1658 3339 servos
1699 3246 1850 3337 suos,
1871 3280 2092 3336 videant
2118 3246 2169 3311 θ’

494 3369 775 3440 inﬁrmari,
832 3372 1152 3444 despiciunt,
1221 3370 1581 3441 vilipendunt,
1633 3370 1703 3425 de
1757 3368 1837 3424 eis
1890 3368 2094 3423 nullam

498 3485 683 3526 curam
714 3469 934 3526 habent.
996 3468 1220 3525 Gentilis
1274 3477 1454 3525 autem
1484 3469 1581 3524 iste
1610 3482 1794 3523 curam
1837 3481 2096 3538 magnam

501 3559 708 3614 habens
734 3560 803 3614 de
828 3574 1008 3627 servo,
1066 3559 1213 3613 misit
1260 3559 1500 3615 seniores
1552 3557 1859 3613 Iudeorum
1891 3555 1959 3610 ad
1995 3570 2098 3611 cae-

500 3655 689 3713 lestem
726 3656 1017 3727 medicum,
1067 3672 1269 3729 rogans
1314 3672 1440 3712 eum
1477 3663 1536 3710 ut
1561 3655 1771 3712 veniret
1798 3661 1853 3709 et
1888 3660 2100 3709 sanaret

502 3761 716 3802 servum
745 3747 876 3816 ejus,
935 3746 1062 3816 quia
1115 3746 1334 3819 gentilis
1361 3754 1414 3800 et
1441 3744 1751 3817 alienigena
1809 3749 1942 3809 erat,
1989 3757 2100 3798 non

502 3842 582 3892 est
601 3851 763 3891 ausus
789 3835 859 3892 ad
885 3836 1179 3892 Dominum
1233 3835 1489 3892 accedere
1538 3833 1910 3905 corporaliter,
1942 3838 2000 3886 ut
2027 3831 2103 3887 ait

502 3924 691 3995 Lucas,
739 3924 836 3980 sed
887 3924 1035 3979 misit
1088 3924 1327 3980 seniores
1377 3923 1685 3979 Iudaeorum
1723 3922 1877 3993 quasi
1904 3921 2102 3976 dome-

505 4012 667 4070 sticos
694 4014 786 4085 qui
814 4014 1053 4070 securius
1079 4030 1202 4069 eum
1248 4020 1522 4085 rogarent,
1567 4010 1721 4082 quasi
1756 4018 2012 4080 reputans
2044 4026 2102 4064 se

506 4102 814 4176 indignum,
851 4103 941 4174 qui
989 4118 1087 4175 per
1131 4101 1503 4174 paenitentiam
1541 4099 1784 4172 corporis
1807 4115 1918 4155 non
1945 4115 2104 4155 ausus

508 4200 589 4248 est
615 4192 891 4261 accedere,
921 4198 1102 4248 tamen
1133 4191 1355 4248 accessit
1402 4189 1527 4257 ﬁde,
1569 4197 1623 4245 et
1667 4188 1791 4245 ideo
1829 4187 2023 4244 dicitur
2049 4188 2103 4243 in

509 4289 847 4362 Evangelia:
886 4313 908 4337 «ι
941 4292 1173 4347 Accessit
1212 4290 1282 4346 ad
1338 4304 1464 4345 eum
1519 4286 1760 4344 centurio
1788 4306 1811 4336 ι
1834 4285 1950 4341 sine
1978 4300 2105 4341 cor-

510 4400 662 4457 pore,
695 4392 874 4441 tamen
901 4384 1006 4442 ﬁde
1046 4402 1249 4460 rogans
1302 4401 1399 4457 per
1452 4384 1825 4443 internuntios.
1873 4406 1896 4432 a
1955 4383 2107 4437 Iesus

513 4483 694 4530 autem
720 4474 836 4530 ibat
862 4491 984 4530 cum
1014 4476 1140 4531 illis.
1174 4476 1241 4531 Et
1267 4491 1390 4530 cum
1428 4474 1547 4545 jam
1576 4489 1687 4530 non
1716 4473 1881 4545 longe
1909 4479 2049 4528 esset
2075 4487 2109 4527 a

512 4572 696 4640 domo,
729 4573 878 4631 misit
928 4573 997 4629 ad
1042 4590 1166 4630 eum
1196 4572 1434 4630 centurio
1489 4572 1693 4629 amicos
1718 4586 1844 4626 suos
1871 4570 2057 4626 dicens
2088 4588 2100 4625 :

510 4661 640 4719 Noli
664 4663 871 4729 vexari,
901 4679 1009 4720 non
1036 4679 1157 4719 sum
1213 4662 1358 4719 enim
1395 4661 1613 4734 dignus,
1642 4667 1746 4716 etc.
1775 4661 1929 4729 (Luc.
1964 4662 2095 4729 vn).

511 4761 742 4834 Rogavit
785 4769 965 4819 tamen
989 4769 1049 4818 ut
1076 4762 1302 4831 veniret,
1340 4761 1436 4816 sed
1492 4775 1601 4814 non
1649 4759 1865 4814 dicebat
1908 4759 2013 4814 hoc
2039 4758 2105 4813 de

512 4850 748 4907 adventu
827 4851 1070 4923 corporis
1098 4891 1115 4919 ,
1171 4850 1267 4905 sed
1337 4864 1556 4905 accessu
1600 4847 2104 4904 commiserationis.

511 4945 767 5003 Remotus
796 4954 968 5004 erata
1012 4946 1266 5019 gentibus
1315 4960 1412 5017 per
1462 4942 1844 5011 idololatriam,
1889 4950 2110 5016 rogatur

512 5051 572 5098 ut
617 5043 856 5113 accedat,
896 5059 1004 5099 non
1048 5058 1148 5113 per
1195 5040 1480 5111 justitiam,
1529 5040 1626 5096 sed
1662 5055 1759 5111 per
1798 5039 2108 5095 misericor-

509 5132 684 5192 diam.
721 5132 909 5206 Legati
936 5147 1066 5190 vero
1094 5130 1474 5187 intellexerunt
1515 5146 1642 5185 eum
1671 5129 1873 5185 dixisse
1903 5127 1973 5185 de
2002 5129 2108 5184 ad-

513 5240 678 5289 ventu
700 5232 969 5305 corporis.
1005 5231 1353 5303 Rogaverunt
1407 5229 1589 5300 itaque
1617 5228 1790 5285 Judaei
1819 5235 1880 5283 ut
1905 5228 2112 5285 veniret

521 5356 544 5383 α
585 5335 823 5392 dicentes
849 5333 977 5406 quia
1003 5333 1201 5407 dignus
1246 5339 1325 5387 est
1367 5339 1429 5387 ut
1479 5334 1582 5387 hoc
1610 5332 1687 5387 illi
1718 5337 1966 5403 prestes.
2007 5329 2108 5385 Di-

458 5480 463 5485 .
514 5428 635 5502 ligit
661 5430 807 5487 enim
835 5438 1054 5503 gentem
1081 5436 1319 5485 nostram
1349 5434 1402 5484 et
1439 5427 1789 5501 Synagogam
1826 5427 1940 5498 ipse
1971 5425 2110 5481 tedi-

515 5525 695 5583 ﬁcavit
722 5528 897 5583 nobis.
947 5526 1156 5597 Quibus
1208 5526 1282 5581 ait
1317 5525 1615 5581 Dominus:
1648 5524 1764 5597 Ego
1792 5523 2029 5587 veniam,
2060 5531 2114 5578 et

519 5616 719 5671 curabo
748 5632 891 5672 eum.
942 5616 1167 5685 Ibatque
1213 5631 1335 5670 cum
1384 5615 1509 5670 illis.
1554 5613 1789 5669 Audiens
1818 5627 1949 5685 ergo
1977 5628 2111 5668 cen-

520 5711 657 5768 turio
686 5713 812 5783 quia
866 5712 1137 5781 veniebat,
1190 5712 1337 5767 misit
1381 5712 1573 5766 iterum
1630 5712 1835 5767 amicos
1880 5710 2107 5766 dicens:

520 5799 643 5853 Noli
664 5800 849 5856 vexari
867 5801 994 5870 quia
1024 5816 1131 5856 non
1143 5816 1262 5855 sum
1278 5800 1496 5871 dignus,
1518 5807 1622 5856 etc.
1647 5800 1849 5870 (ibid.).
1874 5821 1895 5847 η
1919 5799 2113 5855 Notate

520 5895 689 5956 Verba
713 5895 889 5956 ﬁdelis
926 5896 1163 5969 gentilis.
1214 5896 1434 5955 Mandat
1459 5895 1510 5954 ei
1538 5904 1645 5955 tres
1669 5896 1949 5969 passiones
1974 5897 2115 5955 servi

2191 1995 2385 2065 dentis,
2437 1996 2761 2053 descendere
2818 1997 3008 2054 noluit.
3058 1996 3241 2067 Quare
3268 2000 3390 2067 hoc,
3423 1997 3657 2065 fratres,
3691 1998 3799 2052 nisi

2195 2084 2322 2155 quia
2349 2100 2459 2141 non
2500 2092 2580 2141 est
2633 2102 2983 2158 personarum
3023 2087 3263 2159 acceptio
3294 2086 3437 2158 apud
3457 2087 3652 2141 Deum.
3684 2086 3801 2142 Nos

2195 2183 2524 2239 honoramus
2568 2183 2785 2240 divitias
2822 2192 2875 2240 et
2902 2184 2971 2240 ad
3000 2184 3193 2243 divites
3222 2182 3464 2240 inﬁrmos
3490 2183 3795 2251 currimus;

2195 2272 2264 2328 ad
2295 2288 2559 2343 pauperes
2615 2280 2794 2330 autem
2843 2273 2919 2328 ire
2975 2273 3344 2329 abhorremus.
3379 2273 3518 2328 Ecce
3566 2272 3690 2327 Rex
3718 2287 3801 2327 re-

2193 2378 2327 2433 gum
2357 2361 2428 2417 ad
2496 2378 2712 2419 servum
2757 2362 2833 2417 ire
2874 2378 2981 2418 non
3030 2361 3224 2427 differt,
3258 2369 3313 2418 et
3339 2362 3409 2418 ad
3440 2360 3611 2416 ﬁlium
3650 2360 3799 2433 regis

2196 2458 2273 2514 ire
2298 2460 2590 2515 contendit.
2652 2461 2872 2531 Pauper
2926 2460 3027 2516 fuit
3083 2461 3321 2517 Christus
3347 2467 3398 2515 et
3426 2474 3694 2532 pauperes
3721 2459 3795 2512 di-

2197 2549 2346 2617 lexit,
2381 2556 2440 2604 ut
2458 2566 2721 2622 pauperes
2766 2550 2966 2606 divitiis
3009 2550 3119 2605 suis
3166 2549 3377 2605 ditaret.
3409 2548 3671 2604 Dominus
3698 2548 3796 2603 ita-

2199 2664 2303 2718 que
2331 2648 2502 2705 voluit
2528 2648 2607 2705 ire
2652 2649 2721 2705 ad
2786 2665 3022 2720 servum,
3055 2649 3149 2705 sed
3178 2649 3418 2706 centurio
3446 2648 3670 2703 mandat
3695 2647 3744 2702 ei
3779 2665 3791 2702 :

2195 2738 2321 2792 Non
2348 2755 2466 2792 sum
2494 2737 2711 2811 dignus.
2745 2740 2852 2794 Cur
2897 2754 3007 2794 non
3057 2755 3176 2794 sum
3205 2739 3403 2811 dignus
3421 2738 3451 2792 ‘2
3480 2736 3620 2807 Quia
3647 2753 3790 2809 gen-

2197 2832 2305 2889 tilis
2332 2852 2471 2902 sum,
2504 2835 2809 2908 alienigena
2852 2851 2992 2905 sum,
3047 2836 3203 2891 miles
3227 2851 3366 2906 sum,
3414 2832 3597 2908 gladio
3626 2834 3797 2889 accin-

2198 2930 2313 2979 ctus
2358 2940 2516 2993 sum;
2576 2924 2895 2996 sanguinem
2949 2924 3200 2993 fundens,
3268 2940 3380 2979 non
3423 2940 3543 2980 sum
3598 2923 3795 2995 dignus

2197 3013 2505 3083 conspectui
2563 3021 2679 3068 tuo.
2740 3014 2856 3068 Hoc
2903 3022 3177 3071 reveretur
3202 3013 3302 3068 iste
3328 3014 3560 3086 gentilis,
3608 3012 3795 3067 fratres

2195 3111 2513 3179 charissimi,
2545 3111 2690 3183 quod
2716 3112 2891 3166 nullus
2944 3111 3099 3167 miles
3153 3112 3502 3167 Christianus.
3534 3109 3643 3181 Qui
3670 3110 3794 3165 licet

2196 3201 2524 3270 immundus,
2568 3218 2678 3256 non
2726 3201 2900 3256 dicit:
2957 3201 3081 3256 Non
3139 3217 3259 3255 sum
3314 3200 3527 3273 dignus,
3571 3200 3680 3254 imo
3729 3207 3795 3255 te-

2203 3291 2431 3346 merarie
2461 3289 2727 3362 przebebit
2779 3290 2830 3345 ei
2886 3289 3164 3345 sordidum
3220 3290 3532 3360 hospitium,
3566 3296 3618 3344 et
3645 3288 3699 3343 in
3727 3304 3789 3343 eo

2202 3388 2397 3461 recipit
2422 3405 2568 3446 eum.
2612 3391 2718 3444 Iste
2773 3403 2901 3445 vero
2959 3387 3067 3444 ait:
3107 3389 3286 3444 «Non
3343 3403 3461 3443 sum
3517 3386 3710 3459 dignus
3739 3394 3793 3441 ut

2205 3478 2369 3533 intres
2396 3478 2496 3533 sub
2543 3485 2742 3532 tectum
2798 3492 3001 3542 meum,
3053 3476 3150 3532 sed
3205 3485 3410 3532 tantum
3437 3475 3525 3532 die
3552 3476 3714 3530 verbo
3741 3484 3793 3529 et

2205 3566 2483 3623 sanabitur
2520 3583 2656 3639 puer
2682 3582 2857 3622 meus.
2895 3590 2917 3615 η
2980 3567 3371 3637 Comparemus
3407 3573 3686 3636 utrumque
3715 3565 3792 3618 in-

2205 3666 2364 3721 simul
2412 3665 2684 3736 leprosum
2741 3674 2796 3720 et
2857 3665 3249 3734 centurionem,
3317 3663 3616 3731 videamus,
3672 3680 3789 3718 cum

2206 3755 2479 3825 utriusque
2508 3752 2641 3809 ﬁdes
2668 3769 2870 3827 magna
2900 3760 3059 3824 esset,
3100 3754 3193 3825 qui
3220 3753 3397 3823 major
3422 3752 3623 3807 fuisset.
3655 3753 3793 3807 Dicit

2207 3853 2450 3924 leprosus
2483 3872 2495 3908 :
2533 3877 2556 3902 «
2599 3853 2656 3908 Si
2685 3852 2768 3910 vis
2806 3858 2960 3924 potes
3000 3868 3089 3906 me
3136 3850 3414 3907 mundare.
3452 3872 3475 3899 ιι
3512 3850 3597 3905 Ait
3624 3858 3792 3906 autem

2210 3942 2483 3998 centurio:
2537 3964 2561 3991 (ι
2618 3941 2719 3996 Dic
2771 3948 2979 3996 tantum
3032 3939 3200 3996 verbo
3257 3948 3310 3996 et
3353 3938 3628 3995 sanabitur
3666 3955 3792 4009 puer

2209 4047 2381 4087 meus.
2416 4053 2438 4079 υ
2466 4032 2570 4085 Iste
2599 4030 2951 4099 voluntatem,
2984 4029 3076 4085 ille
3096 4029 3395 4099 jussionem
3416 4028 3657 4084 subtilius
3682 4044 3794 4083 con-

2210 4129 2447 4184 siderant
2474 4128 2672 4185 divina:
2720 4128 2995 4201 potentiae,
3044 4128 3139 4183 sed
3168 4128 3259 4198 qui
3288 4144 3384 4200 per
3427 4127 3595 4183 solam
3626 4127 3791 4182 volun-

2214 4225 2377 4274 tatem
2405 4217 2576 4272 credit
2630 4233 2747 4273 esse
2790 4223 3087 4288 potentem,
3122 4217 3387 4287 majorem
3432 4214 3593 4269 ﬁdem
3622 4215 3789 4283 habet,

2214 4306 2341 4378 quia
2368 4322 2479 4362 non
2507 4306 2683 4362 solum
2739 4306 2796 4361 in
2836 4306 3101 4376 jussione,
3151 4305 3246 4362 sed
3288 4306 3343 4360 in
3372 4305 3487 4361 sola
3515 4305 3679 4360 credit
3704 4320 3790 4359 vo-

2213 4397 2435 4462 luntate,
2458 4395 2553 4450 sed
2582 4401 2765 4450 tamen
2810 4410 3013 4467 magna
3065 4402 3145 4451 est
3189 4393 3323 4449 ﬁdes
3374 4393 3693 4448 centurionis
3742 4400 3789 4446 et

2214 4492 2503 4548 mirabilis.
2541 4492 2627 4547 Ait
2655 4493 2800 4547 enim
2828 4511 2840 4548 τ
2886 4493 3002 4564 Ego
3033 4490 3214 4557 credo,
3242 4491 3369 4562 quia
3395 4489 3561 4546 verbo
3593 4498 3678 4545 tuo
3703 4506 3791 4560 po-

2222 4582 2348 4636 teris
2366 4597 2575 4637 sanare.
2637 4581 2753 4653 Ego
2811 4581 2956 4636 enim
3008 4598 3127 4635 sum
3186 4580 3357 4650 inquit
3402 4581 3565 4634 homo
3610 4579 3789 4634 solum-

2221 4672 2406 4738 modo,
2440 4678 2495 4725 et
2523 4678 2576 4725 tu
2607 4670 2769 4724 Deus.
2810 4670 2927 4742 Ego
2977 4686 3096 4725 sum
3144 4670 3309 4725 homo
3355 4668 3562 4723 habens
3587 4667 3680 4722 sub
3706 4683 3783 4738 p0-

2217 4776 2405 4824 testate
2435 4768 2651 4835 milites,
2683 4774 2736 4824 et
2765 4775 2820 4822 tu
2862 4768 3104 4840 angelos,
3138 4766 3230 4837 qui
3278 4766 3478 4821 faciunt
3506 4765 3745 4821 miracula
3773 4766 3785 4818 !

2223 4880 2245 4907 κ
2282 4857 2399 4929 Ego
2428 4856 2550 4912 dico
2580 4855 2915 4912 huic:Vade
2960 4863 3015 4911 et
3065 4855 3234 4922 vadit,
3291 4862 3343 4909 et
3390 4853 3516 4909 alii:
3580 4853 3718 4923 Veni,
3748 4861 3792 4907 et

2217 4946 2389 5003 venit.
2431 4967 2454 4996 υ
2490 4947 2612 5000 Non
2641 4951 2721 4999 est
2740 4944 2995 5010 hominis,
3024 4943 3109 5000 cui
3134 4950 3324 5015 parent
3350 4942 3611 5009 homines,
3642 4942 3788 4996 multo

2218 5043 2395 5115 magis
2420 5041 2515 5098 tibi
2545 5042 2725 5114 angeli
2763 5042 3045 5112 parebunt,
3078 5049 3131 5095 et
3168 5048 3278 5097 tota
3308 5047 3515 5106 natura,
3548 5038 3665 5109 quia
3690 5053 3789 5093 om-

2218 5132 2309 5188 nia
2336 5139 2511 5202 potes.
2568 5132 2790 5187 Miratus
2845 5138 2926 5185 est
2971 5130 3211 5185 Christus
3266 5126 3429 5184 ﬁdem
3482 5127 3638 5195 illius,
3669 5126 3789 5181 ideo:

2221 5246 2324 5302 que
2355 5229 2701 5301 sequentibus
2719 5245 2778 5285 se
2807 5229 2944 5283 dixit
2972 5248 2983 5285 :
3025 5251 3045 5277 α
3079 5230 3201 5284 Νοη
3224 5228 3403 5283 inveni
3424 5234 3623 5282 tantam
3651 5224 3787 5279 ﬁdem

2222 5320 2279 5374 in
2306 5318 2491 5375 Israel.
2521 5342 2543 5369 »
2567 5319 2818 5375 Iudaicus
2846 5319 2991 5374 enim
3022 5318 3255 5389 populus
3297 5316 3543 5387 quamvis
3578 5317 3706 5369 hunc
3732 5314 3791 5369 vi-

2221 5418 2386 5473 disset
2414 5434 2511 5489 per
2536 5419 2847 5489 prophetas,
2900 5424 3078 5471 tamen
3112 5432 3234 5470 cum
3266 5430 3375 5470 non
3422 5412 3686 5485 cognovit,
3714 5411 3791 5467 sed

2223 5507 2438 5563 dicebat
2482 5508 2668 5562 omnia
2713 5506 2974 5561 miracula
3021 5521 3144 5559 eum
3197 5506 3372 5559 facere
3402 5503 3457 5557 in
3506 5502 3789 5557 Beelzebutli

2225 5607 2383 5673 (Luc.
2416 5604 2517 5672 x1).
2548 5604 2722 5659 Jairus
2762 5604 2924 5658 etiam
2973 5603 3224 5674 princeps
3272 5598 3435 5654 Israel
3464 5613 3560 5670 pro
3589 5598 3687 5653 ﬁlia
3712 5613 3787 5652 sua

2222 5711 2411 5774 petens
2438 5703 2633 5770 Deum,
2665 5718 2774 5757 non
2803 5701 2975 5756 dixit:
3017 5701 3116 5756 Dic
3153 5699 3351 5767 verbo;
3390 5696 3485 5753 sed
3521 5720 3542 5747 «ι
3576 5698 3689 5752 veni
3712 5713 3786 5753 ve-

2223 5801 2458 5870 lociter;
2510 5812 2799 5871 antequam
2851 5799 3111 5855 moriatur
3160 5797 3328 5853 ﬁliam
3382 5796 3600 5867 (Matth.
3647 5798 3732 5865 ιχ).
3762 5817 3777 5843 η

2223 5895 2552 5956 Nicodemus
2579 5912 2791 5971 quoque
2819 5903 2996 5955 rector
3022 5894 3208 5967 Israel,
3237 5893 3304 5952 de
3331 5889 3458 5949 ﬁdei
3484 5896 3783 5951 sacramento
