3924 6452
140 404 239 460 833
1096 391 1680 460 DEFLORATIONES
1718 402 1822 461 ss.
1865 392 2255 460 PATRUM.—
2294 402 2420 458 LIB.
2464 403 2506 457 1.
3332 402 3430 461 sat

141 529 367 583 audiens
395 526 470 581 ait
499 546 511 581 :
554 550 577 573 α
618 526 919 595 Quomodo
948 531 1124 599 potest
1152 530 1254 583 hoc
1288 528 1402 583 fieri
1436 530 1464 581 ε)
1500 549 1520 577 ι
1558 530 1745 596 (Joan.
1784 528 1839 589 Α
1866 528 2140 586 maculata
2169 535 2276 583 est.
2308 527 2364 581 Si
2404 542 2542 599 ergo
2571 525 2771 599 aliquis
2800 543 2986 584 verum
3014 526 3168 598 lepra
3193 527 3285 582 illa
3307 529 3450 584 irre-

140 619 245 682 ut.)
293 616 470 671 Maria
501 622 558 671 et
622 616 847 671 Martha
893 616 1058 671 etiam
1117 617 1413 671 dixerunt:
1449 639 1471 663 «ι
1508 617 1761 686 Domine,
1871 618 1999 672 titus
2028 626 2130 684 est,
2176 624 2420 672 occurrat
2449 631 2580 671 vero
2609 617 2842 683 medico,
2897 623 2950 672 et
2978 616 3124 672 dicat
3155 635 3166 670 :
3208 640 3228 665 α
3263 617 3319 672 Si
3348 618 3450 684 vis,

144 708 187 760 si
216 706 419 760 fuisses
451 705 547 760 hic
581 706 791 775 (Joan.
838 706 915 775 κ),
956 727 977 753 ι
1012 704 1165 777 quasi
1186 705 1385 760 absens
1414 720 1523 761 non
1579 712 1767 776 posset
1871 714 2029 777 potes
2056 721 2142 760 me
2172 704 2462 761 mundare.
2498 727 2520 752 υ
2551 705 2881 776 Praeceptum
2904 712 3021 760 erat
3048 708 3102 759 in
3132 706 3300 761 veteri
3327 705 3452 777 lege

146 811 267 851 eum
296 794 551 849 salvare.
598 796 797 865 Itaque
833 816 855 841 α
892 808 1004 849 non
1052 792 1234 849 inveni
1264 801 1469 848 tantam
1499 792 1661 849 ﬁdem
1710 792 1765 847 in
1873 794 1995 849 utsi
2022 794 2215 865 aliquis
2246 794 2497 865 leprosus
2547 802 2713 860 esset,
2737 802 2889 849 extra
2917 800 3093 849 castra
3139 794 3449 865 ejiceretur,

147 884 332 938 Israel.
369 908 390 931 υ
421 882 511 937 Ait
542 898 694 955 ergo
727 900 741 937 :
781 906 802 929 ‹‹
832 882 983 938 Sicut
1013 882 1316 947 credidisti,
1348 881 1437 937 fiat
1459 881 1571 939 tibi.
1595 882 1662 937 Et
1692 896 1768 936 sa-
1876 890 1931 939 et
1961 898 2123 937 sanus
2161 881 2335 937 factus
2391 882 2703 939 ostenderet
2728 898 2787 938 se
2843 882 3133 939 sacerdoti.
3195 883 3456 939 Similiter

147 981 304 1028 natus
342 981 429 1027 est
466 988 619 1042 puer
658 972 716 1026 in
743 970 835 1026 illa
856 972 1009 1026 hora.
1035 995 1057 1019 η
1084 971 1307 1038 Discite,
1339 970 1554 1035 fratres,
1577 970 1769 1025 inistis
1877 970 1970 1043 qui
2001 972 2055 1025 in
2086 970 2461 1027 criminalibus
2487 986 2617 1026 reus
2645 978 2746 1037 est,
2779 979 2931 1026 extra
2961 970 3263 1026 Ecclesiam
3292 971 3458 1028 debet

148 1062 367 1133 aliquod
401 1060 745 1131 exemplum
786 1060 911 1115 vitae
943 1067 1171 1115 nostrae.
1203 1060 1495 1115 Descendit
1514 1060 1672 1114 Iesus
1700 1058 1769 1114 de
1878 1075 2020 1125 esse,
2046 1067 2099 1115 et
2129 1075 2228 1131 per
2256 1059 2593 1115 sacerdotem
2624 1059 2679 1112 in
2707 1059 3006 1115 Ecclesiam
3056 1075 3220 1115 sanus
3248 1060 3449 1131 recipi.

156 1158 355 1213 monte,
393 1149 528 1221 quia
571 1148 867 1205 descendit
896 1149 965 1203 de
992 1148 1156 1204 coelo.
1196 1149 1265 1202 Et
1301 1156 1589 1220 postquam
1634 1148 1771 1202 inter
1879 1148 2074 1203 Invitat
2102 1164 2203 1204 nos
2223 1148 2484 1203 Dominus
2538 1147 2607 1203 ad
2641 1148 3015 1213 humilitatem,
3062 1163 3183 1204 cum
3240 1165 3461 1205 servum

156 1240 405 1295 homines
436 1238 639 1294 voluit
670 1238 1009 1303 conversari,
1042 1236 1211 1292 turbae
1242 1245 1440 1292 secutae
1471 1243 1596 1291 sunt
1625 1251 1768 1300 eum,
1879 1237 2107 1294 visitare
2128 1237 2374 1307 cupiunt,
2406 1252 2478 1293 ne
2506 1251 2716 1308 pauper
2744 1236 3101 1308 despiciatur.
3139 1237 3201 1292 Et
3217 1238 3340 1309 quia
3356 1240 3463 1295 Do-

158 1328 280 1397 quia
309 1328 432 1396 ejus
463 1326 713 1397 vestigia
738 1334 865 1381 sunt
908 1326 1153 1381 imitatae.
1192 1326 1299 1381 Sed
1326 1324 1513 1380 veniat
1539 1340 1675 1397 ergo
1704 1323 1774 1379 ad
1879 1325 2058 1381 minus
2088 1325 2143 1380 in
2189 1340 2432 1397 paupere
2477 1325 2794 1391 honoratur,
2853 1340 3149 1395 pauperem
3198 1326 3464 1383 Dominus

157 1432 298 1482 eum,
330 1416 379 1471 si
413 1415 629 1486 aliquis
669 1416 925 1486 leprosus
955 1423 1065 1470 est.
1108 1416 1284 1485 Lepra
1323 1414 1491 1480 enim,
1553 1413 1769 1481 fratres,
1881 1412 2195 1469 honoravit.
2241 1436 2261 1462 «
2296 1412 2481 1470 Facite
2500 1428 2641 1486 ergo
2670 1413 2825 1470 vobis
2844 1414 3052 1471 amicos
3072 1414 3140 1471 de
3155 1430 3463 1472 mammona

157 1513 378 1576 peccata
426 1504 754 1562 criminalia
783 1509 928 1574 sunt,
962 1502 1161 1575 quibus
1190 1504 1373 1559 anima
1401 1508 1588 1559 nostra
1617 1516 1773 1559 com-
1880 1501 2177 1575 iniquitatis
2206 1503 2364 1573 (Luc.
2396 1502 2529 1572 xw).
2568 1526 2591 1551 ι.

1195 1807 1813 1914 DOMINICA
1889 1808 2449 1933 QUARTA.

1403 2000 1798 2067 Secundum
1840 1999 2250 2067 Matthaeum.

239 2214 260 2240 η
291 2190 662 2249 Ascendente
689 2190 822 2247 Iesu
849 2188 907 2244 in
939 2188 1245 2246 naviculam
1296 2194 1467 2245 secuti
1496 2195 1627 2244 sunt
1653 2203 1775 2244 eum
1805 2189 1858 2250 Β
1888 2202 1985 2244 cus
2035 2188 2138 2245 hoc
2193 2203 2316 2246 sero
2345 2196 2561 2261 gestum
2580 2189 2752 2248 fuisse
2809 2190 3078 2262 perhibet,
3110 2199 3167 2249 ut
3196 2195 3309 2252 veri
3337 2195 3471 2253 solis

165 2280 420 2353 discipuli
450 2281 583 2350 ejus
622 2298 635 2333 :
668 2279 742 2335 Et
769 2294 901 2336 ecce
927 2285 1107 2335 motus
1124 2293 1357 2350 magnus
1412 2277 1587 2333 factus
1614 2284 1698 2333 est
1724 2276 1782 2331 in
1888 2283 2219 2351 accubitum,
2248 2300 2361 2341 non
2382 2285 2558 2341 solum
2604 2286 2821 2342 Domini
2849 2287 3123 2358 dormitio,
3156 2291 3254 2347 sed
3309 2292 3469 2349 etiam

166 2380 325 2449 mari,
358 2379 438 2434 ita
467 2386 533 2433 ut
547 2377 811 2434 navicula
837 2377 1135 2449 operiretur
1161 2376 1439 2432 ﬂuctibus.
1479 2376 1603 2446 Ipse
1645 2389 1781 2430 vero
1888 2372 2005 2445 ipsa
2033 2374 2168 2429 hora
2199 2373 2556 2448 signiﬁcaret.
2594 2375 2714 2445 Quo
2742 2376 3071 2434 ascendente
3098 2380 3321 2451 puppim
3343 2397 3474 2438 cru-

172 2477 289 2523 erat
348 2470 407 2522 in
464 2466 670 2539 puppi,
731 2482 900 2537 super
954 2464 1188 2521 cervical
1242 2464 1522 2520 dormiens
1557 2464 1779 2531 (Matth.
1889 2461 1970 2518 cis
1996 2470 2052 2517 ut
2080 2478 2329 2519 somnum
2359 2463 2551 2520 mortis
2578 2472 2817 2536 caperet,
2850 2466 3045 2522 ﬂuctus
3099 2467 3474 2540 blasphemu-

170 2558 317 2628 vni).
362 2580 387 2606 ι
428 2555 698 2613 Cervical
725 2555 923 2611 dicitur
965 2554 1053 2611 vel
1080 2553 1357 2625 pulvillus,
1391 2552 1477 2607 vel
1505 2551 1785 2624 quodlibet
1890 2550 2025 2606 tium
2053 2550 2405 2609 dmmoniacis
2434 2553 2656 2609 excitati
2708 2554 2959 2626 procellis
2990 2566 3300 2629 assurgunt.
3334 2559 3473 2629 Qui-

172 2654 320 2710 διίυά
348 2654 705 2710 subauratum
733 2652 933 2709 cervici
976 2650 1345 2708 recumbentis
1374 2649 1443 2705 ad
1498 2649 1783 2705 dormien-
1891 2640 1995 2695 bus
2024 2656 2134 2695 non
2166 2642 2284 2711 ejus
2312 2641 2571 2712 patientia
2629 2644 2894 2712 turbatur,
2929 2644 3026 2700 sed
3081 2645 3476 2717 discipulorum

174 2743 322 2799 dum.
355 2742 644 2799 Navicula
672 2739 1173 2811 videbaturOperiri
1202 2746 1258 2794 et
1283 2737 1782 2809 impleriﬂuctibus,
1891 2738 2235 2795 imbecillitas
2263 2738 2613 2811 periclitatur.
2647 2740 2852 2813 Puppis
2880 2743 3112 2797 mortuis
3132 2742 3367 2813 pellibus
3396 2744 3481 2801 vi-

175 2847 346 2903 quare
376 2839 535 2888 tanto
556 2829 744 2903 magis
760 2830 921 2886 timor
934 2828 1220 2884 conturbat
1244 2826 1561 2898 discipulos.
1892 2842 1991 2883 vos
2020 2827 2258 2899 contegit
2288 2836 2340 2884 et
2366 2828 2561 2885 ﬂuctus
2583 2837 2749 2898 arcet,
2782 2836 2838 2885 et
2866 2829 3017 2903 ligno
3047 2831 3330 2901 solidatur,
3361 2850 3482 2906 qua;

250 2954 271 2979 (ι
304 2931 376 2986 Et
403 2936 774 2988 accesserunt
816 2934 871 2983 et
900 2926 1298 2984 suscitaverunt
1344 2941 1467 2981 eum
1493 2924 1735 2981 dicentes
1768 2938 1783 2978 :
1893 2915 2125 2970 innuunt
2155 2931 2317 2974 cruce
2348 2924 2401 2973 et
2446 2924 2622 2973 morte
2652 2917 2869 2973 Domini
2898 2918 3199 2975 Ecclesiam
3242 2921 3472 2979 salvari.

176 3020 431 3086 nomine,
471 3020 645 3074 salva
689 3031 813 3083 nos,
870 3016 1146 3088 perimus,
1186 3016 1252 3069 Et
1296 3014 1428 3070 dicit
1455 3014 1536 3069 eis
1582 3015 1739 3069 Jews
1771 3031 1784 3069 ε
1895 3004 2000 3059 Per
2028 3004 2266 3061 cervical
2288 3003 2532 3077 intellige
2561 3020 2765 3076 corpus
2793 3005 2879 3061 cui
2899 3006 3175 3075 divinitas,
3197 3008 3339 3065 sicut
3383 3026 3483 3067 ca-

178 3108 318 3178 Quid
346 3108 533 3165 timidi
558 3106 719 3174 estis,
750 3105 981 3162 modicae
996 3103 1123 3160 ﬁdei
1151 3106 1180 3158 ‘l
1200 3105 1353 3159 Tunc
1366 3118 1599 3176 surgens
1617 3103 1790 3174 impe-
1896 3100 1992 3163 put
2006 3092 2288 3160 inclinata,
2320 3093 2613 3149 recumbit.
2632 3094 2909 3149 Suscitant
2924 3096 3211 3151 Dominum
3228 3096 3483 3170 discipuli

178 3207 321 3263 mvit
347 3214 522 3263 vento
556 3214 617 3261 ει
646 3203 810 3259 mari.
850 3204 915 3257 Et
944 3202 1089 3258 dixit
1124 3221 1136 3257 ε
1169 3202 1313 3258 Tace
1343 3208 1396 3257 ει
1441 3201 1781 3257 obmutesce.
1896 3206 1966 3246 ne
1991 3198 2238 3262 pereant,
2271 3190 2399 3263 quia
2426 3191 2678 3247 maximis
2698 3191 2837 3247 votis
2866 3194 3327 3251 resurrectionem
3358 3212 3478 3266 quae

179 3295 245 3350 Et
271 3296 423 3352 facta
477 3302 569 3351 est
613 3291 981 3365 tranquillitas
1036 3305 1263 3365 magna.
1306 3313 1327 3340 »ι
1363 3289 1513 3346 Licet
1558 3288 1791 3344 diversis
1897 3285 2117 3341 rebant.
2147 3286 2380 3341 Ventum
2402 3301 2695 3358 resurgens
2724 3286 2988 3342 Dominus
3006 3287 3323 3360 increpavit,
3357 3291 3482 3361 quia

181 3391 363 3447 verbis
394 3388 765 3463 evangelista;
792 3395 1035 3454 narrent,
1066 3402 1176 3443 una
1196 3395 1378 3442 tamen
1401 3385 1672 3442 sententia
1687 3399 1730 3440 et

1939 3374 2105 3430 iaboli
2133 3374 2445 3446 superbiam
2466 3374 2811 3444 stravit,dum
2833 3374 3251 3448 ejusimperium
3269 3378 3484 3435 destru-

184 3494 235 3543 et
262 3496 436 3544 totum
458 3462 579 3544 dici
609 3486 801 3557 potuit.
825 3484 1151 3541 Dominatur
1170 3491 1333 3540 vento
1354 3491 1406 3539 et
1427 3487 1584 3549 mari,
1604 3482 1673 3537 de
1685 3498 1733 3553 ql

1932 3462 1994 3518 it.
2019 3464 2416 3535 Tempestatem
2464 3479 2619 3535 aquae
2652 3478 2871 3520 cessare
2926 3463 3070 3532 fecit,
3104 3465 3232 3534 quia
3279 3466 3481 3526 rabiem

1932 3559 2251 3583 .I-_.-_A:_-_.
2292 3581 2301 3583 -
2331 3561 2383 3583 οι
2408 3561 2569 3583 BHE---
2600 3562 2697 3583 “-1
2760 3569 2835 3583 --ι
2893 3562 3181 3583 Δ,---...1-Α
3218 3563 3271 3583 ,ἱᾼ
3332 3579 3479 3583 ΑμυΑ-

184 3576 378 3631 dicitur
422 3596 435 3631 ε
479 3599 502 3625 α
575 3574 657 3629 Tu
709 3572 1017 3629 Dominaris
1072 3571 1355 3643 potestatis
1394 3571 1561 3626 maris
1617 3572 1791 3639 (Psal.
1823 3559 1874 3583 ν
1907 3559 2254 3616 clamantium
2291 3561 2386 3617 :Si
2408 3561 2571 3617 Filius
2600 3562 2701 3617 Dei
2754 3569 2854 3632 est,
2888 3562 3184 3619 descendat
3209 3563 3278 3620 de
3324 3579 3487 3621 cruce

189 3670 464 3734 Lxxxmi)
503 3680 517 3732 ;
562 3685 589 3712 ι
622 3662 746 3718 Non
775 3677 968 3717 errore
995 3662 1377 3717 haereticorum
1407 3659 1688 3731 imperavit
1703 3658 1796 3730 qui
1906 3650 2127 3718 (Matth.
2154 3652 2350 3721 xxvn),
2378 3650 2648 3707 labefecit.
2675 3652 2841 3708 Recte
2869 3659 3174 3725 arguuntur
3219 3653 3310 3725 qui
3354 3670 3491 3725 pra;-

190 3755 367 3809 omnia
388 3752 705 3808 animantia
727 3758 919 3823 putant
941 3748 1257 3815 animantia,
1282 3749 1379 3804 sed
1392 3748 1676 3817 majestate
1693 3762 1798 3817 qua
1906 3746 2059 3795 senle
2088 3739 2300 3795 Christo
2343 3740 2624 3808 timebant,
2680 3740 2824 3796 unde
2870 3751 2993 3813 post
3033 3742 3491 3799 resurrectionem

191 3842 306 3897 Deo
336 3850 465 3897 sunt
497 3839 809 3905 sensibilis,
842 3838 1002 3895 nobis
1034 3836 1417 3893 insensibilia..
1449 3836 1617 3905 Cujus
1655 3834 1799 3907 signi
1908 3828 2067 3883 etiam
2096 3828 2383 3885 audierunt
2415 3829 2661 3901 quaedam
2683 3846 2748 3885 ex
2769 3830 2904 3900 ipsis
2935 3846 2951 3885 :
2989 3852 3010 3879 (ι
3044 3828 3090 3886 Ο
3112 3830 3255 3886 stulti
3276 3839 3329 3887 et
3348 3831 3494 3887 tardi

192 3937 378 4001 typum
408 3931 468 3985 in
499 3931 643 3985 Jona
664 3928 916 4001 legimus,
952 3926 1097 4000 quod
1128 3925 1397 3982 Dominus
1418 3924 1631 3980 caeteris
1654 3923 1801 3995 peri-
1908 3917 2073 3973 corde
2096 3917 2166 3973 ad
2194 3917 2527 3974 credendum
2557 3918 2878 3973 inomnibus
2897 3934 3017 3990 quae
3030 3918 3195 3975 locuti
3222 3927 3345 3975 sunt
3362 3934 3495 3990 pro—

195 4026 511 4083 clitantibus
580 4033 799 4082 secutus
831 4031 932 4093 est,
958 4031 1011 4079 et
1054 4024 1253 4079 dormit
1286 4031 1339 4079 et
1386 4021 1697 4088 suscitatur,
1749 4027 1803 4076 et
1908 4006 2269 4078 phetae(Luc-
2296 4009 2471 4077 ΠΜ·
2510 4027 2535 4057 ³
2565 4007 2739 4063 Νοδίε
2759 4007 2921 4063 “iam
2937 4023 3084 4079 εωΡθ
3111 4008 3495 4081 navigantibus

194 4116 427 4188 imperio
459 4132 531 4174 ac
566 4121 910 4171 sacramento
948 4112 1220 4184 passionis
1241 4127 1359 4166 suae
1385 4111 1583 4166 liberat
1629 4108 1802 4166 susci-
1909 4103 2459 4175 quasiinteraaquoris
2472 4102 3498 4177 fremitusobdormitDominus,quan-

196 4213 393 4262 tantes.
426 4210 638 4277 Itaque
666 4220 779 4259 suae
818 4217 1068 4274 personae
1096 4209 1385 4273 utramque
1437 4206 1687 4255 naturam
1714 4198 1802 4254 di-
1910 4191 1983 4247 do
2012 4192 2155 4247 inter
2170 4193 2381 4248 medios
2393 4191 2650 4249 virtutum
2663 4192 2816 4247 nisus
2843 4192 3246 4261 crebrescente,
3278 4193 3367 4249 vel
3388 4194 3497 4250 imo

196 4304 397 4367 gnatus
427 4302 518 4351 est
558 4292 849 4349 ostendere
876 4290 1155 4347 dormiens
1183 4297 1243 4346 ut
1270 4288 1459 4359 homo,
1476 4302 1624 4345 mare
1642 4303 1803 4344 coer-
1910 4281 2240 4336 mundorum
2268 4280 2549 4351 spirituum
2570 4281 2658 4337 vel
2692 4280 2975 4337 hominum
2992 4281 3500 4354 pravorum,velco.

197 4407 331 4451 cens
362 4402 424 4450 ut
450 4394 630 4450 Deus.
1912 4370 2228 4443 gitationum
2257 4369 2482 4440 impetu,
2515 4369 2641 4425 fidei
2657 4369 2921 4441 splendor
2938 4370 3365 4441 obtenebrescit;
3378 4372 3497 4445 spei

274 4514 296 4539 ιι
333 4492 527 4547 Porro
552 4486 801 4544 homines
817 4484 993 4541 mirati
1009 4492 1152 4553 sunt,
1168 4483 1411 4541 dicentes
1427 4482 1499 4539 ad
1526 4481 1759 4540 invicem
1787 4499 1803 4539 :

1951 4465 2181 4522 elsitudo
2206 4464 2559 4535 contabescit,
2581 4464 2788 4520 amoris
2810 4465 3027 4521 flamma
3042 4466 3368 4539 refrigescit.
3389 4468 3500 4524 Sed

202 4588 337 4658 Quis
368 4597 465 4645 aut
490 4587 671 4662 qualis
694 4594 777 4642 est
804 4584 914 4652 hic,
933 4584 1055 4656 quia
1074 4583 1250 4640 ventis
1267 4582 1498 4653 imperat
1514 4591 1569 4636 et
1580 4580 1741 4647 mari,
1757 4587 1811 4636 et
1915 4554 2666 4662 f‘f’f‘fsffﬂfggegnf
3283 4555 3499 4662 ξξίτδη·

204 4642 466 4752 {legit};
494 4642 571 4750 ᾧ.
608 4716 630 4741 υ
662 4693 831 4748 Reae
858 4642 1201 4762 aﬁp‘enamur
1228 4642 1478 4744 hom'ines
1506 4642 1812 4759 quicunq'ue
1917 4643 2238 4716 quillitatem
2254 4658 2354 4697 nos
2384 4642 2544 4698 ducat
2557 4650 2610 4698 et
2636 4642 3061 4713 portumsalutis
3079 4642 3388 4716 indulgeat.

206 4787 511 4856 potentiam
574 4756 911 4847 Salvatoris,
929 4756 1177 4835 nondum
1207 4784 1487 4843 noverant,
1506 4756 1812 4832 sivenautas
2047 4848 2097 4859 ῃ
2192 4847 2203 4858 .
2233 4761 2310 4857 Pe
2343 4775 2613 4859 τζιςέηειινα
2635 4756 3191 4859 ’άξιὶθίηάςρϐιιηξκ
3352 4847 3365 4859 .
3403 4845 3416 4859 .

210 4845 576 4946 excipiantur,
602 4870 717 4925 sive
763 4869 856 4923 alii
875 4845 968 4940 qui
994 4866 1066 4938 {in
1093 4866 1221 4922 navi
1277 4872 1434 4922 erant
1461 4864 1579 4920 sive
1610 4871 1663 4919 et
1699 4862 1806 4935 ipsi
1835 4878 1888 4938 D
1920 4936 1931 4948 _
1995 4870 2024 4947 “_
2047 4847 2272 4948 Nemiﬂ
2293 4847 2588 4948 ςῇξάίιξειξη
2618 4845 3280 4948 dfbefffsi‘li‘APQStOIU-‘b
3310 4845 3421 4948 ξιίεί
3446 4854 3507 4905 ιιι

211 4936 493 5035 discipuli.
534 4936 1007 5031 Allegoricemare
1025 4955 1289 5027 accipitur
1318 4962 1482 5010 aestus
1512 4952 1671 5021 hujus
1713 4966 1811 5007 sae-
1837 4936 1871 4938 V
1917 4936 2155 5035 ξηνίξεθῐξξ
2180 4936 2561 5035 ᾁρίεδιίεοίξιιί
2574 4936 2721 5035 “im
2736 4936 3267 5035 (ξὲιίεθξρτοιίωιιιη.
3318 4936 3501 5035 le§em

214 5019 369 5131 culi
390 5019 955 5127 naviculavpassionis
986 5019 1172 5118 arbor,
1204 5052 1359 5121 cujus
1389 5019 1653 5106 beneficio
1681 5047 1814 5103 ﬁde-
1917 5020 2545 5131 iWPle'Vi‘ﬂRMZXf"):
2569 5044 2591 5068 ”
2618 5019 2786 5131 95m.“
2841 5026 3303 5131 ξξιῇίθωξξθηθηη
3354 5021 3503 5131 1??“

214 5151 294 5207 les
326 5117 505 5222 adjuti
536 5117 732 5201 mundi
763 5143 953 5199 ﬂuctus
1015 5117 1428 5207 transcendunt,
1459 5146 1513 5194 et
1542 5138 1613 5193 ad
1666 5136 1763 5191 littt

1954 5127 1974 5173 t
2020 5117 2306 5191 proximus
2350 5119 2553 5176 debeat
2602 5118 2779 5190 diligi,
2827 5117 3174 5191 diligentibus
3242 5117 3499 5174 conside-

215 5205 414 5311 pvatria;
438 5232 693 5293 celestis
741 5229 1090 5305 perveniunt.
1124 5230 1202 5284 De
1231 5229 1335 5283 hoc
1364 5205 1507 5299 quod
1564 5222 1813 5296 discipuli
1920 5207 2149 5311 "indum
2166 5214 2250 5311 fisi
2277 5206 2457 5311 nobis;
2488 5206 3134 5311 De-mensuIra-dilig‘epdi
3153 5207 3325 5311 Deum
3356 5205 3505 5306 Scri—

216 5295 338 5383 cum
364 5324 606 5382 Domino
627 5295 939 5377 naviculam
954 5317 1252 5375 ascendunt
1276 5315 1406 5371 alibi
1450 5312 1765 5387 significatic

1960 5305 2082 5353 tura
2094 5296 2252 5353 nobis
2277 5295 2593 5353 manifestat
2606 5312 2731 5354 cum
2752 5296 2880 5354 dicit
2904 5313 2918 5351 :
2939 5318 2961 5344 «ι
2978 5295 3186 5368 Diliges
3213 5296 3507 5353 Dominum

216 5381 341 5473 nem
363 5414 542 5487 aperit
570 5410 763 5467 dicens
796 5426 808 5463 :
843 5408 897 5464 Si
920 5406 1041 5481 quis
1071 5406 1185 5463 vult
1211 5412 1335 5478 post
1374 5419 1463 5459 me
1494 5381 1681 5460 venire
1711 5402 1811 5456 ab-
1921 5384 2095 5438 Deum
2124 5384 2274 5487 ίυυξη
2295 5396 2376 5487 ex,
2398 5381 2704 5487 ίοῑξὶϐοΐᾷθ
2732 5388 2846 5487 illo.
2879 5388 3032 5487 eaex
3220 5387 3433 5487 ments:
3452 5387 3508 5437 et

218 5513 384 5578 neget
400 5478 773 5571 semetipsum
803 5505 854 5553 et
879 5478 1032 5553 tollat
1047 5510 1267 5551 crucem
1297 5508 1455 5548 suam
1483 5500 1534 5547 et
1550 5497 1814 5562 sequatur
1922 5498 1988 5578 sf
2009 5488 2125 5578 tota
2154 5479 2337 5578 αξιίξῐιε
2364 5486 2456 5578 illa
2476 5480 2661 5578 (ηοω.
2855 5501 2877 5529 υ
2911 5478 3304 5578 Ωιιξείέἀίφϐΐθῑ
3330 5480 3508 5578 :NOB

220 5567 329 5661 me“.
361 5567 662 5675 Discipulis
690 5595 1076 5669 navigantibus
1106 5592 1352 5650 Christus
1409 5589 1629 5657 dormit,
1689 5586 1769 5661 qui

1957 5570 2025 5625 ibi
2044 5567 2304 5640 praecipio
2333 5576 2390 5623 ut
2420 5575 2632 5623 tantum
2675 5567 2894 5638 diligas,
2927 5569 3016 5625 vel
3070 5576 3277 5624 tantum
3328 5569 3506 5625 Deum

223 5656 571 5749 fidelibus
620 5704 721 5760 spe
767 5656 964 5760 quietis
994 5690 1270 5755 perpetuae
1298 5680 1561 5737 saeculum
1594 5656 1815 5733 calcan-
1924 5668 2092 5715 ῐυυω·
2116 5656 2404 5760 Quantum
2444 5664 2631 5760 Potes:
2673 5664 2888 5760 {ﬁniunt
2934 5657 3143 5731 dilige:
3175 5657 3513 5760 possibilitas

225 5783 387 5850 tibus,
420 5789 472 5837 et
501 5785 633 5854 post
650 5753 822 5850 ierga
856 5753 1107 5830 certatim
1142 5770 1331 5826 mundi
1358 5768 1533 5825 fastus
1557 5765 1818 5837 jactanti-
1928 5766 2022 5814 tua
2050 5756 2153 5813 erit
2171 5769 2421 5811 mensura
2448 5761 2559 5854 tua.
2593 5753 2803 5854 Quanto
2836 5754 2959 5827 plus
2987 5762 3333 5854 amas,ptanto
3386 5755 3511 5854 plus

228 5882 329 5938 bus
356 5850 576 5953 tempus
606 5873 905 5933 Dominicae
931 5869 1208 5946 passionis
1219 5867 1461 5927 advenit.
1500 5864 1658 5924 Unde
1676 5863 1821 5920 Mar-
1929 5854 2102 5913 babes
2135 5872 2151 5925 ;
2182 5860 2239 5911 et
2265 5861 2467 5927 quanto
2486 5851 2611 5925 plus
2636 5851 2829 5921 habes,
2852 5857 3001 5910 tanto
3033 5850 3247 5911 felicior
3274 5868 3359 5911 es.
3399 5852 3512 5911 Ex-
