3924 6402
490 434 592 495 835

1628 420 1970 483 WERNERI
2009 419 2292 481 ABBATIS
2334 423 2389 480 S.
2433 417 2649 479 BLASII

3691 427 3793 483 336

491 563 718 619 tendere
749 575 884 632 ergo
915 566 965 614 et
992 556 1214 612 dilatare
1245 562 1505 627 quantum
1537 560 1696 625 potes
1714 561 1770 607 ut
1795 560 1960 607 totum
1994 549 2092 604 im-
2118 549 2171 610 Α
2206 548 2330 603 inde
2361 548 2492 603 oriri
2525 567 2535 602 :
2571 547 2714 619 quod
2756 564 2863 602 non
2920 547 3114 606 leviter
3136 549 3404 621 explicare
3463 567 3788 622 pos:umus,

491 663 702 734 pleatur
733 658 878 731 quod
905 657 959 712 in
991 664 1041 712 te
1082 662 1182 724 est,
1212 654 1373 709 etiam
1423 653 1471 708 si
1502 668 1610 710 non
1641 660 1811 708 totum
1841 650 2084 722 capiatur

491 749 636 824 quod
668 749 719 803 in
752 748 843 803 illo
873 754 974 802 est.
995 743 1118 800 Noli
1149 743 1338 799 timere
1391 741 1546 816 quasi
1568 741 1662 797 tibi
1683 739 1921 798 deﬁcere
1977 739 2080 793 de-

489 851 612 905 beat
638 846 748 914 ille,
795 844 842 898 si
895 842 1056 898 nimis
1111 857 1282 912 capax
1337 839 1532 896 fueris.
1595 840 2080 908 Quantumcunque

487 946 713 1020 poteris,
747 958 1020 1016 nunquam
1051 948 1261 997 tantum
1283 939 1484 1011 poteris
1517 946 1776 1010 quantum
1805 936 1924 1006 ipse
1960 947 2068 990 est.

491 1038 546 1092 Si
574 1043 775 1090 tantum
805 1047 1018 1103 posses,
1051 1038 1233 1085 tantus
1263 1045 1438 1086 esses.
1469 1029 1630 1086 Nunc
1659 1035 1842 1082 autem
1871 1040 2080 1082 cresce-

489 1142 550 1182 re
581 1125 635 1180 in
668 1123 763 1178 illo
789 1129 966 1194 potes,
999 1119 1204 1192 aequari
1233 1118 1311 1172 illi
1348 1133 1458 1174 non
1487 1125 1664 1189 potes.
1689 1117 1890 1172 Cresce
1943 1130 2080 1186 ergo

489 1223 540 1274 et
568 1212 797 1287 proﬁce.
831 1210 1047 1279 Quanto
1067 1207 1249 1277 major
1269 1207 1375 1262 eris
1404 1207 1462 1262 in
1487 1207 1631 1264 bono
1663 1224 1676 1268 ;
1710 1213 1859 1261 tanto
1888 1203 2083 1259 melior

489 1312 620 1369 eris.
654 1310 712 1366 Si
740 1323 986 1364 summus
1038 1322 1219 1372 esses,
1241 1305 1478 1376 optimus
1535 1319 1707 1360 esses.
1738 1304 1898 1360 Nunc
1953 1299 2083 1371 quia

489 1415 735 1457 summus
763 1413 891 1454 esse
921 1411 1032 1451 non
1061 1402 1237 1466 potes,
1296 1401 1454 1464 potes
1482 1406 1606 1450 esse
1632 1392 1689 1448 in
1739 1405 1980 1447 summo.
2018 1389 2084 1446 Et

491 1504 747 1562 magnum
780 1485 877 1540 tibi
907 1486 1010 1540 hoc
1040 1491 1142 1550 est,
1177 1490 1229 1538 et
1257 1499 1324 1538 ex
1353 1482 1458 1540 hoc
1485 1486 1544 1538 tu
1571 1495 1806 1553 magnus
1829 1494 1916 1546 es,
1945 1478 1993 1534 si
2029 1477 2084 1535 in

493 1592 705 1634 summo
765 1591 847 1641 es,
903 1581 956 1628 et
1004 1580 1153 1627 tanto
1192 1570 1378 1642 utique
1426 1571 1604 1640 major
1650 1576 1851 1640 quanto
1897 1567 2080 1622 altior.
2127 1645 2130 1648 ἑ

490 1674 764 1733 Ascendis
796 1681 998 1739 autem,
1032 1687 1155 1728 cum
1185 1669 1393 1742 diligis.
1427 1669 1656 1724 Sursum
1677 1665 1939 1738 pergisin
1961 1665 2092 1720 cha-

495 1776 677 1839 ritate,
711 1773 838 1844 quia
862 1769 1099 1827 charitas
1116 1785 1330 1823 sursum
1361 1767 1528 1823 ducit.
1564 1766 1716 1822 Sicut
1751 1765 1824 1820 ait
1851 1766 2092 1834 Aposto-

2206 637 2344 693 Ecce
2375 637 2483 694 duo
2506 647 2629 692 sunt
2660 653 2886 709 quorum
2917 637 3145 693 alterum
3174 639 3362 709 perire
3417 656 3648 698 necesse
3674 650 3790 699 est.

2205 737 2376 792 Datur
2404 735 2495 790 uni
2516 735 2664 807 Optio
2695 735 2840 807 quod
2883 735 3013 791 velit
3041 735 3207 808 eligat
3235 753 3269 792 θ
3295 736 3511 794 duobus
3566 755 3800 812 quorum

2203 829 2434 885 alterum
2465 829 2690 884 omnino
2719 829 2910 885 evitari
2935 845 3044 884 non
3073 831 3274 900 possit.
3311 831 3365 886 Si
3389 845 3550 887 suam
3564 833 3801 890 salutem

2212 918 2394 992 magis
2423 918 2594 990 eligit,
2622 917 2802 974 minus
2839 919 3144 989 proximum
3202 919 3398 992 diligit.
3457 921 3512 978 Si
3565 922 3810 992 proximi

2211 1015 2445 1072 salutem
2465 1014 2644 1084 magis
2665 1014 2836 1088 eligit,
2870 1017 3038 1072 Deum
3071 1016 3250 1072 minus
3277 1017 3456 1089 diligit
3477 1035 3635 1090 quam
3663 1036 3807 1090 pro-

2209 1105 2439 1169 simum,
2474 1121 2505 1160 a
2534 1121 2643 1176 quo
2665 1104 2913 1175 separari
2942 1105 3051 1160 vult
3079 1114 3305 1177 prOpter
3335 1107 3655 1177 proximum.
3689 1110 3804 1164 Sed

2207 1201 2344 1258 forte
2370 1201 2496 1272 quis
2523 1202 2667 1259 dicat
2695 1218 2882 1273 parem
2913 1201 3260 1258 dilectionem
3289 1203 3466 1260 facere
3497 1218 3603 1261 non
3633 1221 3803 1278 posse

2207 1290 2531 1348 electionem
2565 1308 2579 1345 :
2611 1299 2904 1362 utrumque
2935 1291 3219 1358 equaliter
3239 1291 3399 1359 velle,
3430 1303 3485 1349 et
3512 1302 3803 1365 utrumque

2205 1388 2481 1460 aequaliter
2510 1387 2675 1455 nolle,
2723 1403 2827 1444 nec
2856 1404 3020 1459 posse
3067 1387 3292 1445 alterum
3325 1391 3477 1446 alteri
3532 1392 3802 1463 praeferre

2202 1485 2258 1540 in
2286 1485 2506 1556 optione
2537 1500 2659 1556 quae
2688 1485 2841 1555 paria
2854 1485 3076 1540 omnino
3105 1491 3355 1542 constant
3383 1487 3437 1541 in
3467 1487 3789 1544 dilectione.

2205 1574 2295 1629 Sic
2323 1589 2460 1645 ergo
2493 1573 2632 1629 forte
2659 1574 2780 1643 quis
2809 1574 2950 1629 hanc
2965 1575 3330 1644 objectionem
3363 1576 3566 1632 evitare
3583 1588 3801 1633 conten-

2203 1663 2311 1718 dat.
2348 1663 2454 1718 Sed
2483 1663 2612 1734 quid
2643 1663 2887 1718 dicemus
2917 1665 2945 1715 ‘2
2977 1664 3034 1718 Si
3063 1681 3226 1719 unum
3249 1665 3485 1737 aliquem
3502 1667 3798 1734 hominem,

2203 1768 2354 1820 tuum
2384 1761 2616 1834 diligere
2645 1761 2820 1816 debeo
2851 1769 3107 1832 quantum
3167 1763 3455 1834 meipsum,
3487 1781 3687 1831 nonne,
3751 1767 3798 1821 si

490 1865 574 1921 lus
610 1880 621 1918 :
655 1862 848 1918 Adhuc
879 1859 1323 1916 excellentiorem
1362 1857 1506 1912 viam
1537 1855 1694 1910 vobis
1740 1856 2092 1909 demustra—
2117 1921 2166 1933 ἢ
2199 1855 2311 1913 duo
2337 1866 2462 1912 sunt
2491 1855 2583 1913 aut
2613 1866 2743 1925 tres,
2766 1859 3356 1932 autquatuor,diligere
3373 1861 3606 1933 amplius
3621 1861 3797 1916 debeo

491 1963 562 2018 bo
589 1962 637 2031 (Ι
667 1962 787 2018 Cor.
822 1961 958 2029 xu).
1001 1980 1022 2005 »
1059 1956 1308 2013 Ascende
1331 1969 1484 2025 ergo,
1530 1953 1660 2008 dum
1691 1960 1846 2024 potes
1880 1967 1891 2005 :
1925 1950 2089 2006 modo

492 2059 711 2121 tempus
742 2056 826 2104 est
881 2045 1168 2103 crescendi
1199 2051 1251 2100 et
1305 2041 1628 2114 proﬁciendi
1663 2057 1676 2107 ;
1709 2047 1921 2112 postea,
1971 2054 2096 2095 cum

491 2137 1023 2197 consummabuntur
1045 2133 1245 2197 omnia,
1272 2132 1443 2186 stabis
1473 2132 1528 2185 in
1564 2146 1628 2185 eo
1649 2130 1715 2184 ad
1739 2130 1890 2200 quod
1912 2144 2100 2199 perve-

490 2228 659 2286 neris.
696 2226 761 2281 Et
791 2225 900 2280 hoc
931 2223 1033 2279 erit
1063 2235 1334 2277 summum
1363 2227 1514 2274 tuum
1544 2219 1598 2274 in
1624 2219 1737 2284 illo,
1765 2235 1929 2288 supra
1950 2216 2097 2289 quod

491 2342 600 2382 non
633 2323 867 2379 transies
901 2314 1139 2390 amplius
1175 2333 1190 2384 ;
1224 2316 1320 2373 sed
1352 2331 1620 2372 summum
1649 2314 1791 2370 illius
1830 2331 1938 2370 non
1996 2313 2098 2370 erit

491 2418 547 2471 in
573 2429 687 2486 quo
706 2419 1021 2483 propterea,
1053 2407 1102 2462 si
1129 2415 1262 2471 stas,
1291 2406 1445 2478 quasi
1467 2419 1577 2460 non
1602 2403 1850 2459 invenias
1865 2403 2098 2474 amplius

493 2518 600 2577 quo
619 2516 864 2558 crescas.
909 2495 1123 2553 Idcirco
1155 2495 1411 2559 ascende,
1468 2494 1595 2549 dum
1627 2500 1802 2566 potes,
1836 2499 2099 2564 quantum

493 2608 649 2673 potes
686 2617 697 2652 :
733 2610 1013 2668 nunquam
1049 2593 1213 2647 nimis
1260 2599 1436 2664 potes,
1469 2585 1562 2646 ubi
1615 2605 1894 2665 nunquam
1941 2596 2099 2662 potes

495 2697 693 2745 totum.
735 2685 918 2757 Dilige
942 2683 1238 2738 Dominum
1266 2682 1441 2736 Deum
1500 2687 1648 2735 tuum
1679 2696 1743 2735 ex
1774 2686 1888 2734 toto
1930 2677 2099 2734 corde

495 2796 608 2854 tuo,
641 2794 695 2842 et
717 2800 783 2840 ex
805 2786 922 2837 tota
951 2780 1132 2836 anima
1164 2786 1282 2843 tua,
1316 2785 1369 2833 et
1423 2794 1488 2832 ex
1519 2784 1628 2832 tota
1657 2785 1839 2832 mente
1899 2783 2008 2842 tua,
2041 2781 2101 2830 ut

499 2893 566 2932 ex
626 2871 721 2929 illo
752 2880 921 2928 totum
943 2878 1094 2924 tuum
1117 2867 1410 2940 impleatur
1441 2881 1453 2933 ;
1489 2866 1647 2922 etiam
1666 2865 1865 2920 siatuo
1886 2873 2016 2934 toto,
2039 2862 2101 2919 il-

491 2966 600 3022 lius
620 2977 727 3019 non
755 2959 999 3031 capiatur
1028 2963 1223 3023 totum,
1285 2954 1460 3028 replet
1483 2962 1553 3024 te,
1580 2961 1633 3013 et
1689 2953 2100 3026 superabundat

492 3062 545 3117 in
579 3075 666 3116 se.
705 3057 763 3114 Si
795 3071 896 3111 vas
943 3071 1054 3109 non
1084 3052 1267 3109 deﬁcit
1293 3051 1476 3110 oleum
1534 3049 1757 3107 sufﬁcit.
1789 3050 1896 3106 Cor
1952 3059 2097 3106 tuum

492 3176 588 3217 vas
617 3165 719 3226 est,
753 3171 911 3210 amor
940 3151 1088 3207 illius
1118 3150 1320 3207 oleum.
1353 3149 1610 3220 Quandiu
1649 3165 1751 3205 vas
1778 3148 1973 3215 habes,
2005 3147 2098 3204 ille

2117 1921 2169 1980 B

2200 1972 2365 2030 quam
2395 1956 2687 2026 meipsum.
2735 1957 2824 2012 Sic
2855 1957 3058 2012 vadunt
3118 1958 3446 2029 quaestiones
3494 1959 3794 2026 hominum,

2197 2053 2250 2099 et
2304 2044 2614 2116 inquietant
2658 2045 2910 2100 homines
2991 2047 3316 2118 semetipsos
3377 2047 3795 2118 cogitationibus

2197 2142 2338 2198 suis.
2390 2143 2594 2199 Dicunt
2648 2143 2835 2200 enim:
2870 2141 3031 2209 Quod
3052 2143 3248 2200 melius
3295 2152 3398 2210 est,
3428 2144 3665 2216 amplius
3681 2145 3793 2200 dili-

2195 2242 2435 2314 gendum
2467 2250 2582 2300 est.
2635 2243 2910 2299 Ponamus
2959 2249 3072 2300 tres
3101 2242 3372 2312 homines,
3433 2259 3598 2299 unum
3646 2244 3795 2311 hinc,

2196 2339 2336 2396 duos
2368 2340 2521 2396 inde.
2562 2339 2698 2396 Dico
2745 2339 2873 2412 quia
2903 2340 3084 2410 perire
3111 2351 3339 2398 necesse
3368 2349 3453 2398 est
3503 2350 3596 2397 aut
3625 2357 3796 2397 unum

2197 2428 2382 2495 istum,
2413 2437 2505 2483 aut
2535 2429 2679 2487 duos
2706 2430 2853 2486 illos.
2887 2430 2987 2486 Dic
3007 2445 3141 2502 ergo
3161 2438 3218 2485 tu
3237 2429 3369 2486 mihi
3394 2448 3408 2485 :
3439 2430 3577 2499 Quid
3609 2431 3793 2504 eligis,

2199 2525 2293 2598 qui
2320 2525 2632 2596 proximum
2655 2534 2808 2582 tuum
2828 2525 3014 2598 diligis
3033 2533 3290 2598 tanquam
3307 2527 3542 2597 toipsum
3555 2529 3584 2582 ‘?
3599 2528 3794 2584 Melius

2199 2632 2282 2680 est
2312 2623 2495 2694 perire
2524 2635 2690 2680 unum
2718 2639 2884 2695 quam
2905 2623 3064 2690 duos,
3099 2623 3231 2696 quia
3249 2623 3445 2680 melius
3475 2632 3558 2680 est
3577 2625 3794 2681 salvere

2200 2719 2338 2776 duos
2367 2735 2533 2792 quam
2562 2735 2752 2775 unum.
2799 2718 2949 2781 Ideo,
2981 2719 3182 2789 inquis,
3204 2721 3383 2793 magis
3427 2720 3574 2791 eligo
3601 2730 3659 2776 ιιι
3686 2737 3790 2792 pe-

2201 2818 2318 2864 reat
2348 2825 2503 2864 unus
2530 2818 2580 2865 et
2602 2809 2711 2865 duo
2739 2808 3038 2864 salvantur.
3074 2809 3222 2880 Ergo
3255 2809 3338 2864 vis
3363 2816 3422 2864 ut
3442 2810 3617 2881 magis
3675 2811 3792 2866 sal-

2199 2907 2395 2954 ventur
2413 2898 2525 2953 duo
2547 2897 2811 2969 istiquam
2840 2897 2930 2952 ille
2949 2909 3108 2953 unus.
3142 2897 3336 2953 Nonne
3357 2913 3494 2969 ergo
3513 2897 3649 2954 illud
3671 2915 3789 2954 ma-

2199 2988 2287 3060 gis
2315 2987 2521 3058 diligis,
2544 2987 2696 3057 quod
2727 2986 2910 3056 potius
2938 2993 3021 3041 est
3053 2986 3216 3057 eligis
3249 3001 3263 3042 :
3291 2985 3384 3052 ita,
3404 2986 3599 3058 inquis,
3619 2987 3798 3042 omni-

2201 3092 2271 3132 no
2293 3076 2473 3147 magis
2501 3075 2700 3148 diligo.
2740 3075 2875 3131 Vide
2905 3089 3040 3146 ergo
3065 3074 3198 3146 quid
3229 3084 3508 3146 sequntur.
3533 3075 3793 3146 Superius

2198 3173 2379 3221 autem
2395 3163 2682 3222 confessus
2710 3180 2773 3220 es
2801 3163 2931 3236 quia
2967 3171 3175 3220 tantum
3206 3162 3412 3237 diligis,
3443 3165 3548 3230 vel,
3605 3165 3650 3220 si
3683 3181 3792 3221 non

488 3255 780 3314 infundere
812 3252 992 3343 Olfllm
1023 3265 1133 3304 ῐιοῐι
1177 3255 1364 3343 ϐεεξαξ
1385 3247 1479 3316 (1V
1505 3249 1631 3343 βέῃ·
1663 3246 1763 3343 ιχ),
1796 3255 1851 3304 ει
1903 3253 2096 3343 Ροξξθα
2124 3281 2174 3343 C
2201 3254 2409 3328 diligis,
2466 3253 2705 3327 diligere
2756 3252 2926 3308 debes
2979 3253 3286 3343 proximum
3328 3260 3479 3343 tuum
3534 3261 3790 3326 quantum

491 3363 614 3404 cum
642 3353 695 3399 tu
727 3341 963 3412 amplius
992 3354 1091 3395 vas
1132 3353 1246 3394 non
1275 3336 1471 3404 habes,
1503 3335 1594 3391 ille
1628 3334 1804 3392 adhuc
1857 3332 2094 3407 amplius

489 3444 672 3503 oleum
701 3439 886 3496 habet.
917 3439 1216 3510 Propterea
1245 3434 1360 3492 noli
1386 3449 1611 3506 parcere
1629 3431 1728 3500 illi,
1761 3447 1898 3503 cape
1912 3445 2092 3504 quan-

487 3552 602 3599 tum
634 3547 818 3612 potes.
849 3534 1029 3608 Dilige
1050 3541 1308 3606 quantum
1337 3529 1560 3597 sufﬁcis,
1592 3528 1718 3601 quia
1746 3526 1839 3583 ille
1867 3525 2090 3582 nonde-

489 3641 618 3700 ﬁcit.
653 3635 837 3708 Dilige
867 3649 932 3690 ex
955 3640 1069 3688 toto
1116 3629 1286 3690 corde
1307 3636 1422 3695 tuo,
1449 3634 1502 3683 et
1531 3643 1598 3682 ex
1627 3633 1741 3682 tota.
1768 3623 1951 3680 anima
1975 3631 2088 3691 tua,

496 3739 548 3788 et
580 3746 644 3786 ex
679 3735 791 3782 tota
819 3731 1000 3779 mente
1032 3728 1140 3790 tua,
1192 3719 1249 3774 id
1297 3724 1378 3772 est
1409 3731 1477 3773 ex
1509 3721 1623 3773 toto
1653 3713 1930 3770 intellectu
1974 3719 2088 3781 tuo,

488 3837 542 3884 et
571 3842 636 3882 ex
667 3831 778 3879 toto
802 3819 1003 3876 affectu
1034 3825 1146 3882 tuo,
1178 3823 1230 3870 et
1251 3830 1317 3870 ex
1345 3821 1456 3869 tota
1485 3809 1880 3868 memoriatua.
1907 3809 2091 3876 Quan-

485 3934 600 3982 tum
651 3919 938 3992 intelligis,
998 3922 1263 3988 quantum
1316 3912 1486 3984 sapis,
1546 3918 1802 3983 quantum
1858 3907 2085 3973 sufﬁcis,

485 4031 700 4082 tantum
726 4018 926 4090 dilige.
964 4016 1163 4072 Totum
1207 4011 1523 4085 cognitione
1551 4009 1862 4081 impleatur,
1909 4013 2085 4062 totum

483 4119 777 4179 dilectione
791 4112 1088 4178 afﬁciatur,
1117 4115 1292 4168 totum
1319 4106 1585 4163 memoria
1603 4112 1871 4161 teneatur.
1894 4101 2086 4171 Quana-

484 4228 602 4276 tum
626 4209 975 4276 illuminaris,
1018 4215 1225 4263 tantum
1280 4203 1563 4272 efﬁciatis,
1595 4211 1651 4259 ut
1707 4210 1875 4258 totum
1920 4195 2087 4255 dulce

487 4317 558 4372 sit
577 4307 844 4385 quidquid
871 4307 944 4362 do
989 4304 1084 4363 illo
1137 4303 1196 4358 in
1251 4301 1624 4375 cognitionem
1658 4305 1714 4355 et
1765 4296 2084 4385 memoriam

487 4384 652 4462 venit.
685 4399 742 4455 Si
762 4404 908 4453 recte
927 4401 1100 4450 totum
1147 4393 1439 4464 probatur,
1473 4397 1573 4448 cur
1599 4401 1709 4445 non
1736 4395 1910 4444 totum
1957 4384 2087 4441 dili-

485 4509 671 4576 gatur.
703 4496 982 4566 Quantum
1035 4505 1174 4562 ergo
1220 4491 1568 4546 innotescere
1623 4487 1878 4560 dignatur
1923 4483 2084 4576 nobis

2202 3343 2464 3414 teipsum.
2506 3343 2564 3399 Si
2594 3358 2729 3414 ergo
2760 3349 2967 3398 tantum
2990 3341 3174 3414 diligis
3203 3357 3368 3398 unum
3397 3341 3561 3398 istum
3615 3358 3792 3415 quan-

2202 3440 2314 3488 tum
2345 3432 2601 3504 teipsum,
2635 3439 2688 3488 et
2718 3447 2933 3488 rursum
2962 3429 3105 3486 duos
3129 3430 3262 3485 istos
3279 3430 3398 3502 plus
3426 3429 3609 3505 diligis
3629 3447 3792 3504 quam

2200 3521 2465 3594 teipsum,
2497 3520 2620 3593 plus
2642 3519 2825 3593 itaque
2853 3518 2993 3576 duos
3015 3519 3138 3576 illos
3157 3519 3344 3594 diligis
3367 3521 3787 3592 quamteipsum.

2202 3608 2264 3667 Et
2296 3611 2340 3666 si
2372 3609 2494 3666 illos
2525 3607 2664 3665 duos
2695 3608 2818 3680 plus
2845 3607 3031 3682 diligis
3061 3624 3222 3681 quam
3245 3608 3500 3680 teipsum,
3533 3618 3787 3681 quantum

2200 3701 2418 3756 videtur
2450 3699 2574 3771 plus
2605 3696 2921 3769 diligisillos
2935 3712 3098 3770 quam
3116 3699 3286 3755 Deum
3309 3705 3530 3770 propter
3544 3715 3681 3772 quos
3703 3717 3786 3756 se-

2197 3789 2378 3862 parari
2410 3789 2492 3844 vis
2521 3787 2588 3842 ab
2619 3803 2704 3858 eo,
2741 3794 2796 3842 ut
2827 3785 2999 3842 Deum
3020 3801 3126 3842 non
3157 3787 3570 3861 habeas,neque
3589 3788 3785 3862 diligas

2198 3889 2370 3944 Deum
2405 3894 2462 3942 ut
2492 3887 2779 3958 pereastu,
2811 3892 2867 3939 ut
2892 3883 2970 3939 illi
2991 3883 3128 3939 salvi
3144 3881 3274 3940 ﬁant
3306 3901 3318 3938 :
3349 3883 3785 3942 Etfortassisali-

2197 3977 2316 4051 quis
2345 3974 2638 4032 aestimabit
2667 3973 2944 4046 ejusmodi
2970 3972 3314 4028 dilectionem
3355 3973 3610 4030 habuisse
3639 3977 3785 4047 Moy-

2197 4081 2316 4132 sen,
2337 4063 2428 4137 qui
2453 4063 2706 4120 irascenti
2737 4063 2851 4118 Deo
2881 4077 2982 4133 pro
3011 4061 3183 4118 salute
3213 4062 3584 4134 proximorum
3611 4080 3671 4120 se
3689 4080 3782 4136 op-

2194 4162 2537 4235 ponensait:
2580 4184 2598 4211 ι(
2635 4159 2823 4217 Sinon
2848 4158 3073 4214 dimittis
3089 4158 3169 4214 eis
3219 4158 3605 4223 hancnoxiam,
3661 4158 3782 4215 dele

2194 4268 2284 4308 me
2307 4251 2376 4307 de
2405 4251 2546 4306 libro
2577 4265 2738 4322 quem
2769 4247 3036 4320 scripsisti
3050 4247 3228 4317 (Exod
3246 4249 3447 4319 xxx").
3483 4271 3505 4295 η
3541 4248 3604 4302 Et
3632 4249 3781 4320 Apo-

2195 4341 2366 4396 stolus
2396 4355 2497 4410 pro
2531 4337 2781 4393 fratribus
2807 4337 3098 4391 anathema
3129 4351 3250 4391 esse
3297 4337 3441 4406 cupit
3467 4351 3500 4392 a
3545 4336 3777 4406 Christo,

2193 4438 2247 4484 ut
2284 4428 2362 4482 illi
2395 4426 2536 4484 salvi
2563 4426 2690 4482 ﬁant
2720 4426 2775 4480 in
2804 4424 3020 4481 Christo
3077 4426 3251 4493 (Rom.
3287 4428 3384 4494 ix),
3443 4432 3495 4481 et
3550 4423 3776 4482 fortasse

2192 4502 2294 4574 hoc
2309 4517 2504 4588 aliquis
2535 4517 2696 4572 etiam
2722 4513 2790 4570 ad
2819 4529 3062 4568 amorem
3087 4509 3189 4568 Dei
3216 4513 3492 4585 pertinere
3520 4514 3779 4582 credat,ut

483 4574 691 4648 tantum
720 4585 985 4656 diligatur
1011 4597 1043 4635 a
1072 4579 1255 4636 nobis.
1281 4581 1476 4635 Totum
1498 4576 1646 4650 quod
1673 4591 1876 4647 capere
1894 4574 2081 4647 ροεεί..

638 4677 944 4702 inin-Mne
971 4679 1022 4702 ιιι
1054 4677 1318 4702 nun-unm
1354 4681 1646 4702 unum..."

2197 4622 2317 4662 eum
2351 4574 2562 4660 tantum
2594 4603 2906 4676 diligamus,
2927 4611 2985 4657 ut
3015 4574 3244 4676 gloriam
3260 4601 3380 4672 ejus
3396 4601 3448 4656 in
3470 4601 3587 4657 aliis
3607 4574 3775 4674 potius

480 4697 604 4739 mus
633 4677 947 4749 diligamus,
971 4679 1025 4726 et
1053 4677 1320 4742 quantum
1354 4681 1676 4739 possumus.

739 4777 815 4830 De
844 4781 1118 4830 mensura
1145 4766 1426 4840 diligendi
1455 4767 1816 4838 proximum.

551 4879 632 4934 De
659 4872 948 4930 dilectione
977 4866 1219 4940 proximi
1235 4865 1369 4921 dicit
1385 4863 1543 4918 nobis
1563 4863 1846 4933 Scriptura
1879 4879 1892 4916 :
1931 4883 1953 4908 τι
1977 4859 2080 4916 Di-

481 4968 624 5043 liges
653 4961 968 5036 proximum
995 4965 1148 5014 tuum
1206 4954 1350 5011 sicut
1375 4951 1622 5043 teipsum‘
1639 4953 1840 5021 (Leuit.
1871 4953 2012 5043 ittx).
2048 4971 2072 4998 ι»

481 5039 643 5129 Quod
669 5051 989 5108 mandatum
1031 5051 1162 5103 um
1189 5043 1439 5116 profecto
1497 5039 1806 5113 implemus,
1838 5039 1888 5095 si
1943 5051 2080 5096 vera

479 5149 613 5207 citra
638 5143 698 5200 id
723 5139 871 5216 quod
899 5135 1062 5194 nobis
1101 5134 1360 5205 cupimus
1392 5132 1622 5198 bonum,
1653 5130 1813 5186 etiam
1867 5129 1948 5184 iiIi
1975 5142 2078 5186 eu-

477 5239 722 5311 piamus.
760 5233 822 5286 In
854 5226 1059 5300 quibus
1095 5223 1244 5280 enim
1295 5220 1666 5311 ,οιωςιίρκω
1694 5226 1843 5311 τῷ..
1892 5217 2078 5290 “id.

478 5309 601 5384 inus
629 5321 940 5397 proximum
969 5321 1238 5380 nostrum,
1274 5312 1392 5368 sive
1415 5310 1488 5367 ad
1532 5309 1917 5366 necessitatem
1945 5322 2076 5363 eor-

480 5416 649 5486 por-is,
671 5413 792 5470 sive
822 5407 896 5465 ad
922 5404 1118 5460 animae
1164 5401 1415 5470 salutem,
1453 5399 1573 5456 sine
1601 5398 1818 5456 ﬁctione
1844 5397 2076 5469 diligere

481 5511 535 5557 et
564 5509 826 5574 quantum
857 5491 1258 5556 rationabiliter
1310 5503 1626 5562 possumus,
1655 5488 1920 5558 adjuvare
1971 5487 2076 5542 de-

482 5589 694 5648 bemus.
723 5588 986 5656 Quaeram
1013 5590 1195 5640 autem
1223 5579 1395 5652 aliqui
1421 5579 1469 5635 si
1497 5579 1554 5634 id
1575 5577 1726 5650 quod
1754 5577 1957 5634 dictum
1969 5583 2071 5645 est,

490 5701 510 5727 σι
541 5679 687 5736 sicut
714 5676 970 5746 teipsum,
1007 5689 1028 5720 ι
1063 5670 1365 5730 secundum
1395 5665 1806 5726 similitudinem
1841 5674 2072 5736 tantum,

481 5764 596 5826 sive
625 5764 794 5824 etiam
817 5759 1124 5818 secundum
1151 5757 1516 5830 mqualitatem
1541 5754 1964 5829 intelligendum
1981 5755 2071 5812 sit.

477 5852 619 5916 Nam
644 5854 692 5907 si
719 5850 1008 5924 proximos
1038 5855 1262 5904 nostros
1311 5855 1516 5902 tantum
1543 5845 1775 5918 diligere
1816 5845 2074 5914 jubemur

481 5952 740 6012 quantum
770 5934 1156 6003 nosmetipsos,
1171 5933 1380 5990 videtur
1399 5927 1654 6002 quiddam
1685 5932 2068 6002 scrupulosum

2189 4693 2510 4767 ampliﬁcari
2570 4709 2734 4765 quam
2763 4693 2817 4746 in
2842 4691 3001 4746 nobis
3045 4690 3310 4747 coarctari
3363 4692 3660 4764 cupiamus.
3715 4690 3774 4747 Et

2187 4792 2480 4857 propterea
2510 4797 2613 4853 pro
2642 4782 2818 4836 salute
2863 4779 3159 4836 multorum
3185 4787 3427 4835 nostrain
3472 4779 3632 4836 nobis
3660 4795 3773 4851 per.

2182 4874 2448 4931 ditionem
2471 4872 2786 4944 Optandam,
2820 4877 2875 4926 ut
2905 4869 3088 4941 potius
3117 4867 3272 4924 multi
3303 4868 3645 4926 salventuret
3672 4884 3772 4926 nos

2187 4977 2500 5037 pereamus,
2534 4973 2697 5033 quam
2727 4959 2879 5016 multi
2905 4963 3139 5031 pereant
3163 4965 3220 5014 et
3246 4971 3350 5015 nos
3377 4957 3672 5016 salvemnr.

2259 5075 2368 5134 Sed
2409 5071 2757 5134 considerate
2811 5073 3069 5148 quoniam
3118 5071 3257 5129 ordo
3311 5070 3614 5130 dilectionis
3655 5071 3770 5130 talis

2187 5174 2292 5236 est,
2321 5173 2378 5223 ut
2407 5173 2533 5223 ante
2563 5181 2623 5222 se
2644 5164 2838 5238 diligat
2866 5164 3031 5220 homo
3062 5175 3227 5236 quam
3256 5162 3568 5232 proximum
3601 5179 3766 5233 suum,

2185 5268 2344 5335 cujus
2375 5263 2722 5321 dilectionem
2753 5277 2785 5318 a
2807 5277 2908 5319 sua
2938 5262 3157 5316 trahere
3189 5268 3241 5316 et
3276 5257 3512 5318 formare
3536 5261 3766 5333 jubetur,

2185 5381 2308 5421 cum
2367 5363 2595 5420 dicitur:
2637 5386 2657 5410 ιι
2720 5359 2930 5435 Diliges
2960 5358 3267 5433 proximum
3325 5367 3474 5416 tuum
3505 5359 3642 5416 sicut
3692 5367 3766 5416 te-

2184 5462 2383 5533 ipsum.
2418 5485 2438 5509 n
2477 5460 2535 5518 Si
2565 5459 2707 5517 enim
2738 5459 3049 5533 proximum
3078 5473 3237 5514 suum
3271 5456 3463 5531 diliget
3490 5457 3631 5515 sicut
3681 5474 3766 5514 sa-

2181 5561 2381 5632 ipsum,
2407 5559 2682 5632 quomodo
2703 5557 3016 5631 proximum
3039 5555 3379 5628 diliget,cum
3399 5556 3643 5628 seipsum
3667 5571 3769 5611 non

2183 5650 2380 5723 diligit.
2413 5649 2470 5707 Si
2529 5649 2675 5705 enim
2731 5647 3043 5720 proximum
3090 5661 3250 5702 suum
3282 5645 3457 5720 diligit
3505 5645 3648 5702 sicut
3691 5660 3766 5702 se-

2181 5739 2391 5811 ipsum,
2420 5737 2668 5810 profectu
2699 5736 2805 5793 hoc
2837 5735 2912 5792 illi
2942 5735 3094 5806 cupit
3123 5741 3175 5790 et
3206 5736 3361 5806 optat
3389 5733 3535 5806 quod
3564 5731 3685 5788 sibi.
3712 5733 3764 5789 Si

2181 5846 2364 5895 autem
2382 5837 2488 5892 hoc
2519 5834 2592 5890 illi
2623 5835 2842 5891 evenire
2862 5833 3142 5891 desiderat
3184 5832 3330 5906 quod
3350 5831 3473 5899 sibi,
3505 5831 3761 5904 quomodo

2180 5933 2324 5992 illius
2352 5932 2577 5989 salutem
2598 5931 2874 5989 desiderat
2895 5931 2986 6004 qui
3015 5946 3171 5988 suam
3205 5931 3567 6001 perditionem
3591 5937 3752 6002 optat.
