3956 6428
85 378 182 430 197

1281 377 1650 435 MORALIUM
1687 379 1759 436 IN
1798 380 2096 438 GENESIN
2135 380 2269 438 LIB.
2301 381 2424 439 VII.

3529 391 3626 443 198

78 513 407 584 spiritualis
470 514 852 586 subsequitur
897 513 1074 581 zelus,
1136 513 1239 585 qui
1298 513 1577 585 plantam,
1639 514 1692 570 id
1723 522 1808 571 est
1845 527 1885 574 A
1919 515 2147 572 duritia
2192 517 2443 573 carnalis
2485 517 2658 573 sentit
2698 518 2918 574 emollit
2969 520 3116 575 Esau
3165 519 3230 575 de
3264 538 3411 590 agro
3447 523 3625 578 lassus

80 604 474 660 intentionem
510 605 677 675 pravi
712 604 1003 672 desiderii,
1033 618 1165 674 qua
1197 604 1365 674 quasi
1390 604 1631 675 quidam
1675 604 1805 660 tinis

77 700 130 748 et
161 694 489 761 cogitatus.
533 703 589 749 et
633 694 820 764 operis
851 700 954 760 est,
998 692 1333 749 fortitudine
1366 692 1607 749 rationis
1635 707 1805 749 ever-

80 789 181 838 tat.
230 783 424 839 Iacob
474 784 689 854 itaque,
749 783 804 838 id
862 789 947 838 est
1001 783 1472 851 supplantatorem
1530 783 1805 852 patientia

77 870 238 927 hunc
288 879 492 928 mater
547 871 815 941 appellat,
871 871 975 941 qui
1019 870 1263 940 profecto
1313 871 1598 941 quidquid
1651 872 1806 927 mala

76 960 504 1029 prastolamur
555 959 867 1015 intentione
915 959 1224 1015 subducat.
1270 960 1387 1015 Hoc
1415 968 1499 1015 est
1529 959 1684 1030 quod
1723 959 1805 1016 le-

78 1048 257 1117 gitur,
292 1049 445 1105 Caro
476 1051 807 1118 concupiscit
844 1048 1104 1102 adversus
1151 1050 1434 1117 spiritum,
1479 1054 1529 1103 et
1570 1052 1802 1118 spiritus

77 1138 349 1193 adversus
392 1154 617 1192 carnem
647 1138 797 1208 (Gal.
843 1154 897 1206 v,
944 1138 1059 1207 17).
1107 1139 1336 1207 Tempus
1380 1146 1599 1208 partus,
1646 1139 1802 1208 quod

78 1227 357 1296 superius
409 1242 522 1283 nos
560 1228 929 1298 praterierat,
962 1242 1081 1298 quo
1123 1230 1327 1293 gemini
1364 1231 1425 1281 in
1461 1234 1612 1282 utero
1640 1242 1801 1298 repe-

77 1315 344 1383 riuntur,
406 1315 496 1370 nil
521 1315 679 1371 aliud
725 1315 1163 1371 convenientius
1190 1315 1411 1371 astimo
1442 1330 1618 1381 quam
1653 1318 1805 1385 ipsas

83 1405 431 1460 tentationis
472 1404 779 1471 molestias,
830 1420 961 1475 qua
1008 1405 1240 1475 quidem
1292 1404 1551 1476 geminos
1600 1405 1800 1473 edunt,

79 1493 221 1548 dum
301 1494 570 1563 primum
630 1493 938 1550 carnaliter
988 1494 1238 1557 titillant,
1289 1494 1653 1563 postmodum
1728 1494 1802 1549 ad

78 1583 531 1639 subversionem
563 1583 836 1653 nequitia
866 1582 1130 1652 spiritum
1163 1583 1329 1653 quasi
1378 1583 1631 1654 pugilem
1674 1582 1801 1638 vir—

79 1673 218 1727 tutis
255 1672 654 1728 exsuscitant.
698 1673 908 1729 Uterus
939 1680 1152 1741 autem,
1192 1674 1318 1745 ipsa
1348 1688 1465 1743 quo
1498 1673 1619 1729 hac
1649 1672 1799 1728 cele-

82 1761 334 1816 brantur
368 1762 740 1817 conscientia
770 1762 1133 1817 invisibilitas
1161 1770 1268 1817 est.

147 1849 326 1905 VERs.
364 1851 461 1913 26,
486 1853 577 1916 27,
606 1852 694 1904 28.
715 1880 783 1889 —
800 1851 1209 1917 Seaagenarius
1237 1853 1354 1903 erat
1381 1851 1557 1915 Isaac,
1582 1849 1800 1918 quando

79 1939 197 1990 nati
225 1943 362 1992 sunt
394 1941 452 1992 ei
474 1939 723 2007 parvuli.
765 1938 970 2004 Quibus
994 1938 1203 1993 adultis
1222 1941 1405 2005 factus
1427 1945 1504 1993 est
1536 1941 1685 1993 Esau
1714 1941 1802 1992 vir

81 2042 285 2092 gnarus
341 2027 610 2093 cenandi,
652 2031 701 2081 et
741 2028 894 2082 homo
939 2028 1205 2095 agricola.
1265 2028 1429 2082 Iacob
1479 2032 1659 2081 autem
1714 2029 1803 2082 vir

83 2117 316 2185 simplex
342 2116 641 2169 habitabat
670 2120 727 2169 in
756 2117 1142 2169 tabernaculis.

148 2206 311 2259 Isaac
349 2204 582 2258 amabat
620 2205 795 2271 Esau,
847 2220 904 2259 eo
948 2205 1093 2274 quod
1131 2204 1198 2258 de
1242 2205 1623 2260 venationibus
1684 2207 1802 2274 ejus

84 2297 409 2358 vesceretur,
477 2297 529 2345 et
588 2292 816 2348 Rebecca
876 2292 1139 2359 diligebat
1214 2293 1397 2347 Jacob.
1469 2293 1803 2348 Nascuntur

86 2381 246 2436 nobis
274 2381 536 2450 parvuli,
590 2395 723 2436 cum
753 2380 824 2435 ad
876 2382 1112 2450 plenum
1156 2380 1217 2436 in
1268 2380 1483 2451 praliis
1530 2381 1801 2438 vitiorum

85 2470 413 2525 exercitata
463 2468 725 2525 carnalia
793 2482 860 2525 ac
914 2469 1242 2539 spiritualia
1285 2484 1536 2540 quaque
1606 2478 1803 2540 patent

86 2558 416 2614 discretioni
440 2566 669 2613 nostra.
704 2559 862 2614 Isaac
884 2559 1266 2629 sexagenario
1300 2567 1641 2627 nascuntur,
1668 2575 1799 2616 cum

87 2648 197 2716 spei
229 2655 452 2703 nostra
480 2662 579 2717 per
610 2647 833 2719 integra
862 2648 1094 2719 perfecti
1132 2649 1379 2704 hominis
1407 2663 1600 2719 Opera,
1645 2650 1801 2720 quod

87 2736 473 2805 sexagenario
524 2735 813 2807 signatur,
860 2737 1131 2806 supernis
1160 2736 1536 2807 gaudiisjam
1570 2738 1802 2794 intenta

90 2824 299 2881 utiliter
350 2825 481 2880 hac
537 2832 992 2894 temperamenta
1049 2826 1121 2881 ad
1166 2825 1528 2895 probationis
1591 2826 1804 2883 scilicet

89 2914 328 2979 gloriam
351 2913 770 2969 suboriuntur.
805 2914 1040 2970 Parvuli
1066 2921 1202 2971 tunc
1225 2915 1474 2982 adolent,
1494 2929 1629 2971 cum
1645 2923 1804 2985 tepor

90 3002 479 3072 suggestionis
503 3002 575 3057 ad
598 3002 842 3059 calorem
867 3003 1058 3059 nimia
1082 3003 1408 3074 prorumpit
1427 3003 1797 3060 invectionis:

1912 607 2092 674 venit,
2145 621 2276 662 cum
2319 606 2377 661 in
2424 607 2670 662 terrenis
2727 607 2969 679 fatigata
3022 609 3265 679 negotiis
3294 610 3624 667 animalitas

1913 703 2114 750 nostra
2156 696 2226 750 ad
2278 696 2688 752 conscientiam
2741 697 3067 767 spiritualia
3099 699 3521 768 disquirentem
3564 715 3625 756 se

1914 784 2146 855 colligit.
2180 783 2372 841 Coctio
2402 799 2540 841 vero
2569 792 2655 841 est
2674 787 2827 853 rufa,
2860 786 2977 856 ipse
3005 788 3217 855 carnis,
3241 795 3295 843 et
3317 789 3625 859 sanguinis

1914 874 2243 941 passionum
2261 873 2529 929 coercitio
2562 873 2784 930 fervida
2811 916 2827 942 ,
2854 875 3035 931 rubor
3054 874 3207 930 enim
3240 878 3621 947 sanguineus,

1911 964 2013 1016 aut
2043 962 2307 1017 carnales
2327 971 2523 1029 astus,
2556 969 2659 1018 aut
2679 970 2978 1033 peccatum
3012 963 3319 1034 significat.
3356 967 3434 1019 Da
3459 966 3619 1034 mihi,

1912 1049 2122 1120 inquit,
2153 1050 2220 1105 de
2255 1054 2488 1106 coctione
2527 1054 2688 1119 rufa,
2720 1052 2776 1108 id
2808 1060 2892 1109 est
2946 1067 3126 1108 avara
3169 1053 3311 1108 mihi
3359 1068 3622 1126 excoque

1912 1138 2212 1207 desideria,
2246 1146 2303 1195 et
2342 1140 2399 1195 in
2423 1140 2562 1196 meis
2593 1155 2680 1197 me
2710 1142 3128 1211 cupiditatibus
3173 1142 3619 1207 lassabundum,

1909 1226 2001 1282 vel
2031 1226 2157 1297 ipsa
2186 1227 2353 1283 famis
2379 1228 2660 1297 pestifera
2706 1229 3041 1299 depulsione
3071 1237 3376 1299 exsatura;
3409 1230 3482 1285 oh
3514 1231 3622 1286 hoc

1911 1328 2165 1385 namque
2193 1316 2372 1371 Edom
2406 1324 2599 1372 noster
2626 1326 2866 1373 vocatur
2896 1317 3157 1383 allectus,
3196 1317 3337 1388 quia
3378 1318 3620 1375 terrenis

1910 1401 2298 1460 indesinenter
2335 1411 2685 1474 angustatur
2733 1405 3116 1474 passionibus.
3179 1406 3359 1462 Edom
3412 1420 3619 1477 nempe

1909 1490 2121 1547 dicitur
2168 1497 2432 1559 terrenus,
2502 1493 2590 1548 vel
2661 1495 3010 1558 sanguineus.
3086 1493 3294 1561 Vende,
3324 1493 3424 1561 ait,
3482 1494 3621 1548 mihi

1906 1584 2291 1650 primogenita,
2340 1596 2411 1637 ne
2467 1582 2680 1638 scilicet
2738 1583 2983 1638 ulterius
3034 1581 3093 1636 in
3149 1582 3292 1637 meis
3362 1582 3614 1653 aliquem

1910 1670 2167 1727 moribus
2222 1670 2537 1740 primatum
2588 1670 2828 1740 privata
2869 1670 3164 1739 potestatis
3212 1685 3455 1740 usurpa,
3519 1671 3617 1725 sed

1911 1759 2084 1828 regia
2134 1759 2452 1829 majestatis
2498 1759 2738 1829 imperio
2807 1760 3011 1815 cedens
3077 1758 3502 1828 spiritualitatis
3566 1767 3620 1814 te

1909 1848 2072 1917 sequi
2124 1848 2387 1918 promere
2434 1849 2695 1918 vestigia.
2727 1848 2871 1918 Quid
2916 1849 3072 1913 mihi,
3124 1847 3333 1917 inquit,
3369 1847 3621 1903 carnalis

1911 1935 2169 2001 allectus,
2224 1937 2413 2006 prodit
2469 1945 2668 1993 contra
2735 1936 3013 1992 rationem
3083 1950 3264 2007 prava
3308 1936 3497 1992 moliri
3553 1950 3621 1991 ac

1909 2024 2148 2095 indigna
2188 2025 2461 2092 dominia,
2509 2041 2643 2082 cum
2701 2026 2782 2081 nil
2832 2025 2974 2081 mihi
3013 2040 3086 2081 ex
3120 2026 3241 2096 [hoc
3292 2027 3616 2096 acquiram,

1910 2114 2021 2170 nisi
2069 2115 2266 2170 mortis
2320 2123 2551 2170 aterna
2603 2114 2945 2185 dispendia?
2993 2114 3189 2185 (Vnus.
3235 2117 3322 2181 33,
3366 2115 3478 2185 34:)
3520 2116 3620 2169 Ait

1909 2204 2071 2258 Jacob
2104 2207 2277 2258 :Jura
2300 2219 2425 2271 ergo
2455 2206 2609 2257 mihi.
2650 2207 2870 2258 Iuravit
2917 2206 3084 2271 Esau,
3118 2206 3170 2257 et
3199 2204 3451 2257 vendidit
3498 2205 3617 2273 pri-

1909 2297 2200 2361 mogenita.
2230 2297 2300 2348 Et
2344 2295 2421 2347 sic
2445 2299 2662 2362 accepto
2708 2310 2849 2362 pane
2878 2299 2929 2347 et
2968 2296 3126 2348 lentis
3159 2293 3337 2347 edulio
3368 2293 3618 2360 comedit,

1909 2388 1960 2437 et
1982 2384 2118 2436 bibit
2147 2388 2197 2437 et
2225 2383 2383 2447 abiit,
2414 2383 2819 2452 parvipendens
2851 2382 2996 2452 quod
3024 2385 3392 2452 primogenita
3427 2383 3615 2436 cendi-

1908 2471 2070 2526 derit.
2094 2473 2261 2528 Jurat
2288 2475 2437 2527 Esau
2477 2471 2777 2527 vendendo
2813 2474 3198 2542 primogenita,
3234 2472 3374 2527 dum
3406 2471 3479 2526 ad
3519 2470 3619 2541 jus

1909 2561 2428 2631 rectitudinemque
2466 2575 2524 2615 se
2553 2561 2770 2616 confert
2809 2561 3003 2616 carnis
3032 2561 3343 2630 appetitus,
3377 2568 3619 2631 accepto

1909 2649 2228 2719 spiritualis
2258 2650 2537 2706 libertatis
2568 2650 2768 2719 pretio,
2801 2650 3001 2706 subter
3029 2649 3269 2706 rationis
3295 2664 3417 2705 sese
3457 2663 3618 2705 man-

1909 2739 2157 2809 cipando
2186 2739 2491 2809 regimina.
2518 2740 2728 2795 Panem
2758 2753 2896 2809 ergo
2926 2746 3067 2795 tunc
3095 2738 3322 2808 accipit,
3354 2745 3410 2794 et
3449 2738 3621 2794 lentis

1911 2828 2192 2896 edulium,
2225 2844 2356 2884 cum
2412 2836 2534 2898 post
2576 2828 2834 2884 avaritia
2881 2827 3086 2883 famem
3124 2841 3272 2898 pane
3320 2827 3619 2883 charitatis

1911 2917 2185 2984 reﬁcitur,
2208 2924 2264 2973 et
2286 2920 2619 2987 passionum
2651 2916 2996 2985 carnalium,
3028 2932 3161 2987 qua
3197 2917 3364 2973 lentis
3405 2916 3619 2973 rubore

1910 3008 2237 3077 signantur,
2270 3006 2709 3076 consumptione
2735 3006 3056 3076 saginatur.
3097 3005 3349 3060 Comedit
3397 3005 3613 3075 itaque,

92 3092 178 3144 sed
230 3099 432 3147 tamen
481 3091 530 3147 si
576 3092 887 3148 carnalitas
954 3092 1148 3166 fervet,
1205 3092 1523 3162 spiritualis
1572 3108 1802 3151 necesse
1841 3135 1883 3191 Ο
1913 3094 1969 3149 id
1999 3100 2085 3149 est
2111 3093 2240 3149 forti
2272 3093 2561 3164 quidquid
2610 3094 2670 3148 in
2715 3108 2775 3148 se
2804 3093 2974 3148 noxie
3024 3093 3242 3148 durum
3280 3100 3364 3148 est
3397 3092 3615 3147 discre-

94 3187 170 3233 cst
220 3180 478 3249 impetus
525 3187 590 3236 ut
636 3187 836 3236 contra
884 3180 1181 3237 ardentius
1223 3182 1423 3237 ardere
1495 3196 1803 3252 nunquam

97 3276 284 3324 cesset.
338 3268 582 3324 Parvuli
637 3282 776 3324 sane
823 3268 967 3325 alter
1021 3269 1227 3338 bonus,
1279 3269 1469 3326 malus
1536 3270 1698 3338 alter,
1750 3276 1805 3326 et

96 3365 356 3428 uterque,
390 3358 441 3412 si
476 3357 740 3425 velimus,
775 3357 983 3413 bonus.
1018 3358 1178 3414 Unde
1224 3365 1279 3414 et
1308 3359 1484 3425 Esau,
1534 3361 1624 3412 τίν
1673 3358 1804 3415 licet

95 3458 295 3508 gnarus
326 3446 574 3499 venandi
600 3446 690 3513 sit,
723 3447 979 3514 homoque
1014 3448 1279 3515 agricola,
1315 3456 1506 3503 tamen
1539 3448 1612 3503 ab
1644 3449 1805 3505 Isaac

95 3531 375 3602 diligitur,
437 3550 498 3589 eo
557 3535 702 3603 quod
756 3536 822 3589 de
881 3535 999 3605 ejus
1039 3538 1418 3592 venationibus
1470 3543 1802 3604 nosceretur,-

98 3628 334 3677 venator
356 3622 546 3679 multo
578 3638 684 3678 suo
713 3630 846 3679 actu
876 3625 957 3679 nil
980 3625 1139 3680 aliud
1171 3639 1350 3695 quam
1378 3640 1611 3682 carnem
1634 3641 1805 3697 qua-

97 3708 188 3763 rit.
231 3710 526 3781 Agricola,
577 3725 709 3767 cum
756 3720 967 3768 terram
1018 3721 1303 3781 exerceat,
1336 3715 1560 3779 frugem
1611 3724 1804 3772 tamen

99 3797 295 3868 exigit.
334 3799 497 3855 Esau
542 3799 758 3870 itaque,
812 3800 868 3856 id
897 3808 983 3857 est
1016 3802 1207 3858 carnis
1238 3801 1479 3859 affectus
1515 3804 1634 3859 sola
1672 3818 1805 3860 cor—

98 3886 244 3953 poris
292 3887 585 3944 desideria
631 3889 863 3960 quarit,
933 3891 1031 3947 sed
1076 3899 1271 3947 tamen
1339 3890 1523 3948 instar
1574 3901 1629 3949 et
1689 3893 1805 3962 ipse

100 3974 355 4044 agricola
386 3992 523 4034 cum
571 3979 763 4034 carnis
813 3986 1025 4035 terram
1069 3980 1268 4036 multis
1307 3988 1443 4051 agat
1484 3980 1802 4049 laboribus,

100 4076 331 4133 magnos
379 4066 625 4123 rationis
650 4075 856 4124 nostra
887 4069 958 4124 ad
997 4083 1251 4139 superna
1289 4071 1626 4140 respectanti
1658 4078 1713 4126 et
1734 4071 1805 4127 ad

104 4149 204 4205 ista
252 4155 545 4225 pugnanti
589 4170 813 4226 magna
863 4158 1186 4213 saturitatis
1234 4158 1442 4229 ingerit
1481 4166 1689 4229 gustus
1735 4174 1807 4215 ex

101 4240 467 4300 victoriarum
501 4247 898 4315 proventibus.
932 4248 1098 4303 Jacob
1127 4252 1217 4302 vir
1244 4249 1483 4316 simplea:
1509 4249 1664 4304 domi
1697 4249 1807 4305 ha—

105 4327 256 4399 bitat,
310 4347 489 4403 quem
540 4333 796 4391 Rebecca
845 4337 933 4392 vel
985 4336 1107 4406 ipsa
1154 4345 1333 4405 amat,
1385 4336 1525 4393 dum
1568 4338 1808 4394 animus

1915 3182 2085 3239 tionis
2117 3183 2311 3238 atterit
2357 3182 2563 3250 dente;
2598 3182 2753 3246 bibit,
2799 3181 3002 3251 poculo
3031 3181 3244 3237 scilicet
3299 3180 3621 3251 spiritualis

1914 3270 2149 3343 gratia;
2184 3271 2321 3338 abit,
2369 3271 2585 3327 virtute
2642 3270 2845 3341 utique
2911 3270 3153 3341 proficit,
3197 3278 3253 3326 et
3308 3269 3615 3341 primetum

1914 3360 2187 3431 nequitia
2218 3359 2505 3430 spirituali
2527 3359 2777 3431 jservitia
2810 3359 3117 3431 postponit.

2440 3509 2467 3555 l
2482 3507 2586 3557 03
2624 3502 2857 3559 CAPUT
2895 3502 3106 3559 XXVI.

1980 3628 2163 3686 VEns.
2218 3631 2268 3695 1,
2308 3631 2361 3682 2.
2396 3658 2462 3669 —
2493 3628 2628 3684 Orta
2666 3633 2846 3682 antem
2873 3630 3021 3695 fame
3049 3643 3213 3698 super
3243 3632 3464 3696 terram,
3496 3633 3621 3697 post

1913 3734 2031 3772 eam
2062 3719 2409 3772 sterilitatem
2439 3733 2558 3786 qua
2588 3718 2861 3772 acciderat
2884 3720 2943 3771 in
2970 3717 3157 3771 diebus
3186 3718 3444 3784 Abraha,
3479 3719 3621 3772 abiit

1913 3809 1987 3862 ad
2016 3808 2325 3862 Abimelech
2350 3824 2525 3874 regem
2574 3809 2983 3861 Palastinorum
3023 3809 3081 3861 in
3134 3808 3368 3863 Gerara.
3422 3806 3618 3877 Appa-

1912 3901 2132 3966 ruitque
2180 3899 2229 3950 ei
2280 3899 2565 3963 Dominus,
2614 3902 2665 3950 et
2711 3899 2829 3950 ait:
2869 3899 2949 3952 Ne
2975 3896 3268 3951 descendas
3317 3899 3376 3950 in
3434 3897 3620 3965 Egy-

1910 3990 2082 4055 ptum.
2137 3985 2340 4040 Fames
2382 4000 2545 4055 super
2594 3989 2798 4038 terram
2836 3983 2970 4056 [post
3031 3986 3377 4039 sterilitatem
3431 3986 3622 4041 diebus

1915 4074 2160 4128 Abrahae
2188 4072 2397 4128 factam
2428 4072 2633 4139 oritur,
2680 4087 2812 4128 cum
2855 4072 3066 4128 divina
3097 4087 3269 4143 sapor
3296 4073 3623 4130 dulcedinis

1914 4163 1986 4217 ad
2037 4161 2467 4231 deprimendam
2510 4161 2859 4217 terrenitatis
2910 4170 3119 4218 nostra
3163 4162 3497 4232 superbiam
3543 4176 3617 4219 ex

1914 4250 2155 4307 victoria
2198 4251 2630 4307 intumescentis
2679 4251 2955 4307 vitiorum
3001 4250 3177 4307 menti
3223 4252 3613 4321 subtrahitur,

1916 4339 2216 4410 postillam
2247 4340 2625 4407 sterilitatem,
2660 4355 2837 4410 quam
2883 4341 3135 4411 primum
3179 4344 3312 4397 ante
3368 4356 3619 4397 concus-

106 4419 468 4491 simplicitati,
504 4422 561 4477 id
593 4431 677 4479 est
726 4423 932 4480 unitati
979 4425 1188 4481 mentis
1219 4426 1321 4481 uni
1352 4439 1581 4495 vacare,
1616 4441 1804 4483 unum
1845 4443 1888 4499 ι)
1919 4429 2136 4485 sionem
2214 4428 2573 4485 conscientia
2633 4428 2902 4497 Ahraha,
2977 4430 3085 4486 hoc
3139 4438 3224 4487 est
3302 4430 3619 4488 intellectui

107 4510 354 4577 gaudens
399 4511 659 4582 cogitare
712 4512 973 4581 intendit,
1024 4522 1079 4571 et
1123 4514 1276 4570 domi
1325 4515 1612 4583 habitans,
1663 4530 1796 4572 con-

106 4598 343 4655 scientia
390 4600 601 4670 utique
663 4600 970 4671 imperans,
1024 4617 1059 4657 a
1121 4603 1396 4673 patientia
1458 4604 1801 4661 humanitus

109 4684 379 4757 diligitur,
422 4704 559 4760 qua
600 4692 764 4759 quasi
803 4692 1165 4748 muliebriter
1210 4693 1279 4749 de
1318 4693 1553 4763 propria
1606 4694 1799 4764 quiete

108 4772 340 4846 latatur,
390 4778 539 4835 dum
579 4779 750 4835 Iacob
780 4780 1117 4850 simpliciter
1143 4782 1415 4850 stabilito,
1454 4782 1616 4839 nullo
1668 4791 1799 4839 tur-

108 4860 227 4919 bine
263 4866 509 4923 interius
534 4868 921 4937 propulsatus,
952 4870 1093 4926 dum
1128 4871 1322 4927 minus
1352 4870 1613 4942 providet
1645 4886 1802 4941 qua~

110 4963 233 5009 nam
258 4955 473 5012 utilitas
503 4970 579 5013 ex
608 4958 916 5014 tentatione
946 4966 1243 5016 nascatur.

172 5040 334 5100 Vsus.
371 5048 463 5114 29,
495 5047 584 5113 30,
615 5049 703 5101 3|.
729 5078 798 5086 ——
833 5049 990 5104 Coait
1020 5055 1199 5104 autem
1226 5050 1390 5105 Jacob
1430 5050 1795 5119 pulmentum;

115 5130 182 5183 ad
210 5149 358 5202 quem
388 5151 516 5192 cum
561 5139 792 5192 venisset
834 5140 985 5192 Esau
1024 5138 1091 5192 de
1119 5154 1253 5206 agro
1305 5141 1503 5207 lassus,
1549 5142 1675 5194 ait:
1718 5142 1801 5194 Da

112 5222 237 5275 mihi
275 5224 337 5278 de
382 5227 621 5281 coctione
656 5227 755 5281 hac
791 5229 943 5294 rufa,
1004 5229 1140 5296 quia
1185 5228 1388 5297 oppido
1427 5229 1603 5284 lassus
1655 5244 1794 5283 sum.

115 5310 271 5374 Quam
316 5314 379 5368 ob
461 5330 687 5371 causam
742 5321 991 5371 vocatum
1053 5322 1134 5372 est
1180 5333 1370 5373 nomen
1417 5317 1534 5388 ejus
1603 5318 1795 5373 Edam.

121 5398 280 5455 Vende
322 5406 458 5459 mihi
488 5407 859 5475 primogenita
906 5411 1020 5472 tua,
1078 5409 1276 5476 inquit.
1328 5409 1428 5465 Cui
1477 5411 1659 5463 Esau:
1717 5411 1799 5463 En

115 5493 331 5562 morior;
399 5496 541 5565 quid
607 5497 745 5549 mihi
798 5498 1100 5566 prderunt
1171 5501 1583 5567 primogenita?
1634 5498 1797 5552 Jacob

113 5581 422 5643 Palmentum
486 5584 705 5653 coquit,
755 5586 896 5641 dum
942 5586 1262 5657 spiritualis
1323 5588 1495 5658 vigor
1534 5587 1797 5644 scientia

119 5664 326 5739 aliquis,
372 5682 427 5731 et
465 5672 684 5729 divina
737 5673 857 5730 foco
905 5676 1205 5733 charitatis
1242 5676 1530 5748 quidquid
1561 5677 1714 5747 apud
1739 5691 1799 5735 se

1906 4518 2179 4589 privatim
2224 4516 2568 4573 infecundus
2615 4517 2801 4573 factus
2846 4526 2930 4574 est
2981 4518 3382 4590 insipibusque
3448 4520 3618 4589 panis

1910 4608 2063 4663 vita.
2115 4606 2281 4663 Prius
2345 4605 2498 4660 enim
2556 4619 2587 4661 a
2638 4606 2732 4661 Dei
2778 4605 2938 4662 verbi
2991 4615 3171 4677 gustu
3211 4608 3356 4663 ratio
3409 4615 3614 4678 torpet,

1909 4696 2268 4767 postmodum
2336 4709 2409 4751 ex
2469 4696 2591 4764 ipsa
2655 4695 2847 4750 inedia
2930 4697 3186 4767 graviter
3260 4696 3613 4753 conscientia

1908 4787 2173 4857 languet;
2223 4783 2525 4859 diebushid
2554 4792 2638 4838 est
2671 4784 3055 4840 intellectibus
3104 4786 3362 4851 Abraha,
3402 4785 3617 4842 scilicet

1905 4874 2147 4932 rationis
2185 4874 2293 4929 hac
2336 4880 2500 4929 nocte
2560 4873 2909 4929 tabentibus.
2964 4874 3124 4931 Isaac
3173 4874 3248 4928 ad
3302 4875 3614 4931 Abimelcch

1904 4980 2084 5033 regem
2111 4966 2170 5017 in
2205 4963 2416 5019 Gerara
2464 4962 2644 5029 vadit,
2686 4962 2827 5032 quia
2857 4976 3036 5030 mens,
3078 4977 3330 5034 superno
3376 4963 3615 5035 quidem

1908 5053 2120 5124 gaudio
2165 5052 2403 5119 intenta,
2454 5051 2527 5107 ad
2567 5051 2749 5107 Patris
2814 5051 2905 5107 sui
2959 5067 3228 5123 regnum,
3289 5053 3444 5124 quod
3530 5060 3616 5110 est

1907 5142 2184 5207 mundus,
2208 5140 2456 5208 excedit,
2484 5141 2586 5197 ubi
2607 5142 2747 5198 dum
2780 5142 3034 5213 gaudere
3060 5142 3284 5210 nititur,
3315 5141 3611 5199 diabolum

1907 5232 2009 5303 qui
2048 5239 2210 5301 pater
2268 5231 2471 5287 mundi
2500 5238 2825 5288 amatorum
2856 5239 2961 5299 est,
2996 5245 3187 5302 regem
3228 5232 3610 5301 advenarum,

1907 5321 2119 5378 scilicet
2177 5321 2700 5391 peregrinationem
2767 5320 2945 5391 hujus
3008 5321 3202 5378 saculi
3253 5335 3356 5391 pro
3421 5321 3614 5391 patria

1907 5410 2252 5476 amantium,
2297 5419 2352 5465 et
2391 5424 2493 5479 per
2509 5410 2617 5483 hoc
2637 5410 2710 5466 ad
2729 5424 2788 5465 se
2819 5410 3342 5481 propinquantium
3376 5411 3611 5481 reperit.

1907 5499 2259 5566 Abimelech,
2312 5502 2496 5571 patris
2535 5502 2643 5554 mei
2687 5514 2944 5567 regnum;
2999 5499 3214 5556 Gerara
3244 5500 3459 5557 dicitur
3512 5502 3616 5557 ad-

1904 5605 2041 5644 vena
2072 5591 2547 5658 appropinquans.
2606 5589 2860 5659 Apparet
2906 5580 2973 5643 ei'
3001 5592 3281 5659 Dominus,
3330 5589 3472 5647 dum
3512 5605 3612 5647 er-

1907 5693 2098 5735 rorem
2128 5679 2338 5736 anima
2384 5677 2569 5735 oculis
2618 5679 2830 5749 detegit
2878 5677 3219 5735 intellectus.
3278 5681 3353 5736 Ne
3399 5679 3612 5735 descen-
