3924 6398
194 389 292 448 831
1164 398 1748 463 DEFLORATIONES
1787 404 1889 464 SS.
1935 407 2240 464 PATRUM.
2283 439 2350 449 -
2389 408 2514 464 LIB.
2556 409 2598 462 Ι.

3397 417 3498 468 838

196 526 377 596 Itaque
433 526 682 597 primum
739 531 984 604 seipsum
1047 536 1186 593 bene
1243 537 1476 612 diligere
1534 536 1716 600 debet,
1750 541 1807 590 ut
1837 533 1889 593 A
1919 543 2001 592 est
2032 550 2192 608 quam
2225 533 2326 589 sibi
2355 534 2620 608 diligere:
2651 533 2756 592 hoc
2783 544 2868 592 est
2899 537 3035 596 velle
3055 537 3186 592 illud
3217 545 3268 594 et
3289 537 3502 594 deside-

192 630 387 692 postea
410 623 724 681 secundum
755 643 812 684 se
834 629 977 686 bene
1006 630 1199 706 diligat
1219 639 1272 688 et
1291 633 1596 706 proximum
1622 647 1798 686 suum.

194 717 246 772 Si
269 727 452 774 autem
487 737 550 780 se
582 725 822 798 perdere
853 727 970 783 vult
990 737 1044 784 ut
1070 729 1279 786 salvum
1309 729 1472 788 faciat
1493 729 1802 803 proximum

199 821 384 873 suum,
436 824 552 864 non
585 821 671 866 est
728 813 981 874 ordinata
1036 815 1282 886 dilectio,
1339 819 1467 890 quia
1495 834 1596 890 pro
1621 817 1803 876 anima

193 911 284 949 sua
311 895 523 952 nullam
561 903 1045 960 commutationem
1079 907 1209 962 dare
1252 914 1431 977 potest
1461 907 1648 962 homo.
1689 907 1804 964 Hoc

194 983 333 1038 enim
365 1001 396 1039 a
427 993 485 1041 te
517 989 763 1057 primum
814 993 1042 1064 requirit
1082 995 1248 1062 Deus,
1282 1001 1339 1049 ut
1394 995 1627 1050 animum
1659 1001 1802 1049 tuam

190 1079 283 1135 des
307 1081 407 1151 illi,
442 1083 659 1141 deinde
675 1096 872 1143 caetera
899 1087 1161 1160 adjicias.
1194 1091 1252 1146 Si
1279 1091 1407 1164 quid
1425 1107 1524 1163 pro
1545 1091 1649 1146 isto
1669 1091 1803 1148 dare

188 1167 428 1225 volueris
462 1188 580 1228 non
633 1176 915 1246 accipitur,
948 1179 1055 1233 nisi
1122 1180 1340 1234 dederis
1372 1187 1425 1235 et
1450 1180 1618 1235 istud.
1683 1181 1803 1234 Pri-

190 1273 337 1313 mum
373 1260 549 1328 istud,
584 1262 804 1336 reliqua
830 1281 955 1322 cum
982 1267 1108 1322 isto.
1169 1267 1291 1323 Non
1321 1274 1508 1324 autem
1543 1268 1666 1324 dico
1697 1267 1803 1324 duo

186 1355 273 1401 aut
301 1354 413 1404 tres
435 1359 532 1405 aut
585 1359 821 1424 quatuor
847 1354 1126 1421 homines,
1189 1355 1284 1411 sed
1308 1372 1407 1412 nec
1440 1363 1607 1412 totum
1637 1372 1802 1412 mun-

184 1439 313 1499 dum
350 1454 553 1502 contra
590 1447 830 1504 animam
879 1459 1025 1506 tuam
1077 1451 1309 1526 diligere
1339 1449 1536 1508 debes.
1574 1447 1629 1508 Si
1658 1452 1802 1510 enim

183 1530 394 1604 aliquid
431 1534 564 1605 plus
628 1555 787 1610 quam
846 1539 1086 1595 animam
1146 1548 1288 1596 tuam
1317 1539 1536 1614 deligis,
1569 1540 1804 1613 idipsum

183 1620 430 1688 profecto
461 1624 591 1695 plus
611 1642 772 1698 quam
803 1627 974 1683 Deum
1000 1628 1228 1702 diligere
1255 1629 1644 1702 comprobaris,
1680 1627 1804 1704 quia

184 1720 462 1776 aunimam
500 1729 658 1776 tuam
716 1739 824 1778 non
882 1723 1067 1798 diligis
1115 1723 1219 1782 nisi
1267 1726 1320 1786 in
1361 1742 1426 1782 eo
1481 1726 1618 1793 solo,
1678 1723 1802 1796 quia

182 1807 384 1864 bonum
417 1810 573 1865 illius
608 1812 756 1883 quod
787 1812 932 1868 Deus
966 1823 1047 1868 est
1075 1813 1282 1888 diligis.
1325 1813 1531 1870 Idcirco
1563 1813 1801 1886 primum

1911 639 2060 680 rare.
2097 623 2235 694 Quia
2265 624 2409 680 enim
2440 622 2618 678 omnis
2650 623 2739 696 qui
2771 625 2972 681 bonum
3004 643 3160 682 suum
3182 625 3380 700 diligit,
3399 627 3503 682 sibi

1911 717 2088 792 diligit
2121 739 2134 786 ;
2167 725 2218 775 et
2276 737 2489 775 rursum
2545 721 2672 794 quia
2727 721 2904 776 omnis
2961 722 3052 794 qui
3083 723 3256 778 Deum
3307 723 3500 796 diligit,

1913 809 2114 864 bonum
2173 826 2328 864 suum
2383 808 2579 880 diligit,
2630 817 2839 865 constat
2885 811 3134 881 profecto
3164 813 3290 884 quia
3342 830 3505 870 nemo

1912 898 2086 954 Deum
2109 897 2302 968 diligit,
2356 897 2444 968 qui
2465 896 2567 951 sibi
2619 895 2770 952 illum
2821 914 2930 954 non
2971 899 3179 972 diligit;
3232 908 3284 954 et
3328 902 3506 956 omnis

1912 992 2002 1067 qui
2033 993 2209 1065 diligit
2239 993 2346 1048 sibi
2375 994 2572 1068 diligit,
2607 993 2735 1068 quia
2762 995 3037 1052 desiderat
3065 1005 3118 1052 et
3140 997 3342 1054 habere
3359 999 3507 1071 cupit

1913 1099 2071 1154 quem
2103 1082 2300 1155 diligit.

1985 1181 2143 1234 Item.
2181 1179 2321 1248 Quia
2351 1195 2455 1236 non
2487 1179 2664 1236 omnis
2693 1181 2781 1253 qui
2805 1181 3006 1236 bonum
3046 1179 3268 1238 alterius
3307 1183 3502 1258 diligit,

1910 1265 2059 1322 illum
2094 1267 2270 1340 diligit
2296 1269 2446 1336 cujus
2493 1269 2692 1323 bonum
2723 1268 2918 1341 diligit,
2972 1270 3097 1341 quia
3128 1287 3235 1326 non
3267 1270 3343 1326 illi
3373 1272 3506 1327 dlll-

1911 1357 1988 1427 git
2022 1355 2229 1411 bonum
2263 1356 2407 1426 quod
2429 1355 2629 1427 diligit.
2663 1357 2915 1412 Distinxit
2955 1358 3232 1428 SCriptura
3256 1362 3505 1417 humanm

1910 1444 2097 1509 menti,
2131 1445 2432 1499 secundum
2465 1460 2529 1500 ea
2560 1461 2680 1518 quae
2727 1445 2780 1498 in
2830 1447 3082 1500 humanis
3139 1445 3334 1516 divisa,
3395 1449 3504 1504 ali-

1911 1539 2126 1610 quoties
2183 1537 2547 1605 inveniuntur,
2580 1539 2634 1596 id
2704 1541 2846 1612 quod
2895 1539 3078 1596 divina
3133 1543 3504 1613 inseparabile

1910 1624 2130 1694 habent,
2160 1626 2347 1681 dicens
2380 1628 2583 1682 homini
2616 1635 2690 1694 ut,
2720 1638 3006 1700 postquam
3037 1629 3210 1684 Deum
3232 1631 3501 1702 diligeret,

1910 1721 2165 1796 diligeret
2193 1732 2246 1778 et
2295 1725 2597 1796 proximum
2629 1741 2806 1790 suum,
2867 1742 2974 1780 non
3005 1727 3145 1797 quod
3193 1727 3337 1783 istud
3386 1729 3503 1785 sine

1911 1811 2014 1867 isto
2043 1812 2220 1868 facere
2243 1822 2495 1882 possunt,
2539 1812 2640 1870 sed
2671 1829 2738 1868 ne
2769 1830 2930 1884 posse
2963 1823 3236 1885 putarent.
3261 1815 3503 1876 Primum

179 1896 350 1970 dilige
383 1899 639 1954 animam
691 1907 855 1967 tuam,
910 1885 1196 1976 diligendo
1217 1902 1420 1958 bonum
1450 1885 1645 1957 anima:
1673 1911 1798 1959 tum.
1831 1885 1884 1950 Β
1912 1915 2047 1970 ergo
2078 1901 2212 1954 dixit
2239 1909 2292 1956 ut
2349 1901 2521 1956 Deum
2555 1900 2825 1972 diligeret,
2880 1911 2932 1956 et
2963 1903 3015 1956 in
3055 1919 3120 1959 eo
3144 1905 3258 1974 ipse
3284 1905 3416 1960 dixit
3446 1914 3504 1965 ut

178 1983 393 2043 Deinde
428 1987 608 2044 etiam
635 1987 808 2059 dilige
844 1991 1145 2059 proximum
1191 1999 1343 2046 tuum
1375 1990 1514 2048 sicut
1544 1991 1796 2062 teipsum,

175 2084 464 2158 diligendo
498 2085 584 2140 illi
614 2086 818 2142 bonum
852 2088 996 2160 quod
1028 2087 1213 2162 diligis
1258 2089 1375 2143 tibi.
1401 2090 1516 2144 Hoc
1544 2097 1630 2145 est
1655 2089 1797 2144 enim

175 2172 305 2228 illud
337 2173 612 2247 diligere,
632 2175 842 2230 bonum
868 2176 948 2230 illi
979 2175 1228 2249 diligere.
1262 2177 1400 2232 Nam
1425 2178 1634 2232 bonum
1655 2177 1798 2232 illius

174 2259 410 2335 diligere
441 2277 672 2334 posses,
709 2263 872 2319 etiam
904 2265 947 2318 si
979 2264 1129 2320 illum
1159 2280 1271 2320 non
1295 2265 1576 2338 diligeres.
1603 2265 1799 2321 Posses

180 2351 324 2407 enim
355 2351 459 2405 tibi
487 2351 756 2424 diligere,
789 2361 877 2406 aut
905 2353 1069 2408 alteri
1114 2353 1357 2420 cuilibet,
1392 2362 1446 2409 et
1476 2369 1583 2409 non
1617 2353 1713 2420 illi,
1746 2362 1800 2409 et

179 2440 248 2494 ita
279 2440 438 2494 illum
490 2454 611 2495 non
638 2439 922 2512 diligeres,
984 2442 1234 2513 quamvis
1266 2443 1469 2497 bonum
1497 2441 1640 2497 illius
1669 2440 1795 2496 dili-

177 2551 363 2610 geres,
404 2537 544 2610 quia
575 2537 657 2592 illi
686 2554 794 2593 non
815 2538 1095 2612 diligeres.
1121 2540 1320 2596 Posses
1345 2541 1574 2612 diligere
1596 2556 1796 2612 equum

176 2625 344 2691 illius,
377 2627 622 2682 domum
653 2635 704 2682 et
735 2641 944 2699 agrum,
975 2627 1264 2700 pecuniam
1311 2627 1477 2694 illius,
1523 2627 1796 2684 fortitudi-

171 2731 314 2788 nem,
353 2721 834 2794 pnlchritudinem
865 2732 956 2779 ant
986 2725 1309 2795 sapientiam
1348 2724 1512 2790 illius,
1539 2725 1795 2796 quamvis

173 2809 324 2865 illum
343 2826 459 2866 non
489 2810 792 2883 diligeres,
819 2811 947 2884 quia
967 2812 1067 2867 tibi
1086 2812 1370 2885 diligeres,
1395 2828 1504 2869 non
1520 2812 1618 2867 illi.
1638 2812 1794 2867 Enim

171 2913 362 2954 verum
407 2900 625 2955 bonum
659 2915 767 2955 non
806 2907 1027 2970 poteras
1084 2901 1314 2972 diligere
1345 2901 1464 2967 tibi,
1506 2901 1611 2956 nisi
1665 2900 1797 2956 illud

171 2987 436 3060 diligeres
467 2995 523 3044 et
561 3001 803 3059 cuperes
831 2989 1086 3060 proximo
1119 3000 1235 3044 tuo.

238 3077 505 3132 Distinxit
535 3091 683 3148 ergo
705 3077 985 3149 Scriptura
1035 3078 1381 3134 dilectionem
1413 3078 1569 3133 istam
1601 3093 1799 3136 secun-

171 3167 302 3222 dum
333 3167 486 3221 illam
522 3181 639 3236 qua
667 3165 721 3220 in
751 3166 871 3222 aliis
927 3175 983 3222 et
1011 3167 1079 3223 de
1131 3167 1252 3222 aliis
1282 3167 1457 3223 bonus
1486 3176 1588 3222 est.
1638 3168 1796 3223 Dile-

1910 1988 2012 2042 sibi
2044 1988 2314 2061 diligeret,
2369 1990 2491 2062 quia
2523 1989 2699 2045 omnis
2745 1989 2834 2064 qui
2862 1990 3063 2045 bonum
3093 2009 3247 2046 suum
3303 1994 3499 2066 diligit,

1909 2086 2012 2139 sibi
2035 2085 2230 2158 diligit.
2265 2085 2400 2155 Quia
2431 2103 2538 2142 non
2562 2087 2737 2142 omnis
2767 2087 2857 2160 qui
2889 2090 3086 2142 bonum
3118 2083 3343 2144 alterius
3371 2089 3501 2146 dili-

1910 2174 2008 2244 git,
2041 2174 2117 2228 illi
2161 2173 2336 2245 diligit
2365 2175 2520 2243 cujus
2541 2175 2741 2229 bonum
2770 2175 2948 2247 diligit
2981 2185 3136 2247 ;post
3156 2176 3501 2234 dilectionem

1909 2259 2006 2316 Dei
2039 2263 2222 2317 statim
2253 2263 2532 2333 subjunxit
2585 2262 2931 2318 dilectionem
2988 2265 3236 2334 proximi,
3283 2274 3339 2320 ut
3395 2267 3501 2324 hoc

1908 2351 2072 2406 homo
2103 2350 2358 2422 proximo
2387 2367 2487 2406 suo
2545 2360 2765 2422 cuperet
2821 2352 3101 2423 diligendo
3131 2352 3302 2419 illum,
3353 2355 3499 2426 quod

1907 2448 2010 2504 sibi
2040 2447 2326 2522 diligendo
2356 2450 2552 2504 Deum.
2587 2448 2744 2517 Quod
2778 2449 2954 2517 majus
2987 2450 3186 2504 bonum
3225 2450 3359 2506 mihi
3391 2461 3494 2519 est,

1905 2553 1935 2591 a
1965 2553 2052 2592 me
2083 2537 2211 2608 plus
2241 2537 2582 2610 diligendum
2615 2546 2717 2603 est,
2781 2537 2904 2602 quia
2935 2537 3064 2592 mihi
3095 2539 3328 2608 primum
3359 2539 3498 2594 insi-

1906 2633 2021 2681 tum
2051 2633 2153 2690 est,
2186 2633 2241 2679 ut
2271 2625 2497 2698 diligam
2537 2626 2739 2680 bonum
2783 2642 2965 2681 meum
3017 2641 3028 2678 :
3080 2625 3214 2681 illud
3263 2627 3500 2684 maxime

1905 2722 2053 2798 quod
2082 2740 2270 2779 verum
2303 2721 2503 2779 bonum
2530 2733 2630 2788 est,
2671 2732 2753 2808 let,
2785 2731 2907 2794 post
2954 2721 3088 2780 illud
3118 2732 3170 2779 et
3199 2723 3498 2787 secundum

1904 2811 2057 2879 illud,
2089 2811 2315 2886 diligam
2347 2812 2546 2868 bonum
2580 2812 2812 2881 proximi
2843 2812 2969 2868 mei.
2995 2813 3306 2868 Secundum
3337 2829 3424 2870 me
3447 2822 3500 2870 et

1903 2908 2023 2971 post
2055 2915 2141 2954 me
2171 2899 2374 2971 aliquid
2405 2899 2484 2953 illi
2516 2901 2712 2965 debeo,
2755 2904 2879 2954 ante
2933 2916 3022 2955 me
3054 2900 3138 2956 vel
3169 2911 3356 2958 contra
3410 2919 3500 2960 me

1903 2987 2057 3043 nihil.
2090 2988 2339 3060 Alioquin
2371 3004 2478 3044 non
2509 2995 2673 3042 staret
2707 3005 2764 3041 τα
2784 2989 2990 3061 Diliges
3012 2990 3318 3060 proximum
3347 2998 3500 3047 tuum

1903 3077 2044 3131 sicut
2101 3076 2354 3148 teipsum,
2392 3100 2413 3123 »
2449 3076 2498 3130 si
2550 3074 2700 3130 illum
2739 3075 3046 3148 diligerem,
3109 3077 3234 3132 odio
3291 3079 3498 3135 habens

1903 3163 2190 3234 meipsum.
2225 3163 2532 3220 Secundum
2565 3163 2707 3218 hunc
2759 3160 2942 3234 itaque
2974 3163 3192 3219 modum
3249 3179 3363 3220 non
3391 3166 3498 3221 nisi

172 3255 406 3312 stionem
439 3256 691 3326 primum
721 3255 1042 3326 pmcipiens
1097 3255 1323 3324 homini,
1356 3264 1414 3311 ut
1456 3257 1632 3312 Deum
1674 3256 1799 3310 dili.
1824 3244 1874 3308 C
1900 3252 2007 3308 duo
2038 3261 2163 3306 sunt
2193 3259 2470 3323 praecepta
2502 3250 2778 3307 cbaritatis
2804 3270 2814 3305 :
2841 3251 3074 3321 primum
3103 3251 3173 3307 de
3201 3252 3496 3310 dilectione

172 3353 279 3418 gat,
311 3345 626 3401 intendens
650 3342 836 3415 utique
883 3351 940 3399 ut
967 3343 1024 3398 in
1051 3357 1118 3400 eo
1149 3344 1269 3415 ipso
1299 3347 1544 3416 seipsum
1572 3345 1790 3417 diligat,

171 3434 298 3505 quia.
343 3434 593 3505 diligere
623 3433 863 3504 seipsum
913 3447 1023 3489 non
1065 3433 1214 3489 aliud
1270 3441 1352 3490 est
1379 3447 1543 3506 quam
1589 3433 1794 3490 bonum

170 3539 329 3580 suum
358 3522 635 3595 diligere,
667 3529 722 3578 et
777 3522 979 3579 bonum
1011 3537 1170 3579 suum
1225 3522 1466 3596 diligere
1493 3537 1605 3580 non
1647 3521 1796 3578 aliud

1901 3340 2023 3408 Dei,
2053 3340 2108 3395 in
2140 3356 2248 3413 quo
2279 3342 2442 3396 homo
2469 3339 2740 3396 veraciter
2767 3339 2945 3411 diligit
2976 3340 3242 3412 seipsum.
3283 3342 3500 3397 Secun-

1901 3429 2026 3485 dum
2056 3431 2124 3486 de
2155 3429 2443 3485 dilectione
2471 3426 2731 3502 proximi,
2752 3423 2808 3484 in
2853 3443 2961 3502 quo
2994 3429 3298 3505 proximum
3317 3429 3500 3504 diligit

1903 3519 2044 3575 sicut
2073 3519 2312 3590 seipsum
2328 3559 2342 3573 .

555 3811 1180 3920 DOMINICA
1225 3813 1711 3940 QUINTA
1757 3810 2090 3920 POST
2151 3807 3117 3916 THEOPHANIAM.

1419 4056 1807 4124 Secundum
1839 4055 2254 4122 Matthmum.

242 4219 636 4296 Respondeas
663 4219 824 4274 Jesus
879 4217 1052 4274 dixit:
1090 4242 1112 4266 α
1150 4217 1420 4278 Conﬁteor
1478 4217 1598 4286 tibi,
1635 4219 1790 4274 Pater

171 4322 416 4378 Domine
469 4317 607 4376 caeli
639 4323 691 4371 et
723 4323 901 4382 terrae,
936 4316 1065 4387 quia
1109 4315 1445 4372 abscondisti
1490 4319 1608 4372 haec
1635 4332 1664 4370 a
1694 4331 1789 4372 sa-

172 4410 451 4484 pientibus
484 4414 551 4465 et
603 4404 964 4477 prudentibus
996 4411 1049 4461 et
1101 4404 1354 4464 revelasti
1409 4420 1476 4461 ea
1529 4403 1788 4478 parvulis,

171 4509 282 4556 etc.
321 4499 498 4570 (Matt
509 4497 569 4551 h.
611 4496 690 4564 χι)
704 4535 717 4550 .
736 4515 758 4546 ι

1899 4219 2054 4290 (Luc.
2089 4217 2165 4285 xi)
2200 4239 2220 4260 »ι
2256 4214 2361 4270 hoc
2419 4219 2502 4268 est
2554 4211 2894 4269 humlitatem
2951 4207 3077 4270 ﬁdei
3108 4212 3327 4280 Christi,
3386 4225 3494 4288 qua

1899 4305 1971 4364 ad
2000 4302 2294 4360 divinitatis
2327 4302 2444 4372 ejus
2471 4302 2806 4375 agnitionem
2832 4302 3126 4374 pervenire
3157 4303 3434 4376 poteratis.

1974 4435 1995 4461 ο
2030 4411 2229 4478 Etiam,
2281 4411 2455 4473 Pater,
2509 4407 2637 4478 quia
2664 4409 2744 4466 sic
2771 4408 2873 4466 fuit
2899 4408 3157 4481 placitum
3187 4420 3312 4467 ante
3345 4419 3420 4468 te.
3466 4437 3488 4460 η

1899 4511 2105 4570 Sensus
2133 4516 2219 4564 est
2252 4526 2266 4562 :
2299 4508 2474 4575 Certe,
2509 4508 2690 4574 Pater,
2721 4508 2844 4562 hmc
2891 4508 3087 4576 fecisti,
3123 4509 3248 4581 quia
3276 4509 3353 4566 sic
3372 4510 3496 4582 pla-

242 4605 556 4662 Exsultans
597 4601 667 4657 de
698 4599 901 4671 Spiritu
931 4608 1140 4669 sancto,
1194 4601 1267 4658 de
1303 4600 1478 4658 salute
1507 4600 1787 4658 humilium
1815 4587 1872 4653 D
1903 4600 2012 4656 cuit
2040 4607 2170 4654 ante
2207 4605 2281 4666 te,
2345 4596 2398 4654 id
2455 4603 2538 4651 est
2567 4595 2622 4650 in
2678 4604 2976 4668 conspectu
3005 4603 3122 4654 tuo.
3171 4595 3267 4654 His
3312 4597 3499 4654 verbis

171 4705 374 4777 quibus
421 4699 782 4770 loquebatur,
817 4699 1026 4768 gratias
1055 4698 1167 4769 agit
1194 4706 1250 4754 et
1277 4699 1516 4754 exsultat
1539 4698 1598 4753 in
1628 4699 1792 4756 Patre

172 4794 319 4866 quod
378 4787 664 4863 apostolis
718 4786 983 4844 adventus
1014 4787 1098 4844 sui
1147 4788 1373 4858 aperuit
1426 4794 1788 4858 sacramenta,

172 4900 291 4954 qua:
322 4882 737 4955 ignoraverunt
761 4875 970 4936 Scribis
996 4883 1055 4932 et
1112 4876 1384 4942 Phariami,
1419 4876 1510 4948 qui
1536 4875 1640 4932 sibi
1695 4891 1790 4932 sa-

170 4972 388 5044 pientes
422 4965 787 5025 videbantur.
855 4965 1011 5020 Uude
1039 4979 1208 5034 supra
1239 4981 1253 5018 :
1291 4983 1312 5018 ι
1343 4963 1648 5024 Justiﬁcata
1703 4971 1792 5024 est

172 5068 456 5142 sapientia
489 5080 527 5120 a
555 5062 683 5119 filiis
711 5063 826 5118 anis
854 5063 1075 5132 (ibim).
1109 5075 1134 5114 ι
1189 5061 1470 5119 Confessio
1499 5078 1608 5119 non
1638 5079 1790 5120 sem-

170 5175 272 5232 per
299 5152 832 5230 prenitentiam,aed
858 5151 1153 5223 aliquando
1191 5151 1488 5224 gratiarum
1519 5152 1792 5210 actionem

170 5247 483 5321 signiﬁcat.
519 5240 961 5310 (descensum)
1008 5241 1070 5299 in
1123 5239 1232 5298 hoc
1283 5240 1433 5312 quod
1479 5240 1554 5300 ait
1582 5241 1786 5299 Pater:

173 5343 425 5402 ostendit
479 5353 545 5395 se
599 5353 726 5394 esse
755 5335 1005 5410 genitum
1041 5346 1078 5394 a
1103 5337 1241 5403 Deo,
1271 5346 1383 5394 una
1435 5343 1701 5404 creatum.
1731 5344 1796 5395 ut

173 5431 424 5490 heretici
457 5428 696 5493 dicunt;
728 5425 785 5482 in
824 5427 930 5482 hoc
950 5424 1096 5496 quod
1111 5424 1544 5492 dialt:Donine,
1575 5433 1790 5484 creato-

178 5537 293 5580 rem
323 5519 460 5577 cmli
487 5525 548 5574 et
581 5523 768 5582 terrae,
800 5513 1030 5586 pulchre
1049 5513 1394 5585 sapientibus
1421 5521 1476 5569 et
1503 5514 1794 5586 prudenti-

176 5621 300 5688 bus,
333 5633 452 5676 non
482 5612 809 5684 insipientes
833 5620 890 5670 et
917 5611 1162 5678 hebetes,
1203 5612 1302 5670 sed
1320 5613 1601 5682 parvulos,
1626 5613 1680 5668 id
1709 5620 1797 5670 est

176 5708 417 5767 humiles
448 5702 713 5778 opposuit
740 5709 798 5758 ut
825 5701 1084 5772 probaret
1113 5717 1174 5757 se
1203 5707 1469 5758 tumorem
1507 5700 1790 5769 damnare,

175 5815 286 5854 non
317 5810 560 5855 acumen
617 5790 886 5850 scientiae.
951 5789 1241 5848 Humilitas
1297 5788 1442 5845 enim
1487 5789 1652 5846 clavis
1709 5798 1797 5846 est

175 5885 444 5944 scientiae.
459 5885 551 5942 De
568 5893 680 5952 qua
699 5879 828 5936 alibi
847 5878 979 5936 dicit
998 5896 1011 5935 :
1041 5902 1062 5928 α
1084 5877 1302 5935 Tulistis
1323 5875 1535 5936 clavem
1555 5877 1794 5936 scientiae

1901 4682 2154 4754 exempla
2181 4680 2496 4737 humilitatis
2536 4677 2860 4750 accipimus,
2920 4696 2989 4738 ne
3021 4689 3226 4736 temere
3256 4697 3498 4753 superna

1901 4781 2132 4840 consilia
2159 4781 2228 4836 de
2259 4779 2494 4836 aliorum
2523 4777 2806 4836 vocatione
2829 4777 3166 4850 aliorumque
3187 4779 3498 4850 repulsione

1899 4885 2314 4942 praesumamus.
2346 4870 2466 4924 Non
2502 4867 2646 4924 enim
2689 4865 2957 4924 rationem
2998 4867 3253 4932 reddidit,
3287 4867 3385 4924 sed
3416 4870 3498 4928 sic

1901 4960 2019 5016 Deo
2048 4958 2306 5031 placitum
2337 4956 2490 5028 dixit,
2558 4955 2858 5014 ostendens
2910 4953 3037 5026 quia
3079 4955 3338 5027 injustum
3369 4973 3497 5014 esse

1901 5063 2011 5106 non
2037 5053 2220 5119 potest
2249 5044 2394 5118 quod
2414 5043 2614 5116 placuit
2637 5044 2809 5114 justo.
2878 5042 3032 5099 Unde
3062 5051 3114 5100 et
3142 5043 3198 5098 in
3226 5043 3387 5100 vinea
3416 5041 3498 5101 la-

1901 5141 2222 5202 borantibus
2279 5139 2599 5200 mercedem
2630 5137 2869 5197 reddens
2898 5138 2973 5194 ait
3007 5157 3018 5193 :
3057 5161 3078 5186 α
3113 5138 3250 5195 Volo
3289 5144 3344 5196 et
3372 5140 3498 5201 huic

1902 5229 2202 5290 novissimo
2223 5227 2356 5286 dare
2387 5228 2534 5286 sicut
2561 5235 2614 5284 et
2642 5224 2736 5282 tibi
2768 5226 2986 5299 (Matth.
3020 5227 3133 5300 xx).
3165 5250 3185 5276 υ
3211 5225 3268 5282 ln
3287 5230 3498 5286 cunctis

1903 5344 2041 5402 ergo
2071 5343 2106 5384 a
2131 5329 2248 5384 Deo
2278 5325 2559 5400 dispositis
2590 5331 2778 5400 aperta
2806 5324 2947 5384 ratio
2983 5333 3089 5392 est,
3143 5325 3375 5384 occultae
3397 5326 3497 5398 ju-

1903 5426 2047 5486 stitia
2077 5425 2392 5484 voluntatis.

1979 5548 2005 5575 (ι
2031 5524 2229 5584 Omnia
2273 5522 2406 5580 mihi
2459 5521 2658 5579 tradita
2687 5527 2813 5580 sunt
2865 5537 2898 5578 a
2926 5522 3083 5578 Patre
3113 5538 3255 5582 meo.
3294 5548 3316 5574 ιι
3371 5527 3499 5585 [deo

1905 5613 2174 5674 conﬁteor
2204 5612 2346 5669 Patri
2375 5611 2502 5684 quia
2531 5610 2710 5668 omnia
2733 5609 2866 5666 mihi
2898 5610 3122 5668 tradidit
3147 5613 3334 5669 Pater.
3373 5615 3498 5679 Non

1905 5703 2034 5760 diuit
2063 5701 2243 5758 omnia
2269 5701 2337 5757 de
2368 5699 2668 5767 elementis,
2690 5699 2796 5756 sed
2852 5698 2920 5754 de
2949 5699 3034 5758 his
3064 5697 3154 5772 qui
3182 5717 3280 5776 per
3306 5701 3498 5760 Filium

1906 5789 2172 5845 accedunt
2201 5788 2270 5844 ad
2302 5791 2539 5854 Patrem,
2571 5794 2624 5842 et
2651 5793 2779 5842 ante
2833 5794 2988 5841 erant
3015 5787 3268 5844 rebelles.
3301 5787 3382 5844 De
3413 5793 3497 5846 his

1908 5875 2163 5934 omnibus
2205 5876 2340 5933 alias
2359 5877 2529 5934 dixit:
2561 5898 2580 5924 ο
2601 5874 2852 5940 Domine,
2877 5875 3023 5948 quod
3051 5874 3144 5932 dat
3171 5875 3306 5933 mihi
3338 5875 3498 5935 Pater
