3924 6434
424 389 524 443 839

1537 366 1890 428 WERNERI
1945 360 2234 425 ABBATIS
2273 365 2330 422 S.
2383 365 2640 422 BLASII.

3645 364 3768 419 840

426 511 497 567 ad
527 523 613 563 me
644 503 825 562 veniet
852 504 1043 575 (Joan.
1105 499 1202 569 Vl).
1265 494 1394 553 »γει
1452 494 1528 550 ita
1563 510 1575 549 :
1628 494 2028 564 (Auaaosws.)
2054 491 2112 554 A
2141 489 2198 545 in
2225 488 2448 545 lenitate
2479 487 2654 544 animi
2677 487 2884 561 jugiter
2915 494 3334 560 perseverantes
3380 486 3599 544 nullum
3651 487 3765 542 la:-

430 600 565 655 Cum
595 593 750 652 audis
779 592 983 658 omnia,
1017 586 1276 663 agnoscis
1305 584 1759 655 omnipotentem,
1792 597 1903 638 non
1929 580 2033 637 de-

431 686 681 746 colorem
708 698 820 739 non
847 681 1182 754 degenerem
1203 674 1398 731 Patris.
1418 673 1552 730 Cum
1573 680 1752 728 autem
1764 670 1921 726 audis
1936 677 2036 726 tra-

432 777 559 847 dita,
592 770 880 832 conﬁteris
908 767 1127 834 Filium,
1159 765 1250 821 cui
1278 780 1379 836 per
1432 770 1692 818 naturam
1710 759 1871 816 unius
1899 758 2036 815 sub-

433 873 648 932 stantiae
676 869 862 928 omnia
884 868 1006 937 jure
1049 870 1176 920 sunt
1204 861 1452 936 propria,
1502 875 1613 916 non
1641 859 1787 916 dono
1817 857 2034 921 collata,

433 965 528 1022 sed
558 978 655 1034 per
683 957 933 1033 gratiam.
1005 978 1026 1005 n
1059 955 1200 1009 Nota
1232 953 1360 1022 quia
1409 948 1663 1006 Christus
1710 948 1767 1002 in
1794 964 1862 1003 eo
1893 943 2039 1016 quod

434 1033 601 1111 homo
652 1057 756 1117 est,
816 1044 1128 1108 conﬁtetur,
1195 1041 1252 1097 id
1310 1047 1394 1097 est
1444 1038 1651 1110 gratias
1704 1035 1817 1108 agit
1873 1033 2037 1101 Patri,

434 1144 542 1200 imo
589 1137 886 1195 individua;
951 1130 1230 1190 Trinitati.
1305 1131 1369 1184 In
1426 1129 1532 1184 hoc
1597 1124 1741 1196 quod
1777 1125 1900 1195 ipse
1955 1128 2040 1178 est

431 1228 693 1306 splendor
717 1225 809 1298 qui
860 1224 930 1280 de
958 1223 1116 1277 Patre
1145 1217 1443 1291 splenduit,
1485 1229 1655 1286 supra
1682 1212 2036 1278 intellectum,

430 1329 607 1387 nullas
636 1324 809 1382 refert
837 1319 1068 1396 gratias,
1123 1317 1250 1374 licet
1276 1314 1461 1371 omnia
1517 1329 1547 1367 a
1612 1313 1771 1367 Patre
1818 1310 2040 1378 habeat,

434 1419 560 1493 quia
579 1432 677 1489 per
704 1421 956 1469 naturam
985 1408 1172 1464 habet.

507 1531 528 1557 ιι
563 1488 634 1562 Et
686 1517 850 1560 nemo
877 1499 1030 1557 novit
1085 1493 1281 1552 Filium
1341 1491 1448 1548 nisi
1486 1493 1670 1560 Pater,
1707 1505 1890 1560 neque
1943 1488 2044 1544 Pa-

440 1612 580 1666 trem
610 1602 734 1678 quis
762 1599 910 1657 novit
972 1594 1076 1651 nisi
1116 1593 1308 1659 Filius,
1351 1597 1405 1647 et
1445 1589 1539 1647 cui
1591 1586 1824 1644 voluerit
1877 1585 2044 1641 Filius

437 1674 687 1756 revelare
705 1693 734 1746 ἢ
771 1711 794 1738 ››
829 1685 1140 1744 Erubescat
1168 1679 1489 1747 Eunomius,
1516 1677 1707 1734 dicens
1735 1692 1796 1732 se
1824 1674 2044 1748 plenam

433 1785 688 1845 notitiam
717 1779 930 1835 habere
957 1774 1028 1830 de
1050 1774 1210 1828 Patre
1240 1778 1293 1826 et
1319 1768 1612 1825 Filio.Non
1633 1766 1709 1822 ita
1737 1764 2043 1836 intelligen-

2141 577 2292 645 dunt,
2325 586 2378 633 et
2407 577 2486 635 sic
2512 594 2614 648 per
2669 577 2907 647 quietem
2934 577 3137 634 mentis
3192 577 3472 634 invenient
3519 576 3767 633 tandem

2144 666 2536 739 sempiternam
2568 665 2806 738 quietem
2836 665 3122 722 animabus
3150 666 3283 722 suis.
3321 689 3343 715 ι
3367 667 3569 738 Iugum
3600 663 3766 722 enim

2144 772 2326 812 meum
2357 771 2523 812 suave
2551 763 2655 824 est,
2687 762 2742 812 et
2803 770 2942 812 onus
2970 771 3152 812 meum
3181 755 3321 812 leve.
3345 778 3367 805 ι»
3394 755 3766 827 (ΗιιΑιυιῖε.)

2147 842 2289 912 Quid
2313 844 2450 916 jugo
2480 843 2686 900 Christi
2712 844 2975 900 suavius?
3004 844 3149 914 Quid
3165 859 3331 901 onere
3363 843 3538 900 levius
3556 843 3586 898 Ἰ
3606 844 3767 898 Pro-

2147 943 2385 1000 babilem
2430 943 2570 1010 ﬁeri,
2619 959 2651 998 a
2709 941 2922 1000 scelere
2978 943 3275 1011 abstinere,
3332 942 3533 999 bonum
3578 939 3761 1011 velle,

2146 1031 2351 1088 malum
2379 1032 2548 1099 nolle,
2583 1047 2764 1088 amare
2794 1047 3008 1100 omnes,
3065 1031 3249 1088 odisse
3279 1029 3508 1098 nullum,
3538 1037 3768 1086 aeterna

2149 1120 2412 1190 consequi
2441 1119 2807 1193 pmsentibus
2835 1135 2946 1176 non
2983 1119 3126 1192 capi,
3160 1117 3306 1176 nolle
3349 1117 3552 1174 inferre
3587 1116 3767 1174 alteri

2149 1218 2298 1292 quod
2323 1218 2430 1274 sibi
2457 1218 2562 1291 ipsi
2591 1218 2808 1291 perpeti
2860 1218 2931 1274 sit
2969 1217 3291 1275 molestum.
3337 1216 3486 1274 Licet
3513 1223 3767 1290 angusto

2149 1307 2303 1364 initio
2329 1308 2399 1364 sit
2425 1315 2580 1364 arcta
2604 1307 2712 1377 via,
2743 1313 2804 1363 ut
2831 1305 2965 1362 alibi
2993 1305 3150 1373 dicit,
3181 1321 3303 1378 quae
3322 1305 3470 1362 ducit
3490 1305 3562 1361 ad
3582 1304 3766 1360 vitam

2151 1397 2383 1470 (Matth.
2418 1398 2543 1468 vn),
2573 1412 2839 1469 processu
2858 1401 3041 1452 tamen
3057 1394 3320 1468 temporis
3339 1393 3597 1451 ineffabili
3617 1392 3767 1449 dile-

2153 1485 2353 1543 ctionis
2389 1484 2684 1542 dulcedine
2741 1485 3022 1541 dilatatur.
3079 1485 3277 1557 Jugum
3317 1482 3445 1540 ﬁdei
3472 1498 3645 1538 suave
3677 1488 3766 1538 est

2153 1583 2563 1656 comparatione
2591 1582 2760 1657 legis,
2803 1582 2930 1653 quia
2957 1581 3033 1637 ibi
3067 1581 3432 1639 vulnerantur
3459 1579 3637 1652 pueri,
3669 1577 3764 1634 hic

2152 1672 2406 1730 lavantur
2425 1671 2700 1729 salvandi.
2739 1671 2891 1728 Onus
2921 1670 3208 1743 Evangelii
3227 1670 3348 1727 leve
3370 1677 3470 1740 est,
3493 1676 3766 1742 quantum

2153 1763 2225 1820 ad
2251 1763 2455 1837 legem,
2497 1762 2627 1834 quia
2655 1760 2730 1816 ibi
2775 1759 3101 1817 adulterium
3139 1759 3359 1831 punitur
3412 1774 3512 1831 per
3541 1757 3764 1829 lapida-

435 1877 565 1934 dum
594 1879 678 1928 est
721 1870 830 1925 hoc
855 1862 1012 1938 quasi
1040 1861 1208 1917 Filius
1239 1873 1272 1914 a
1299 1858 1451 1914 nullo
1510 1854 1683 1928 possit
1713 1853 1842 1910 sciri
1873 1852 1979 1908 nisi
2011 1865 2044 1907 a
2071 1851 2125 1913 Β
2155 1861 2378 1927 tionem,
2412 1861 2500 1917 hic
2530 1862 2800 1932 purgatur
2827 1874 2925 1930 per
2953 1856 3347 1930 mummium.

435 1967 600 2022 Patre
627 1959 770 2018 solo.
818 1957 984 2010 Pater
1015 1958 1199 2008 autem
1228 1963 1339 2005 non
1387 1946 1566 2002 solum
1594 1961 1625 2000 a
1653 1943 1808 2012 Filio,
1841 1941 1940 1998 sed
1968 1940 2040 1997 ab

437 2063 518 2123 eis
565 2059 727 2118 etiam
758 2054 956 2126 quibus
1011 2045 1338 2105 revelaverit
1384 2043 1573 2111 Filius,
1626 2041 1726 2098 sed
1755 2047 2041 2110 utrumque

435 2148 794 2210 referendum
823 2150 907 2200 est
933 2138 1075 2210 quod
1106 2137 1197 2204 ait,
1256 2142 1311 2192 et
1338 2149 1410 2190 an
1439 2131 1570 2206 [cui]
1613 2129 1844 2186 voluerit
1873 2127 2042 2184 Filius

435 2248 718 2311 revelare,
748 2249 806 2298 ut
835 2236 1206 2310 intelligamus
1227 2240 1519 2301 utrumque
1539 2245 1638 2300 per
1668 2226 1864 2284 Filium
1883 2241 2045 2282 reve-

439 2339 564 2397 lari.
597 2334 780 2390 Verbo
809 2328 954 2385 enim
986 2340 1086 2380 suo
1109 2324 1278 2378 Pater
1297 2338 1357 2376 se
1403 2318 1668 2383 declarat,
1693 2316 1820 2386 quia
1849 2314 2046 2370 mentis

440 2436 644 2486 nostrae
671 2424 857 2479 lumen
889 2425 994 2473 est.
1035 2411 1383 2485 (ΗιιΑωυδ.)
1435 2406 1663 2462 Tradita
1698 2413 1879 2460 autem
1909 2403 2047 2460 Filio

439 2535 552 2577 non
579 2513 688 2571 alia
716 2516 862 2575 sunt,
897 2519 1060 2575 quam
1090 2517 1210 2571 qua
1239 2499 1292 2554 in
1339 2513 1406 2555 eo
1435 2495 1538 2553 soli
1568 2494 1715 2550 Patri
1743 2502 1870 2551 nota
1899 2500 2044 2549 sunt.

446 2617 591 2672 Nota
619 2608 802 2666 Verbo
857 2601 992 2659 Filio
1039 2597 1145 2654 soli
1171 2603 1294 2651 sunt
1322 2610 1444 2667 qua:
1498 2591 1679 2646 Patris
1709 2598 1851 2660 sunt,
1883 2597 2048 2662 atque

448 2705 526 2762 ita
555 2704 612 2757 in
639 2701 747 2754 hoc
773 2700 998 2757 mutuae,
1030 2683 1364 2760 cognitionis
1393 2689 1606 2739 secreto
1643 2695 1754 2736 non
1801 2678 1948 2734 aliud
1994 2678 2048 2733 in

448 2792 588 2851 Filio
616 2781 928 2860 ignorabile
959 2776 1249 2844 exstitisse,
1277 2787 1446 2844 quam
1463 2770 1609 2843 quod
1630 2769 1686 2824 in
1712 2769 1870 2824 Patre
1886 2768 2048 2840 igno-

448 2889 625 2948 rabile
681 2885 769 2940 sit.
803 2877 1056 2943 Attende,
1085 2873 1177 2930 ubi
1207 2871 1357 2928 solus
1385 2872 1562 2939 Pater,
1580 2867 1796 2935 Filium,
1828 2865 2052 2922 solusve

452 2980 622 3038 Filius
655 2976 867 3031 Patrem
918 2980 1092 3023 nosse
1122 2962 1344 3026 dicitur,
1406 2975 1517 3015 non
1544 2957 1649 3012 nisi
1679 2963 2053 3014 creaturarum

449 3069 570 3128 ﬁeri
599 3060 998 3122 exclusionem.
1043 3054 1237 3126 Neque
1264 3049 1409 3107 enim
1464 3046 1629 3103 Filius
1657 3061 1692 3102 a
1746 3045 1938 3101 notitia
1968 3039 2054 3098 sui

446 3159 626 3234 ipsius
657 3149 946 3222 excipitur,
976 3157 1155 3215 neque
1187 3142 1350 3197 Pater
1371 3138 1460 3209 qui
1481 3135 1725 3206 seipsum
1754 3138 2055 3208 cognoscat

448 3229 775 3319 excluditur,
807 3255 862 3306 et
891 3243 1126 3316 Spiritus
1155 3244 1380 3296 sanctus
1409 3232 1892 3293 consubstantialis
1920 3229 2053 3286 utri-

450 3363 556 3420 que
635 3343 702 3398 ab
758 3336 1046 3406 utriusque
1104 3329 1270 3402 plena
1328 3323 1646 3399 cognitione
1697 3335 2053 3394 nequaquam

451 3408 761 3508 separatur.
781 3423 941 3484 Unde
961 3419 1164 3477 Paulus
1197 3433 1210 3474 :
1238 3438 1260 3464 α
1283 3413 1524 3487 Spiritus
1549 3419 1818 3468 scrutatur
1846 3408 2052 3476 omnia,

453 3503 612 3585 etiam
642 3514 920 3593 profunda
947 3509 1049 3567 Dei
1078 3508 1131 3579 (ι
1159 3506 1282 3564 Cor.
1311 3503 1402 3575 ιι).
1440 3525 1463 3552 η

529 3655 552 3682 ιι
579 3632 647 3688 Et
673 3636 976 3684 conversus
1003 3616 1072 3672 ad
1129 3609 1432 3685 discipulos
1459 3623 1592 3666 suos
1647 3606 1783 3664 dixit
1815 3621 1829 3662 :
1861 3605 2056 3662 Venite

453 3721 526 3781 ad
553 3735 642 3776 me
689 3727 880 3773 omnes
912 3706 1004 3780 qui
1032 3701 1293 3761 laboratis
1349 3707 1405 3755 et
1433 3696 1644 3755 onerati
1673 3695 1825 3766 estis,
1858 3701 1912 3750 et
1949 3709 2055 3767 ego

450 3809 694 3871 reﬁciam
721 3819 839 3862 vos.
877 3823 899 3848 ιι

524 3928 607 3983 De
635 3936 802 3981 onere
825 3912 1038 3991 peccati
1068 3909 1219 3978 dicit,
1249 3904 1338 3965 vel
1365 3917 1588 3979 pressos
1611 3903 1747 3976 jugo
1776 3899 1920 3991 legis
1976 3897 2058 3955 in-

454 4016 591 4076 vitat
643 4011 712 4068 ad
765 3987 1158 4078 Evangelium.
1225 3996 1350 4066 Qua
1394 3994 1604 4050 ratione
1661 3997 1746 4047 est
1773 3987 2060 4061 Evangelii

454 4104 635 4179 gratia
661 4098 835 4156 levior
860 4095 1008 4166 lege,
1039 4105 1164 4147 cum
1185 4086 1241 4142 in
1270 4084 1395 4157 lege
1427 4080 1772 4146 adulterium,
1806 4078 1863 4133 in
1887 4078 2063 4134 Evan-

459 4167 605 4269 gelio
636 4179 1116 4258 concupiscentia;
1176 4175 1254 4232 ibi
1283 4171 1656 4238 homicidium,
1687 4168 1777 4225 hic
1821 4167 1905 4222 ira
1950 4183 2058 4238 pu-

456 4265 636 4351 niatur
662 4290 691 4343 εἲ
721 4287 782 4342 In
801 4285 930 4356 lege
950 4293 1120 4352 Opera
1138 4273 1510 4346 requiruntur,
1533 4267 1589 4324 in
1620 4265 1929 4340 Evangelio
1957 4280 2060 4322 vo-

457 4383 662 4440 luntas.
695 4355 885 4440 Duas;
911 4370 1042 4427 licet
1070 4364 1322 4423 affectum
1359 4375 1472 4416 non
1502 4357 1719 4425 habeat,
1751 4355 2060 4428 praemium,

457 4481 642 4529 tamen
665 4480 776 4522 non
803 4459 1020 4525 amittit,
1051 4464 1130 4524 ut,
1175 4453 1223 4510 si
1250 4451 1415 4523 virgo
1463 4463 1574 4506 non
1604 4445 1886 4502 voluntate
1928 4459 2060 4501 cor-

454 4571 766 4639 rumpatur,
797 4571 940 4632 apua
963 4571 1329 4625 Evangenum
1376 4571 1538 4619 vrrgu
1567 4571 1880 4614 suscipitur,
1911 4571 2057 4612 upuu

456 4660 641 4733 legem
692 4649 851 4724 quasi
897 4650 1153 4715 corrupta
1183 4637 1525 4733 repudiatur?
1561 4631 1868 4733 laboratis
1904 4629 2058 4733 dicit,

456 4718 548 4807 vel
577 4747 630 4801 in
661 4718 802 4816 legis
831 4731 1253 4798 difficultatibus,
1274 4726 1362 4785 vel
1379 4725 1436 4780 in
1463 4723 1670 4780 divitiis
1687 4718 2056 4791 acquirendis.

463 4872 486 4898 α
519 4843 782 4902 Reﬁciam
807 4852 925 4905 vos,
960 4855 984 4886 ι
1011 4832 1069 4889 id
1095 4838 1179 4888 est
1206 4824 1475 4884 recreabo
1501 4839 1597 4880 vos
1618 4826 1944 4878 exoneratos
1961 4833 2062 4890 per

459 4931 817 5007 Evangelium
846 4922 1166 5000 promittens
1193 4930 1426 4991 regnum
1451 4919 1737 5007 aeternum.

537 5049 560 5075 α
595 4998 802 5079 fallite
829 4998 1031 5090 j—ugum
1060 5023 1244 5067 meum
1275 5020 1441 5078 super
1468 5017 1588 5069 vos,
1617 5008 1671 5058 et
1689 4998 1882 5056 discite
1910 5012 1946 5054 a
1970 5012 2062 5054 me

465 5125 590 5201 quia
617 5119 767 5179 mitis
788 5131 910 5174 sum
928 5120 983 5170 et
1001 5107 1222 5166 humilis
1237 5105 1406 5163 corde
1433 5111 1484 5159 et
1499 5099 1794 5157 invenietis
1812 5096 2060 5201 requiem

465 5185 755 5274 animabus
785 5202 1004 5265 vestris.
1027 5223 1049 5250 ι»
1068 5201 1266 5270 Iugum
1289 5193 1490 5251 dicitur
1517 5189 1876 5262 Evangelium
1897 5185 2052 5244 Chri-

467 5305 556 5374 sti,
596 5301 824 5358 Judaaos
853 5302 906 5352 et
951 5297 1145 5366 gentes
1172 5287 1232 5344 in
1288 5298 1398 5340 una
1435 5281 1542 5338 ﬁde
1579 5279 1945 5352 coniungens,
1972 5281 2064 5374 .ut

465 5363 671 5452 terram
701 5386 886 5446 cordis
912 5363 1000 5439 sui
1051 5375 1302 5436 excolant
1328 5387 1428 5446 per
1458 5385 1738 5428 vomerem
1766 5365 1912 5423 sacri
1941 5363 2061 5422 elo-

469 5491 604 5562 quii.
639 5513 661 5536 α
694 5485 889 5543 Tollite
909 5481 1102 5552 iugum
1129 5489 1316 5530 meum
1340 5485 1508 5542 super
1523 5482 1642 5534 vos,
1670 5487 1693 5516 η
1712 5464 1767 5521 in
1789 5461 2062 5562 superiori

469 5550 680 5636 scilicet
707 5550 1136 5630 mentislvestrae
1162 5563 1219 5619 in
1246 5562 1457 5618 honore
1486 5557 1772 5613 habentes.
1794 5550 2061 5624 Exemplo

473 5688 689 5746 quoque
719 5685 843 5726 meo
886 5665 1082 5724 discite
1109 5661 1273 5718 mites
1308 5675 1431 5717 esse
1487 5657 1672 5723 corde,
1731 5661 1790 5711 et
1834 5651 2064 5709 humiles

473 5770 684 5842 spiritu,
725 5783 793 5822 ne
821 5765 990 5822 lateat
1019 5775 1248 5832 serpens
1273 5757 1330 5813 in
1368 5755 1553 5829 specie
1601 5750 1898 5811 columbae.
1946 5750 2063 5806 Hu-

471 5865 631 5922 miles
659 5862 858 5936 quippe
894 5857 1174 5916 neminem
1229 5860 1600 5919 contemnunt,
1659 5849 1820 5906 mites
1849 5862 2068 5922 quoque

2148 1972 2222 2026 De
2253 1970 2410 2025 vitiis
2433 1971 2492 2025 at
2521 1967 2781 2040 aperibus
2814 1966 3006 2022 malis.
3030 1965 3107 2022 De
3135 1964 3443 2021 virtutibus
3466 1978 3683 2037 quoque
3701 1965 3762 2019 et

2719 2055 2976 2128 aperibus
3008 2054 3184 2111 bonis.

2229 2171 2250 2196 «
2285 2145 2485 2205 Venite
2513 2144 2584 2202 ad
2613 2161 2725 2211 me,
2779 2159 2972 2200 omnes
3009 2141 3102 2216 qui
3129 2141 3396 2199 laboratis
3446 2146 3500 2197 et
3549 2139 3763 2196 onerati

2155 2245 2309 2314 estis,
2323 2253 2378 2302 et
2389 2259 2494 2317 ego
2509 2243 2755 2300 reficiam
2772 2256 2870 2299 vos
2883 2241 3103 2312 (Matth.
3124 2239 3223 2311 χι).
3245 2264 3265 2288 ιι
3292 2239 3498 2295 Labore
3520 2237 3759 2311 fatigati,

2157 2350 2322 2390 onere
2351 2333 2584 2407 gravati,
2607 2331 2791 2388 inedia
2809 2329 3088 2397 macerati,
3122 2329 3305 2384 venite
3343 2327 3415 2383 ad
3434 2343 3542 2382 me.
3567 2326 3764 2395 Qualis

2157 2423 2226 2478 ad
2257 2422 2471 2495 qualem
2493 2423 2522 2476 ‘2
2547 2420 2729 2477 Clausi
2779 2419 2848 2476 ad
2878 2419 3100 2486 ostium,
3141 2415 3337 2491 aegroti
3363 2416 3432 2472 ad
3458 2415 3760 2483 medicum,

2157 2518 2410 2592 naufragi
2435 2519 2507 2574 ad
2533 2525 2788 2589 portum;
2811 2517 2882 2572 ad
2911 2515 3109 2572 ostium
3129 2513 3368 2581 luminis,
3393 2512 3464 2568 ad
3483 2511 3762 2569 medicum

2156 2610 2369 2676 salutis,
2409 2607 2478 2663 ad
2507 2615 2727 2679 portum
2782 2605 3016 2678 quietis;
3067 2603 3136 2659 ad
3165 2602 3386 2667 ostium,
3444 2608 3505 2658 ut
3543 2599 3760 2673 egressi

2156 2699 2447 2757 veritatem
2475 2695 2736 2764 videatis;
2767 2695 2838 2751 ad
2888 2692 3182 2762 medicum,
3211 2699 3271 2748 ut
3313 2691 3484 2748 curati
3512 2689 3581 2745 ad
3606 2689 3760 2745 sani-

2159 2807 2324 2856 tatem
2381 2796 2776 2855 convaleacatis
2807 2811 2823 2864 ;
2853 2795 2925 2850 ad
2979 2797 3222 2866 portum,
3253 2798 3312 2846 ut
3363 2788 3580 2846 collecti
3635 2795 3762 2859 post

2160 2888 2410 2945 laborem
2443 2885 2739 2956 quiescatis
2772 2899 2787 2955 ;
2830 2883 3008 2948 vacui,
3036 2890 3094 2938 ut
3140 2879 3344 2936 lumine
3384 2878 3624 2934 veritatis
3651 2877 3760 2932 im-

2161 2975 2452 3050 pleamini;
2486 2974 2816 3040 laborantes,
2855 2980 2913 3028 ut
2938 2971 3118 3044 quiete
3135 2969 3331 3041 adepta
3354 2965 3713 3024 consulamini
3741 2983 3758 3032 ;

2161 3064 2378 3124 onerati
2405 3063 2668 3136 peccatis,
2697 3070 2756 3117 ut
2807 3061 3055 3133 pondere
3084 3058 3333 3127 aliorum,
3399 3053 3750 3112 alleviemini.

2081 3192 2131 3257 Ο
2165 3156 2302 3212 Sunt
2333 3152 2539 3210 etenim
2560 3159 2771 3224 septem
2817 3149 3065 3223 capitalia
3093 3147 3238 3214 vitia,
3278 3147 3394 3203 sive
3417 3143 3759 3224 principalia

2161 3253 2278 3308 sive
2308 3247 2617 3323 originalia,
2678 3247 2879 3321 quibus
2925 3251 3242 3318 peccatores
3288 3247 3662 3315 aggravantur
3706 3246 3759 3294 et

2161 3348 2486 3398 onerantur.
2528 3337 2666 3407 Quae
2696 3336 2820 3393 ideo
2849 3335 3132 3406 Scriptura
3158 3330 3416 3404 capitalia
3442 3329 3526 3385 vel
3555 3327 3756 3400 princi-

2161 3429 2330 3503 palia,
2361 3427 2450 3486 vel
2478 3425 2773 3499 originalia
2801 3422 3067 3490 nominat,
3116 3421 3241 3492 quia
3269 3418 3602 3490 reliquorum
3645 3433 3756 3473 om-

2163 3529 2314 3585 nium
2346 3533 2510 3599 caput
2565 3531 2713 3593 sunt,
2769 3529 2823 3579 et
2850 3520 3182 3594 principium
3210 3525 3266 3574 et
3321 3517 3504 3589 origo.
3568 3513 3754 3570 Omnia

2162 3617 2366 3692 quippe
2397 3615 2503 3671 alia
2530 3615 2599 3670 ab
2628 3612 2748 3668 istis
2777 3618 2987 3684 septem
3009 3608 3154 3666 vitiis
3174 3606 3436 3664 oriuntur.
3453 3606 3569 3662 Hoc
3583 3612 3754 3660 autem

2164 3706 2435 3763 interesse
2464 3703 2682 3761 videtur
2711 3701 2856 3758 inter
2890 3705 3122 3773 peccata
3149 3704 3203 3754 et
3256 3696 3402 3765 vitia,
3435 3693 3580 3767 quod
3631 3693 3754 3749 vitia

2165 3812 2294 3862 sunt
2321 3801 2696 3874 corruptiones
2725 3798 2944 3866 animae,
2979 3814 3045 3853 ex
3074 3795 3296 3870 quibus,
3325 3793 3371 3849 si
3401 3792 3604 3848 ratione
3648 3805 3752 3848 non

2165 3894 2512 3951 refrenentur
2549 3892 2801 3964 peccata,
2821 3886 2986 3944 modo
3003 3894 3158 3943 actus
3189 3882 3462 3955 iniustitiae
3489 3881 3748 3937 oriuntur.

2166 3987 2302 4040 Ante
2343 3989 2525 4038 autem
2594 3977 2827 4035 tentanti
2896 3974 3028 4033 vitio
3082 3987 3382 4031 consensus
3459 3968 3746 4036 adhibetur,

2165 4089 2318 4139 actus
2346 4077 2622 4150 injustitire
2651 4084 2735 4133 est
2767 4093 2781 4130 :
2815 4073 2961 4146 quod
2990 4079 3280 4144 peccatum
3310 4068 3535 4126 dicitur.
3574 4065 3750 4138 Itaque

2165 4170 2362 4228 vitium
2406 4176 2492 4225 est
2539 4165 2826 4221 inﬁnnitas
2854 4161 3110 4235 spiritalis
3147 4157 3527 4230 corruptionis.
3567 4155 3750 4212 Pecca-

2166 4268 2278 4316 tum
2309 4265 2514 4326 autem,
2547 4271 2612 4312 ex
2653 4253 3008 4325 corruptione
3066 4249 3252 4307 oriens
3289 4263 3389 4320 per
3437 4260 3747 4305 consensum

2167 4365 2252 4415 est
2279 4365 2430 4414 actus
2460 4352 2778 4427 iniquitatis.

2239 4449 2434 4519 Itaque
2462 4443 2650 4501 vitium
2676 4441 2887 4514 absque
2912 4452 3183 4496 consensu
3213 4442 3296 4493 est
3315 4432 3615 4490 inﬁrmitas.
3637 4429 3742 4500 Cui,

718 4580 766 4630 r,
797 4555 940 4632 apud
963 4521 1329 4625 E-vangelium
1350 4521 1538 4619 ivirgo
1567 4541 1880 4614 suscipitur,
1911 4539 2057 4612 apud
2085 4551 2140 4613 D
2173 4538 2232 4594 in
2267 4543 2524 4607 quantum
2586 4529 2872 4587 inﬁrmitas
2915 4535 3017 4596 est,
3058 4523 3436 4582 misericordia
3481 4521 3694 4578 debetur
3728 4537 3742 4588 ;

2167 4634 2453 4709 pramium
2498 4637 2680 4687 autem
2736 4635 2791 4684 et
2837 4641 3063 4694 corona,
3095 4625 3151 4680 in
3213 4630 3468 4694 quantum
3523 4620 3589 4676 ab
3635 4625 3742 4675 actu

2169 4722 2474 4799 iniquitatis
2533 4719 2837 4778 cohibetur.
2906 4717 3039 4773 Cum
3097 4729 3370 4771 consensu
3399 4726 3527 4769 vero
3579 4709 3744 4765 vitium

2167 4814 2327 4887 culpa
2355 4811 2435 4881 ﬁt,
2491 4818 2553 4866 ut
2605 4809 2662 4864 in
2692 4814 2958 4880 quantum
3005 4804 3192 4861 vitium
3224 4810 3327 4872 est,
3386 4800 3588 4856 malum
3629 4805 3740 4865 est;

2166 4904 2224 4960 in
2277 4908 2541 4976 quantum
2593 4894 2906 4956 voluntaria
2961 4901 3065 4963 est,
3149 4906 3313 4965 poena
3385 4889 3604 4962 dignum
3653 4894 3742 4942 est.

2167 4992 2370 5050 Vitium
2429 5004 2567 5064 ergo
2625 4994 2712 5045 est
2769 4986 2825 5042 in
2883 4981 3253 5055 corruptione,
3331 4986 3606 5052 peccatum
3652 4991 3742 5032 au-

2169 5092 2278 5141 tem
2308 5089 2393 5139 est
2441 5080 2496 5136 in
2527 5078 2770 5136 actione.
2835 5076 3003 5132 Actus
3033 5087 3162 5129 vero
3219 5069 3427 5143 peccati
3465 5067 3580 5124 solo
3623 5079 3740 5122 con-

2170 5189 2338 5232 sensu
2361 5169 2663 5245 perﬁcitur,
2695 5165 2860 5224 etiam
2897 5165 2946 5221 si
2971 5161 3106 5220 foris
3134 5176 3273 5234 opus
3302 5174 3414 5215 non
3439 5156 3614 5224 fuerit,
3629 5155 3739 5228 quia

2171 5271 2318 5344 quod
2348 5266 2650 5343 iniquitatis
2679 5273 2784 5332 est,
2817 5279 2919 5337 per
2946 5275 3278 5320 consensum
3320 5272 3546 5330 pravum
3571 5255 3620 5310 in
3643 5251 3740 5309 sola

2168 5340 2462 5420 voluntate
2477 5355 2808 5429 completur,
2863 5352 3023 5410 etiam
3073 5357 3222 5419 tunc,
3263 5363 3388 5405 cum
3415 5346 3483 5401 ab
3512 5359 3576 5400 eo
3617 5340 3738 5415 quod

2168 5451 2286 5510 vult
2310 5446 2649 5523 perﬁciendo
2677 5444 2813 5502 {oris
2841 5441 3014 5499 invita
3041 5436 3415 5510 restringitur.
3445 5433 3596 5491 Facit
3620 5431 3739 5488 enim

2169 5549 2315 5624 quod
2372 5561 2531 5604 suum
2562 5551 2642 5602 est
2688 5549 2886 5613 totum,
2915 5546 2972 5598 et
3027 5537 3181 5610 quod
3212 5534 3450 5606 amplius
3479 5548 3586 5588 non
3630 5529 3739 5588 facit

2170 5664 2329 5706 suum
2356 5661 2470 5702 non
2501 5651 2609 5702 est.
2661 5642 2786 5698 Non
2825 5640 2892 5695 ab
2927 5639 3051 5710 ipsa
3079 5643 3166 5693 est
3213 5633 3359 5707 quod
3397 5630 3626 5704 amplius
3651 5643 3740 5684 non

2171 5746 2319 5813 facit,
2354 5744 2452 5801 sed
2480 5748 2676 5801 contra
2702 5738 2907 5812 ipsam.
2947 5736 3028 5790 Ita
3080 5734 3138 5789 in
3168 5731 3287 5789 solo
3344 5742 3605 5788 consensu
3629 5740 3740 5799 opus

2169 5843 2464 5916 judicatur,
2493 5839 2580 5897 cui
2611 5837 2832 5912 quidem
2861 5834 2920 5891 id
2965 5830 3110 5905 quod
3157 5829 3285 5888 foris
3317 5835 3401 5886 est
3442 5841 3595 5900 opus,
3643 5831 3742 5880 tan-
