3924 6396
106 406 201 463 ΘΗ

1081 394 1668 459 DEFLORATIONES
1706 394 1805 453 SS.
1840 394 2150 453 PATRUM.
2187 425 2260 437 —
2294 395 2421 451 LIB.
2463 396 2505 450 Ι.

3323 402 3424 456 SH

103 542 211 588 tum
256 531 312 585 in
362 530 585 586 malitia
646 530 855 601 adjicit,
917 537 1172 600 quantum
1229 527 1404 599 ipsum
1455 522 1545 593 qui
1584 522 1724 576 intus
1753 520 1892 581 Ain
1923 520 2050 584 istis,
2085 520 2220 576 sicut
2247 520 2469 592 rapinae,
2503 522 2805 594 sacrilegia,
2851 531 2905 579 et
2952 524 3201 592 incestus,
3234 534 3287 581 et
3312 542 3424 582 οω-

103 625 378 693 operatur,
441 627 665 673 motum
723 618 1014 677 voluntatis
1049 620 1118 674 ad
1162 616 1423 672 malitiam
1455 611 1718 668 accendit.

104 708 192 764 Sie
237 724 373 780 ergo
432 706 578 763 vitia
633 707 793 780 origo
850 715 1194 779 peccatorum
1241 711 1382 772 sunt,
1431 718 1499 756 ex
1530 700 1723 771 quibus

102 810 394 859 nascuntur
441 819 625 875 opera
662 803 978 873 iniquitatis,
1030 819 1152 873 qum
1199 800 1437 872 quidem,
1470 797 1606 852 sicut
1633 795 1721 850 di-

103 902 241 948 ctum
271 900 371 959 est,
407 890 632 962 absque
660 908 931 948 consensu
958 907 1176 962 poenam
1206 889 1425 955 habent,
1461 886 1586 957 quia
1614 901 1725 940 cor-

102 981 275 1052 ruptio
305 987 434 1035 sunt
459 995 474 1049 ;
511 997 645 1035 cum
676 996 940 1037 consensu
988 987 1165 1035 autem
1195 979 1429 1049 culpam,
1463 975 1589 1045 quia
1617 990 1719 1031 vo-

106 1079 330 1135 luntaria
384 1086 539 1134 sunt.
604 1080 669 1133 In
720 1085 979 1149 quantum
1032 1078 1177 1134 enim
1234 1073 1520 1147 originalia
1577 1080 1718 1138 sunt,

108 1184 261 1241 pmna
290 1168 347 1222 in
377 1168 521 1239 ipsis
543 1175 834 1224 exercetur
854 1187 869 1235 ;
889 1168 944 1222 in
965 1173 1223 1237 quantum
1252 1162 1570 1226 voluntaria,
1596 1177 1720 1230 pm-

105 1274 172 1313 na
193 1257 323 1329 ipsis
351 1256 618 1313 debetur.
651 1257 788 1313 Sunt
816 1264 994 1313 autem
1029 1258 1144 1310 tunc
1169 1274 1180 1310 :
1209 1253 1406 1324 prima,
1432 1250 1718 1322 superbia;

105 1357 354 1425 secunda,
380 1355 841 1425 invidia;tertia,
882 1355 989 1424 ira;
1018 1360 1225 1425 quarta,
1266 1349 1453 1407 acedia
1477 1364 1490 1418 ;
1514 1348 1718 1419 quinta,

108 1446 361 1516 avaritia;
394 1454 582 1514 sexta,
616 1446 781 1518 gula;
816 1445 1065 1517 septima,
1097 1442 1329 1498 luxuria.
1377 1440 1456 1495 Ex
1493 1438 1592 1507 his,
1623 1437 1723 1493 tria

108 1536 380 1591 hominem
411 1534 754 1605 despoliant,
811 1540 1057 1605 quartum
1114 1532 1402 1602 spoliatum
1459 1529 1724 1602 ﬂagellat,

108 1633 348 1702 quintum
379 1630 734 1704 flagellatum
768 1630 935 1700 ejicit,
975 1636 1185 1684 sextum
1234 1629 1463 1699 ejectum
1496 1625 1722 1693 seducit,

107 1720 395 1791 septimum
474 1719 770 1775 seductum
842 1718 1080 1774 servituti
1141 1717 1381 1787 subjicit.
1458 1714 1724 1786 Superbia

108 1816 278 1872 aufert
333 1816 556 1872 homini
618 1816 814 1882 Deum,
873 1813 1075 1869 invidia
1131 1814 1459 1885 proximum,
1509 1811 1587 1866 ira
1627 1827 1719 1865 se-

1833 617 1944 665 tera
1999 610 2144 665 talia.
2203 610 2447 665 Venialia
2505 617 2645 673 sunt.
2705 612 2841 667 sicut
2880 613 2960 668 ira
3004 614 3139 669 levis
3165 622 3219 669 et
3247 623 3425 670 trans-

1832 698 2006 768 itoria,
2059 698 2196 753 risus
2250 704 2301 753 et
2355 698 2623 768 ejusmodi
2678 712 2801 771 qua)
2857 700 2974 757 sine
3031 702 3426 759 deliberatione

1831 797 2104 867 agentium
2152 795 2492 868 contingunt,
2550 796 2663 851 sive
2719 814 2787 853 ex
2819 800 3162 871 negligentia
3191 801 3422 867 incaute,

1828 885 1944 940 sive
1990 902 2057 939 ex
2105 883 2410 939 inﬁrmitate
2467 886 2888 956 praecipitantur.
2957 888 3063 943 Sed
3122 889 3263 944 intus
3309 891 3427 946 haec

1827 973 2126 1039 sciendum,
2159 973 2302 1043 quod
2332 973 2385 1027 hi
2416 974 2504 1043 qui
2534 974 2602 1029 ab
2632 974 2940 1044 hujusmodi
2988 976 3130 1033 vitiis
3176 978 3425 1050 desipue-

1828 1061 1955 1130 rint,
1988 1070 2041 1117 et
2064 1061 2227 1134 digne
2259 1061 2621 1133 pmnituerint,
2652 1070 2859 1134 septem
2891 1064 3066 1120 modis
3097 1082 3129 1121 a
3159 1066 3274 1122 Deo
3304 1083 3422 1122 sus-

1826 1161 2109 1231 cipiantur.
2166 1161 2346 1216 Primo
2394 1161 2747 1232 suscipiantur
2802 1160 2872 1217 ad
2925 1163 3292 1234 sponsionem,
3325 1181 3417 1221 se-

1826 1249 2003 1305 cundo
2049 1249 2119 1305 ad
2173 1250 2584 1322 protectionem,
2643 1248 2797 1306 tertio
2846 1251 2915 1305 ad
2956 1252 3418 1319 sustentationem,

1828 1345 2016 1407 quarto
2047 1337 2115 1393 ad
2142 1337 2655 1404 reconciliationem,
2718 1338 2902 1409 quinto
2958 1339 3027 1394 ad
3072 1341 3422 1413 approbatio-

1824 1451 1972 1503 nem,
2004 1444 2155 1492 sexto
2185 1436 2254 1491 ad
2281 1436 2733 1505 consolationem,
2773 1437 3003 1506 septimo
3041 1437 3111 1493 ad
3160 1455 3417 1495 remune-

1825 1524 2110 1579 rationem.
2177 1525 2415 1579 Primum
2489 1533 2821 1596 pugnaturos
2897 1533 3085 1581 contra
3139 1526 3416 1583 diabolum

1827 1621 2049 1693 suscipit
2076 1622 2131 1676 in
2157 1638 2336 1690 causa,
2368 1630 2423 1677 et
2450 1622 2599 1692 quasi
2645 1623 2909 1693 spondeat
2961 1639 3059 1694 pro
3108 1624 3205 1693 eis,
3254 1640 3424 1695 quan-

1825 1710 1896 1765 do
1925 1708 2145 1765 conﬁdit
2172 1710 2228 1765 in
2257 1711 2355 1778 eis,
2391 1710 2846 1781 quemadmodum
2897 1727 3113 1767 causam
3141 1713 3286 1769 beati
3314 1713 3419 1769 Job

1830 1798 1979 1868 quasi
2036 1799 2317 1869 cujusdam
2390 1799 2652 1871 agonistaa
2722 1799 2837 1855 sive
2893 1808 3078 1856 contra
3134 1801 3416 1857 diabolum

108 1905 545 1976 ipsum;acedia
575 1873 868 1975 spoliatum
912 1873 1168 1974 ﬂagellat,
1219 1873 1718 1971 avaritia'ilagella-
1746 1873 1800 1933 Β
1831 1894 2226 1950 defendendam
2273 1896 2527 1965 suscepit.
2576 1895 2852 1965 Quosdam
2899 1904 2990 1953 aut
3028 1899 3179 1968 quasi
3208 1898 3425 1956 timidos

109 2001 217 2048 tum
246 1994 419 2064 ejicit,
452 1994 597 2066 gula
644 1991 875 2062 ejectum
922 1990 1146 2059 seducit,
1198 1990 1407 2045 luxuria
1442 1988 1721 2044 seductum

109 2094 349 2150 servituti
401 2092 658 2162 subjicit.
705 2091 900 2146 Anima
941 2090 1217 2146 rationalis
1264 2090 1319 2144 in
1356 2089 1582 2144 sanitate
1627 2102 1724 2141 sua

109 2199 202 2242 vas
228 2190 310 2239 est
343 2182 595 2238 solidum
653 2188 707 2235 et
759 2179 1049 2252 integrum,
1098 2179 1299 2233 nullam
1348 2178 1553 2233 habens
1597 2192 1722 2231 cor-

112 2273 415 2343 ruptionem
438 2290 453 2326 :
474 2270 620 2325 vitia
649 2285 877 2340 qumque
896 2268 1166 2323 venientia
1185 2269 1240 2322 in
1259 2283 1401 2335 eam,
1432 2268 1536 2321 hoc
1562 2264 1726 2321 modo

115 2360 321 2429 vitiant,
354 2368 412 2416 et
438 2366 824 2429 corrumpunt.
876 2358 976 2412 Per
1020 2356 1331 2428 superbiam
1370 2356 1600 2422 inﬂatur,
1633 2370 1729 2425 per

116 2457 373 2513 invidiam
433 2456 659 2523 arescit,
718 2471 815 2526 per
868 2454 1005 2510 iram
1072 2460 1276 2523 crepat,
1333 2469 1431 2525 per
1484 2450 1727 2507 acediam

118 2544 400 2620 frangitur,
434 2561 539 2617 per
561 2544 847 2600 avaritiam
876 2543 1221 2615 dispergitur,
1261 2557 1358 2613 per
1397 2541 1582 2614 gulam
1614 2538 1731 2594 infi-

118 2635 267 2701 citur,
302 2651 405 2706 per
450 2632 732 2689 luxuriam
788 2632 1130 2687 conculcatur
1164 2638 1219 2686 et
1261 2630 1318 2684 iu
1373 2629 1543 2684 lutum
1591 2628 1731 2683 redi-

119 2731 280 2805 gitur.
322 2729 607 2802 Superbia
637 2736 718 2785 est
745 2744 899 2785 amor
925 2729 1159 2800 pr0pria:
1199 2727 1551 2795 excellentiae,
1586 2726 1729 2781 iuvi-

122 2820 207 2875 dia
252 2828 334 2877 est
388 2819 589 2876 odium
638 2817 906 2873 felicitatis
960 2816 1170 2884 alienae,
1221 2816 1300 2872 ira
1354 2815 1733 2871 irrationabilis

124 2908 454 2980 perturbatio
486 2905 711 2972 mentis,
744 2904 932 2961 acedia
986 2912 1065 2960 est
1110 2921 1179 2960 ex
1224 2903 1540 2960 confusione
1569 2919 1729 2958 men-

128 3007 187 3061 tis
225 3014 371 3062 nata.
412 3004 664 3060 Tristitia
716 3004 830 3061 sive
880 3003 1097 3059 taedium
1145 3010 1226 3058 est
1271 3002 1572 3058 amaritudo
1605 3000 1729 3056 ani-

127 3095 196 3149 mi
250 3094 643 3160 immoderata,
698 3108 805 3163 qua
853 3091 1162 3162 jucunditas
1216 3091 1470 3163 spiritalis
1524 3090 1731 3146 exstin-

126 3183 320 3255 guitur,
351 3192 406 3239 et
434 3182 682 3254 quodam
716 3181 1169 3252 desesperationis
1198 3179 1461 3252 principio
1492 3196 1646 3234 mens
1676 3179 1731 3232 in

128 3273 411 3344 semetipsa
464 3270 822 3327 subvertitur.
879 3270 1118 3327 Avaritia
1190 3278 1269 3325 est
1342 3268 1730 3324 immoderatus

130 3370 392 3440 appetitus
450 3366 750 3436 habendi;
807 3367 937 3439 gula
1007 3366 1392 3421 immoderatus
1465 3365 1732 3436 appetitus

131 3456 355 3529 edendi;
389 3456 616 3512 luxuria
663 3462 743 3510 est
788 3456 1222 3527 concupiscentia
1254 3454 1597 3525 experienda:
1628 3469 1730 3509 vo-

131 3544 340 3617 luptatis
393 3547 595 3612 nimia,
660 3544 749 3599 vel
821 3543 1134 3600 concubitus
1192 3544 1517 3599 desiderium
1572 3557 1734 3611 supra

132 3643 367 3710 modum,
427 3642 521 3701 vel
576 3648 764 3696 contra
818 3640 1081 3696 rationem
1129 3639 1409 3696 effervens.
1452 3639 1731 3711 Superbiae

134 3731 232 3787 duo
288 3740 415 3787 sunt
470 3746 729 3804 genera:
787 3746 952 3784 unum
1009 3730 1168 3797 intus,
1220 3730 1365 3784 aliud
1404 3728 1552 3783 foris.
1584 3731 1732 3784 Intus

135 3828 209 3875 est
246 3821 528 3892 superbia,
584 3819 717 3874 foris
758 3818 1033 3889 jactantia.
1092 3819 1358 3889 Superbia
1404 3817 1460 3872 in
1501 3817 1730 3873 elatione

136 3919 303 3974 cordis
326 3934 341 3987 ;
368 3917 641 3989 jactantia
683 3916 739 3970 in
782 3916 1083 3971 ostensione
1131 3917 1328 3987 operis.
1359 3914 1643 3987 Superbia,
1676 3915 1732 3969 in

136 4022 196 4061 eo
224 4007 367 4077 quod
397 4007 507 4062 sibi
540 4006 740 4075 placet,
771 4006 1006 4059 alienum
1055 4005 1418 4059 testimonium
1466 4004 1727 4073 despicit;

132 4094 385 4164 jactantia
413 4103 624 4160 autem,
656 4101 716 4148 ut
742 4094 918 4166 magis
962 4093 1066 4148 sibi
1113 4094 1340 4164 placeat,
1380 4093 1615 4148 alienum
1646 4101 1731 4147 te-

137 4185 442 4241 stimonium
471 4183 727 4255 requirit.
782 4184 1070 4255 Propterea
1109 4181 1371 4252 jactantia
1412 4199 1509 4253 per
1536 4182 1731 4237 lenita-

141 4291 241 4339 tem
266 4283 536 4340 blandam
592 4299 650 4337 se
696 4281 930 4347 simulat,
989 4279 1244 4352 superbia
1279 4294 1408 4336 vero
1455 4280 1511 4334 in
1541 4280 1733 4335 timore

139 4388 192 4428 se
219 4374 496 4431 crudelem
526 4371 859 4427 demonstrat
885 4384 899 4439 ;
936 4386 1063 4425 nam
1095 4369 1268 4424 timeri
1315 4369 1448 4435 vult,
1472 4368 1734 4438 jactantia

142 4477 263 4519 vero
289 4462 484 4519 amari.
520 4461 591 4516 Et
633 4467 856 4530 utraque
897 4466 1076 4514 tamen
1104 4458 1160 4513 in
1185 4474 1251 4515 eo
1282 4457 1425 4528 quod
1453 4465 1730 4529 appetunt,

1830 1991 1884 2038 et
1908 1999 2113 2038 merces
2140 2000 2172 2038 a
2197 1999 2382 2055 pugna
2439 1984 2706 2056 fugientes
2767 1986 2987 2057 suscipit
3040 1986 3109 2042 ad
3165 1996 3425 2045 sustenta-

1833 2071 2052 2138 tionem,
2076 2088 2144 2127 ne
2173 2080 2545 2142 conterantur;
2596 2074 2732 2130 alios
2760 2082 2878 2146 post
2907 2074 3117 2130 ruinam
3145 2084 3426 2149 surgentes

1832 2170 2057 2241 suscipit
2100 2170 2169 2225 ad
2212 2171 2726 2239 reconciliationem,
2771 2179 2828 2227 ut
2880 2172 3260 2244 restituantur;
3292 2175 3428 2232 alios

1828 2259 1945 2328 jam
1975 2259 2113 2315 bene
2143 2269 2365 2333 agentes
2391 2261 2610 2332 suscipit
2646 2277 2744 2332 per
2771 2261 3237 2332 approbationem,
3261 2272 3320 2320 ut
3344 2281 3429 2321 re-

1836 2355 2215 2417 munerentur;
2249 2349 2386 2405 alios
2426 2366 2523 2422 per
2558 2349 2760 2406 bonam
2809 2353 3177 2423 operationem
3208 2354 3431 2427 suscipit

1834 2460 1935 2515 per
1958 2446 2466 2515 remunerationem,
2522 2453 2584 2501 ut
2636 2445 3040 2519 gloriﬁcentur;
3099 2449 3233 2505 alios
3290 2450 3432 2505 inter

1838 2533 2172 2604 operandam
2221 2534 2390 2591 fessos
2444 2534 2666 2607 suscipit
2719 2551 2817 2606 per
2844 2536 3110 2594 internam
3139 2539 3431 2609 aspiratio-

1838 2639 1984 2689 nem,
2016 2630 2075 2678 ut
2091 2623 2461 2680 refocillentur
2487 2632 2542 2680 et
2567 2625 2931 2682 consolentur.

2532 2738 2752 2779 DIVISIO.

1911 2817 2059 2874 Sicut
2103 2818 2348 2890 superius
2394 2818 2630 2876 diximus
2682 2819 2832 2877 aliud
2876 2821 3067 2878 vitium
3095 2839 3231 2892 esse,
3264 2832 3427 2897 atque

1840 2906 1985 2961 aliud
2023 2914 2317 2978 peccatum,
2353 2908 2499 2978 quod
2536 2924 2604 2964 ex
2642 2910 2760 2981 ipso
2790 2909 2922 2967 vitio
2950 2913 3212 2983 procedit,
3242 2914 3317 2969 ita
3345 2915 3436 2970 in-

1842 3004 2131 3076 telligimus
2188 3005 2333 3060 aliud
2389 3022 2506 3061 esse
2565 3006 2805 3076 virtutes,
2855 3017 3015 3078 atque
3069 3010 3215 3064 aliud
3270 3026 3441 3083 opera

1833 3092 2074 3162 justitiaa,
2119 3110 2240 3164 qum
2295 3110 2364 3149 ex
2410 3095 2542 3164 ipsis
2594 3094 2854 3151 oriuntur.
2902 3097 3076 3153 Virtus
3104 3098 3249 3153 enim
3283 3100 3439 3169 quasi

1759 3223 1808 3286 Ο
1840 3190 2088 3260 quaedam
2125 3191 2325 3246 sanitas
2354 3199 2450 3259 est,
2497 3200 2552 3247 et
2596 3192 2875 3265 integritas
2916 3193 3113 3249 anima;
3140 3195 3436 3265 rationalis,

1842 3279 1995 3347 cujus
2040 3280 2311 3350 corruptio
2367 3280 2557 3337 vitium
2614 3289 2854 3337 vocatur.
2915 3281 3065 3353 Opus
3106 3298 3236 3339 vero
3277 3283 3439 3353 justi-

1843 3369 1931 3422 tia:
1961 3374 2041 3422 est
2068 3368 2123 3421 in
2175 3375 2327 3422 motu
2380 3369 2575 3423 mentis
2628 3369 2923 3437 rationalis,
2975 3386 3096 3440 quae
3138 3372 3434 3428 secundum

1844 3464 2134 3520 Dominum
2182 3464 2399 3533 incedit,
2431 3480 2465 3520 a
2492 3465 2668 3521 cordis
2711 3467 3065 3538 conceptione
3104 3485 3348 3541 surgens,
3383 3479 3436 3525 et

1844 3553 1977 3609 foris
2029 3570 2195 3624 usque
2248 3553 2317 3609 ad
2374 3555 2601 3610 actionis
2667 3556 2959 3627 corporalis
3013 3558 3434 3630 completionem

1842 3643 2158 3712 procedens.
2222 3642 2454 3698 Virtutes
2500 3643 2555 3698 in
2600 3643 2889 3714 Scripturis
2945 3645 3193 3716 plurimae
3237 3663 3435 3704 nume-

1843 3748 2046 3806 rantur,
2074 3740 2310 3795 maxime
2339 3755 2468 3797 vero
2513 3757 2632 3810 quae
2662 3741 2716 3795 in
2757 3742 3054 3815 Evangelio
3084 3744 3235 3812 quasi
3276 3760 3432 3816 quaa-

1845 3829 1971 3884 dam
2000 3828 2240 3884 antidota
2293 3830 2379 3885 vel
2434 3832 2688 3885 sanitates
2733 3838 2920 3886 contra
2947 3838 3152 3901 septem
3184 3833 3437 3891 vitiorum

1843 3918 2239 3987 corruptionem
2278 3918 2377 3972 sub
2418 3918 2610 3973 eodem
2655 3935 2876 3976 numero
2905 3920 3299 3992 disponuntur:
3329 3924 3440 3993 pri-

1845 4030 1935 4069 ma
1962 4021 2043 4069 est
2070 4014 2360 4083 humilitas,
2390 4016 2625 4071 secunda
2655 4017 3032 4086 mansuetudo,
3069 4019 3221 4074 tertia
3246 4020 3443 4076 mentis

1845 4102 2184 4173 compositio,
2219 4111 2406 4173 quarta
2460 4104 2785 4160 desiderium
2827 4104 3068 4177 justitiae,
3108 4108 3293 4178 quinta
3328 4110 3441 4165 mi-

1845 4192 2154 4259 sericordia,
2230 4199 2384 4247 sexta
2449 4193 2624 4248 cordis
2678 4195 2961 4265 munditia,
3047 4198 3277 4267 septima
3327 4213 3439 4268 pax

1846 4280 2041 4335 mentis
2094 4280 2323 4337 interna.
2401 4281 2578 4336 Homo
2635 4281 2800 4354 igitur
2849 4283 2907 4339 in
2963 4286 3196 4356 peccatis
3243 4285 3436 4357 jaceus

1846 4386 2081 4451 aegrotus
2104 4386 2201 4446 est,
2234 4379 2365 4435 vitia
2391 4378 2635 4442 vulnera,
2668 4381 2814 4437 Deus
2842 4382 3103 4453 medicus,
3135 4385 3278 4440 dona
3305 4401 3438 4441 san-

1847 4469 1914 4523 cti
1964 4467 2192 4538 Spiritus
2239 4468 2498 4537 antidota,
2557 4468 2780 4524 virtutes
2833 4472 3107 4539 sanitates,
3146 4473 3439 4530 beatitudi-

143 4558 237 4613 sibi
263 4561 488 4630 placens
536 4558 770 4627 diverse,
820 4556 1012 4613 divisio
1058 4556 1186 4613 licet
1220 4556 1402 4625 modo,
1433 4556 1733 4611 inordinate
1766 4580 1819 4640 Ι)
1850 4574 1946 4613 nes
1971 4555 2190 4629 gaudia.
2221 4557 2320 4611 Per
2347 4556 2492 4612 dona
2532 4557 2677 4613 enim
2728 4559 2958 4629 Spiritus
2984 4562 3153 4617 sancti
3183 4562 3313 4618 vitia
3340 4580 3436 4619 sa-

146 4649 474 4705 convincitur
525 4646 769 4720 gloriari.
829 4646 887 4702 Si
942 4646 1062 4716 quis
1108 4645 1273 4717 igitur
1331 4645 1639 4717 superbiam
1688 4652 1743 4700 et

144 4735 453 4804 jactantiam
500 4736 603 4792 sub
652 4751 762 4791 uno
798 4735 1190 4807 computaverit
1235 4734 1501 4801 membro,
1532 4741 1740 4806 septem

156 4832 385 4890 inveniet
431 4833 568 4891 vitia
637 4831 911 4903 capitalia,
969 4831 1036 4885 de
1093 4830 1288 4900 quibus
1338 4836 1561 4899 peccata
1616 4846 1741 4885 om-

158 4921 259 4991 nia,
281 4923 336 4977 id
364 4930 447 4978 est
472 4920 772 4993 iniquitatis
799 4928 947 4977 actus
970 4927 1024 4974 et
1052 4918 1324 4989 injustitiaa
1360 4935 1526 4989 opera
1554 4919 1743 4975 oriun-

155 5015 248 5066 tur.

221 5110 445 5167 Peccata
470 5115 655 5167 autem
685 5108 791 5165 alia
817 5107 1071 5176 venialia,
1105 5107 1209 5163 alia
1235 5107 1535 5164 criminalia
1562 5108 1748 5163 dicun-

159 5213 255 5263 tur.
286 5208 534 5266 Venialia
563 5214 706 5273 sunt,
740 5222 860 5278 quae
888 5222 989 5262 nec
1028 5206 1186 5261 facile
1231 5206 1389 5265 vitari
1418 5213 1660 5277 possunt,
1690 5216 1750 5260 ut

168 5305 449 5375 aliquando
479 5321 589 5363 non
644 5302 794 5371 ﬁant,
851 5319 1024 5373 neque
1072 5303 1294 5358 multam
1342 5302 1746 5374 turpitudinem,

167 5402 552 5461 vellaesionem
582 5417 839 5474 magnam
872 5401 1092 5471 habent,
1150 5402 1194 5456 si
1240 5399 1388 5456 ﬁant.
1441 5400 1752 5457 Criminalia

163 5494 400 5554 dicuntur
426 5514 551 5570 quae
597 5496 685 5555 vel
739 5496 1013 5553 laesionem
1060 5512 1316 5569 magnam
1363 5494 1640 5562 inducunt,
1665 5494 1753 5552 vel

167 5594 511 5665 tupitudinem
540 5594 811 5667 ingemat,
862 5594 919 5649 in
966 5593 1159 5665 quibus
1187 5594 1273 5651 vel
1295 5594 1458 5663 Deus,
1490 5594 1577 5650 vel
1611 5609 1742 5665 pro-

168 5682 339 5738 ximus
365 5686 595 5740 multum
626 5680 928 5748 oﬂ'enditur,
989 5683 1076 5739 vel
1136 5683 1251 5755 ipse
1282 5681 1373 5753 qui
1404 5682 1532 5739 fecit
1563 5697 1754 5738 macu-

171 5778 317 5839 latur.
370 5783 521 5840 Talia
595 5788 718 5836 sunt
783 5779 1093 5837 homicidia.
1153 5780 1433 5850 adulteria,
1493 5779 1750 5853 perjuria,

176 5868 327 5945 hirta,
346 5880 539 5947 etquae
558 5870 645 5927 his
660 5868 859 5926 similia
884 5870 972 5943 adj
981 5879 1270 5946 unguntur,
1301 5870 1389 5929 vel
1418 5869 1758 5929 continentur

480 5998 753 6064 Panos.
781 5995 1025 6066 CLVII.

1846 4664 2040 4711 nantur
2082 4675 2094 4711 :
2139 4656 2338 4712 sanitas
2393 4657 2646 4713 vitiorum
2702 4658 2981 4731 integritas
3025 4668 3105 4716 est
3149 4660 3430 4719 virtutum.

1849 4746 2023 4802 Sanus
2048 4753 2319 4816 operatur,
2350 4760 2580 4817 operans
2614 4755 3003 4803 remuneratur.
3056 4750 3148 4806 Sic
3176 4758 3297 4821 post
3322 4753 3438 4808 vir-

1852 4842 1988 4890 tutes
2015 4850 2181 4904 opera
2208 4835 2353 4890 bona
2408 4843 2717 4905 sequuntur,
2768 4844 2821 4892 et
2848 4853 2916 4891 ex
2945 4838 3229 4894 virtutibus
3274 4855 3442 4913 opera

1850 4932 1995 4988 bona
2023 4932 2281 4987 oriuntur.
2306 4932 2414 4988 Sex
2444 4948 2607 5003 opera
2627 4933 3010 4990 misericordia:
3046 4936 3102 4989 in
3141 4936 3439 5010 Evangelio

1852 5031 2154 5103 specialiter
2181 5047 2213 5084 a
2240 5030 2474 5086 Domino
2506 5040 2886 5088 enumerantur
2931 5032 3155 5105 (Matth.
3201 5038 3357 5107 xxv),
3391 5036 3447 5092 in

1855 5120 2047 5190 quibus
2076 5118 2336 5190 perfectio
2364 5119 2631 5175 bonorum
2670 5136 2894 5193 cperum
2940 5121 3287 5193 signiﬁcatur.
3326 5125 3444 5181 Pri-

1855 5224 2003 5264 mum
2029 5216 2108 5263 est
2162 5206 2483 5263 esurientem
2538 5225 2779 5280 pascere,
2827 5211 3121 5266 secundum
3175 5212 3444 5271 sitientem

1857 5315 2060 5379 potare,
2095 5305 2305 5360 tertium
2335 5304 2603 5376 hospitem
2651 5307 2924 5380 colligere,
2959 5316 3207 5379 quartum
3238 5311 3444 5367 nudum

1859 5404 2071 5471 vestire,
2104 5403 2347 5474 quintum
2401 5402 2673 5459 inﬁrmum
2728 5405 2963 5474 visitare,
3024 5414 3235 5462 sextum
3263 5408 3333 5464 ad
3356 5409 3446 5464 in-

1858 5506 2185 5551 carceratum
2211 5501 2264 5547 et
2294 5493 2533 5548 clausum
2563 5494 2765 5551 venire.
2800 5496 2861 5549 In
2904 5496 2987 5551 his
3034 5497 3180 5551 enim
3209 5499 3450 5555 necessi-

1860 5592 2056 5648 tatibus
2083 5590 2260 5646 omnis
2285 5590 2408 5647 vitae
2437 5591 2687 5647 humanae
2716 5593 2961 5649 molestia
2990 5594 3076 5652 vel
3104 5598 3435 5668 comprehen

1859 5679 2002 5735 ditur
2029 5679 2115 5735 vel
2140 5676 2419 5751 ﬁguratur,
2451 5678 2507 5733 in
2537 5679 2730 5751 quibus
2760 5680 3001 5752 quisquis
3046 5690 3267 5755 propter
3285 5684 3457 5741 Deum

1863 5779 2112 5853 proximo
2167 5778 2507 5850 eompatitur,
2568 5778 2989 5838 misericordiam
3020 5797 3053 5839 a
3079 5781 3196 5841 Deo
3251 5782 3307 5840 in
3361 5799 3459 5842 sua

1865 5865 2180 5927 necessitate
2209 5873 2462 5928 meretur.

2996 5993 3080 6064 ΞΖ
