3924 6396
464 328 571 386 843

1622 321 1966 382 VVERNERI
2007 323 2293 383 ABBA‘I'IS
2331 323 2390 384 S.
2430 325 2652 384 BLASH

3693 331 3794 386 8H

885 610 1504 718 DOMINICA
1580 611 2056 718 TERTIA
2129 615 2262 717 IN
2339 614 3346 724 SEPTUAGESIMA.

1698 857 2094 925 Secundum
2143 860 2558 927 Matthaeum.

555 1102 577 1128 α
612 1075 802 1136 Simile
831 1083 912 1133 est
938 1091 1168 1149 regnum
1189 1075 1450 1132 caelorum
1470 1074 1680 1132 homini
1704 1073 2083 1150 patrifamilias
2109 1075 2164 1136 Α
2195 1082 2292 1141 tes,
2327 1080 2378 1128 et
2405 1073 2538 1130 dicit
2563 1074 2702 1132 illis:
2755 1073 2898 1146 Quid
2946 1077 3034 1133 hic
3087 1076 3237 1134 statis
3283 1085 3392 1135 tota
3437 1079 3526 1136 die
3569 1080 3733 1136 otiosi
3761 1081 3790 1136 ?

479 1167 570 1240 qui
598 1167 731 1224 exiit
758 1167 934 1238 primo
963 1181 1124 1222 mane
1154 1164 1454 1222 conducere
1476 1165 1752 1235 operarios
1781 1163 1838 1218 in
1868 1165 2079 1220 vineam

479 1273 653 1326 suam,
689 1278 712 1307 υ
747 1263 859 1312 etc.
898 1255 1123 1328 (Matth.
1173 1257 1292 1326 xv.)
1323 1254 1571 1327 Regnum
1603 1254 1886 1321 caelorum,
1919 1253 1974 1308 id
2003 1259 2084 1308 est

476 1355 735 1425 Christus,
767 1353 853 1411 cui
898 1360 1244 1426 comparatur
1299 1351 1708 1424 paterfamilias,
1755 1352 1846 1423 qui
1879 1351 2083 1424 primos

477 1446 605 1502 fecit
644 1443 992 1512 novissimos,
1052 1451 1106 1498 et
1155 1442 1479 1498 novissimos
1526 1441 1749 1513 primos.
1785 1443 1904 1510 Ipse
1936 1440 2080 1496 enim

477 1534 735 1603 Christus,
768 1550 928 1590 verus
969 1530 1378 1604 paterfamilias,
1430 1531 1589 1587 totius
1616 1530 1838 1586 humani
1868 1528 2083 1602 generis

476 1648 660 1692 curam
689 1631 915 1698 habens,
950 1629 1098 1687 omni
1129 1637 1374 1700 tempore
1419 1629 1698 1686 universos
1726 1629 1796 1684 ad
1819 1629 2081 1684 culturam

473 1722 650 1780 vineae
678 1728 856 1778 vocat.
915 1719 1041 1790 Qui,
1103 1719 1321 1790 quando
1377 1733 1488 1774 non
1543 1719 1872 1791 agnoscitur,
1916 1717 1970 1771 in
2000 1733 2084 1771 se-

475 1817 622 1866 creto
667 1815 767 1873 est,
826 1805 921 1861 sed
975 1805 1192 1876 quando
1248 1803 1560 1876 agnoscitur
1607 1804 1739 1858 exiit
1781 1803 2082 1860 conducere

475 1905 770 1980 operarios,
805 1919 872 1960 ex
901 1903 1113 1960 occulto
1144 1901 1448 1972 procedens
1484 1903 1552 1957 ad
1604 1903 1870 1958 notitiam.
1915 1901 2083 1957 Vinea

477 2003 657 2053 autem
687 2001 768 2049 est
799 1992 1057 2058 Ecclesia,
1093 2008 1216 2062 quae
1245 1992 1314 2047 ab
1339 1991 1471 2047 Abel
1495 1991 1642 2061 justo
1672 2008 1840 2062 usque
1870 1991 1939 2046 ad
1969 1990 2084 2056 ulti.

470 2109 620 2148 mum
645 2091 896 2156 electum,
923 2088 1077 2160 quasi
1108 2096 1187 2145 tot
1225 2088 1477 2160 palmites
1517 2088 1698 2157 mittit,
1721 2095 2082 2158 quotsanctos

467 2179 699 2254 profert.
737 2179 986 2251 Operarii
1041 2193 1169 2233 vero
1215 2184 1337 2232 sunt
1394 2178 1795 2248 praedicatores,
1848 2176 1896 2232 ei
1929 2193 2083 2231 unus-

467 2271 712 2342 quisque,
763 2268 892 2324 dum
939 2265 1047 2322 ﬁde
1104 2275 1250 2322 recta
1324 2267 1556 2338 persistit
1604 2267 1660 2321 in
1699 2266 1898 2322 divinae
1943 2266 2082 2338 legis

462 2367 791 2426 obedientia.

2191 1163 2390 1218 Dicunt
2419 1163 2508 1219 ei:
2567 1161 2708 1234 Quia
2766 1181 2928 1223 nemo
2976 1182 3076 1222 nos
3129 1166 3406 1224 conduxit.
3463 1169 3606 1225 Dicit
3634 1169 3788 1226 illis:

2188 1253 2267 1306 Ite
2296 1259 2348 1306 et
2377 1267 2474 1308 vos
2512 1251 2565 1306 in
2613 1253 2831 1310 vineam
2887 1271 3087 1310 meam.
3125 1278 3146 1306 »
3199 1255 3380 1312 Prima
3415 1259 3567 1327 hora,
3598 1258 3795 1314 volunt

2186 1348 2359 1404 Adam
2416 1349 2640 1404 missum
2696 1349 2751 1404 in
2808 1350 3023 1408 vineam
3081 1360 3134 1409 et
3184 1353 3420 1425 reliquos
3457 1355 3794 1426 patriarchas

2187 1454 2354 1508 usque
2385 1437 2453 1492 ad
2484 1439 2631 1508 Noe;
2665 1439 2838 1509 tertia,
2871 1440 3046 1513 ipsum
3074 1443 3192 1497 Noe
3231 1450 3285 1498 et
3327 1443 3562 1514 reliquos
3590 1443 3660 1500 ad
3689 1445 3793 1500 eir-

2189 1527 2571 1584 cumcisionem
2629 1527 2892 1598 Abrahae;
2953 1539 3122 1599 sexta,
3182 1531 3252 1586 ab
3307 1532 3577 1590 Abraham
3618 1549 3790 1604 usque

2188 1625 2256 1680 ad
2284 1627 2526 1696 Moysen,
2579 1627 2794 1696 quando
2851 1627 2939 1682 lex
2990 1629 3117 1684 data
3144 1637 3256 1685 est:
3291 1646 3453 1699 nona,
3485 1632 3706 1704 Moysen
3736 1637 3789 1686 et

2187 1715 2515 1785 prOphetas;
2556 1716 2844 1772 undecima
2891 1719 3166 1789 apostolos
3220 1727 3272 1775 et
3317 1720 3556 1792 gentium
3601 1737 3783 1793 popu-

2187 1804 2318 1869 lum,
2350 1803 2440 1874 qui
2471 1805 2618 1876 prius
2673 1805 2852 1862 stabat
2905 1814 3016 1862 tota
3070 1807 3160 1863 die
3215 1808 3436 1878 otiosus,
3469 1809 3588 1866 ideo
3633 1810 3784 1866 omni

2191 1910 2431 1972 tempore
2450 1917 2550 1972 pro
2577 1903 2746 1958 salute
2792 1903 3037 1960 laborare
3086 1905 3386 1978 negligens.
3426 1905 3536 1960 Lex
3565 1906 3785 1977 quidem

2189 1989 2519 2046 conduxerat
2548 1991 2710 2046 Israel
2740 1991 2925 2048 dicens
2957 2011 2969 2048 :
3009 2015 3031 2041 «
3067 1993 3181 2048 Hoc
3221 1994 3305 2049 fac
3334 2001 3386 2048 et
3420 1994 3568 2051 vives
3596 1995 3783 2066 (Deut.

2187 2103 2281 2155 vr;
2315 2090 2458 2144 Luc.
2496 2091 2576 2158 x),
2615 2111 2639 2138 ι
2673 2089 2767 2144 sed
2797 2097 2988 2162 gentes
3032 2107 3192 2146 nemo
3221 2091 3498 2147 conduxit.
3531 2092 3786 2148 Debitum

2189 2194 2420 2248 namque
2450 2184 2564 2232 erat
2591 2195 2691 2247 per
2719 2179 2906 2234 orbem
2939 2187 3197 2236 terrarum
3218 2181 3572 2252 Evangelium
3603 2181 3791 2253 praedi-

2187 2268 2318 2333 cari,
2379 2273 2432 2322 et
2486 2275 2677 2340 gentes
2730 2265 2856 2322 ﬁdei
2907 2267 3290 2338 justiticatione
3346 2270 3560 2326 salvari.
3618 2271 3790 2326 Aliter

2189 2385 2345 2424 mane
2376 2377 2454 2425 est
2482 2368 2710 2440 pueritia
2752 2383 2766 2438 ;
2819 2369 2992 2439 tertia,
3042 2369 3403 2427 adolescentia
3446 2370 3790 2443 proﬁciscens

542 2481 566 2508 «ι
601 2456 972 2514 Conventione
1017 2463 1197 2511 autem
1239 2453 1380 2509 facta
1427 2471 1549 2508 cum
1580 2454 1841 2525 Operariis
1869 2470 1936 2509 ex
1967 2453 2071 2509 de-
2101 2441 2154 2501 Β
2185 2459 2240 2512 in
2260 2459 2425 2512 altum
2459 2457 2610 2528 quasi
2639 2458 2749 2527 sol;
2781 2466 2952 2525 sexta,
2984 2457 3276 2529 juventus;
3302 2441 3464 2528 nona,
3495 2468 3780 2528 senectus;

466 2546 620 2604 nario
649 2544 863 2614 diurno,
895 2543 1043 2599 misit
1078 2559 1172 2600 eos
1199 2543 1255 2598 in
1301 2543 1517 2598 vineam
1547 2559 1721 2598 suam.
1759 2565 1780 2591 υ
1817 2544 2073 2598 Conven-

467 2646 541 2702 tio
597 2645 700 2700 fuit
753 2642 1068 2700 conﬁrmata
1121 2641 1408 2712 promissio
1465 2641 1610 2712 quod
1666 2641 1734 2696 ad
1775 2640 2072 2712 imaginem

467 2734 568 2792 Dei
625 2741 805 2790 essent
866 2730 1221 2795 reformandi,
1280 2731 1323 2785 si
1386 2730 1684 2786 Ecclesium
1753 2729 2072 2786 aediﬁcando

465 2822 730 2895 Decalogi
785 2819 1055 2877 mandatis
1105 2819 1428 2875 insisterent.
1493 2821 1556 2875 In
1622 2819 1844 2874 denario
1910 2819 2074 2892 igitur

466 2911 698 2987 ﬁguram
715 2911 862 2983 regis
880 2909 1132 2978 habente,
1157 2909 1248 2979 qui
1263 2908 1392 2964 olim
1413 2924 1511 2980 per
1527 2925 1563 2964 x
1585 2923 1836 2964 nummos
1855 2924 2073 2977 compu-

466 3010 699 3078 tabatur,
731 3015 784 3064 et
811 3005 1134 3063 obedientiae
1163 3005 1469 3076 praemium,
1501 3013 1555 3060 et
1575 3006 1701 3076 quia
1721 3022 1787 3060 ex
1810 3004 2072 3078 Decalogi

457 3098 801 3158 observantia
829 3096 1090 3170 operariis
1108 3095 1284 3164 datur,
1319 3095 1604 3151 manifeste
1633 3093 1990 3168 signiﬁcatur.

543 3212 567 3240 α
598 3189 672 3245 Et
699 3201 946 3262 egressus
975 3186 1118 3242 circa
1143 3187 1334 3242 horam
1368 3185 1578 3241 tertiam
1603 3185 1738 3242 vidit
1763 3185 1900 3241 alios
1927 3193 2072 3239 stan-

463 3295 542 3345 tes
567 3287 628 3343 in
655 3285 774 3343 foro
802 3284 1024 3350 otiosos,
1055 3291 1104 3340 et
1134 3282 1272 3338 dixit
1290 3283 1430 3338 illis:
1464 3285 1544 3338 Ite
1572 3291 1627 3338 et
1651 3298 1750 3338 vos
1769 3299 1826 3336 ιιι
1854 3282 2070 3338 vineam

463 3392 665 3445 meam,
696 3373 922 3445 etquod
954 3372 1162 3444 justum
1222 3371 1384 3427 fuerit
1439 3371 1581 3427 dabo
1630 3371 1812 3428 vobis.
1851 3371 1938 3426 Illi
1965 3387 2070 3427 au-

463 3475 572 3524 tem
623 3463 892 3523 abierunt.
929 3485 953 3514 υ
1014 3463 1118 3518 Per
1169 3461 1348 3517 forum
1387 3460 1620 3516 mundus
1675 3460 1955 3532 accipitur,
2015 3460 2072 3515 in

465 3571 574 3627 quo
628 3552 932 3621 calumniae,
989 3550 1222 3620 injuriae,
1283 3550 1675 3618 contentiones,
1733 3549 2068 3605 diversorum

466 3650 812 3724 negotiorum
839 3646 1198 3715 difﬁcultates,
1245 3662 1461 3718 semper
1501 3647 1864 3714 tumultuosae,
1897 3654 1952 3702 et
1977 3645 2070 3702 ubi

466 3740 654 3802 omnia
707 3745 835 3795 sunt
887 3736 1123 3796 venalia.
1198 3735 1515 3792 Peccatores
1567 3735 1816 3792 dicuntur
1853 3735 2069 3801 mortui,

465 3847 577 3890 non
605 3827 784 3887 otiosi.
817 3827 970 3885 Sicut
995 3826 1142 3882 enim
1169 3823 1362 3883 surdus
1407 3825 1552 3896 apud
1599 3825 1892 3882 Dominum
1932 3825 2074 3881 dici-
2103 3802 2152 3866 Ο
2183 3833 2406 3906 primos,
2470 3856 2494 3880 ι»

469 3938 554 3987 tur
580 3927 673 4000 qui
699 3941 810 3986 non
841 3925 994 3982 audit
1041 3939 1162 3996 quae
1208 3923 1310 3980 Dei
1339 3931 1480 3988 sunt,
1530 3921 1627 3979 sed
1665 3939 1788 3994 quae
1816 3921 2022 3978 diaboli
2056 3937 2071 3992 ;

467 4035 662 4086 oecus,
695 4030 792 4089 per
819 4015 973 4086 cujus
1001 4014 1188 4071 oculos
1213 4011 1467 4069 diabolus
1511 4011 1678 4079 videt,
1733 4027 1844 4069 non
1889 4013 2072 4068 Deus:

469 4118 547 4175 sic
572 4115 663 4186 qui
692 4112 913 4170 diabolo
957 4111 1094 4170 vivit
1124 4118 1368 4168 mortuus
1422 4117 1502 4166 est
1553 4111 1689 4168 Deo.
1740 4111 1943 4182 Raptor
1967 4127 2078 4168 non

471 4215 556 4264 est
579 4207 803 4273 otiosus,
834 4201 930 4259 sed
968 4207 1232 4257 mortuus.
1292 4201 1570 4268 Ebriosus,
1624 4201 1942 4257 fornicarius
1968 4215 2079 4256 non

471 4302 598 4353 sunt
621 4293 801 4363 otiosi,
824 4291 922 4348 sed
958 4291 1185 4360 mortui;
1218 4290 1308 4346 ille
1339 4297 1518 4346 autem
1549 4289 1641 4361 qui
1671 4290 1804 4345 nihil
1833 4289 1973 4346 tollit
1999 4297 2081 4346 est

471 4394 694 4459 otiosus,
725 4389 827 4444 nisi
857 4387 924 4445 de
969 4387 1082 4443 suis
1122 4387 1215 4444 det
1261 4387 1668 4460 impotentibus.
1701 4387 1796 4444 Vis
1823 4404 1930 4444 non
1961 4406 2077 4445 esse

471 4479 720 4540 otiosus?
747 4477 895 4534 Nihil
923 4477 1100 4542 tollas,
1151 4482 1204 4532 et
1229 4475 1298 4531 de
1327 4475 1432 4531 tuis
1459 4474 1555 4533 des
1588 4492 1686 4548 pro
1717 4477 1851 4545 Deo,
1884 4485 1941 4534 ut
1967 4495 2079 4534 non

476 4571 574 4628 tibi
603 4569 773 4634 vivas,
807 4565 904 4623 sed
942 4566 1078 4622 Deo.
1109 4565 1203 4621 Vis
1235 4580 1346 4620 non
1372 4581 1492 4622 esse
1517 4566 1720 4622 otiosus
1749 4567 1778 4620 ?
1804 4567 1998 4638 Jejuna
2025 4573 2082 4624 et

474 4661 545 4720 da
573 4675 674 4734 pro
701 4659 817 4715 Deo
846 4655 994 4728 quod
1020 4653 1348 4711 manducare
1407 4654 1576 4711 debes
1631 4662 1684 4712 et
1728 4655 1935 4712 bibere.
1986 4656 2080 4712 Vis

472 4766 582 4808 non
638 4763 755 4805 esse
811 4745 1058 4803 otiosus?
1106 4743 1163 4802 Si
1209 4743 1324 4800 sine
1380 4759 1550 4801 uxore
1589 4760 1648 4800 es
1687 4760 1757 4801 ne
1803 4745 2080 4816 quzesieris

472 4863 721 4916 uxorem,
753 4844 848 4900 sed
877 4857 1106 4914 operare
1148 4841 1318 4899 vitam
1349 4841 1625 4898 castitatis.
1657 4842 1716 4898 Si
1745 4841 1914 4898 dicis:
1955 4843 2080 4899 Non

473 4952 693 5011 possum
721 4932 1018 5000 abstinere,
1050 4930 1280 4988 ostendo
1307 4930 1403 4987 tibi
1434 4938 1492 4986 ut
1519 4937 1573 4987 et
1599 4946 1824 4987 uxorem
1855 4931 2076 5000 habeas,

471 5037 526 5086 et
571 5025 828 5084 castitatis
878 5022 1044 5079 vitam
1102 5021 1277 5077 colas.
1343 5020 1563 5076 Abstine
1609 5029 1659 5076 te
1689 5037 1720 5077 a
1750 5030 2080 5078 menstruata

470 5127 524 5174 et
552 5121 890 5190 praegnante,
923 5111 1240 5168 erubescere
1290 5110 1466 5168 facere
1509 5111 1653 5182 quod
1682 5111 1938 5168 animalia
1965 5129 2076 5169 non

472 5209 697 5266 faciunt.
741 5201 941 5274 thuid
987 5217 1195 5270 servus,
1256 5200 1530 5272 accipiens
1579 5217 1762 5257 mnam
1795 5217 1827 5256 a
1855 5201 2077 5259 domino

469 5313 586 5366 suo,
619 5293 870 5351 audivit:
909 5313 932 5340 «
998 5291 1166 5347 Serve
1214 5306 1448 5360 nequam
1491 5289 1714 5361 (Matth.
1765 5292 1919 5360 vni);
1956 5315 1978 5341 η
2027 5299 2080 5348 et

469 5385 655 5457 utquid
687 5384 881 5438 missus
939 5388 1020 5436 est
1075 5379 1130 5435 in
1187 5395 1458 5435 carcerem
1482 5380 1510 5433 ‘?
1551 5379 1678 5450 quia
1733 5380 1866 5436 nihil
1898 5381 2076 5438 lucra-

467 5480 552 5530 tus
579 5473 752 5530 estde
783 5488 872 5528 ea.
911 5469 970 5526 Si
1019 5483 1152 5542 ergo
1183 5468 1274 5524 ille
1332 5485 1443 5524 non
1487 5469 1590 5525 erit
1641 5469 1878 5542 impunis
1905 5469 1960 5526 in
1989 5471 2080 5528 die

465 5561 654 5630 judicii
683 5561 774 5632 qui
805 5558 1008 5614 otiosus
1053 5557 1197 5612 stetit
1256 5557 1312 5611 in
1345 5557 1483 5625 foro,
1538 5557 1668 5629 quid
1726 5558 1890 5614 faciet
1941 5576 2076 5632 pec-

470 5657 638 5714 cator,
669 5656 724 5702 et
751 5663 933 5701 mnam
965 5662 1116 5702 suam
1137 5646 1415 5716 perdens?
1451 5670 1472 5697 «
1507 5649 1708 5702 Iterum
1738 5655 1916 5704 autem
1947 5649 2079 5705 exiit

469 5736 611 5791 circa
636 5742 844 5789 sextam
891 5735 1102 5801 horam,
1161 5742 1214 5789 et
1268 5751 1489 5805 nonam,
1541 5743 1595 5791 et
1639 5735 1765 5792 fecit
1793 5737 2064 5794 similiter.

471 5823 626 5880 Circa
647 5819 992 5880 undecimam
1049 5837 1178 5880 vero
1225 5823 1358 5880 exiit
1410 5831 1474 5900 et
1507 5823 1713 5883 invenit
1758 5825 1896 5883 alios
1922 5834 2076 5884 stan-

2183 2547 2488 2616 undecima,
2548 2546 2820 2618 decrepita
2875 2554 3024 2603 aetas.
3088 2548 3307 2604 Videtur
3359 2547 3536 2620 itaque
3591 2565 3784 2622 pnmze

2183 2639 2330 2692 horae
2356 2651 2472 2692 esse
2501 2636 2775 2708 cperarios
2813 2635 3121 2692 Samuelem
3167 2645 3220 2692 et
3263 2637 3570 2708 Jeremiam,
3619 2639 3782 2694 Joan-

2180 2753 2305 2790 nem
2365 2736 2697 2806 Baptistam;
2759 2735 2946 2804 tertiae,
3005 2735 3126 2792 illos
3155 2735 3306 2807 quia
3335 2735 3613 2808 pubertate
3660 2737 3777 2792 Deo

2179 2825 2381 2880 servire
2431 2831 2746 2896 coeperunt;
2797 2831 2981 2891 sextae,
3029 2824 3181 2896 quia
3209 2832 3417 2880 matura
3441 2829 3631 2894 atate;
3671 2840 3778 2881 no-

2179 2931 2266 2970 nae
2295 2913 2383 2984 qui
2410 2913 2527 2984 jam
2577 2913 2879 2968 declinante
2936 2921 3093 2970 aetate
3147 2914 3217 2968 act
3270 2913 3514 2983 senium;
3547 2913 3777 2970 undeci-

2183 3020 2288 3059 mae
2343 3003 2434 3073 qui
2493 3003 2680 3058 ultima
2737 3010 3030 3058 senectute.
3091 3003 3388 3074 Torpentes
3441 3018 3570 3076 ergo
3606 3019 3776 3075 usque

2179 3093 2246 3150 ad
2268 3093 2511 3148 ultimam
2562 3100 2776 3148 aetatem
2833 3099 2980 3148 recte
3035 3093 3380 3164 increpantur
3423 3092 3492 3149 de
3540 3092 3669 3160 otio,
3721 3101 3778 3150 ut

2177 3192 2265 3248 vel
2295 3193 2348 3246 in
2379 3191 2580 3246 ultimis
2635 3191 2970 3263 resipiscant.
3029 3191 3220 3247 Nullus
3277 3191 3476 3264 quippe
3521 3190 3778 3247 conduxit

2178 3281 2330 3346 tales,
2365 3281 2490 3336 licet
2517 3279 2595 3336 eis
2624 3281 2740 3336 vias
2773 3281 2898 3337 vitae
2943 3280 3285 3350 praedicaret,
3333 3280 3459 3350 quia
3485 3280 3650 3337 solius
3677 3280 3773 3336 Dei

2179 3377 2260 3426 est
2287 3371 2431 3425 intus
2458 3369 2652 3425 docere
2679 3370 2770 3425 cui
2795 3369 3036 3426 nondum
3065 3369 3404 3426 obedierunt.

2255 3491 2278 3517 ι
2313 3469 2448 3524 Cum
2505 3483 2625 3524 sero
2681 3475 2860 3524 autem
2909 3467 3108 3524 factum
3157 3475 3315 3532 esset,
3365 3466 3494 3522 dicit
3519 3467 3776 3523 Dominus

2178 3556 2353 3614 vinea:
2382 3557 2713 3629 procuratori
2742 3572 2859 3625 suo,
2893 3579 2915 3607 υ
2951 3557 3055 3612 hoc
3077 3564 3174 3626 est,
3199 3556 3283 3612 vel
3303 3556 3460 3612 Pater
3475 3555 3604 3611 dicit
3621 3556 3771 3623 Filio,

2178 3655 2266 3710 vel
2293 3655 2460 3710 Filius
2489 3654 2708 3727 Spiritui
2741 3662 2924 3710 sancto
2949 3673 2962 3710 :
2995 3677 3017 3704 α
3053 3654 3199 3710 Voca
3228 3653 3504 3726 operarios
3531 3661 3583 3709 et
3609 3653 3770 3709 redde

2183 3743 2288 3798 illis
2335 3743 2662 3812 mercedem,
2723 3743 2988 3816 incipiens
3034 3759 3066 3798 a
3120 3743 3426 3800 novissimis
3486 3759 3654 3814 usque
3705 3741 3772 3798 ad

2559 3832 2851 3888 Considera
2928 3831 3054 3904 quia
3108 3847 3229 3888 sero
3299 3845 3410 3888 non
3457 3830 3562 3888 alio
3616 3847 3768 3887 mane

2182 3931 2358 3988 reddit
2411 3930 2736 3988 mercedem.
2791 3931 2934 4004 Ergo
2991 3929 3166 3986 adhuc
3211 3937 3385 3986 stante
3429 3929 3624 3986 saeculo
3650 3929 3766 4000 isto,

2178 4021 2444 4093 judicium
2493 4020 2594 4076 erit
2647 4028 2867 4093 propter
2922 4019 3056 4075 duas
3099 4019 3352 4076 rationes.
3385 4019 3622 4075 Primum
3650 4019 3770 4090 quia

2184 4119 2408 4169 ventura
2445 4109 2723 4166 beatitudo
2781 4117 2860 4166 est
2913 4124 3121 4165 merces
3170 4107 3411 4180 justitiaa,
3459 4107 3652 4164 deinde
3705 4124 3768 4163 ne

2184 4217 2494 4282 peccatores
2564 4207 2784 4264 videant
2863 4206 3274 4274 beatitudinem,
3363 4205 3572 4262 dicente
3643 4221 3765 4279 pro-

2184 4300 2379 4372 pheta:
2417 4323 2440 4348 «
2497 4297 2737 4354 Tollatur
2781 4297 2980 4368 impius
3034 4313 3102 4352 ne
3157 4295 3338 4352 videat
3389 4293 3620 4368 gloriam
3673 4294 3766 4350 Dei

2185 4389 2314 4460 (Isa.
2347 4395 2522 4458 xxvi).
2549 4410 2572 4436 υ

2261 4501 2284 4527 α
2318 4479 2454 4534 Cum
2483 4476 2755 4533 venissent
2782 4489 2912 4548 ergo
2943 4473 3035 4546 qui
3065 4487 3203 4530 circa
3222 4469 3561 4529 undecimam
3590 4474 3768 4530 horam

2184 4584 2465 4642 venerant,
2507 4582 2829 4646 acceperunt
2856 4573 3098 4647 singulos
3145 4569 3412 4626 denarios.
3447 4591 3470 4620 υ
3522 4569 3770 4641 Quamvis

2188 4667 2499 4724 felicitatem
2518 4663 2922 4721 resurrectionis
2949 4677 3138 4720 omnes
3171 4659 3302 4730 justi
3343 4661 3608 4734 accepturi
3633 4669 3765 4732 sunt,

2187 4767 2368 4814 tamen
2398 4754 2526 4827 quia
2554 4753 2648 4810 alii
2667 4752 2933 4825 accipient
2961 4751 3110 4824 prius
3153 4765 3338 4818 unam,
3379 4749 3468 4804 alii
3502 4756 3623 4818 post
3647 4748 3770 4804 mul-

2187 4864 2285 4925 tas,
2318 4854 2392 4908 illi
2423 4853 2672 4908 dicuntur
2707 4850 2914 4924 priores
2969 4848 3235 4920 accipere,
3287 4846 3377 4918 qui
3419 4845 3566 4916 prius
3603 4844 3768 4902 modi-

2185 4962 2308 5002 cum
2339 4943 2598 5013 temporis
2624 4939 2910 5012 accipient.
2967 4940 3154 5008 Itaque
3205 4935 3480 4992 novissimi
3510 4935 3564 4990 in
3593 4933 3766 4991 labore

2185 5041 2340 5092 erunt
2368 5031 2528 5106 primi
2558 5031 2614 5085 in
2644 5029 2908 5102 pmmio;
2957 5035 3011 5082 et.
3067 5025 3227 5096 primi
3279 5025 3334 5080 in
3365 5024 3564 5094 labore,
3599 5024 3764 5079 novis-

2187 5124 2308 5181 simi
2337 5124 2393 5178 in
2423 5121 2670 5194 prwmio.
2731 5119 2796 5174 Et
2850 5117 2976 5188 quia
3029 5113 3280 5170 denarius
3329 5113 3420 5170 ille
3447 5113 3553 5170 vita
3579 5121 3765 5169 aeterna

2187 5218 2286 5279 est,
2317 5207 2553 5280 aequales
2581 5211 2736 5261 erunt
2765 5203 2818 5258 in
2847 5202 2940 5258 illa
2969 5199 3216 5256 mercede
3244 5198 3424 5272 primi,
3463 5198 3598 5254 sit-ut
3621 5197 3762 5266 Abel,

2185 5301 2320 5365 Noe,
2359 5306 2612 5367 tanquam
2666 5294 2844 5365 prima
2899 5290 2988 5348 vel
3044 5289 3200 5346 tertia
3245 5291 3378 5346 hora
3406 5287 3582 5344 vocati
3606 5286 3670 5342 ad
3695 5302 3766 5342 re-

2185 5398 2390 5460 gnum;
2423 5390 2476 5438 et
2504 5379 2783 5436 novissimi
2813 5377 2906 5448 qui
2934 5376 3004 5432 ab
3024 5373 3256 5431 adventu
3285 5387 3544 5444 corporeo
3563 5371 3763 5428 Domini

2187 5474 2338 5547 quasi
2368 5473 2421 5528 in
2451 5469 2740 5527 undecima
2786 5469 2920 5524 hora
2975 5465 3092 5521 sine
3145 5464 3325 5534 aliqua
3376 5461 3763 5547 tarditate‘prae-

2185 5545 2428 5616 veniunt.
2489 5556 2799 5611 Meritorum
2847 5550 3066 5624 quidem
3114 5547 3422 5606 diversitate
3477 5545 3758 5618 fulgebunt,

2187 5649 2323 5706 alius
2352 5647 2546 5719 magis,
2581 5643 2718 5700 alius
2737 5643 2916 5698 minus
2941 5655 2954 5710 ;
2988 5639 3218 5710 ideoque
3246 5635 3628 5710 paterfamilias
3653 5650 3760 5707 pro-

2185 5738 2406 5794 misitse
2435 5735 2686 5794 daturum
2741 5731 2968 5804 singulis
3013 5727 3159 5801 quod
3203 5727 3406 5798 justum
3455 5724 3631 5780 fuerit.
3661 5725 3758 5780 Ve-

2183 5833 2471 5886 rumtatem
2500 5821 2725 5896 aequalis
2776 5821 2876 5880 erit
2920 5818 3031 5877 vita
3081 5824 3304 5889 aeterna,
3353 5813 3605 5874 omnibus
3641 5812 3756 5872 nulli
