3924 6402
154 366 261 419 885
1122 371 1709 433 DEFLORATIONES
1745 377 1760 433 ξ

1874 375 2203 439 ῬΑΤΒΠΜ.
2234 364 2304 424 ‘—
2336 383 2469 440 LIB.
2511 384 2560 439 ι.
3384 398 3486 452 846

155 490 379 564 longior
400 492 498 548 vel
529 492 772 551 brevior
811 495 936 566 quia
982 513 1091 553 non
1139 498 1361 555 habebit
1412 500 1594 557 ﬁnem.
1654 502 1786 559 Sero
1815 504 1867 564 A
1899 503 2039 573 Quid
2069 508 2263 577 quaeris
2292 510 2524 581 amplius
2544 512 2572 565 ?
2606 513 2767 581 Vade,
2795 530 3082 585 persevera
3110 517 3166 573 in
3194 519 3389 592 adepta
3400 522 3488 592 ju.

156 587 363 643 factum
396 596 505 658 est,
542 593 875 665 cuicumque
904 593 1024 650 finis
1053 596 1176 651 vitae
1206 598 1369 653 venit.
1402 601 1447 653 Α
1487 601 1793 656 novissimis
1899 594 2059 651 stitia-

163 675 424 733 denarios
451 681 865 749 paterfamilias
890 683 1113 739 reddere
1144 686 1305 757 cmpit
1338 702 1351 755 ;
1384 689 1474 757 qui
1515 689 1583 743 ad
1626 707 1789 761 para-

163 766 265 820 disi
296 769 539 837 requien
573 768 730 840 prius
760 773 1021 828 latronem
1043 791 1204 844 quam
1256 776 1466 830 Petrum
1513 780 1784 849 perduxit.

161 862 267 931 Qui
299 864 446 920 latro
478 874 539 920 et
568 867 618 921 si
650 884 753 937 per
780 875 992 924 natalem
1020 886 1129 925 non
1159 872 1307 925 venit
1334 872 1401 926 ad
1424 874 1785 946 undecimam,

159 953 309 1007 venit
338 962 539 1009 tamen
581 972 709 1012 sero
749 974 845 1029 per
889 974 1126 1029 pmnam.
1180 960 1268 1015 Sic
1311 961 1600 1031 aliquando
1644 967 1790 1036 prius

159 1051 601 1098 remunerantur
628 1061 753 1100 sero
782 1046 1055 1101 venientes
1084 1046 1172 1117 qui
1205 1048 1350 1120 prius
1378 1049 1445 1104 de
1475 1055 1789 1123 corporibus

159 1147 369 1194 exeunt
397 1156 578 1209 quam
613 1143 707 1212 qui
730 1142 785 1197 in
802 1143 1040 1214 pueritiis
1068 1145 1239 1200 vocati
1268 1154 1406 1201 sunt.
1447 1170 1468 1195 «ε
1504 1149 1789 1205 Venientes

161 1235 339 1282 autem
373 1229 551 1300 primi
576 1231 825 1286 arbitrati
847 1240 967 1286 sunt
986 1234 1129 1303 quod
1151 1234 1269 1304 plus
1290 1243 1464 1290 essent
1494 1240 1782 1310 accepturi.

156 1318 709 1385 Acceperuntautem
732 1321 893 1375 etiam
913 1321 1011 1392 ipsi
1035 1322 1553 1393 singulosdenarios.
1579 1350 1599 1373 υ
1626 1327 1786 1383 Eam-

159 1411 283 1467 dem
312 1414 531 1471 scilicet
561 1416 885 1471 Trinitatem
915 1434 1035 1471 cum
1066 1418 1317 1490 gentibus
1340 1420 1641 1489 justiﬁcatis
1688 1441 1784 1479 ac-

156 1502 362 1572 cipient
414 1512 573 1560 retro
636 1506 836 1572 vocati,
895 1507 1214 1562 conformati
1273 1509 1499 1565 claritati
1566 1513 1782 1570 Christi.

159 1590 293 1645 Cum
325 1599 522 1647 tamen
557 1594 742 1665 primo
770 1603 1029 1651 venerunt
1058 1598 1145 1666 qui
1177 1600 1410 1670 populus
1428 1600 1523 1656 Dei
1546 1603 1613 1656 ab
1636 1604 1785 1659 initio

160 1689 509 1759 exstiterant,
544 1689 796 1745 arbitrati
824 1698 944 1746 sunt
985 1693 1129 1763 quod
1175 1704 1382 1766 gentes,
1436 1698 1582 1767 prius
1629 1699 1785 1754 idolis

158 1777 483 1845 servientes,
520 1778 711 1833 minus
739 1788 916 1835 essent
941 1784 1232 1852 accepturi.

232 1934 256 1960 ci
291 1912 359 1966 Et
390 1912 736 1985 accipientes
756 1912 1163 1972 murmurabant
1189 1918 1441 1975 adversus
1484 1922 1780 1992 patremfa-

161 2008 360 2075 milias,
393 2009 656 2065 dicentes
683 2030 695 2066 :
728 2011 795 2065 Hi
825 2013 1102 2069 novissimi
1132 2032 1237 2071 una
1266 2019 1397 2072 hora
1430 2018 1687 2086 fecerunt,
1730 2029 1782 2077 et

157 2112 317 2165 pares
356 2098 488 2153 illos
529 2098 696 2154 nobis
762 2099 951 2169 fecisti,
1020 2104 1111 2172 qui
1175 2106 1505 2175 portavimus
1572 2111 1781 2179 pondus

160 2185 265 2240 diei
298 2193 552 2244 etmstus.
588 2210 610 2236 »ι
638 2188 852 2258 Antiqui
884 2190 973 2260 qui
997 2200 1118 2262 post
1138 2192 1298 2265 longa
1320 2195 1513 2250 inferni
1539 2205 1782 2267 tempora

160 2282 227 2337 ad
265 2285 473 2339 caelum
518 2295 892 2356 pervenerunt
937 2290 1087 2357 quasi
1134 2298 1258 2361 post
1298 2296 1778 2351 murmurationem

163 2371 448 2428 denarium
484 2374 786 2445 accipiunt.
817 2377 930 2432 Nos
954 2385 1133 2433 autem
1172 2380 1285 2435 sine
1333 2385 1775 2452 murmuratione,

162 2461 287 2530 quia
314 2478 450 2517 mox
484 2471 545 2517 ut
576 2462 648 2518 de
695 2479 920 2534 corpore
964 2467 1192 2534 eximus,
1253 2470 1366 2524 sine
1423 2488 1574 2527 mora
1631 2490 1776 2545 pra:-

166 2559 335 2613 mium
368 2560 701 2631 accipimus.
745 2562 813 2617 Et
859 2564 1152 2619 notandum
1201 2567 1327 2636 quia
1371 2567 1622 2625 denarius
1668 2588 1777 2626 non

165 2648 284 2702 totis
313 2648 549 2704 insimul
583 2650 865 2720 accipitur,
901 2653 995 2706 sed
1042 2654 1155 2708 veri
1202 2656 1432 2711 cultores
1487 2659 1778 2729 spiritualis

162 2736 333 2793 vineae
364 2738 423 2791 in
472 2740 584 2793 hac
605 2738 716 2793 vita
745 2741 1074 2811 centuplum,
1108 2742 1301 2798 deinde
1332 2746 1550 2813 coelum,
1576 2756 1627 2803 et
1655 2758 1776 2820 post

157 2832 344 2902 judicii
366 2837 870 2891 remunerationem
886 2838 1170 2910 duplicem
1217 2842 1410 2897 stolam
1460 2844 1764 2902 habebunt.

161 2922 452 2979 Denarium
486 2925 661 2997 igitur
688 2925 1029 2996 accipientes,
1062 2945 1171 2983 non
1218 2943 1284 2984 ex
1334 2931 1539 2988 invidia
1584 2936 1773 3005 gratiae

164 3021 501 3068 murmurant
541 3012 802 3070 adversus
846 3016 1170 3071 novissimos
1214 3020 1507 3089 operarios,
1554 3024 1649 3077 sed
1703 3042 1771 3079 ex

163 3106 465 3179 ignorantia
483 3116 820 3165 secretorum
851 3112 1106 3167 adversus
1135 3117 1604 3185 patremfamilias.
1659 3122 1769 3177 Ta-

1977 713 1997 740 ‹‹
2033 692 2166 748 Volo
2192 700 2369 749 autem
2402 702 2455 749 et
2481 695 2605 751 huic
2636 698 2928 756 novissimo
2961 699 3090 757 dare
3117 702 3251 759 sicut
3279 712 3332 760 et
3373 705 3490 762 tibi.

1898 780 1976 832 An
2007 797 2110 836 non
2143 781 2265 837 licet
2294 784 2426 837 mihi
2457 785 2599 853 quod
2630 788 2750 842 volo
2782 789 3003 844 facere?
3023 793 3103 845 An
3145 794 3330 849 oculus
3375 802 3494 851 tuus

1900 884 2133 937 nequam
2167 879 2264 938 est,
2297 872 2422 941 quia
2449 889 2552 944 ego
2580 874 2757 929 bonus
2784 894 2901 931 sum
2932 879 2960 931 εἰ
2994 902 3015 926 η
3056 880 3189 935 Volo
3240 890 3296 937 ut
3341 899 3490 940 coae-

1897 958 2069 1026 qualis
2088 963 2547 1032 etconcorporalis
2569 963 2661 1017 tibi
2683 964 2773 1019 ﬁat
2792 967 3022 1037 populus
3040 969 3276 1041 gentilis.
3301 972 3493 1030 Nonne

1895 1052 2131 1114 potestas
2160 1055 2239 1102 est
2261 1048 2459 1117 judicis
2480 1053 2565 1106 vel
2590 1051 2852 1121 justitiam
2883 1054 3077 1124 facere,
3137 1060 3225 1113 vel
3285 1060 3492 1115 miseri-

1896 1134 2133 1188 cordiam
2166 1137 2249 1190 cui
2282 1140 2394 1192 vult
2422 1139 2753 1210 impendere.
2786 1143 2929 1198 Cave
2959 1161 3091 1216 ergo
3117 1162 3185 1200 ne
3207 1148 3489 1205 occasione

1895 1221 2148 1277 bonitatis
2203 1224 2387 1280 invido
2444 1229 2602 1284 oculo
2656 1232 2960 1301 proximum
3017 1235 3296 1303 respicias.
3361 1237 3492 1293 Mihi

1896 1320 2074 1365 autem
2107 1314 2206 1366 soli
2253 1314 2509 1370 invisibili
2557 1326 2610 1372 et
2656 1319 2946 1375 immortali
2993 1324 3310 1379 sazculorum
3354 1327 3489 1399 Regi

1895 1407 2100 1455 secreta
2128 1418 2247 1457 mea
2279 1405 2452 1460 honor
2480 1414 2533 1460 et
2560 1407 2733 1479 gloria
2781 1417 2834 1464 et
2885 1412 3082 1466 srecula
3135 1414 3478 1471 saeculorum.

1900 1510 1921 1535 «
1958 1488 2046 1543 Sic
2077 1499 2230 1545 erunt
2259 1493 2535 1548 novissimi
2567 1496 2725 1565 primi
2762 1514 2773 1550 :
2816 1506 2872 1553 et
2916 1500 3077 1568 primi
3124 1502 3420 1558 novissimi.
3461 1527 3485 1552 υ

1894 1575 2003 1643 Sic,
2036 1578 2283 1634 videlicet
2313 1589 2367 1635 ut
2396 1592 2669 1639 ostensum
2702 1594 2800 1653 est,
2850 1589 3205 1658 aequabuntur
3252 1594 3485 1649 novissi-

1892 1666 1966 1719 mi
1997 1674 2047 1720 et
2074 1668 2255 1736 primi.
2286 1670 2434 1725 Sicut
2463 1674 2605 1726 enim
2636 1675 2687 1727 in
2719 1691 2919 1731 corona
2963 1694 3061 1733 nec
3118 1679 3327 1735 initium
3383 1691 3484 1752 est,

1892 1770 1991 1810 nec
2020 1754 2140 1810 ﬁnis
2169 1772 2182 1826 ;
2218 1758 2291 1813 ita
2320 1760 2458 1815 inter
2485 1772 2713 1829 sanctos,
2750 1773 3007 1835 quantum
3038 1766 3107 1822 ad
3158 1775 3387 1842 tempus,
3432 1772 3486 1826 in

1808 1859 1862 1920 Β
1892 1842 1981 1898 illo
2010 1846 2205 1901 smculo
2236 1863 2397 1903 nemo
2426 1852 2749 1907 novissimus
2786 1854 3005 1926 dicitur‘
3049 1874 3210 1913 nemo
3258 1860 3484 1930 primus.

1897 1962 1918 1987 α
1953 1941 2102 1995 Multi
2130 1943 2273 1999 enim
2304 1954 2427 2001 sunt
2453 1949 2649 2018 vocati,
2683 1952 2840 2021 pauci
2888 1969 3018 2009 vero
3073 1955 3255 2011 electi.
3299 1978 3320 2004 ιι
3372 1958 3489 2014 Hoc

1890 2045 1999 2084 non
2018 2031 2086 2085 ad
2115 2033 2415 2103 superiores
2461 2046 2692 2106 sanctos,
2744 2041 2839 2094 sed
2886 2041 2955 2095 ad
3001 2051 3191 2112 gentes
3235 2045 3485 2117 pertinet,

1891 2119 2014 2187 quia
2042 2120 2221 2188 plures
2249 2123 2317 2177 ad
2343 2122 2505 2178 ﬁdem
2534 2128 2769 2197 veniunt,
2806 2129 2984 2199 plures
3007 2132 3263 2192 Ecclesiae
3303 2135 3485 2206 parie-

1889 2213 1967 2260 tes
1995 2208 2239 2279 implcnt,
2270 2212 2364 2265 sed
2394 2214 2463 2267 ad
2491 2231 2719 2286 regnum
2751 2220 2909 2288 pauci
2942 2220 3319 2290 perducuntur.
3369 2225 3486 2279 Ali-

1891 2301 1998 2349 ter:
2032 2297 2287 2353 Nonnulli
2318 2316 2414 2369 per
2443 2304 2646 2373 primos
2675 2306 2979 2379 intelligunt
3010 2325 3120 2364 non
3167 2312 3342 2366 solum
3387 2316 3488 2368 ho-

1888 2399 2005 2452 nos,
2044 2385 2137 2439 sed
2168 2395 2219 2441 et
2248 2390 2508 2458 quosdam
2539 2392 2629 2462 qui
2660 2403 2937 2465 cmperunt
2967 2397 3021 2451 in
3050 2398 3228 2468 vinea,
3277 2408 3333 2455 et
3377 2418 3487 2458 non

1889 2486 2389 2542 perseveraverunt.
2430 2480 2493 2534 Hi
2526 2497 2593 2535 ex
2624 2481 2827 2540 invidia
2875 2486 3289 2543 uovissimorum
3331 2507 3484 2545 mur-

1886 2571 2099 2618 murant
2130 2566 2313 2634 ;velut
2342 2568 2418 2623 illi
2450 2570 2540 2639 qui
2570 2570 2720 2627 initio
2770 2576 3035 2629 nascentis
3080 2577 3333 2635 Ecclesiae
3380 2594 3484 2636 vo-

1884 2651 2015 2705 catis
2046 2670 2111 2707 ex
2152 2655 2402 2725 gentibus
2438 2675 2493 2712 se
2536 2660 2915 2730 praeferebant.
2941 2666 3126 2734 Itaque
3148 2665 3214 2721 de
3245 2683 3487 2723 commu-

1886 2740 2023 2794 niter
2051 2742 2206 2796 dictis
2236 2746 2484 2814 quaedam
2515 2748 2819 2805 referuntur
2846 2751 2913 2806 ab
2959 2752 3152 2822 bonos,
3201 2763 3259 2810 ut
3304 2756 3435 2811 illud
3468 2774 3482 2812 :

1890 2850 1911 2876 α
1948 2829 2084 2885 Volo
2116 2831 2209 2885 tibi
2242 2832 2378 2887 sicut
2404 2843 2455 2889 et
2483 2836 2606 2892 huic
2636 2838 2929 2895 novissimo
2960 2841 3116 2897 dare.
3158 2866 3179 2893 η
3223 2845 3303 2899 Ad
3352 2846 3489 2902 alios

1880 2931 2008 2971 vero
2044 2916 2176 2973 falso
2208 2928 2454 2990 putantes
2483 2923 2761 2979 denarium
2794 2944 2851 2981 se
2879 2937 3208 3001 accepturos,
3235 2933 3484 3002 quaedam

1882 3005 2167 3075 pertinent,
2200 3015 2257 3061 ut
2287 3009 2415 3063 illud
2451 3029 2462 3065 :
2503 3035 2524 3060 α
2562 3013 2625 3067 Et
2652 3015 2975 3085 accipientes
2997 3022 3421 3078 murmurabant.
3450 3045 3472 3072 υ

1881 3091 2177 3149 Etdeinde:
2210 3118 2231 3144 α
2253 3099 2334 3151 An
2348 3099 2532 3154 oculus
2546 3108 2662 3155 tuus
2674 3119 2906 3173 nequam
2921 3113 3015 3173 est,
3034 3107 3159 3176 quia
3179 3120 3285 3181 ego
3306 3110 3481 3166 bonus

165 3196 224 3249 lis
250 3214 380 3270 ergo
412 3207 493 3254 est
525 3199 636 3269 pia
674 3200 1009 3269 superiorum
1053 3202 1414 3273 inquisitionis
1461 3224 1760 3264 murmura-

1878 3198 1995 3234 sum
2008 3183 2036 3235 εν
2052 3184 2319 3250 —Erunt,
2338 3185 2528 3257 inquit,
2550 3190 2831 3245 novissimi
2853 3193 3033 3263 primi,
3051 3203 3102 3249 et
3121 3196 3281 3265 primi
3304 3199 3480 3254 novis-

164 3286 251 3340 tio.
282 3286 426 3355 Quid
456 3304 643 3343 causa:
688 3295 769 3342 est
823 3290 966 3359 quod
1021 3293 1225 3347 tamdiu
1282 3294 1529 3351 distulisti
1582 3298 1766 3370 ignem

164 3384 277 3438 cceli
311 3385 365 3439 in
406 3394 616 3441 terram
657 3386 867 3442 mittere
908 3397 961 3443 et
999 3390 1312 3447 accendere.
1353 3395 1459 3449 Aut
1504 3412 1668 3466 quare
1698 3398 1767 3452 ad

162 3472 258 3527 hoc
285 3481 502 3546 tempus
536 3491 650 3530 non
678 3477 959 3531 reservasti
1009 3494 1127 3534 nos.
1189 3481 1284 3536 Vel
1339 3484 1615 3539 novissimi
1673 3503 1767 3541 cur

167 3569 401 3631 tempora
430 3571 623 3619 nostra
651 3564 930 3620 nobiscum
971 3583 1081 3622 non
1110 3569 1431 3626 habuerunt.
1473 3575 1576 3628 Aut
1622 3576 1763 3631 unde

161 3656 214 3712 ﬁt
239 3661 382 3729 quod
414 3661 703 3717 novissimi
744 3678 850 3717 non
908 3664 1210 3720 habuerunt
1263 3676 1505 3741 tempora
1558 3681 1757 3741 nostra,

162 3754 209 3800 et
233 3764 329 3803 nos
358 3758 611 3822 tempora
639 3751 954 3808 novissima.
995 3753 1172 3822 Quare
1206 3757 1366 3811 etiam
1416 3758 1617 3829 dispari
1655 3778 1758 3816 vo-

161 3836 344 3892 cationi
382 3856 483 3910 par
522 3839 684 3895 datur
722 3842 1023 3911 praemium.
1082 3845 1151 3898 Et
1208 3846 1442 3915 plurima
1498 3849 1553 3904 in
1620 3852 1759 3907 hunc

162 3934 371 3990 modum
399 3945 823 4009 conquerantur.
884 3940 1099 3995 Pondus
1153 3942 1421 4014 signiﬁcat
1474 3961 1609 4015 opus
1658 3947 1756 4018 ju-

161 4021 325 4092 stitiae,
356 4033 525 4081 aestus
552 4027 1044 4098 concupiscentiam
1077 4032 1282 4086 saeculi.
1316 4033 1429 4089 Hoc
1458 4035 1581 4091 ideo
1623 4037 1757 4092 dici-

164 4116 258 4180 tur,
289 4114 412 4183 quia
432 4116 570 4171 olim
587 4115 840 4171 omnibus
858 4117 1016 4172 bonis
1036 4119 1266 4175 mundus
1304 4125 1744 4194 prosperabatur.

162 4207 222 4262 Et
246 4208 364 4267 ideo
394 4213 486 4283 qui
524 4220 652 4269 tunc
680 4212 892 4269 fuerunt
919 4232 1041 4270 cum
1074 4217 1267 4286 majori
1299 4219 1611 4279 difﬁcultate
1654 4226 1751 4294 ju-

162 4297 345 4353 stitiam
374 4309 749 4367 servaverunt,
776 4303 896 4373 quia
925 4303 1150 4360 felicitas
1172 4307 1356 4361 mundi
1386 4310 1751 4381 impedimen-

163 4392 264 4441 tum
292 4395 371 4444 est
398 4391 631 4450 animaa.
678 4391 900 4447 Multum
941 4408 1073 4464 ergo
1105 4402 1229 4451 tunc
1276 4406 1390 4452 erat
1435 4397 1610 4456 bonus
1659 4398 1751 4473 qui

158 4481 317 4551 justus
353 4497 564 4559 poterat
602 4505 721 4545 esse
753 4504 766 4559 ;
798 4491 1027 4545 multum
1079 4509 1208 4548 vero
1263 4497 1439 4551 malus
1495 4499 1585 4570 qui
1641 4518 1750 4557 non

163 4571 291 4646 fugit
317 4578 382 4631 ad
411 4579 613 4645 Deum,
647 4594 768 4634 cum
816 4580 1061 4651 pluribus
1115 4582 1526 4645 adversitatibus
1581 4590 1738 4661 primi
1770 4578 1821 4640 D

163 4660 329 4718 videat
384 4668 670 4723 mundum.
737 4668 951 4723 Pondus
1015 4670 1175 4725 etiam
1236 4682 1465 4743 possunt
1516 4677 1743 4753 intelligi

164 4772 374 4818 onerosa
402 4764 664 4821 mandata
692 4764 848 4837 legis,
880 4774 1041 4821 aestus
1069 4785 1197 4824 vero
1227 4786 1386 4826 urens
1425 4790 1573 4830 error
1618 4783 1740 4831 ten-

164 4848 401 4907 tationvm
440 4870 548 4925 quo
599 4854 907 4909 conﬂabant
972 4856 1196 4929 maligni
1262 4860 1480 4931 Spiritus
1534 4864 1590 4919 in
1644 4883 1741 4921 an-

165 4932 321 5005 tiquos
348 4941 416 4996 ad
442 4942 845 4998 aemulationem
874 4943 1117 5016 gentium
1150 4962 1241 5002 eos
1271 4948 1555 5008 irritantes.

232 5091 252 5118 α
291 5075 353 5128 At
389 5076 477 5133 ille
505 5075 857 5147 respondens,
900 5077 993 5131 uni
1046 5094 1231 5135 eorum
1289 5082 1466 5141 dixit:
1526 5090 1729 5160 Amice,

163 5169 259 5212 non
286 5160 418 5220 facio
449 5167 546 5221 tibi
576 5165 850 5234 injuriam.
878 5165 1070 5222 Nonne
1103 5185 1171 5223 ex
1201 5169 1421 5229 denario
1469 5182 1732 5235 conveni-

163 5245 218 5298 sti
245 5264 443 5307 mecum
462 5256 490 5308 ?
508 5254 665 5309 Tolle
692 5255 835 5324 quod
865 5262 1014 5310 tuum
1044 5263 1140 5324 est,
1175 5267 1226 5313 et
1254 5261 1411 5319 vade.
1452 5287 1473 5312 η

221 5378 318 5435 Uni
344 5384 534 5440 dicitur
561 5386 921 5457 respondisse,
948 5388 1071 5458 quia
1091 5407 1189 5461 par
1225 5402 1340 5448 erat
1384 5395 1440 5450 in
1477 5400 1728 5457 omnibus

163 5475 501 5529 murmurandi
533 5475 766 5530 occasio.
800 5476 1018 5531 Amicus
1074 5479 1171 5535 iste
1226 5485 1585 5553 protoplastus
1636 5491 1726 5547 in-

162 5555 410 5629 telligitur,
434 5571 486 5619 et
507 5563 601 5618 illo
626 5570 868 5636 tempore
887 5565 1183 5622 credentes.
1210 5571 1341 5625 Cum
1367 5574 1494 5630 dicit
1530 5595 1596 5632 ex
1634 5580 1726 5635 de-

162 5653 325 5723 nario;
356 5642 455 5716 tale
483 5667 565 5716 est
594 5662 745 5730 quasi
796 5662 974 5718 dicat:
1042 5664 1344 5724 Mercedem
1401 5675 1722 5741 promissam

162 5746 401 5817 recepisti,
431 5751 534 5807 hoc
565 5756 648 5805 est
676 5749 970 5824 imaginem
1001 5759 1054 5807 et
1085 5755 1489 5817 similitudinem
1519 5781 1719 5836 meam,

165 5850 257 5895 non
282 5843 480 5905 alterius
506 5846 777 5906 consortio
807 5849 1063 5907 minuitur
1092 5853 1185 5910 tibi
1210 5858 1495 5927 praemium
1509 5864 1710 5921 meriti.

1876 3270 1997 3323 simi
2023 3287 2034 3323 :
2063 3293 2084 3319 ι»
2115 3273 2256 3342 quod
2282 3274 2449 3331 Judaei
2469 3277 2536 3331 de
2559 3278 2734 3348 capite
2756 3288 3030 3337 vertantur
3050 3284 3105 3337 in
3141 3286 3389 3355 caudam,
3422 3295 3476 3344 et

1873 3383 1972 3421 nos
2001 3368 2067 3422 de
2097 3370 2268 3425 cauda
2289 3380 2557 3428 mutemur
2578 3374 2632 3428 in
2654 3385 2832 3448 caput.
2854 3379 3005 3434 Unde
3027 3382 3236 3452 Moyses
3258 3383 3311 3437 in
3333 3384 3475 3440 Deu-

1873 3458 2200 3513 teronomio:
2233 3482 2255 3508 ‹‹
2280 3462 2501 3517 Advena
2523 3463 2613 3534 qui
2635 3472 2811 3521 tecum
2835 3476 3072 3524 moratur
3091 3472 3342 3528 ascendet
3373 3490 3469 3528 su-

1869 3560 1968 3614 per
1988 3554 2074 3614 te;
2110 3548 2199 3602 ille
2232 3550 2331 3604 erit
2360 3550 2416 3605 in
2446 3561 2629 3623 caput,
2660 3561 2711 3609 et
2743 3561 2795 3609 tu
2826 3556 2930 3611 eris
2959 3557 3010 3611 in
3027 3560 3254 3615 caudam
3275 3562 3468 3631 (Deut.

1872 3635 2085 3704 xxvm).
2115 3659 2136 3684 ι»
2165 3636 2320 3706 Quod
2342 3646 2517 3695 tamen
2540 3643 2691 3697 multi
2717 3651 2821 3698 tam
2841 3646 3117 3702 novissimi
3134 3665 3293 3719 quam
3310 3651 3470 3722 primi

1868 3726 2223 3793 reprobentur
2255 3728 2474 3782 terribili
2505 3732 2767 3787 sententia
2792 3733 3069 3790 subditur:
3104 3758 3129 3786 α
3153 3738 3299 3794 Multi
3321 3740 3466 3795 enim

1866 3820 1989 3868 sunt
2016 3815 2191 3869 vocati
2209 3838 2232 3864 ι»
2256 3816 2323 3871 ad
2344 3816 2525 3889 ﬁdem,
2539 3842 2560 3868 ‹‹
2583 3822 2736 3890 pauci
2750 3837 2879 3880 vero
2896 3823 3049 3879 electi
3074 3848 3095 3874 η
3123 3827 3191 3883 ad
3211 3844 3461 3901 regnum.

2181 3993 2416 4052 SERMO
2454 3997 2529 4052 IN
2570 3998 3100 4059 SEPTUAGESIMA
3115 4044 3131 4061 .

1939 4170 2251 4242 «Lapidem
2301 4174 2548 4246 caliginis
2603 4184 2655 4231 et
2709 4178 2957 4235 umbram
3012 4182 3201 4238 mortis
3254 4183 3459 4244 dividet

1860 4264 2068 4313 torrens
2096 4276 2128 4315 a
2158 4262 2358 4332 populo
2386 4265 2766 4336 peregrinante
2792 4268 2930 4338 (Job.
2962 4274 3181 4341 xxvm).
3220 4294 3242 4322 η
3293 4275 3455 4349 Lapis

1860 4354 1939 4401 est
1968 4347 2163 4403 duritia
2188 4349 2519 4422 Iudaeorum,
2550 4354 2728 4426 caligo
2759 4356 3046 4415 inﬁdelitas
3074 4376 3280 4417 eorum.
3313 4347 3456 4422 Mors

1860 4444 1940 4490 est
1968 4436 2234 4505 diabolus,
2251 4439 2444 4495 umbra
2466 4441 2584 4511 ejus
2602 4444 2820 4514 gentilis
2838 4449 3088 4518 populus.
3113 4451 3262 4507 Sicut
3306 4454 3452 4510 enim

1858 4525 2050 4581 umbra
2077 4527 2288 4598 corpori
2318 4530 2703 4599 conformatur,
2735 4534 2810 4589 ita
2838 4536 2953 4607 ipse
3010 4537 3285 4595 diabolum
3327 4542 3451 4598 imi-

1855 4612 2017 4670 tando
2047 4615 2094 4669 ei
2126 4616 2520 4673 consimilatur.
2560 4619 2795 4691 Populus
2840 4625 3191 4698 peregrinaris
3245 4638 3326 4684 est
3376 4631 3447 4686 fi-

1850 4702 1987 4758 delis
2015 4705 2246 4775 populus
2275 4704 2330 4760 in
2355 4706 2515 4777 hujus
2545 4709 2668 4765 vita:
2716 4712 2905 4767 exsilio
2951 4716 3243 4784 suspirans.
3301 4720 3466 4775 Tor-.

1846 4817 1971 4857 rens
1997 4811 2074 4857 est
2100 4804 2291 4876 igneus
2317 4804 2510 4861 ﬂuvius
2539 4808 2629 4877 qui
2657 4825 2690 4863 a
2719 4809 2857 4865 facie
2886 4811 3104 4868 Domini
3142 4817 3436 4887 egreditur,

1846 4907 1945 4960 per
1972 4907 2132 4961 quem
2163 4892 2335 4948 ﬁdelis
2364 4896 2594 4965 populus
2620 4897 2691 4951 ab
2737 4897 2938 4955 inﬁdeli
2990 4900 3045 4954 in
3098 4903 3300 4960 ultimis
3355 4923 3440 4963 se.

1844 4980 2095 5035 cernitur.
2126 4982 2386 5052 Lapidem
2413 5000 2543 5055 ergo
2573 4986 2837 5058 caliginis,
2872 4996 2926 5043 et
2953 4990 3202 5047 umbram
3248 4997 3438 5052 mortis

1846 5075 2109 5124 torrensa
2144 5071 2347 5139 populo
2399 5074 2774 5145 peregrinante
2832 5076 3054 5146 dividet,
3112 5097 3233 5136 cum
3290 5082 3436 5155 ignis
3530 5138 3542 5146 .

1842 5159 2065 5212 extremi
2088 5158 2279 5227 judicii
2306 5161 2521 5217 Judaeos
2548 5163 2603 5217 in
2632 5164 2855 5235 perﬁdia
2886 5167 3064 5236 duros,
3107 5178 3158 5224 et
3201 5175 3433 5244 gentiles

1838 5247 1897 5301 in
1924 5248 2128 5302 malitia
2153 5248 2370 5305 diabolo
2401 5252 2728 5321 conformes,
2791 5271 2823 5309 a
2867 5256 3167 5315 Christiano
3224 5265 3429 5332 populo

1837 5345 1897 5392 ut
1921 5336 2124 5393 zizania
2152 5354 2185 5392 a
2214 5338 2386 5393 tritico
2417 5341 2673 5408 secludet,
2704 5350 2757 5398 et
2783 5346 2998 5402 camino
3045 5347 3296 5405 infernali
3347 5353 3431 5408 in-

1835 5426 2076 5493 volvens,
2112 5426 2223 5498 igni
2255 5428 2679 5501 inexstinguibili
2727 5443 2930 5501 exuret,
2990 5442 3043 5490 et
3098 5438 3272 5508 patria
3324 5458 3430 5513 pa-

1833 5514 1998 5568 radisi
2027 5516 2285 5586 pepulum
2314 5533 2422 5571 non
2453 5520 2694 5574 exsulem
2736 5520 2791 5575 in
2838 5530 3039 5578 mterna
3084 5526 3431 5589 tabernacula

1832 5604 2074 5673 recipiet.
2108 5606 2483 5678 Peregrinator
2510 5616 2689 5664 autem
2720 5609 2885 5681 hujus
2932 5612 3057 5669 vitae
3098 5612 3273 5672 ﬁdelis
3318 5637 3425 5692 po-

1830 5694 1943 5761 puli
1972 5693 2403 5765 praesignabatur
2430 5695 2486 5749 in
2538 5698 2741 5769 populo
2797 5700 3041 5771 Iudaico,
3102 5720 3238 5775 quos
3290 5708 3426 5768 duro

1829 5782 2047 5839 servitio
2079 5783 2243 5856 longo
2294 5792 2537 5855 tempore
2592 5798 2935 5859 oppresserat
2986 5792 3216 5851 Pharao.
3276 5795 3424 5857 Olim

1829 5886 2062 5943 namque
2088 5872 2349 5931 Hebraeus
2379 5873 2613 5947 populus
2665 5876 2946 5937 descendit
2998 5880 3055 5937 in
3106 5883 3419 5961 Egyptum,
