3924 6394
465 377 570 435 ειτ

1604 370 1948 433 WERNERI
1983 370 2272 435 ABBATIS
2309 375 2368 436 S.
2417 374 2640 435 BLASII

3680 387 3798 443 8‘8

471 502 599 559 dum
630 516 752 558 eum
779 502 950 559 fames
1002 499 1210 570 atllixit,
1259 501 1352 558 sed
1409 517 1531 557 eum
1591 501 1804 557 Pharao
1859 501 2062 556 crudeli
2093 502 2149 564 Α
2181 501 2356 558 Finito
2385 512 2562 560 autem
2596 504 2780 560 mundi
2815 504 3062 577 termino,
3095 522 3216 564 cum
3264 525 3457 568 uxores
3501 521 3555 570 et
3615 512 3791 583 ﬁlios,

467 601 707 658 servituti
736 600 962 656 addixit.
992 599 1095 670 Qui
1137 617 1260 657 cum
1309 601 1379 657 ad
1423 600 1715 656 Dominum
1774 600 2070 655 clamarent

467 691 688 764 Moysen
717 689 796 746 eis
822 689 984 757 misit,
1019 689 1109 760 qui
1141 689 1322 744 multis
1347 689 1522 762 plagis
1577 695 1630 745 et
1681 688 1852 761 signis
1897 690 2070 762 ,Εεν-

468 787 623 850 ptum
655 779 934 850 percussit,
964 779 1224 852 pepulum
1245 778 1344 834 Dei
1376 795 1474 849 per
1503 794 1652 834 mare
1709 777 1952 833 Rubrum
2011 778 2068 833 in

471 884 667 934 terram
696 877 950 934 ﬂuentem
980 877 1064 933 lac
1091 884 1146 933 et
1173 876 1280 934 mel
1310 876 1582 950 perduxit.
1637 877 1740 933 Per
1779 878 2068 950 Egyptum

473 967 560 1024 hic
582 965 814 1022 mundus
841 964 1194 1038 signiﬁcatur,
1227 966 1283 1022 in
1313 981 1420 1037 quo
1465 983 1640 1041 genus
1684 967 1979 1021 humanum
2036 979 2069 1018 a

471 1056 703 1130 paradisi
731 1055 906 1126 patria
934 1055 1326 1129 peregrinatur,
1358 1064 1410 1112 et
1439 1071 1470 1112 a
1507 1054 1727 1111 diabolo
1772 1055 1926 1128 gravi
1973 1071 2072 1126 op-

471 1153 746 1226 pressione
775 1152 1115 1227 subjugatur.
1147 1153 1245 1210 Cui
1291 1151 1362 1210 ad
1400 1153 1572 1210 Deum
1620 1169 1720 1224 per
1757 1152 1934 1222 justos
1981 1169 2071 1208 vo-

473 1242 738 1312 ciferanti,
797 1242 1038 1299 Christus
1090 1242 1160 1298 ad
1239 1241 1580 1298 liberandum
1656 1242 1898 1307 mittitur,
1971 1257 2071 1312 per

473 1349 634 1405 quem
665 1331 898 1388 mundus
935 1331 1116 1388 multis
1155 1331 1429 1388 miraculis
1468 1332 1787 1400 concutitur,
1836 1331 2070 1403 populus

469 1447 568 1504 per
594 1445 745 1486 mare
768 1429 1032 1498 Rubrum,
1065 1429 1120 1484 id
1149 1437 1228 1486 est
1255 1445 1352 1502 per
1378 1429 1727 1501 baptismum,
1750 1427 1817 1484 ad
1836 1429 2066 1499 patriam

470 1519 704 1592 paradisi
733 1517 1023 1587 reducitur,
1054 1518 1147 1574 ubi
1175 1519 1284 1574 mel
1317 1527 1370 1574 et
1425 1519 1509 1575 lac
1563 1517 1818 1587 exundat,
1877 1517 1929 1572 id
1989 1526 2067 1573 est

468 1607 740 1666 affluentia
768 1608 1012 1664 omnium
1040 1606 1309 1665 bonorum
1340 1607 1626 1664 exuberat.

543 1751 669 1808 Hac
694 1749 1064 1822 peregrinatio
1091 1748 1440 1805 nihilominus
1470 1765 1567 1822 per
1593 1749 1844 1806 eumdem
1885 1764 2065 1822 p0pu-

2176 591 2231 645 id
2261 600 2338 646 est
2375 609 2600 664 corpora
2631 602 2683 650 et
2711 591 2876 666 opera
2901 595 3183 668 recipiunt,
3209 607 3331 656 tunc
3349 593 3534 658 verum
3558 603 3794 660 alleluia

2171 680 2528 750 jubilabunt,
2589 685 2716 754 quia
2779 701 2900 740 cum
2965 702 3190 759 corpore
3254 697 3308 746 et
3369 690 3552 748 anima
3615 693 3792 749 simul

2177 770 2486 840 perenniter
2511 771 2564 826 in
2587 773 2762 846 gloria
2793 775 3160 832 exsultabunt.

2868 969 3096 1012 DIVISIO.

2249 1120 2390 1192 Quia
2435 1124 2616 1195 hodie,
2665 1125 2987 1194 cbarissimi,
3043 1126 3311 1184 canticum
3367 1129 3550 1188 latitia
3605 1129 3783 1204 depo-

2176 1211 2401 1279 suimus,
2434 1219 2487 1267 et
2517 1214 2786 1270 canticum
2819 1215 3042 1272 tristitia
3069 1217 3414 1289 sumpsimus,
3444 1221 3569 1276 volo
3616 1219 3788 1276 vobis

2176 1299 2245 1356 de
2273 1301 2426 1356 libris
2449 1303 2732 1375 gentilium
2765 1303 3004 1360 breviter
3028 1305 3254 1361 recitare
3310 1309 3540 1378 qualiter
3592 1309 3786 1365 melo-

2177 1389 2324 1445 diam
2371 1391 2789 1448 delectationum
2843 1393 3031 1450 mundi
3087 1393 3330 1451 debeatis
3380 1395 3672 1465 declinare,
3724 1405 3786 1453 ut

2177 1489 2390 1560 possitis
2421 1488 2568 1560 prius
2611 1507 2734 1545 cum
2791 1491 3001 1563 angelis
3055 1491 3268 1548 dulcem
3325 1494 3663 1551 harmoniam
3723 1494 3779 1549 in

2176 1577 2328 1632 caelis
2382 1594 2656 1634 resonare.
2715 1579 3004 1635 Gemmam
3059 1597 3294 1652 namque
3347 1583 3405 1638 in
3452 1598 3607 1640 cano
3683 1585 3779 1638 in-

2176 1675 2393 1722 ventam
2423 1667 2582 1723 debet
2615 1669 2842 1739 quilibet
2869 1669 2938 1726 de
2966 1669 3078 1726 luto
3110 1671 3316 1741 tollere,
3347 1680 3402 1728 et
3451 1672 3506 1728 in
3562 1673 3780 1746 regium

2175 1763 2553 1810 ornamentum
2583 1772 2802 1828 ponere.
2836 1759 2917 1814 Ita
2946 1767 2999 1815 et
3027 1759 3201 1828 decet,
3233 1761 3278 1816 si
3327 1776 3360 1816 a
3408 1761 3566 1818 nobis
3605 1762 3780 1834 quid-

468 1842 580 1900 lum
610 1839 1079 1913 pratigurabatur,
1110 1837 1238 1894 dum
1269 1838 1322 1894 in
1382 1839 1709 1910 Babylonica
1755 1839 2064 1910 captivitate
2093 1863 2146 1924 Β
2177 1861 2338 1914 quam
2370 1845 2498 1899 utile
2529 1845 2766 1907 in.libris
2793 1847 3077 1918 gentilium
3108 1849 3424 1921 reperiatur,
3482 1850 3550 1905 ad
3605 1850 3780 1907 adiﬁ-

469 1947 568 2006 per
595 1946 702 1985 Lxx
725 1945 896 1984 annos
931 1928 1267 1985 morabatur.
1321 1927 1824 1984 Nabuchodonosor
1865 1928 2062 1984 etenim

468 2045 565 2086 rex
594 2027 925 2099 Babylonia,
957 2025 1292 2082 Hierusalem
1323 2026 1596 2093 obsidens,
1629 2025 1910 2097 destruxit,
1959 2042 2066 2098 po-

469 2119 655 2192 pulum
687 2116 740 2171 in
768 2116 1118 2188 Babyloniam
1150 2116 1420 2187 captivum
1452 2115 1622 2188 duxit,
1682 2115 1772 2186 qui
1828 2115 1904 2170 ibi
1960 2131 2068 2170 Lxx

469 2205 624 2264 annis
665 2204 722 2260 in
779 2204 987 2260 tristitia
1045 2203 1342 2272 habitabat,
1404 2205 1672 2260 canticum
1729 2205 1929 2260 latitia
1957 2220 2067 2259 non

468 2303 779 2372 resonabat,
810 2319 1016 2377 organa
1047 2301 1117 2359 ad
1145 2303 1336 2359 salices
1363 2302 1661 2375 suspendit,
1689 2303 1844 2374 juxta
1873 2305 2068 2359 sedens

467 2394 636 2452 flevit.
668 2393 857 2449 Finitis
885 2408 994 2448 an
1023 2391 1196 2459 annis,
1228 2391 1297 2448 ad
1328 2391 1659 2447 Hierusalem
1690 2399 1914 2460 remeat,
1959 2393 2065 2448 Pu-

468 2485 599 2540 scha
626 2497 750 2539 cum
780 2480 982 2554 gaudio
1027 2479 1286 2550 celebrat,
1343 2488 1529 2552 postea
1585 2497 1705 2536 eum
1764 2496 1960 2537 uxores
2014 2489 2068 2537 et

464 2577 562 2636 ﬁlii
589 2587 872 2646 venerunt,
904 2577 1104 2650 duplex
1123 2577 1382 2649 gaudium
1413 2579 1732 2635 habuerunt.
1764 2579 1892 2634 Haec
1937 2595 2064 2636 om-

464 2669 574 2739 nia,
633 2666 954 2736 cbarissimi,
1011 2665 1079 2724 ad
1133 2675 1454 2738 praesentem
1510 2668 1654 2724 diem
1726 2668 2060 2740 respiciunt:

465 2758 583 2815 hac
607 2757 793 2814 omnia
816 2763 1002 2812 nostra
1044 2764 1286 2828 tempora
1331 2757 1812 2830 prasignaverunt.
1866 2758 2060 2814 Hiem-

462 2855 631 2912 salem
663 2861 745 2910 est
773 2853 1070 2927 paradisus,
1107 2853 1610 2910 Nabuchodonosor
1657 2864 1736 2910 est
1792 2854 2060 2921 diabolus,

460 2943 757 3016 Babylonia
790 2951 870 2999 est
896 2942 984 2999 hic
1012 2943 1260 2998 mundus.
1281 2943 1784 3000 Nabuchodonosor
1801 2943 2060 3016 populum

458 3033 515 3090 in
543 3032 896 3108 Babyloniam
927 3033 1196 3106 captivum
1244 3033 1415 3103 duxit,
1478 3041 1530 3089 et
1585 3033 1834 3089 diabolus
1889 3051 2062 3106 genus

457 3130 754 3187 humanum
785 3129 839 3185 in
869 3131 1011 3186 hunc
1041 3129 1300 3186 mundum
1329 3129 1562 3202 seduxit,
1613 3131 1704 3186 ubi
1751 3146 1958 3204 organa
2002 3132 2060 3186 in

453 3219 651 3276 salices
676 3218 972 3292 suspendit,
1007 3225 1061 3275 et
1111 3218 1306 3276 sedens
1360 3219 1610 3291 lacrymis
1661 3220 1796 3276 tluit.
1858 3221 2062 3276 Salices
2090 3219 2140 3285 C

460 3307 618 3366 facile
641 3316 795 3365 terra
851 3308 1174 3378 coalescent,
1236 3307 1394 3365 facile
1457 3309 1641 3367 incisa
1693 3309 2048 3366 revirescunt.

459 3405 666 3464 Salices
690 3413 814 3462 sunt
853 3403 1041 3462 mundi
1093 3413 1360 3463 amatores
1415 3406 1506 3477 qui
1560 3406 1772 3464 radices
1827 3425 1950 3463 suas
2004 3407 2060 3462 in

460 3504 673 3554 terrena
722 3494 1025 3562 miserunt,
1108 3495 1304 3566 quibus
1385 3495 1689 3552 transitoria
1762 3512 1860 3569 pro
1932 3504 2060 3553 voto

459 3583 698 3643 afﬂuunt.
730 3587 795 3640 In
821 3585 919 3640 has
939 3583 1072 3655 justi
1128 3599 1334 3657 organa
1387 3585 1740 3656 suspendunt,
1799 3584 1924 3656 quia
1981 3586 2063 3640 his

461 3679 663 3756 gaudia
699 3679 887 3738 mundi
914 3680 1248 3750 relinquunt.
1327 3679 1539 3736 Deﬂent
1599 3681 1865 3749 sedentes,
1935 3682 2062 3752 quia

461 3770 694 3827 humiles
721 3785 909 3828 eorum
939 3769 1210 3825 interitum
1266 3775 1390 3825 sunt
1444 3786 1566 3824 cum
1619 3786 1820 3843 magno
1873 3770 2061 3828 dolore

456 3868 757 3936 gementes.
790 3860 893 3916 Per
915 3874 1122 3933 organa
1151 3858 1314 3914 etiam
1345 3857 1578 3914 caelestis
1630 3858 1874 3916 doctrina
1923 3861 2063 3918 acci-

463 3959 609 4034 pitur
634 3958 839 4032 quain
869 3957 1062 4014 salices
1107 3958 1468 4030 suspenditur,
1527 3957 1658 4014 dum
1715 3959 2064 4017 sacularibus

461 4049 706 4107 doctrina
732 4046 988 4120 spiritalis
1015 4046 1362 4115 subtrahitur,
1394 4047 1520 4119 quia
1566 4047 1636 4104 ab
1690 4049 1768 4104 eis
1823 4058 2063 4106 contem-

462 4139 628 4196 nitur.
661 4137 764 4194 Per
793 4151 900 4192 axx
929 4152 1101 4192 annos
1129 4135 1328 4208 quibus
1373 4137 1606 4210 populus
1658 4137 1713 4192 in
1769 4138 2064 4210 Babylonia

465 4233 826 4308 amigebatur,
855 4241 1064 4306 septem
1122 4233 1293 4290 millia
1347 4249 1614 4290 annorum
1668 4235 2062 4308 intelliguntur,

466 4325 662 4400 quibus
689 4339 864 4397 genus
909 4323 1205 4379 humanum
1253 4323 1310 4379 in
1357 4323 1458 4380 hac
1498 4323 1612 4381 vita
1657 4325 2054 4399 peregrinatur.

467 4415 620 4473 Sicut
674 4413 819 4471 enim
875 4419 1086 4484 septem
1143 4411 1334 4485 primis
1387 4412 1580 4469 diebus
1635 4421 1748 4470 tota
1819 4423 2065 4472 creatura

465 4511 786 4587 disponitur,
820 4511 890 4568 ita
921 4527 1020 4584 per
1044 4518 1251 4584 septem
1282 4511 1454 4568 millia
1481 4528 1745 4569 annorum
1775 4513 1863 4571 hic
1897 4531 2062 4570 mun-

2185 1933 2454 1988 cationcm
2489 1934 2746 1991 Ecclesia
2776 1937 2970 1992 Christi
3026 1955 3240 2007 sponsa
3296 1947 3548 1994 vertatur.
3575 1939 3774 1996 Saeuli

2175 2021 2446 2093 sapientes
2473 2023 2714 2079 scribunt
2743 2031 2850 2080 tres
2878 2025 3094 2082 Sirenes
3121 2027 3174 2081 in
3207 2027 3380 2083 insula
3401 2029 3563 2084 maris
3605 2028 3776 2085 fuisse

2177 2117 2227 2166 et
2256 2111 2631 2168 suavissimam
2660 2113 2983 2169 cantilenam
3027 2115 3212 2170 divisis
3265 2115 3441 2171 modis
3493 2117 3770 2174 cecinisse.

2177 2210 2293 2266 Una
2323 2209 2522 2282 quippe
2549 2226 2702 2279 voce,
2735 2213 2902 2268 altera
2932 2213 3083 2283 tibia,
3135 2215 3286 2271 tertia
3342 2216 3453 2288 lyra
3507 2217 3763 2272 canebat.

2174 2298 2272 2354 Ha
2303 2299 2576 2354 habebant
2606 2299 2772 2355 facies
2801 2302 3108 2370 mulierum,
3140 2303 3253 2358 alas
3307 2313 3362 2360 et
3414 2321 3621 2378 ungues
3676 2321 3774 2361 vo-

2175 2387 2403 2442 lucrum.
2434 2386 2638 2442 Omnes
2669 2405 2834 2444 naves
2890 2399 3275 2460 pratereuntes
3328 2393 3588 2450 suavitate
3642 2409 3772 2450 can-

2176 2484 2258 2531 tus
2285 2475 2562 2544 sistebant,
2595 2485 2784 2533 nautas
2839 2494 3034 2536 somno
3091 2496 3378 2551 oppressos
3439 2482 3765 2549 lacerabant,

2173 2582 2340 2620 naves
2369 2566 2482 2621 salo
2515 2566 2934 2640 immergebant.
2994 2569 3238 2640 Cumque
3289 2571 3505 2642 quidem
3554 2572 3771 2644 Ulysses

2173 2671 2389 2710 necesse
2448 2656 2672 2711 haberet
2727 2657 2800 2712 ibi
2856 2659 3334 2733 praternavigare,
3375 2659 3535 2732 jussit
3585 2677 3644 2717 se
3698 2660 3769 2716 ad

2171 2744 2375 2798 malum
2403 2744 2558 2800 navis
2585 2745 2777 2818 ligare,
2808 2747 2970 2802 sociis
3025 2756 3204 2803 autem
3261 2765 3382 2805 cum
3439 2766 3562 2806 cera
3611 2766 3768 2806 aures

2171 2833 2457 2898 obdurare,
2492 2841 2544 2888 et
2598 2834 2675 2888 sic
2726 2835 3021 2906 periculum
3076 2837 3274 2893 illasus
3327 2839 3514 2909 evasit,
3569 2847 3622 2894 et
3676 2855 3767 2894 eas

2170 2922 2418 2977 ﬂuctibus
2445 2922 2751 2980 submersit.
2780 2925 2909 2980 Hac
2949 2933 3089 2992 sunt,
3144 2927 3462 2997 cbarissimi,
3520 2929 3761 3001 mystica,

2171 3012 2420 3081 quamvis
2472 3027 2572 3082 per
2625 3012 2876 3069 inimicos
2925 3014 3122 3070 Christi
3176 3016 3394 3086 scripta.
3455 3017 3556 3072 Per
3613 3033 3762 3073 mare

2169 3107 2309 3164 istud
2333 3110 2588 3165 saculum
2619 3110 2956 3184 intelligitur,
3015 3112 3161 3184 quod
3215 3114 3482 3170 continuis
3535 3115 3760 3172 tribula-

2170 3199 2375 3254 tionum
2407 3199 2658 3270 procellis
2683 3200 2937 3256 volvitur.
2969 3201 3150 3258 Insula
3179 3211 3259 3258 est
3278 3203 3463 3258 mundi
3481 3204 3756 3277 gaudium,

2168 3286 2314 3358 quod
2371 3287 2576 3342 crebris
2627 3287 2905 3345 doloribus
2973 3290 3326 3363 intercipitur,
3403 3293 3538 3349 sicut
3617 3293 3758 3349 littus

2167 3375 2371 3432 crebris
2399 3376 2558 3432 undis
2609 3377 2900 3450 impetitur.
2958 3380 3090 3435 Tres
3145 3380 3380 3450 Sirenes,
3439 3398 3558 3453 qua
3609 3383 3756 3441 suavi

2169 3472 2328 3521 cantu
2358 3465 2677 3538 navigantes
2730 3466 3089 3524 demulcendo
3134 3468 3190 3524 in
3238 3485 3487 3526 somnum
3529 3479 3753 3542 vertunt,

2169 3561 2294 3610 sunt
2349 3562 2458 3610 tres
2512 3553 2898 3612 delectationes
2953 3573 3074 3628 qua
3129 3557 3296 3614 corda
3350 3559 3627 3616 hominum
3687 3560 3755 3616 ad

2168 3643 2302 3699 vitia
2330 3643 2600 3713 molliunt,
2633 3652 2688 3700 et
2717 3644 2772 3700 in
2819 3661 3071 3702 somnum
3112 3647 3302 3703 mortis
3355 3647 3571 3704 ducunt.
3628 3646 3756 3719 Qua

2168 3733 2406 3788 humana
2433 3749 2570 3789 voce
2595 3741 2794 3801 cantat,
2825 3742 2904 3789 est
2931 3734 3176 3806 avaritia,
3227 3752 3349 3807 qua
3391 3737 3502 3793 suis
3554 3737 3754 3795 audito-

2168 3821 2318 3877 ribus
2346 3821 2723 3892 hujuscemodi
2756 3822 3064 3879 modulatur
3090 3825 3358 3882 carmina:
3391 3826 3560 3883 Multa
3593 3841 3750 3899 Opor-

2170 3918 2246 3967 tet
2301 3919 2355 3967 te
2412 3926 2770 3985 congregare,
2829 3919 2887 3966 ut
2934 3914 3202 3985 possimus
3257 3914 3458 3971 famam
3532 3917 3754 3973 nominis

2171 4001 2247 4055 tui
2274 3999 2476 4072 ubique
2505 4000 2750 4070 dilatare,
2783 4002 3127 4074 sepulcth
3187 4019 3402 4076 quoque
3441 4005 3652 4062 Domini
3703 4015 3754 4062 et

2171 4090 2279 4146 alia
2343 4089 2463 4146 loca
2511 4090 2760 4159 lustrare,
2819 4091 3076 4148 ecclesias
3127 4100 3446 4163 restaurare,
3500 4109 3752 4168 pauperes

2170 4179 2605 4252 consanguineos
2629 4187 2748 4236 tuos
2793 4179 3073 4252 adjuvare.
3131 4182 3246 4238 Tali
3297 4183 3550 4255 pestifero
3604 4192 3751 4242 cantu

2171 4283 2266 4324 cor
2290 4267 2438 4325 avari
2469 4267 2742 4324 demulcet
2799 4285 2968 4341 usque
3005 4270 3136 4326 dum
3193 4287 3317 4327 eum
3371 4287 3533 4345 sopor
3583 4273 3752 4346 oppri-

2171 4364 2301 4427 met,
2335 4365 2386 4413 et
2416 4365 2541 4414 tunc
2587 4373 2805 4413 carnem
2863 4359 2981 4430 ejus
3036 4359 3279 4431 lacerat;
3338 4361 3519 4417 navim
3573 4361 3750 4418 ﬂuctus

2171 4445 2415 4514 devorat,
2449 4447 2575 4518 quia
2605 4447 2692 4503 hic
2720 4448 2886 4504 miser
2912 4449 3176 4506 violenter
3218 4449 3495 4506 doloribus
3548 4467 3581 4507 a
3621 4451 3749 4507 vitiis

2174 4535 2284 4592 suis
2313 4536 2578 4605 avellitur,
2610 4543 2664 4592 et
2691 4544 2910 4594 aterna
2935 4536 3170 4596 ﬂamma
3214 4538 3574 4614 immergitur.
3627 4538 3748 4611 Qua

464 4602 568 4661 dus
595 4599 812 4700 extendi
838 4600 1092 4700 creditur.
1126 4600 1297 4700 Igitur
1323 4601 1366 4656 si
1395 4609 1602 4700 septem
1638 4602 1826 4700 Imillia
1882 4620 2060 4660 anno-
2091 4589 2143 4652 D
2173 4589 2908 4697 ἀηίιῄίίίήαξξέι

462 4709 583 4752 rum
611 4692 668 4749 in
695 4690 1004 4765 scptuagies
1030 4697 1286 4746 centenos
1313 4705 1486 4746 annos
1539 4689 1805 4761 diviseris,
1855 4700 1909 4748 et
1957 4709 2060 4749 au-

465 4807 595 4848 num
625 4789 693 4846 de
724 4796 939 4845 centum
970 4787 1128 4844 annis
1156 4786 1309 4859 quasi
1338 4786 1606 4844 decimam
1663 4789 1894 4858 dederis,
1953 4807 2062 4846 axx

463 4896 636 4940 annos
664 4878 910 4936 habebis.
942 4878 1108 4934 Porro
1139 4877 1182 4932 si
1213 4876 1280 4933 de
1319 4878 1661 4952 septuaginta
1705 4879 1861 4934 annis
1913 4880 2059 4935 diem

458 4986 560 5044 pro
587 4985 731 5027 anno
759 4966 1076 5034 decimabis,
1109 4982 1217 5022 LXX
1244 4965 1361 5021 dies
1399 4967 1757 5039 computabis.
1817 4969 1883 5024 Hi
1939 4977 2062 5026 sunt

458 5069 545 5126 isti
576 5067 694 5124 dies
721 5066 917 5138 quibus
947 5064 1188 5121 Ecclesia
1214 5064 1320 5120 alia
1347 5079 1456 5121 non
1497 5073 1732 5137 resonat,
1780 5067 1908 5138 quia
1951 5082 2058 5122 axx

458 5173 630 5216 annos
656 5155 981 5230 captivitatis
1008 5153 1078 5210 ad
1107 5153 1428 5208 memoriam
1457 5161 1696 5224 revocat,
1730 5155 1820 5226 qui
1849 5164 2057 5226 septem

456 5249 626 5304 millia
655 5261 925 5303 annorum
957 5252 1154 5300 nostra
1193 5243 1644 5316 peregrinationis
1687 5244 2047 5318 prasignant.

455 5345 586 5402 Ideo
615 5345 776 5402 etiam
810 5359 952 5400 nunc
980 5341 1119 5397 liber
1147 5340 1376 5397 Genesis
1407 5341 1620 5414 legitur,
1655 5342 1710 5397 iu
1739 5359 1846 5413 quo
1875 5343 2058 5414 lapsus

457 5435 694 5492 hominis
721 5435 789 5490 de
817 5432 1068 5506 paradiso
1098 5431 1153 5486 in
1183 5433 1327 5486 hunc
1381 5431 1642 5487 mundum
1701 5431 2045 5490 describitur.

453 5522 601 5580 Istud
626 5533 836 5596 tempus
863 5523 1059 5577 dicitur
1085 5520 1519 5593 Septuagesima,
1551 5520 1678 5592 quia
1723 5522 1793 5578 ab
1839 5523 2052 5578 hodier-

456 5636 527 5678 ua
551 5621 641 5676 die
670 5636 839 5690 usque
869 5619 926 5674 in
953 5619 1248 5675 secundum
1308 5619 1526 5675 Pascha
1581 5619 1878 5675 Sabbatum
1929 5628 2054 5677 sunt

451 5707 569 5767 dies
599 5725 726 5774 Lxx,
761 5707 977 5779 quando
1026 5707 1134 5763 duo
1189 5714 1472 5763 cantantur
1522 5707 1758 5766 alleluia.
1817 5709 2050 5782 Populus

451 5798 521 5853 ad
549 5797 885 5854 Hierusalem
916 5811 1160 5850 reversus
1184 5811 1307 5851 cum
1368 5796 1576 5869 gaudio
1629 5797 1877 5868 exsultat,
1923 5799 2050 5870 quia

453 5884 696 5948 ﬁdelium
723 5884 923 5944 anima
958 5899 1100 5940 nunc
1152 5883 1412 5958 gaudium
1469 5884 1690 5942 Domini
1739 5885 2040 5945 intrabunt.

2170 4713 2322 4770 tica:
2380 4713 2602 4771 Iuvenis
2658 4731 2716 4770 es
2771 4723 2826 4771 et
2879 4715 3058 4781 nobis,
3116 4715 3284 4772 debes
3341 4725 3391 4773 te
3447 4718 3743 4790 praclarum

2169 4803 2428 4860 exhibere
2453 4803 2734 4860 universis.
2793 4804 2938 4860 Nulli
3011 4804 3354 4864 inimicorum
3415 4813 3618 4862 tuorum
3662 4807 3744 4864 de-

2169 4891 2266 4948 bes
2296 4907 2536 4964 parcere,
2560 4892 2655 4948 sed
2683 4908 2874 4949 omnes
2930 4893 3124 4965 quibus
3177 4895 3472 4965 pravalere
3527 4896 3742 4967 potueris

2168 4982 2434 5051 occidere,
2494 4990 2620 5038 tunc
2673 4982 2858 5038 dicunt
2911 4985 2966 5038 te
3032 4982 3236 5039 bonum
3321 5001 3434 5040 esse
3513 4983 3736 5042 militem.

2167 5071 2269 5126 Alii
2299 5071 2444 5127 canit
2468 5073 2587 5127 hac
2618 5089 2630 5126 :
2663 5071 2998 5127 Hierusalem
3048 5071 3216 5128 debes
3269 5089 3514 5145 pergere,
3567 5074 3740 5130 multas

2167 5160 2536 5232 eleemosynas
2567 5160 2820 5229 tribuere,
2856 5168 2980 5216 tunc
3009 5159 3106 5217 ﬁes
3134 5160 3391 5230 famosus,
3423 5170 3476 5218 et
3527 5163 3594 5218 ab
3638 5179 3738 5219 om-

2165 5249 2324 5304 nibus
2353 5249 2547 5306 diceris
2574 5249 2770 5306 bonus.
2800 5248 3088 5308 Conversis
3116 5258 3295 5307 autem
3351 5251 3582 5308 concinit
3628 5251 3694 5308 sic
3721 5271 3732 5309 :

2164 5339 2324 5409 Sape
2353 5338 2519 5395 debes
2543 5339 2814 5410 jejunare,
2845 5355 2990 5411 sape
3020 5355 3196 5407 orare,
3228 5340 3338 5396 alta
3363 5355 3494 5396 voce
3522 5348 3730 5408 cantare,

2163 5435 2289 5482 tunc
2316 5426 2503 5484 audies
2533 5433 2586 5483 te
2613 5441 2804 5482 omnes
2823 5442 3062 5484 consono
3093 5443 3186 5484 ore
3240 5435 3300 5483 ut
3354 5435 3591 5484 sanctum
3639 5427 3732 5484 lau-

2161 5515 2318 5573 dare.
2355 5515 2546 5572 Talem
2572 5515 2898 5572 cantilenam
2930 5532 3071 5572 vano
3101 5515 3250 5574 cordi
3304 5515 3534 5585 insonat,
3588 5531 3730 5588 usque

2159 5613 2288 5670 dum
2319 5615 2576 5672 miserum
2608 5632 2640 5672 a
2667 5615 2812 5672 bono
2843 5631 3066 5672 vaccum
3098 5631 3307 5689 vorago
3357 5615 3544 5672 mortis
3590 5615 3730 5673 devo-

2157 5711 2258 5759 rat.
2290 5702 2424 5774 Qua
2455 5705 2627 5761 melos
2653 5704 2908 5778 exprimit
2939 5706 3073 5778 lyra,
3105 5712 3158 5761 et
3203 5704 3432 5772 luxuria,
3483 5720 3598 5776 qua
3638 5705 3726 5760 suis

2154 5801 2483 5872 sequacibus
2515 5802 2642 5858 talia
2689 5803 2934 5876 pracinit
2971 5802 3341 5860 modulamina
3371 5819 3385 5857 :
3432 5801 3724 5861 Adolescens

2155 5906 2238 5961 es,
2265 5891 2471 5965 poteris
2499 5907 2623 5950 cum
2653 5892 2983 5966 quibuslibet
3008 5893 3206 5971 puellis
3238 5892 3441 5964 ludere,
3469 5900 3644 5971 postea
3677 5892 3720 5950 in
