3924 6392
192 416 290 472 849

1143 417 1728 474 DZEFLORATIONES
1767 417 1866 478 SS.
1912 415 2207 472 PATRUM.
2251 446 2320 457 —
2357 415 2485 470 LIB.
2527 415 2575 469 Ι.

3382 411 3489 468 850

193 547 466 596 senectute
497 541 812 613 corrigere.
869 543 1001 598 Haec
1049 542 1252 615 insigni
1293 542 1468 599 forma
1516 543 1784 614 splendet,

1905 558 2051 613 denti
2083 573 2306 613 numero
2334 557 2554 614 dictum.
2581 556 2714 626 Qum
2733 562 2913 612 autem
2937 554 3162 612 intentio
3179 553 3496 610 addenlium

192 631 302 684 haec
331 630 548 699 magnis
579 631 787 700 Opibus
818 631 1025 702 pollet;
1059 633 1195 686 hanc
1236 631 1280 686 si
1328 633 1604 698 habueris,
1637 648 1788 704 mag-

192 734 317 771 num
346 718 667 786 proficuum
702 720 1076 791 consequeris,
1129 729 1311 774 tamen
1357 721 1595 775 animum
1646 729 1787 774 tuam

191 815 324 869 bene
354 815 582 871 salvare
608 818 840 887 poteris.
873 817 987 872 Tali
1019 817 1180 872 modo
1213 818 1490 888 permollit
1511 835 1604 873 cor
1635 819 1791 872 luxu-

195 903 342 968 riosi,
378 919 563 975 usque
597 905 732 960 dum
764 914 986 977 repente
1030 914 1202 961 morte
1250 916 1566 978 perventum
1597 907 1790 962 absor-

191 991 274 1047 bet
306 992 470 1047 turbo
521 994 740 1066 Cocyti.
777 995 963 1049 Facies
993 994 1270 1050 habebant
1317 995 1624 1063 mulierum,
1667 996 1788 1067 quia

189 1088 260 1142 nil
292 1089 364 1142 ita
394 1098 647 1145 mentem
705 1091 935 1146 hominis
981 1091 1118 1146 adeo
1174 1090 1396 1158 alienat,
1437 1107 1597 1164 quam
1644 1108 1794 1147 amor

187 1178 507 1236 mulierum.
548 1179 684 1232 Alas
714 1179 991 1234 habebant.
1039 1180 1347 1249 volucrum,
1404 1181 1532 1253 quia
1576 1197 1794 1251 semper

189 1275 266 1321 est
297 1267 557 1322 instabile
611 1267 947 1324 desiderium
995 1268 1424 1325 mundanorum.
1478 1271 1618 1324 Nam
1649 1284 1792 1325 nunc

185 1363 307 1430 hoc,
342 1363 431 1419 vel
465 1372 575 1420 hoc
607 1371 905 1436 appetunt;
940 1382 1080 1420 nunc
1113 1382 1246 1422 vero
1267 1366 1399 1421 illud
1432 1375 1483 1421 et
1504 1365 1634 1420 illud
1664 1381 1795 1421 con-

185 1452 496 1523 cupiscunt.
539 1455 774 1526 Ungues
804 1455 966 1510 etiam
1010 1454 1283 1510 habebant
1333 1455 1634 1524 volucrum,
1667 1455 1793 1526 quia

179 1567 315 1623 quos
346 1552 415 1606 ad
479 1561 714 1624 peccata
767 1553 1108 1624 pertrahunt,
1154 1553 1438 1607 doloribus
1494 1552 1795 1607 lacerantes

184 1640 249 1693 ad
281 1640 491 1696 inferni
523 1642 817 1696 cruciatus
844 1642 1160 1696 detrahunt.
1219 1643 1440 1714 Ulysses
1483 1641 1678 1696 dicitur
1707 1656 1795 1694 sa-

183 1728 364 1799 piens.
409 1731 515 1786 Hic
548 1731 761 1784 illaesus
811 1730 1250 1801 praeternavigat,
1292 1730 1417 1800 quia
1461 1729 1794 1785 Christianus

184 1827 420 1897 pepulus
453 1845 590 1884 vere
623 1827 842 1898 sapiens
872 1828 926 1882 in
972 1826 1097 1882 navi
1145 1827 1405 1882 Ecclesiae
1448 1843 1601 1881 mare
1635 1827 1794 1896 hujus

183 1895 370 1971 sae-culi
423 1895 776 1988 supernatat.
835 1916 1020 1972 Timor
1057 1916 1272 1970 Domini
1316 1932 1377 1970 se
1419 1917 1489 1970 ad
1539 1895 1790 1969 arborem
1825 1895 1874 1954 Β

184 2005 363 2070 navis,
397 2005 454 2059 id
488 2015 576 2062 est
608 2005 676 2058 ad
706 2021 924 2061 crucem
949 2005 1164 2070 Christi,
1190 2005 1342 2076 ligat,
1370 2004 1531 2059 sociis
1559 2019 1708 2070 cera,
1742 2004 1795 2059 id

184 2110 265 2157 est
294 2102 692 2159 incamatione
711 2103 906 2158 Christi
927 2103 1165 2157 auditum
1190 2101 1484 2172 obsigillat,
1509 2110 1564 2156 ut
1594 2118 1626 2156 a
1657 2101 1800 2157 vitiis

185 2198 237 2245 et
267 2191 747 2262 concupiscentiis
777 2207 871 2247 cor
901 2200 1145 2247 avertant
1191 2196 1244 2245 et
1287 2191 1403 2246 sola
1434 2191 1677 2246 cmlestia
1707 2207 1798 2261 ap-

184 2288 397 2350 petant.
440 2281 674 2336 Sirenes
697 2279 1141 2352 submerguntur,
1177 2280 1308 2350 quia
1337 2279 1798 2349 concupiscentiae

186 2365 256 2419 ab
285 2365 412 2433 ejus
445 2366 644 2438 vigore
675 2365 894 2435 spiritus
915 2363 1285 2435 przemunitur.
1344 2364 1452 2434 lpsi
1483 2363 1635 2418 illaesi
1663 2379 1796 2419 eva-

185 2451 318 2506 dunt
351 2454 688 2524 periculum,
718 2455 847 2524 quia
897 2461 1016 2524 post
1051 2451 1334 2509 victoriam
1381 2451 1452 2507 ad
1480 2461 1794 2508 sanctorum

186 2551 534 2620 perveniunt
563 2550 848 2624 gaudium.

185 2673 430 2730 SERMO
465 2675 563 2730 DE
603 2673 1156 2740 SEPTUAGESIMA,
1210 2673 1667 2730 SEXAGESIMA
1710 2674 1798 2728 ΕΤ

701 2762 1304 2832 QUINQUAGESIMA.

252 2869 609 2934 Charissimi,
635 2868 797 2925 lectio
830 2869 1096 2924 hodierna
1141 2886 1242 2925 nos
1274 2870 1536 2926 admonet
1567 2870 1798 2943 qualiter

184 2956 476 3012 victoriam
505 2959 872 3023 obtineamus,
904 2957 973 3011 de
1021 2975 1124 3029 qua
1160 2958 1518 3030 loquebamur
1547 2959 1599 3013 in
1632 2975 1797 3029 supe-

188 3040 453 3099 rioribus.
492 3041 632 3098 Dicit
663 3041 806 3096 enim
842 3057 854 3094 :
893 3065 914 3090 «ι
949 3042 1187 3098 Nescitis
1218 3041 1363 3114 quod
1387 3043 1438 3098 hi
1471 3043 1561 3114 qui
1590 3042 1645 3097 in
1676 3050 1794 3098 sta-

185 3136 269 3192 cio
298 3147 556 3205 currunt,
605 3153 798 3194 omnes
829 3139 1049 3210 quidem
1090 3147 1332 3208 currunt,
1371 3139 1472 3194 sed
1517 3155 1656 3194 unus
1697 3154 1795 3195 ac-

1897 655 2040 701 esset
2075 648 2370 701 videamus.
2405 647 2622 701 Illorum
2663 647 2832 715 igitur
2868 645 2959 718 qui
3009 646 3298 714 septimam
3337 642 3497 698 addi-

1896 735 2091 790 derunt
2117 736 2340 792 intentio
2372 735 2443 790 fui
2506 752 2576 791 vn
2617 735 2838 791 auferre
2881 734 3234 790 Dominnicas
3287 749 3302 787 :
3351 731 3496 788 unde

1901 844 2183 889 remanent
2229 851 2357 899 XLII,
2394 851 2516 905 quae
2582 835 2741 889 etiam
2817 834 2960 903 apud
3019 833 3282 905 quosdam
3336 830 3488 887 cele-

1901 924 2224 979 brabantur.
2293 923 2400 979 Sed
2457 931 2707 978 octavam
2763 922 3085 978 addentium
3132 920 3356 976 intentio
3395 918 3494 974 fuit

1901 1038 1995 1078 vni
2073 1021 2288 1077 auferre
2359 1020 2690 1083 Dominicas,
2761 1029 2815 1076 et
2868 1035 2962 1074 vui
3035 1019 3249 1092 quintas
3300 1017 3485 1074 ferias.

1903 1105 2110 1162 Ablatis
2171 1106 2255 1160 his
2304 1123 2395 1162 xvi
2454 1112 2736 1160 remanent
2765 1121 2843 1170 χι,
2878 1112 2935 1159 ut
2987 1104 3217 1160 totidem
3267 1102 3491 1172 jejuna-

1902 1203 2046 1262 rent,
2079 1203 2206 1266 quot
2233 1203 2285 1250 et
2316 1194 2595 1250 Dominus.
2643 1194 2900 1249 Similiter
2947 1208 3146 1248 nonam
3177 1191 3493 1248 addentium

1903 1292 2000 1347 fuit
2029 1291 2256 1347 intentio
2285 1308 2342 1345 ix
2373 1290 2584 1346 auferre
2617 1290 2928 1346 Dominicos
2970 1288 3108 1355 dies,
3152 1295 3205 1342 et
3233 1295 3311 1342 tot
3339 1285 3496 1359 quin-

1906 1390 1984 1436 tas
2015 1379 2195 1448 ferias,
2245 1387 2295 1436 et
2341 1387 2417 1434 tot
2461 1380 2724 1435 Sabbata.
2779 1378 3077 1434 Dominicis
3106 1375 3495 1432 auferebantur

1902 1479 2124 1541 propter
2157 1470 2624 1535 resurrectionem,
2657 1468 2858 1539 quinta:
2883 1467 3033 1523 feriae
3063 1474 3285 1538 propter
3303 1478 3494 1520 ascen-

1902 1560 2137 1625 sionem,
2163 1559 2395 1612 Sabbata
2423 1573 2490 1612 ne
2511 1558 2936 1613 sabbizarentur
2956 1571 3078 1612 cum
3102 1553 3327 1610 Judzeis.
3351 1553 3494 1621 Qua-

1901 1660 2212 1732 dragesima
2243 1659 2427 1715 finitur
2456 1659 2509 1713 in
2538 1674 2696 1715 ccena
2723 1658 2959 1724 Domini,
2979 1657 3122 1728 quod
3153 1655 3492 1714 celebratum

1903 1767 1984 1813 est
2013 1759 2247 1830 typicum
2280 1758 2514 1812 Pascha.
2555 1755 3025 1829 Quinquagesima
3044 1763 3220 1810 autem
3243 1753 3294 1807 in
3317 1753 3490 1823 prima

1903 1847 2062 1911 feria,
2114 1847 2234 1917 ipso
2288 1845 2704 1901 resurrectionis
2762 1846 2888 1912 die;
2949 1843 3309 1915 Sexagesima
3363 1840 3494 1896 feria

1905 1945 1959 1998 in
2004 1960 2056 1998 iv
2109 1943 2260 2007 feria,
2321 1943 2598 1998 mediante
2654 1943 2885 1998 solemni
2946 1943 3205 2004 Paschze;
3251 1941 3494 2012 Septua-

1905 2033 2116 2103 gesima
2147 2031 2200 2084 in
2232 2047 2304 2086 vn
2354 2032 2508 2097 feria,
2563 2032 2832 2102 depositis
2875 2031 3014 2086 albis
3043 2029 3306 2085 vestibus.
3344 2027 3493 2084 Inter

1907 2119 2395 2192 Quadragesimam
2425 2129 2477 2175 et
2507 2119 3049 2192 Quinquagesimam,
3081 2136 3132 2174 γι
3163 2118 3281 2173 dies
3323 2125 3449 2172 sunt
3475 2130 3490 2184 ;

1906 2219 2046 2273 inter
2101 2216 2620 2290 Quinquagesimam
2677 2225 2730 2272 et
2784 2216 3191 2288 Sexagesimam
3235 2231 3309 2282 vr,
3351 2213 3496 2271 inter

1907 2307 2324 2380 Sexagesimam
2355 2315 2404 2362 et
2437 2305 2907 2378 Septuagesimam
2956 2321 3030 2361 vx.
3063 2306 3131 2361 Et
3159 2321 3209 2360 v1
3240 2312 3320 2360 ter
3348 2301 3498 2359 ducti

1908 2395 2108 2450 faciunt
2136 2411 2302 2461 xviii;
2337 2394 2390 2448 in
2422 2409 2528 2466 quo
2557 2393 2873 2465 mysterium
2905 2393 3187 2464 reperitur.
3227 2393 3372 2447 Nam
3405 2390 3495 2446 di—

1907 2494 2057 2548 visus
2105 2492 2299 2563 duplex
2358 2491 2590 2562 simplici
2650 2498 3028 2561 comparatur.
3081 2490 3183 2544 Per
3224 2488 3494 2561 duplicem

1907 2582 2107 2652 duplex
2145 2597 2302 2636 mors
2354 2589 2557 2646 nostra,
2603 2596 2697 2651 per
2738 2579 3041 2650 simplicem
3073 2577 3305 2650 simplex
3349 2593 3498 2632 mors

1908 2669 2123 2727 Domini
2165 2669 2483 2740 designatur
2523 2687 2538 2734 ;
2588 2668 2752 2740 cujus
2795 2675 2972 2724 morte
3033 2666 3262 2736 simplici
3315 2671 3501 2721 nostra

1906 2785 2062 2824 mors
2091 2768 2286 2839 duplex
2309 2767 2563 2821 damnata
2587 2773 2688 2822 est.
2713 2765 2771 2820 Si
2793 2763 2935 2819 enim
2958 2763 3048 2820 ille
3070 2762 3343 2834 duplicem
3374 2777 3502 2833 gus-

1906 2865 2089 2922 tasset,
2123 2872 2225 2911 nos
2255 2871 2287 2910 a
2317 2855 2464 2910 nulla
2494 2854 2812 2910 liberasset.
2868 2854 3013 2908 Inter
3041 2850 3202 2906 finem
3241 2850 3501 2919 Quadra-

1904 2946 2128 3018 gesimae
2161 2951 2214 3000 et
2244 2942 2750 3016 Quinquagesimaa,
2775 2941 2882 2997 duo
2911 2947 3036 2996 sunt
3065 2940 3216 2996 dies:
3251 2938 3501 2995 similiter

1902 3051 1955 3098 et
1987 3043 2037 3096 in
2069 3041 2306 3096 caneris.
2340 3041 2444 3096 Ter
2463 3039 2606 3094 enim
2624 3039 2731 3094 duo
2753 3037 2960 3093 faciunt
2991 3053 3113 3092 sex.
3148 3037 3204 3092 ln
3227 3052 3336 3108 quo
3364 3052 3501 3107 prae-

1901 3131 2104 3186 cedens
2133 3128 2348 3194 divisio,
2382 3128 2812 3200 praecedensque
2843 3126 3162 3198 mysterium
3194 3124 3488 3196 reperitur.

185 3225 311 3296 cipit
341 3226 597 3283 bravium
625 3227 677 3298 (I
706 3227 832 3284 Cor.
873 3233 968 3292 ix).
1007 3251 1028 3274 υ
1063 3229 1178 3283 Mos
1225 3227 1367 3297 apud
1409 3228 1633 3284 Graecos
1664 3244 1788 3283 ser-
1818 3245 1866 3307 ρ
1899 3222 2094 3276 Verum
2124 3219 2168 3273 si
2200 3235 2424 3307 sensum
2456 3217 2776 3307 spiritalium
2831 3216 3486 3307 scripturarumgenera-

187 3315 447 3384 vabatur,
487 3315 635 3388 quod
664 3315 947 3386 praemium
977 3315 1201 3388 aliquod
1233 3316 1552 3373 cursoribus
1582 3333 1787 3388 propo-

184 3404 442 3474 nebatur,
477 3405 624 3477 quod
659 3411 840 3459 tamen
867 3419 974 3460 non
1005 3406 1257 3460 omnibus
1291 3405 1655 3472 currentibus,
1689 3405 1786 3462 sed

185 3493 284 3548 soli
313 3494 578 3567 primitus
626 3493 978 3562 praevenienti
1031 3494 1290 3548 dabatur.
1333 3495 1583 3567 Regnum
1614 3495 1784 3551 coelo-

183 3595 302 3636 rum
335 3583 501 3638 nobis
531 3581 584 3637 in
616 3582 838 3652 praemio
884 3582 1220 3653 proponitur,
1253 3583 1320 3637 ad
1351 3583 1496 3655 quod
1527 3599 1628 3640 nos
1661 3583 1784 3638 totis

188 3677 402 3736 viribus
434 3696 659 3736 currere
688 3694 847 3735 sacra
891 3679 1171 3750 Scriptura
1209 3681 1474 3747 hortatur,
1516 3681 1647 3753 quia
1675 3697 1783 3736 nou

185 3770 447 3826 omnibus
502 3785 604 3840 per
659 3768 821 3823 ﬁdem
878 3769 1236 3837 currentibus,
1295 3770 1392 3825 sed
1449 3769 1580 3826 solis
1627 3770 1783 3826 bonis

184 3859 450 3928 operibus
499 3857 554 3912 in
603 3857 768 3912 ﬁnem
803 3858 1274 3928 perseverantibus
1320 3859 1576 3914 donatur.
1633 3859 1783 3914 Alius

180 3962 296 4003 mos
328 3947 478 4020 apud
529 3962 628 4002 eos
658 3954 810 4002 erat:
860 3945 1000 4001 Nudi
1048 3947 1169 4002 oleo
1200 3947 1446 4018 peruncti
1485 3949 1645 4003 simul
1676 3947 1782 4004 col-

180 4041 548 4111 laetabantur,
590 4049 750 4114 atque
803 4041 1041 4098 victores
1089 4058 1223 4097 auro
1265 4051 1317 4099 et
1361 4044 1515 4099 lauro
1545 4059 1780 4099 corona-

193 4131 411 4188 bantur.
445 4133 580 4197 Nos,
612 4130 972 4196 dilectissimi,
999 4130 1123 4186 oleo
1171 4132 1482 4187 chrismatis
1523 4134 1777 4204 peruncti

183 4237 410 4291 sumus;
443 4220 569 4276 ideo
598 4236 627 4274 a
657 4219 802 4275 vitiis
833 4219 983 4285 nudi,
1016 4234 1140 4275 cum
1189 4220 1409 4275 diabolo
1450 4221 1640 4277 luctari
1687 4221 1780 4276 de-

182 4308 394 4379 bemus,
454 4308 582 4381 quia
641 4324 750 4364 non
809 4316 892 4365 est
949 4308 1110 4364 nobis
1167 4309 1478 4365 colluctatio
1509 4311 1778 4365 adversus

181 4423 401 4464 carnem
434 4414 487 4462 et
516 4405 860 4479 sanguinem,
894 4405 991 4461 sed
1021 4406 1282 4462 adversus
1313 4407 1564 4461 vitiorum
1595 4416 1645 4463 et
1675 4408 1778 4462 dae-

183 4512 408 4554 monum
431 4493 830 4551 infestationem
854 4494 1076 4567 (Ephes.
1100 4496 1206 4565 vx).
1245 4496 1302 4551 Si
1324 4511 1459 4566 ergo
1481 4496 1774 4562 luxuriam,

182 4585 344 4652 iram,
373 4584 580 4649 odium,
615 4583 699 4639 vel
730 4583 878 4638 aliud
925 4583 1109 4638 vitium
1157 4583 1468 4650 vicerimus,
1517 4601 1771 4640 coronam
1804 4607 1854 4666 D

182 4690 245 4730 ex
296 4690 438 4729 auro
492 4681 544 4728 et
596 4671 749 4726 lauro
824 4671 1166 4738 habebimus,
1231 4672 1351 4744 quia
1425 4671 1773 4742 splendorem

181 4781 407 4829 aeternae
445 4770 701 4826 claritatis
732 4770 785 4823 in
815 4769 1058 4826 vernanti
1105 4769 1367 4840 paradiso
1414 4770 1766 4840 recipiemus.

184 4861 370 4930 Quare
402 4867 580 4914 autem
613 4861 728 4914 haec
760 4857 1044 4913 Dominica
1077 4874 1201 4923 Lxx,
1235 4874 1474 4930 sequens
1505 4875 1594 4926 ως,
1623 4859 1778 4913 item-

183 4965 291 5022 que
322 4947 428 5002 alia
457 4955 682 5002 vocetur
707 4962 759 5013 L,
792 4947 1083 5018 diligenter
1104 4946 1489 5017 perdicendum
1521 4955 1622 5002 est.
1658 4948 1780 5003 Fer-

184 5047 272 5094 tur
302 5036 448 5093 enim
478 5036 890 5106 Telesphorum,
925 5036 1181 5090 Romanae
1202 5035 1349 5090 urbis
1378 5051 1591 5107 papam,
1616 5035 1780 5107 septi-

184 5149 333 5191 mam
353 5133 759 5189 hebdomadam
773 5131 1071 5197 addidisse,
1095 5148 1253 5203 quam
1269 5149 1300 5186 a
1320 5147 1460 5188 sono
1480 5133 1781 5203 praeceden-

186 5234 256 5288 tis
285 5232 518 5298 numeri,
543 5231 751 5288 scilicet
781 5245 872 5295 XL,
910 5230 1430 5303 Quinquagesimam
1461 5229 1776 5286 nominavit.

187 5331 450 5388 Octavam
482 5328 642 5385 etiam
701 5327 1098 5383 hebdomadam
1146 5327 1250 5380 viri
1300 5326 1434 5397 justi
1489 5328 1773 5391 addentes,

189 5420 435 5476 similiter
456 5435 564 5474 non
595 5426 652 5473 ut
682 5433 747 5472 LX
779 5416 883 5470 sint
933 5416 1052 5471 dies
1101 5433 1274 5488 usque
1321 5417 1388 5471 ad
1423 5417 1778 5471 resurrectio—

188 5535 334 5584 nem,
368 5518 464 5574 sed
494 5533 521 5570 a
555 5531 693 5571 sono
727 5513 1084 5585 przecedentis
1112 5513 1326 5568 numeri
1367 5513 1777 5585 Sexagesimam

188 5616 618 5687 appellaverunt.
669 5609 777 5664 Alii
832 5626 1034 5664 nonam
1092 5611 1445 5681 septimanam
1492 5611 1774 5674 addentes,

188 5729 216 5768 a
245 5729 379 5768 sono
409 5710 608 5784 prioris
640 5707 844 5762 nameri
899 5707 1365 5779 Septuagesimam
1415 5723 1781 5778 nuncupave-

189 5819 331 5866 runt.
371 5811 438 5866 Et
475 5809 520 5864 si
565 5821 712 5862 nunc
751 5804 964 5860 decima
1013 5806 1324 5873 adderetur,
1373 5821 1479 5859 non
1521 5805 1777 5876 Decage-

185 5901 357 5971 simae,
387 5898 490 5958 sed
520 5883 912 5969 Octogesima'
933 5909 1133 5954 nomen
1175 5896 1475 5961 sortiretur,
1508 5910 1539 5950 a
1568 5909 1778 5967 praece-

1897 3309 2005 3365 lem
2036 3307 2314 3379 inspicias,
2345 3306 2400 3362 in
2431 3305 2680 3362 omnibus
2709 3304 3031 3376 mysterium
3065 3303 3354 3375 reperitur.

2260 3432 2546 3490 Dominica
2576 3432 2638 3486 in
2669 3429 3112 3504 Septuagesima.

1971 3564 1992 3588 «
2027 3539 2174 3596 Exiit
2204 3538 2294 3611 qui
2325 3538 2557 3593 seminat
2584 3537 2857 3592 seminare
2889 3553 3077 3593 semen
3108 3553 3287 3603 suum,
3321 3543 3426 3592 etc.
3453 3557 3474 3584 ιι

1893 3630 2120 3700 (Matth.
2179 3627 2354 3698 xvni.)
2412 3626 2571 3682 Multa
2626 3626 2679 3681 in
2735 3625 3015 3696 parabolis
3061 3624 3318 3698 loquitur,
3359 3624 3488 3697 quia

1894 3719 1938 3773 si
1969 3726 2161 3774 cuncta
2191 3716 2509 3789 parabolice
2525 3716 2862 3787 loqueretur,
2886 3714 3092 3786 absque
3113 3715 3485 3770 emolumento

1892 3813 2252 3870 recessissent
2281 3812 2570 3867 auditores.
2600 3809 2861 3865 Parabola
2885 3818 2965 3865 est
2994 3826 3172 3864 rerum
3203 3810 3259 3864 in
3288 3817 3485 3864 natura

1890 3902 2317 3974 discrepantium
2349 3901 2452 3954 sub
2486 3900 2666 3970 aliqua
2699 3898 3053 3954 similitudine
3083 3897 3224 3955 facta
3251 3913 3482 3969 compa-

1890 3993 2054 4047 ratio.
2120 3991 2278 4045 Sator
2331 3989 2422 4060 qui
2478 3990 2602 4044 exiit
2650 3988 2940 4054 seminare,
3003 3988 3120 4059 ipse
3164 3987 3334 4043 Filius
3381 3985 3482 4042 Dei

1889 4085 2225 4157 intelligitur,
2261 4083 2348 4155 qui
2382 4083 2569 4138 exiens
2599 4082 2668 4137 de
2697 4082 2819 4137 sinu
2852 4082 3027 4137 Patris
3058 4081 3207 4136 venit
3236 4081 3291 4136 in
3317 4097 3481 4135 mun-

1888 4174 2020 4229 dum
2053 4174 2121 4227 ad
2145 4172 2519 4228 seminandum
2554 4187 2652 4243 per
2687 4188 2746 4227 se
2776 4186 2838 4225 ac
2877 4187 2976 4242 per
3009 4186 3139 4226 suos
3167 4169 3482 4226 hominibus

1888 4264 2108 4319 verbum
2128 4261 2368 4316 veritatis
2387 4261 2532 4331 quod
2553 4261 2694 4330 apud
2719 4262 2931 4315 Patrem
2956 4259 3141 4314 vidit.«
3175 4259 3241 4314 Et
3258 4258 3382 4313 dum
3403 4275 3485 4313 se-

1887 4353 2070 4420 minat,
2105 4350 2351 4422 quaedam
2382 4350 2695 4404 ceciderunt
2727 4364 2889 4404 secus
2911 4348 3052 4404 viam
3083 4357 3135 4404 et
3163 4347 3481 4404 conculcata

1885 4457 2030 4514 sunt,
2065 4458 2116 4503 et
2149 4455 2410 4503 venerunt
2433 4448 2683 4503 volucres
2707 4447 2850 4517 cmli,
2883 4454 2938 4502 et
2965 4446 3323 4503 comederunt
3343 4462 3426 4501 ea.
3451 4469 3472 4493 υ

1886 4538 2149 4606 Quaedam
2181 4537 2514 4601 ceciderunt,
2562 4535 2820 4590 subaudis
2864 4551 3041 4606 grana
3080 4535 3200 4591 sive
3247 4533 3477 4598 semina,

1885 4645 2042 4682 secus
2075 4627 2232 4680 viam.
2295 4625 2390 4680 Via
2447 4633 2532 4680 est
2580 4640 2736 4678 mens
2790 4624 3054 4678 malarum
3087 4623 3474 4695 cogitationum

1887 4724 2076 4779 sedulo
2106 4731 2284 4777 meatu
2313 4725 2438 4777 trita
2483 4729 2535 4777 et
2580 4720 2842 4775 arefacta.
2883 4721 2986 4776 Ubi
3017 4719 3307 4790 dupliciter
3337 4719 3473 4789 perit

1887 4830 2094 4878 semen,
2129 4812 2254 4884 quia
2284 4812 2511 4866 transitu
2568 4809 2858 4866 carnalium
2917 4808 3303 4880 cogitationum
3336 4822 3474 4861 eon-

1886 4901 2149 4965 culcatur,
2175 4909 2227 4954 et
2257 4901 2533 4955 daemones
2564 4898 2853 4955 comedunt
2875 4897 3027 4961 illud,
3053 4896 3107 4950 id
3130 4903 3214 4950 est
3237 4895 3472 4968 quadam

1888 4990 2252 5045 delectatione
2284 4989 2498 5058 rapiunt
2528 4996 2581 5043 et
2608 4987 2922 5053 absorbent,
2974 4993 3030 5040 ut
3073 5001 3176 5040 nec
3203 4982 3474 5040 memoria

1888 5095 2043 5134 mens
2074 5085 2255 5134 teneat
2285 5077 2428 5149 quod
2450 5093 2554 5147 ope
2577 5075 2840 5149 neglexit.
2868 5075 3164 5130 Daemones
3183 5082 3362 5128 autem
3384 5087 3478 5128 vo-

1887 5169 2067 5224 lucres
2113 5167 2236 5223 cceli
2280 5165 2633 5237 appellantur,
2695 5165 2779 5220 vel
2832 5164 2961 5236 quia
2992 5171 3114 5219 sunt
3152 5161 3389 5220 caelestis
3421 5169 3476 5217 et

1888 5255 2184 5328 spiritualis
2211 5264 2439 5320 naturae,
2470 5254 2555 5310 vel
2585 5255 2714 5326 quia
2748 5253 2799 5307 in
2833 5268 2962 5310 aere
2992 5252 3259 5308 habitant.
3304 5272 3325 5299 ι
3355 5249 3475 5306 Alia

1888 5361 2069 5410 autem
2099 5352 2405 5410 ceciderunt
2438 5352 2490 5406 in
2521 5360 2764 5425 petrosa,
2798 5349 2890 5405 ubi
2920 5365 3028 5406 non
3060 5349 3332 5403 habebant
3362 5355 3474 5403 ter—

1889 5459 2008 5497 ram
2056 5442 2306 5496 multam.
2361 5443 2426 5496 Et
2471 5441 2727 5497 continuo
2774 5449 2964 5495 exorta
3003 5445 3149 5504 sunt,
3205 5436 3327 5509 quia
3368 5453 3477 5492 non

1889 5531 2158 5586 habebant
2188 5531 2526 5585 altitudinem
2559 5538 2734 5585 terrm.
2768 5528 2895 5585 Sole
2924 5536 3102 5583 autem
3133 5537 3252 5582 orto
3281 5535 3480 5582 :estua-

1890 5629 2101 5686 verunt,
2132 5628 2184 5674 et
2214 5620 2340 5690 quia
2380 5635 2486 5675 non
2534 5618 2812 5674 habebant
2860 5617 3100 5673 radicem
3132 5623 3411 5671 aruerunt.
3452 5637 3475 5666 ι

1892 5717 2110 5772 Semina
2141 5733 2268 5788 quae
2292 5717 2489 5772 cadunt
2517 5717 2571 5770 in
2600 5724 2840 5788 petrosa,
2884 5714 2938 5768 id
2967 5723 3053 5770 est
3082 5729 3250 5784 super
3278 5721 3480 5768 terram

1890 5805 2059 5876 petris
2089 5806 2475 5872 abundantem,
2508 5805 2820 5879 germinare
2863 5803 3080 5876 quidem
3114 5803 3220 5859 cito
3253 5809 3483 5874 queunt,

1890 5894 1988 5952 sed
2043 5909 2154 5951 non
2210 5893 2400 5968 ﬂgitur
2472 5895 2646 5966 radix,
2703 5894 2833 5969 quia
2889 5900 3045 5952 terra;
3117 5890 3482 5959 altitudinem,
