3924 6400
426 432 530 493 851

431 562 541 618 hoc
570 568 655 618 est
682 559 1117 633 profunditatem
1146 578 1258 617 non
1281 562 1463 629 habet,
1497 564 1553 616 et

358 683 362 687 -
438 649 576 707 solis
605 650 832 706 arescit.
872 651 1030 706 Petra
1051 651 1327 724 significat
1358 651 1447 707 hic
1474 650 1730 706 duritiam
1760 655 2037 722 protervae

444 739 667 805 mentis,
701 746 847 795 terra
876 755 1011 795 vero
1038 739 1316 796 leuitatem
1338 741 1537 796 animae
1564 740 1894 807 obedientis,
1954 740 2037 795 sol

438 836 622 884 autem
635 828 905 884 fervorem
930 831 1318 898 persecutoris.
1339 829 1497 885 Cadit
1515 836 1873 901 ergotsemen
1888 829 2037 885 verbi

439 934 607 997 Super
626 932 835 997 petram
868 926 1088 995 quando
1118 926 1408 982 dulcedine
1440 926 1866 998 promissionum
1916 941 2040 983 mo.

440 1030 527 1079 vet
558 1022 885 1078 indomitum
914 1038 1027 1087 cor,
1060 1024 1211 1079 nullo
1242 1041 1384 1080 verae
1401 1022 1530 1079 ﬁdei
1550 1040 1770 1080 vomere
1788 1033 2039 1096 penetra-

441 1119 575 1167 tum.
601 1111 703 1168 Ubi
724 1127 833 1166 nan
850 1111 1150 1182 invenit,ut
1172 1113 1345 1169 Lucas
1382 1112 1455 1168 ait
1482 1116 1638 1183 (Luc.
1677 1117 1818 1185 xm),
1839 1116 2037 1171 humo-

438 1224 575 1277 rem,
597 1210 654 1266 id
676 1217 759 1266 est
778 1210 986 1266 virtutis
1010 1226 1275 1267 amorem.
1300 1214 1368 1268 Et
1385 1212 1564 1268 statim
1584 1221 1826 1268 exortum
1840 1221 1919 1268 est
1944 1229 2042 1284 per

439 1299 876 1358 recordationem
935 1305 1327 1369 tantummodo,
1397 1318 1508 1358 non
1565 1316 1666 1373 per
1721 1301 2038 1368 eﬁicaciam,

440 1389 706 1462 quoniam
733 1405 842 1444 non
872 1390 1113 1445 habebat
1155 1390 1492 1446 altitudinem
1536 1399 1695 1447 terra;
1725 1392 1778 1446 in
1807 1390 2041 1462 profun-

441 1479 670 1535 ditatem
720 1477 851 1533 boni
903 1479 1107 1546 cordis,
1167 1479 1260 1535 ubi
1337 1479 1516 1535 solide
1572 1480 1915 1536 fundaretur.
1975 1481 2045 1535 Et

441 1568 665 1641 quando
690 1576 913 1623 exortus
942 1577 1026 1623 est
1047 1569 1151 1634 sol,
1176 1569 1231 1623 id
1247 1576 1331 1624 est
1351 1576 1519 1624 aestus
1539 1569 1935 1640 persecutionis
1957 1570 2044 1625 vel

439 1664 732 1736 cujuslibet
759 1664 1145 1733 tribulationis,
1178 1666 1517 1733 exaestuavit,
1542 1666 1597 1722 id
1614 1674 1696 1722 est
1724 1667 1791 1722 ad
1822 1667 2045 1724 siccita-

385 1758 389 1763 ’
444 1756 557 1811 tem
586 1753 752 1820 venit,
787 1761 841 1810 et
870 1770 937 1811 ex
968 1761 1081 1810 toto
1102 1756 1334 1823 exaruit,
1358 1772 1424 1812 eo
1456 1756 1602 1826 quod
1622 1754 1765 1811 firmi
1785 1756 2045 1812 desiderii

441 1844 687 1900 radicem
717 1858 828 1899 non
855 1844 1107 1899 habebat.
1140 1844 1382 1901 Altitudo
1404 1846 1605 1917 quippe
1634 1853 1797 1902 terrae
1818 1854 1900 1901 est
1929 1862 2045 1918 pro.

1586 432 1895 492 VERNERI
1930 432 2223 492 ABBATIS
2262 433 2322 491 S.
2363 434 2590 491 BLASII

1634 560 1842 617 idcirco
1897 567 2033 616 aestu
2062 558 2119 619 A
2149 559 2246 616 sed
2277 566 2332 616 et
2359 558 2415 615 in
2442 558 2599 617 factis
2627 558 2917 631 parabolas
2946 574 3088 627 esse,
3115 559 3171 615 id
3198 568 3282 617 est
3300 560 3458 635 signa
3487 564 3750 637 mystica-

3630 444 3740 499 852

2147 664 2265 703 rum
2298 664 2502 717 rerum,
2539 666 2674 720 quas
2703 648 2950 721 perversi
2984 664 3093 705 non
3136 658 3441 721 penetrant.
3477 654 3744 709 Seorsum

2145 746 2328 795 autem
2370 737 2656 809 discipulis
2705 738 2819 793 suis
2858 738 3171 794 disserebat
3219 740 3427 796 omnia.
3482 741 3565 796 Illi
3596 743 3747 798 enim

2146 837 2297 910 digni
2327 846 2485 893 erant
2524 837 2712 892 audire
2752 837 3014 907 mysteria
3069 836 3124 891 in
3180 836 3370 893 intimo
3413 841 3746 910 penetrabili

2146 926 2445 995 sapientiae,
2490 926 2581 998 qui
2621 927 2847 983 remotis
2902 926 3293 999 cogitationum
3336 928 3659 984 tumultibus
3689 929 3744 985 in

2148 1015 2437 1071 solitudine
2466 1016 2723 1072 virtutum
2745 1017 3158 1087 permanebant.
3198 1040 3218 1065 κ
3238 1017 3365 1072 Ideo
3393 1016 3447 1072 in
3465 1018 3747 1088 parabolis

2147 1114 2347 1184 loquor
2363 1113 2462 1179 eis,
2487 1113 2610 1184 quia
2625 1114 2874 1169 videntes
2904 1130 3012 1170 non
3044 1114 3246 1179 vident,
3264 1122 3316 1170 et
3329 1115 3610 1172 audientes
3631 1133 3748 1173 non

2147 1198 2370 1253 audiunt
2399 1213 2577 1270 neque
2617 1197 2957 1271 intelligunt,
2990 1207 3041 1254 et
3071 1199 3396 1271 adimpletur
3424 1200 3478 1254 in
3506 1201 3587 1255 eis
3616 1218 3749 1272 pro-

2147 1286 2505 1359 phetialsaim
2526 1287 2902 1359 dicentis(lsa.
2923 1289 2997 1358 v1)
3022 1307 3033 1342 :
3072 1287 3275 1343 Auditu
3291 1288 3543 1355 audietis,
3560 1298 3748 1347 etnon

2149 1383 2499 1456 intelligetis:
2535 1392 2588 1440 et
2614 1385 2866 1441 videntes
2894 1385 3168 1455 videbitis,
3188 1393 3241 1441 et
3270 1401 3379 1442 non
3408 1386 3690 1443 videbitis.
3719 1412 3740 1437 η

2150 1473 2408 1529 Videntes
2430 1489 2539 1528 non
2574 1474 2774 1542 vident,
2807 1475 2911 1531 hoc
2936 1482 3038 1539 est,
3091 1474 3312 1547 ingenio
3350 1485 3748 1546 praesumentes

2151 1578 2210 1617 se
2238 1562 2449 1630 videre,
2483 1562 2769 1633 privantur
2797 1562 3062 1635 spirituali
3093 1562 3406 1631 intellectu;
3437 1574 3491 1620 et
3509 1565 3747 1620 audien-

2149 1667 2233 1714 tes
2261 1659 2393 1716 foris
2414 1675 2522 1714 non
2553 1660 2777 1715 audiunt
2809 1660 2975 1717 corde
2996 1660 3142 1732 quod
3164 1668 3247 1715 est
3276 1675 3383 1716 non
3410 1660 3750 1733 intelligere.

2149 1748 2306 1805 Unde
2362 1748 2571 1804 Isaias:
2632 1748 2838 1805 Auditu
2894 1749 3152 1805 exteriori
3208 1749 3442 1805 audietis
3488 1750 3752 1822 praedica—

2150 1845 2355 1901 tionem
2386 1845 2584 1901 Christi
2640 1853 2693 1902 et
2740 1861 2851 1902 non
2880 1845 3214 1919 intelligetis;
3247 1852 3306 1903 et
3344 1847 3594 1904 videntes
3633 1849 3746 1904 fre-

446 1942 586 1997 bitas
615 1940 782 1996 animi
810 1940 1116 2012 disciplinis
1162 1942 1482 1999 caelestibus
1519 1943 1717 1999 eruditi
1747 1952 1798 1999 et
1832 1945 1890 1998 in
1921 1952 2046 1999 ten-
2074 1918 2127 1978 Β
2158 1942 2391 2006 quenter
2421 1933 2683 1990 videbitis
2729 1936 2991 1992 exteriori
3036 1936 3154 1992 visu
3198 1937 3459 1992 miracula
3495 1938 3632 2007 ejllS,
3692 1945 3747 1993 et

444 2030 740 2088 tationibus
755 2030 992 2102 probati.
1017 2054 1040 2079 α
1066 2031 1194 2087 Alia
1213 2040 1392 2088 autem
1415 2033 1733 2089 ceciderunt
1753 2033 1806 2087 in
1837 2034 2041 2105 spinas,

445 2137 500 2186 et
517 2136 814 2187 creverunt
831 2129 1022 2200 spinae,
1047 2137 1102 2185 et
1121 2128 1526 2187 suﬂ'ocaveruut
1546 2148 1628 2187 ea.
1654 2153 1674 2180 ιι
1699 2131 1816 2187 Alia
1837 2132 2043 2188 semina

442 2217 761 2276 ceciderunt
806 2218 861 2273 in
899 2219 1133 2290 spinas,
1167 2220 1273 2277 hoc
1328 2229 1414 2276 est
1465 2220 1605 2278 inter
1633 2221 1848 2294 spinas.
1887 2221 2043 2277 Cadit

442 2323 661 2381 quoque
690 2307 920 2365 verbum
941 2309 1045 2364 Dei
1073 2308 1221 2366 inter
1269 2309 1476 2381 spinas,
1518 2325 1653 2366 cum
1695 2309 1985 2382 suscipitur
2012 2327 2043 2365 a

439 2398 609 2454 corde
638 2397 954 2454 divitiarum
984 2413 1138 2468 cura,
1172 2398 1510 2469 sollicitudo,
1541 2407 1595 2456 et
1624 2408 1759 2456 tunc
1787 2399 2044 2471 multipli-

441 2500 581 2552 catis
606 2494 814 2551 divitiae
843 2512 966 2568 quae
995 2511 1097 2567 per
1125 2495 1313 2567 spinas
1342 2496 1743 2570 intelliguntur,
1774 2506 2045 2568 occupant

441 2592 707 2652 mentem,
737 2591 798 2639 ut
828 2583 1036 2641 fructus
1066 2585 1367 2657 spiritualis
1408 2585 1467 2641 in
1510 2602 1579 2642 ea
1618 2585 1887 2659 proﬁcere
1934 2603 2045 2643 non

439 2672 640 2743 possit.
677 2694 700 2722 α
735 2672 859 2728 Alia
889 2689 1022 2730 vero
1064 2674 1383 2731 occiderunt
1413 2674 1469 2729 in
1502 2683 1702 2731 terram
1732 2675 1954 2744 bonam,
1993 2683 2046 2732 et

444 2768 651 2825 dabant
677 2769 945 2835 fructum,
982 2770 1131 2827 aliud
1163 2772 1550 2837 centesimum,
1578 2773 1723 2829 aliud
1755 2775 2048 2847 sexagesi-

444 2874 614 2924 mum,
638 2858 784 2915 aliud
805 2859 1160 2916 tricesimum.
1188 2883 1212 2910 ιι
1239 2862 1331 2918 Sic
1351 2862 1405 2918 in
1426 2865 1572 2919 terra
1600 2863 1742 2918 mala
1759 2871 1870 2919 tres
1891 2863 2045 2921 fuere

443 2947 810 3016 diversitates,
843 2949 924 3006 sic
951 2958 1082 3005 sunt
1110 2950 1165 3005 in
1189 2950 1332 3006 bona
1354 2959 1486 3009 tres.
1510 2951 1663 3007 Alius
1692 2952 1837 3009 enim
1867 2954 2046 3010 bonus

442 3048 549 3113 est,
583 3044 724 3101 alius
744 3046 960 3117 melior,
995 3055 1050 3104 et
1076 3048 1217 3105 alius
1239 3049 1496 3120 optimus.
1521 3052 1654 3106 Cum
1674 3051 1932 3107 denarius
1952 3070 2047 3108 nu-

442 3150 630 3190 merus
658 3151 760 3206 pro
792 3136 1128 3207 perfectione
1157 3137 1328 3195 soleat
1383 3139 1577 3211 accipi,
1612 3140 1740 3213 quia
1768 3140 1821 3196 in
1851 3142 2045 3198 decem

442 3226 740 3296 preceptis
804 3224 948 3299 legis
1005 3227 1257 3283 custodia
1318 3228 1645 3299 continetur,
1701 3231 2045 3287 centenarius

442 3313 537 3385 qui
562 3329 665 3385 per
692 3313 1112 3386 multiplicatum
1143 3316 1430 3372 denarium
1480 3318 1679 3391 surgit,
1713 3335 1815 3390 pro
1842 3336 2046 3394 magna

440 3401 779 3473 perfectione
810 3402 1055 3475 ponitur.
1097 3405 1270 3460 Terra
1299 3422 1436 3480 ergo
1467 3406 1610 3463 bona
1639 3407 1817 3464 fructu
1850 3418 2043 3465 centu-

442 3500 534 3573 plo
583 3501 926 3569 fecundatur,
996 3503 1218 3575 quando
1268 3504 1401 3561 mite
1459 3520 1559 3562 cor
1612 3514 1667 3562 et
1718 3508 1900 3564 docile
1945 3524 2046 3578 per

445 3604 689 3645 amorem
719 3590 957 3662 proximi
986 3592 1238 3660 activam,
1271 3610 1372 3664 per
1398 3610 1637 3651 amorem
1670 3596 1767 3651 Dei
1797 3606 2040 3653 contem—

446 3672 709 3750 plativam
755 3678 1075 3752 adipiscitur
1121 3682 1281 3737 vitam
1332 3690 1384 3738 et
1433 3683 1794 3754 spiritualium
1824 3694 2049 3741 ornatur

447 3767 790 3839 perfectione
820 3769 1105 3826 virtutum.
1136 3772 1197 3827 In
1215 3772 1433 3828 senario
1460 3780 1640 3828 autem
1670 3790 1900 3831 numero
1920 3776 2051 3848 quia

447 3864 638 3919 mundi
669 3872 893 3922 ornatus
922 3867 1171 3937 expletus
1202 3875 1304 3935 est,
1334 3883 1578 3942 congrue
1604 3870 1869 3942 perfectio
1891 3873 2050 3929 bona:

448 3954 808 4025 operationis,
864 3955 1356 4028 in'adimpletione
1412 3958 1714 4032 Decalogi,
1761 3963 2049 4035 sexagesi-

448 4059 573 4098 mus
602 4042 813 4101 fructus
861 4045 1199 4118 intelligitur.
1232 4046 1566 4115 Tricesimus
1596 4064 1735 4105 vero
1762 4050 1967 4107 fructus
1996 4052 2049 4107 in

449 4131 556 4188 lide
581 4141 784 4190 sancta:
812 4134 1090 4190 Trinitatis
1104 4135 1347 4207 impletio
1376 4136 1537 4209 legis.

479 4310 493 4318 .
522 4242 654 4296 Haec
678 4239 871 4299 dicens
900 4241 1169 4299 clamabat
1200 4260 1213 4297 :
1240 4265 1263 4295 α
1302 4243 1410 4308 Qui
1430 4245 1589 4302 habet
1611 4262 1775 4303 aures
1795 4248 2057 4305 audiendi

452 4328 663 4393 audiat.
699 4353 721 4379 ι
743 4329 1066 4404 Ubicunque
1080 4333 1197 4389 haec
1212 4333 1511 4391 admonitio
1530 4335 1899 4408 interponitur
1918 4355 2057 4413 mys-

455 4417 621 4475 ticum
645 4434 787 4486 esse,
818 4427 872 4479 et
901 4421 1163 4477 attentius
1203 4423 1556 4494 quaerendum
1597 4426 1864 4494 ostendit,
1908 4427 2057 4500 quod

456 4514 685 4572 dicitur:
717 4516 816 4589 qui
845 4517 1011 4574 habet
1040 4534 1201 4575 aures
1221 4520 1424 4589 cordis,
1458 4522 1512 4577 id
1539 4531 1622 4578 est
1643 4522 2056 4599 intelligentiam

458 4613 676 4684 mentis,
707 4614 910 4684 audiat,
943 4617 1048 4673 hoc
1075 4626 1154 4672 est
1182 4617 1533 4689 spiritualiter
1553 4620 1671 4677 haec
1701 4621 1872 4677 verba
1900 4622 2059 4679 intel-

457 4701 619 4776 ligat.
664 4728 684 4753 «
717 4704 789 4759 Et
817 4705 1148 4762 accedentes
1177 4706 1429 4778 discipuli
1474 4708 1729 4765 dixerunt
1759 4711 1839 4767 ei:
1874 4711 2054 4781 Quare

457 4800 513 4856 in
541 4802 822 4874 parabolis
850 4803 1092 4876 loqueris
1135 4804 1235 4860 eis.
1288 4805 1393 4873 Qui
1423 4807 1765 4878 respondens
1803 4810 1880 4864 ait
1909 4810 2054 4866 illis:

462 4889 608 4961 Quia
637 4892 792 4949 vobis
813 4892 998 4949 datum
1020 4901 1105 4951 est
1126 4909 1292 4950 nosse
1311 4895 1575 4965 mysteria
1598 4897 1756 4969 regni
1774 4898 2053 4971 caelorum,

458 4989 569 5046 illis
596 4998 781 5046 autem
810 5004 919 5047 non
959 4999 1044 5048 est
1086 4991 1301 5048 datum.
1343 5015 1368 5042 ω
1408 4993 1665 5064 Mysteria
1694 4995 1853 5069 regni
1885 4997 2059 5054 coelo-

460 5104 575 5145 rum
624 5088 681 5145 in
728 5098 936 5145 secreta
992 5088 1399 5160 Scripturarum
1456 5091 1844 5149 revelabuntur
1884 5095 2063 5165 vobis,

460 5180 550 5249 qui
583 5194 794 5235 mecum
826 5180 964 5234 estis
995 5188 1045 5235 et
1069 5179 1398 5250 sequacibus
1427 5181 1622 5237 vestris
1653 5182 1924 5254 spirituali
1972 5173 2061 5241 in-

459 5276 757 5351 telligentia
778 5276 1178 5334 introeuntibus
1194 5277 1262 5333 ad
1285 5293 1395 5345 me,
1422 5297 1445 5329 »
1479 5277 1586 5333 illis
1612 5287 1790 5335 autem
1823 5279 1913 5352 qui
1938 5279 2066 5338 foris

459 5373 604 5435 sunt,
621 5389 643 5415 υ
665 5373 723 5421 ιιι
742 5368 959 5424 Marcus
974 5366 1161 5423 scribit
1183 5369 1371 5438 (Marc.
1390 5369 1489 5439 ιν),
1514 5391 1538 5417 α
1577 5367 1630 5423 in
1648 5369 1924 5440 parabolis
1941 5386 2064 5426 om-

466 5453 561 5510 nia
585 5454 744 5511 fiunt.
772 5479 794 5504 κ
825 5455 987 5511 Foris
1017 5455 1219 5529 quippe
1239 5457 1431 5513 dicens
1452 5473 1560 5514 non
1576 5458 1753 5514 solum
1783 5475 1912 5515 esse
1942 5460 2066 5516 illos

463 5551 557 5623 qui
577 5567 755 5621 neque
769 5554 1041 5609 curabant
1059 5554 1262 5611 intrare
1281 5568 1499 5621 navem,
1526 5570 1707 5628 neque
1724 5572 2064 5630 cognoscere

463 5649 769 5718 veritatem,
801 5651 897 5708 sed
929 5659 984 5707 et
1012 5666 1204 5709 omnes
1223 5652 1330 5708 illis
1350 5652 1561 5709 similes
1583 5656 1837 5727 corporis
1868 5673 2063 5712 sensus

465 5751 675 5802 tantum
708 5757 1020 5820 sequentes,
1052 5758 1107 5805 ut
1138 5751 1269 5807 nihil
1316 5750 1676 5821 spiritualiter
1721 5753 2055 5825 intelligant.

468 5841 630 5911 Nota,
677 5845 772 5899 ubi
818 5846 1020 5901 dicitur
1062 5846 1116 5900 in
1158 5847 1443 5918 parabolis
1487 5848 1671 5904 omnia
1707 5848 1829 5906 ﬁeri
1854 5852 1941 5905 his
1972 5851 2063 5923 qui

467 5928 603 5987 foris
658 5941 777 5988 sunt
835 5933 1074 5990 insinuat
1121 5951 1227 5992 non
1275 5935 1456 5991 solum
1506 5936 1561 5992 iu
1600 5939 1780 5994 verbis
1819 5939 2058 6007 Domini,

2151 2040 2262 2080 non
2290 2023 2548 2080 videbitis
2595 2023 2757 2082 oculo
2799 2028 3019 2082 mentis.
3066 2049 3089 2075 «ι
3139 2027 3509 2082 Incrassatum
3537 2034 3621 2082 est
3650 2041 3745 2083 cor

2149 2122 2338 2194 populi
2393 2121 2582 2192 hujus,
2640 2131 2693 2179 et
2748 2124 2968 2180 auribus
3027 2123 3273 2197 graviter
3320 2123 3628 2192 audierunt,
3686 2132 3742 2183 et

2150 2211 2340 2267 oculos
2388 2227 2518 2267 suos
2566 2211 2897 2283 clauserunt,
2949 2213 3241 2285 nequando
3280 2213 3455 2269 oculis
3496 2214 3738 2281 videant,

2151 2307 2203 2355 et
2225 2300 2450 2355 auribus
2469 2299 2714 2368 audiant,
2740 2310 2793 2357 et
2813 2302 2981 2358 corde
3000 2301 3327 2373 intelligant,
3355 2310 3408 2358 et
3425 2309 3743 2359 convertan-

2149 2393 2242 2445 tur
2269 2397 2323 2445 et
2351 2405 2539 2445 sanem
2560 2405 2657 2445 eos
2678 2390 2879 2461 (ibid.).
2900 2414 2923 2440 α
2984 2390 3337 2447 Abundantia
3391 2390 3610 2447 malitiae
3646 2391 3737 2446 di-

2149 2478 2292 2536 citur
2308 2479 2669 2534 iucrassatum
2698 2479 3130 2536 corJudaeorum.
3154 2481 3499 2551 Quapropter
3527 2480 3739 2552 ingrate

2150 2575 2509 2638 susceperunt
2552 2568 2724 2625 verba
2771 2569 3009 2635 Domini,
3057 2570 3203 2641 quod
3244 2568 3341 2625 fuit
3375 2569 3614 2643 graviter
3651 2584 3744 2624 au-

2150 2656 2296 2712 dire.
2324 2656 2533 2725 Oculos
2566 2672 2701 2713 suos
2732 2657 2996 2714 clausisse
3025 2657 3297 2728 dicuntur,
3324 2674 3394 2715 ne
3422 2657 3745 2713 arbitremur

2150 2770 2276 2810 esse
2318 2753 2534 2825 culpam
2583 2763 2813 2821 natura},
2879 2771 2993 2810 non.
3046 2755 3363 2811 voluntatis.
3419 2755 3551 2812 Cum
3598 2757 3742 2812 enim

2151 2852 2377 2915 possent
2392 2843 2635 2915 cogitare
2654 2851 2706 2898 et
2725 2843 3060 2917 intelligere,
3081 2852 3397 2901 averterunt
3413 2861 3526 2916 prae
3544 2844 3741 2901 invidia

2150 2931 2402 2987 intuitum
2450 2932 2667 3001 mentis,
2717 2940 2770 2989 et
2815 2933 2891 2989 ita
2935 2932 3042 3005 ipsi
3094 2933 3199 2989 sibi
3241 2948 3406 2991 causa
3444 2933 3662 2990 fuerunt
3685 2942 3743 2991 ut

2151 3030 2301 3085 Deus
2314 3045 2410 3086 eos
2426 3028 2739 3086 deserendo
2760 3030 3268 3103 excwcaret.lUnde
3286 3032 3527 3088 Joannes
3544 3050 3559 3087 :
3576 3054 3598 3080 ιι
3617 3032 3742 3088 Pro-

2151 3127 2336 3190 pterea
2384 3135 2494 3175 non
2525 3127 2817 3191 potuerunt
2869 3120 3114 3191 credere,
3174 3121 3299 3193 quia
3345 3121 3484 3177 dixit
3524 3121 3735 3177 Isaias:

2151 3208 2466 3265 Excaecavit
2493 3208 2685 3264 oculos
2713 3224 2905 3265 eorum
2949 3217 3007 3264 ut
3038 3224 3145 3265 non
3183 3209 3399 3267 videant
3422 3210 3602 3277 (Joan.
3626 3227 3737 3277 xu;

2073 3278 2122 3342 Ο
2152 3297 2267 3353 Isa.
2308 3297 2405 3368 χι).
2431 3320 2453 3346 η
2484 3296 2625 3367 Quia
2644 3298 2888 3369 praedixit
2909 3298 3178 3364 Isaias,-in
3198 3298 3390 3370 spiritu
3411 3298 3741 3370 praiscientis

2153 3386 2355 3454 omnia,
2384 3387 2695 3443 Iudaeorum
2726 3387 3163 3455 excaecationem,
3207 3403 3315 3445 non
3347 3394 3601 3459 poterant
3627 3404 3744 3445 cre-

2067 3489 2075 3498 '
2155 3484 2288 3540 dere
2322 3501 2334 3538 :
2367 3500 2476 3539 non
2508 3484 2653 3556 quod
2696 3500 2761 3539 ex
2806 3484 3129 3541 necessitate
3171 3500 3280 3540 non
3309 3494 3550 3556 possent,
3591 3493 3645 3540 et
3670 3484 3744 3541 ita

2155 3572 2304 3628 nulla
2335 3572 2491 3643 culpa
2520 3580 2667 3628 esset
2695 3573 2797 3639 eis,
2832 3573 2930 3628 sed
2982 3572 3103 3644 quia
3134 3572 3410 3630 nolebant.
3434 3575 3552 3629 Non
3584 3577 3741 3645 pote—

2156 3676 2280 3725 rant
2308 3669 2552 3734 credere,
2609 3666 2734 3740 quia
2767 3666 2871 3721 Dei
2926 3666 3247 3738 ignorautes
3288 3667 3547 3737 justitiam
3592 3683 3741 3724 suam

2159 3767 2399 3814 statuere
2430 3756 2716 3813 volebant.
2755 3756 3117 3812 Excaecantur
3149 3764 3203 3813 et
3244 3756 3584 3825 indurautur,
3619 3757 3743 3829 quia

2158 3856 2417 3931 negando
2446 3854 2690 3910 divinum
2720 3853 3046 3924 adjutorium
3077 3870 3184 3909 non
3224 3854 3566 3925 adjuvantur.
3588 3853 3740 3925 Quod

2159 3956 2340 4001 autem
2372 3943 2574 4001 dicitur
2602 3960 2711 4000 non
2759 3959 2923 4015 posse
2962 3943 3211 4013 credere,
3252 3943 3327 3999 ita
3354 3952 3437 4000 est
3462 3944 3617 4015 culpa
3643 3960 3741 4001 vo-

2156 4034 2382 4091 luntatis
2411 4035 2681 4100 humanae,
2716 4032 2854 4088 sicut
2883 4033 3029 4105 quod
3074 4031 3272 4088 dicitur
3305 4034 3479 4089 Deum
3509 4033 3738 4105 seipsum

2160 4151 2268 4191 non
2296 4149 2461 4206 posse
2503 4148 2707 4206 negare
2738 4134 2812 4202 (II
2860 4134 3005 4188 Tim.
3062 4133 3144 4202 ιι),
3185 4131 3302 4187 laus
3340 4140 3423 4188 est
3461 4132 3739 4188 voluntatis

2162 4225 2387 4281 divinae.
2406 4222 2669 4278 Nolentes
2715 4221 2883 4294 igitur
2911 4220 3106 4277 oculos
3138 4228 3192 4276 et
3223 4236 3385 4278 aures
3413 4222 3626 4291 aperire
3650 4236 3740 4277 ve—

2162 4313 2332 4378 ritati,
2360 4320 2674 4368 meruerunt
2702 4320 2760 4365 ut
2789 4326 3062 4383 nunquam
3092 4310 3311 4366 videant
3339 4310 3527 4376 oculis,
3560 4315 3613 4366 et
3638 4326 3739 4366 non

2164 4412 2384 4469 audiant
2412 4410 2655 4476 auribus,
2688 4417 2742 4467 et
2773 4425 2888 4465 non
2932 4409 3238 4482 intelligant
3273 4409 3473 4478 corde;
3505 4409 3645 4481 quod
3666 4418 3742 4465 est

2166 4517 2345 4573 neque
2376 4500 2581 4565 videre,
2614 4515 2791 4570 neque
2819 4497 3029 4564 audire,
3061 4507 3115 4553 et
3143 4513 3252 4555 non
3268 4503 3651 4555 convertantur
3675 4496 3740 4552 ad

2167 4589 2564 4663 paenitentiam,
2615 4596 2668 4644 et
2714 4603 2825 4643 non
2870 4595 3129 4643 sanentur
3157 4603 3188 4643 a
3217 4586 3476 4659 peccatis,
3507 4594 3562 4641 ut
3590 4586 3740 4643 inno-

2168 4688 2401 4747 centiam
2433 4687 2720 4759 recipiant.
2780 4686 2879 4742 Vel
2934 4686 3053 4741 ila:
3100 4687 3224 4743 Non
3281 4686 3565 4758 parabolas
3600 4684 3741 4740 multi

2165 4780 2482 4845 audierunt,
2527 4776 2656 4848 quia
2700 4776 2963 4832 excmcati
2996 4784 3167 4844 erant,
3219 4784 3274 4831 et
3319 4776 3446 4831 inde
3474 4774 3736 4842 excaecati,

2167 4894 2291 4935 cum
2321 4875 2580 4948 superbia
2609 4875 2974 4930 iucrassatum
3007 4889 3101 4930 cor
3128 4872 3418 4928 habebant.
3450 4870 3739 4928 Exczecatio

2168 4984 2300 5023 vero
2348 4975 2398 5021 et
2454 4964 2847 5036 parabolarum
2906 4962 3210 5019 obscuritas
3264 4962 3362 5017 fuit
3415 4961 3627 5018 occasio
3677 4976 3738 5018 ne

2170 5056 2406 5129 quando,
2450 5055 2558 5110 hoc
2594 5061 2697 5121 est,
2742 5061 2799 5107 ut
2832 5052 3126 5123 aliquando
3163 5050 3436 5108 salubrius
3463 5058 3737 5107 converte—

2170 5162 2358 5211 rentur
2386 5169 2487 5224 per
2515 5152 2685 5217 illum,
2712 5150 2805 5222 qui
2835 5156 2918 5205 est
2946 5147 3209 5204 terribilis
3236 5148 3290 5203 in
3321 5147 3563 5205 consiliis
3590 5162 3739 5219 super

2171 5252 2312 5309 ﬁlios
2340 5250 2621 5307 hominum
2654 5247 2831 5320 (Psal.
2879 5248 3026 5315 ων),
3071 5246 3271 5319 quibus
3298 5245 3404 5301 vult
3442 5244 3735 5312 miseretur,

2172 5358 2225 5406 ct
2244 5365 2383 5421 quos
2405 5349 2517 5405 vult
2531 5348 2687 5419 juste
2708 5346 2914 5403 deserit
2929 5348 3105 5417 (Rom.
3129 5345 3225 5415 ix).
3244 5345 3365 5400 Non
3385 5342 3513 5415 quia
3524 5341 3742 5399 obscure

2172 5447 2320 5504 dicta
2373 5461 2483 5503 non
2539 5444 2945 5510 intellexerunt,
3006 5442 3130 5497 ideo
3180 5457 3290 5497 non
3333 5438 3672 5497 crediderunt
3695 5437 3740 5493 in

2172 5562 2316 5613 eum,
2349 5553 2401 5601 et
2433 5544 2516 5601 sic
2557 5542 2960 5607 cruciﬁxerunt,
3013 5546 3068 5596 et
3113 5540 3191 5597 sic
3235 5546 3359 5612 post
3411 5537 3739 5595 resurrectio-

2172 5661 2296 5701 nem
2344 5642 2575 5699 interriti
2622 5641 2910 5697 miraculis
2956 5642 3026 5698 de
3072 5649 3221 5696 reatu
3258 5637 3478 5708 majoris
3521 5634 3739 5693 criminis

2171 5733 2484 5805 compuncti
2513 5741 2664 5787 sunt.
2705 5731 2867 5787 Unde
2897 5738 3121 5801 accepta
3150 5727 3489 5800 indulgentia
3517 5724 3736 5796 ampliori

2172 5833 2402 5906 ﬂagrant
2448 5830 2764 5887 dilectione.
2827 5830 2905 5885 De
2954 5829 3077 5884 aliis
3106 5827 3237 5885 dicit
3283 5825 3547 5881 Dominus
3568 5825 3613 5895 (ι
3633 5824 3732 5880 Cor.

2174 5939 2328 6008 xw):
2368 5940 2658 6011 «Loquor
2703 5937 2783 5995 eis
2831 5937 2886 5994 in
2929 5936 3054 5994 aliis
3095 5934 3321 6011 linguis,
3359 5941 3413 5990 et
3440 5933 3507 5989 iu'
3530 5930 3642 5987 aliis
3668 5929 3729 5985 la-
