3924 6396
113 471 217 522 853

114 590 238 658 hiis,
279 614 303 640 ι
340 592 656 650 manifesta
695 594 914 651 scilicet
941 590 1313 664 apostolorum
1345 589 1615 657 doctrina,
1653 612 1676 644 ι
1702 594 1758 647 et

113 706 216 743 nee
248 691 331 746 sic
364 693 694 748 exaudiant
728 710 814 749 me
845 710 858 758 ;
895 717 915 740 υ
952 692 1020 747 de
1051 691 1133 745 his
1165 705 1297 745 vero
1330 689 1516 744 dicere
1562 697 1760 760 potest,

118 781 203 838 vel
236 782 316 839 sic
349 786 687 840 exaudiant
722 802 830 841 me.

119 934 190 989 De
227 935 722 1006 Septuagesima,
755 937 1136 1007 Sexagesima,
1159 934 1650 1006 Quinquagesima,
1689 951 1753 990 ac

726 1026 793 1081 de
819 1025 1283 1096 Quadragcsima.

188 1174 703 1244 Septuagenarius
733 1175 923 1230 eadem
971 1174 1302 1244 perfectione
1350 1176 1626 1245 perfectus
1677 1181 1759 1231 est

119 1278 221 1330 qua
253 1272 307 1316 et
341 1263 902 1335 quinquagenarius.
937 1264 1132 1318 Decies
1160 1262 1364 1334 quippe
1393 1271 1599 1332 septem
1650 1279 1760 1318 Lxx

121 1350 275 1404 fiunt.
310 1350 845 1424 Quadragenarius
898 1368 1023 1408 cum
1081 1353 1443 1424 sexagenario
1504 1351 1758 1407 vicinita-

119 1448 226 1493 tem
260 1440 458 1506 habet,
499 1456 574 1495 eo
601 1441 755 1512 quod
788 1440 1074 1496 conﬂictus
1115 1441 1234 1495 sine
1277 1439 1607 1510 perfectione
1657 1441 1758 1495 bo-

119 1537 173 1590 ni
215 1537 418 1608 operis
463 1546 520 1593 et
567 1538 844 1608 perfectio
883 1539 1002 1593 sine
1045 1538 1299 1593 conflictu
1329 1554 1452 1593 esse
1490 1554 1598 1592 non
1655 1553 1758 1608 po-

121 1633 246 1678 test.
283 1626 850 1698 Quinquageuarius
901 1626 1148 1680 similiter
1204 1635 1260 1680 et
1307 1627 1758 1697 septuagenarius

120 1713 470 1768 vicinitatem
507 1716 749 1780 habent,
781 1716 977 1769 mentis
1005 1724 1058 1770 et
1091 1715 1340 1786 corporis
1389 1714 1759 1784 significantes

122 1802 407 1872 requiem.
452 1803 638 1859 Enim
669 1803 933 1874 scriptum
964 1813 1046 1858 est
1080 1819 1092 1858 :
1132 1826 1153 1850 ιι
1190 1805 1342 1858 Data
1383 1811 1508 1857 sunt
1554 1804 1758 1860 sanctis

123 1889 280 1945 stola
312 1891 596 1962 singula,
635 1901 687 1947 et
715 1892 918 1947 dictum
975 1900 1058 1946 est
1111 1892 1238 1946 eis:
1297 1893 1648 1962 Requiescite
1704 1899 1759 1947 et

125 1979 427 2045 sustinete,
459 1980 657 2036 donec
714 1980 1001 2051 impleatur
1054 1996 1314 2035 numerus
1371 1980 1600 2035 fratrum
1659 1997 1758 2036 ve-

125 2077 379 2121 strorum
425 2069 637 2137 (Apoc.
671 2081 768 2136 vi).
806 2090 828 2116 ιι
864 2067 1102 2138 Singula
1127 2068 1281 2123 stola
1309 2068 1386 2122 eis
1415 2069 1556 2123 data
1608 2073 1756 2135 sunt,

131 2164 219 2232 qui
252 2165 468 2220 mentis
501 2166 678 2221 modo
700 2166 943 2237 requiem
977 2166 1029 2220 in
1063 2182 1159 2236 spe
1191 2165 1408 2221 habent.
1443 2166 1577 2221 Cum
1623 2181 1758 2222 vero

126 2251 392 2322 impletus
426 2253 605 2309 fuerit
635 2270 896 2309 numerus
919 2254 1169 2320 fratrum,
1204 2255 1342 2309 bina
1366 2255 1522 2310 stola
1541 2255 1759 2310 dabun-

131 2349 238 2405 tur,
274 2343 554 2412 quoniam
593 2344 791 2398 mentis
821 2352 873 2397 et
901 2343 1152 2412 corporis
1193 2351 1317 2399 tunc
1347 2345 1594 2414 requiem
1627 2360 1761 2415 pos-

129 2429 414 2496 sidebunt,
454 2432 606 2488 sicut
637 2432 896 2501 scriptum
929 2441 1007 2486 est
1041 2449 1052 2484 :
1091 2455 1113 2479 α
1140 2433 1198 2485 In
1227 2440 1371 2486 terra
1401 2450 1497 2488 sua
1526 2433 1761 2503 duplicia

131 2519 514 2588 possidebunt
549 2523 751 2592 (Deut.
791 2524 929 2589 xxi).
965 2543 986 2569 ι»
1020 2521 1488 2594 Septuagesimum
1524 2539 1761 2594 namque

133 2608 512 2663 observamus
536 2609 593 2664 in
618 2609 868 2680 figuram,
889 2626 987 2664 Lxx
1004 2625 1294 2675 annorum,
1318 2627 1418 2680 per
1432 2627 1566 2682 quos
1581 2611 1762 2666 afllicti

141 2704 266 2750 sunt
294 2695 394 2751 filii
429 2699 614 2753 Israel
648 2699 702 2752 in
733 2698 1024 2769 Babylone,
1059 2707 1111 2753 et
1141 2698 1280 2753 sicut
1317 2699 1420 2770 ipsi
1471 2709 1759 2770 antequam

137 2798 237 2838 Lxx
265 2785 401 2840 anni
434 2785 736 2842 (inirentur
767 2788 966 2857 partim
999 2787 1313 2855 redeuntes,
1365 2788 1756 2859 aliquantulum

141 2874 419 2928 consolati
456 2885 617 2941 sunt,
653 2876 734 2930 sic
763 2883 818 2930 et
846 2891 947 2930 nos
976 2876 1127 2944 dum,
1162 2874 1327 2930 finitis
1384 2892 1484 2931 Lxx
1542 2878 1757 2944 diebus,

144 2959 352 3016 luctum
386 2964 733 3034 paenitentia
763 2964 891 3020 licet
922 2980 1031 3020 non
1081 2965 1238 3036 plene
1287 2965 1658 3021 convertimus
1706 2968 1759 3021 in

147 3051 432 3119 gaudium,
467 3054 686 3109 scilicet
714 3054 769 3107 in
801 3053 889 3108 die
921 3054 1378 3109 resurrectiounis
1436 3056 1756 3124 Dominica,

147 3136 272 3193 licet
301 3141 740 3215 Septuagesima
770 3149 958 3198 nostra
990 3159 1160 3214 usque
1206 3144 1273 3197 ad
1322 3159 1566 3215 sequens
1620 3144 1761 3200 Sab-

147 3223 326 3280 batum
360 3231 711 3304 porrigatur.
746 3230 814 3285 Et
847 3233 983 3287 sicut
1017 3230 1109 3285 filii
1139 3232 1307 3286 Israel
1349 3241 1476 3286 ante
1526 3233 1758 3304 Septua-

149 3315 422 3383 gesimum
456 3335 667 3373 annum
701 3319 915 3390 plenam
949 3335 1141 3390 pacem
1174 3337 1283 3375 non
1316 3321 1642 3385 habuerunt,
1677 3322 1755 3378 sic
1787 3305 1834 3368 (ἶ

148 3417 245 3457 nec
276 3421 400 3472 nos,
438 3408 702 3477 quamvis
732 3409 798 3462 ad
840 3409 1122 3465 caelestem
1177 3409 1514 3465 Hierusalem
1565 3426 1760 3466 rever-

151 3496 324 3546 tamur
357 3512 462 3564 per
493 3497 847 3568 baptismum,
883 3498 967 3553 vel
1002 3514 1099 3568 per
1124 3497 1500 3568 paenitentiam
1530 3498 1760 3554 liberta-

151 3595 256 3644 tem
304 3593 536 3663 plenam
595 3597 927 3667 recipiemus
983 3605 1110 3651 ante
1169 3595 1488 3666 Sabbatum,
1539 3597 1758 3668 quando

152 3678 322 3734 anima
390 3692 720 3740 sanctorum
787 3686 1025 3758 requiem
1091 3696 1352 3743 aternam
1417 3686 1748 3757 percipiunt.

154 3765 416 3826 Jeremias
447 3773 696 3828 ostendit
727 3775 1017 3829 Dominum
1050 3791 1148 3831 nos
1171 3775 1310 3830 velle
1330 3791 1552 3831 cessare
1572 3792 1600 3830 a
1622 3791 1757 3831 voce

155 3857 334 3926 gaudii
367 3862 638 3932 quamdiu
670 3862 721 3916 in
754 3863 1032 3934 Babylone
1067 3863 1345 3933 fuerimus,
1399 3864 1469 3918 ita
1518 3864 1705 3919 dicens
1741 3883 1752 3919 :

161 3965 180 3988 α
214 3945 280 4000 Et
307 3964 541 4007 cessare
572 3950 763 4006 faciam
792 3968 820 4006 a
855 3953 1017 4008 vobis
1050 3969 1214 4009 voces
1246 3953 1430 4024 gaudii
1463 3961 1514 4007 et
1558 3953 1754 4009 latitia

157 4031 290 4099 (Jer.
327 4042 458 4110 vit).
501 4063 523 4086 ι»
559 4039 908 4112 Quapr0pter
935 4042 1173 4097 alleluia
1194 4042 1246 4096 in
1269 4041 1362 4097 illo
1383 4049 1622 4112 tempore
1646 4057 1754 4097 non

157 4130 402 4180 cantatur
460 4129 615 4197 apud
669 4145 790 4196 nos,
848 4137 901 4185 et
957 4130 1304 4186 dulcissimus
1360 4131 1592 4201 hymnus
1647 4145 1750 4185 an-

158 4218 419 4292 gelorum,
458 4225 652 4282 Gloria
683 4228 745 4280 in
775 4229 1018 4283 excelsis
1049 4231 1176 4294 Deo,
1205 4245 1326 4299 qua
1367 4228 1582 4283 cantica
1629 4235 1753 4283 sunt

159 4309 410 4368 ccelestia.
439 4313 606 4368 Unde
635 4315 874 4370 Joannes
905 4316 958 4370 in
990 4316 1318 4388 Apocalypsi
1352 4336 1362 4371 :
1404 4341 1424 4364 ιι
1463 4318 1591 4372 Post
1632 4317 1750 4373 hac

157 4397 328 4453 audivi
357 4401 520 4472 quasi
581 4418 773 4458 vocem
830 4420 1089 4475 magnam
1151 4407 1397 4460 tubarum
1455 4405 1751 4461 multarum

159 4479 208 4535 in
237 4487 373 4543 calo
401 4490 705 4546 dicentium
740 4509 751 4548 :
789 4492 1023 4548 Alleluia
1051 4495 1240 4566 (Apoc.
1275 4497 1404 4561 xIx),
1443 4517 1465 4543 ιι
1500 4495 1597 4549 sed
1629 4503 1749 4549 tra-

157 4579 266 4629 ctus
292 4594 391 4647 pro
416 4580 642 4638 alleluia
687 4581 917 4649 canitur,
950 4583 1041 4654 qui
1097 4584 1283 4637 suavis
1340 4592 1422 4637 cst
1476 4583 1696 4638 auribus
1731 4602 1745 4650 ;

162 4667 363 4730 alleluia
396 4687 582 4734 autem
615 4687 835 4750 propter
862 4681 1126 4736 honorem
1160 4681 1347 4752 prima
1402 4681 1608 4754 lingua
1662 4691 1744 4738 est

160 4765 495 4824 Prisciarius.
533 4769 635 4822 Per
693 4785 798 4822 Lxx
852 4784 1032 4824 annos
1085 4769 1410 4840 captivitatis
1451 4788 1586 4842 quos
1643 4788 1742 4826 nos

165 4854 483 4910 mutavimus
513 4856 568 4909 in
624 4871 726 4910 Lxx
789 4856 909 4911 dies
959 4858 1230 4927 jejunium
1289 4867 1401 4914 erat
1454 4861 1596 4930 apud
1649 4861 1744 4917 Ju-

162 4945 316 5005 daos.
349 4955 506 5011 Unde
539 4955 803 5010 Dominus
833 4972 933 5027 per
962 4958 1279 5013 Zachariam
1314 4975 1326 5011 :
1368 4983 1388 5006 α
1423 4961 1555 5014 Cum
1597 4960 1742 5028 jeju-

165 5040 352 5120 naretis
381 5053 436 5099 et
465 5043 798 5114 plangeretis
827 5061 929 5114 per
960 5045 1058 5100 hos
1108 5062 1206 5101 Lxx
1253 5062 1448 5113 annos,
1497 5049 1742 5120 nunquid

158 5119 411 5191 jejunium
439 5133 736 5202 jejunastis
767 5133 898 5188 mihi
919 5135 946 5188 ί)
971 5157 992 5181 η
1029 5136 1170 5202 (Jac.
1206 5138 1328 5205 vn.)
1362 5135 1540 5192 Graci
1564 5119 1743 5207 proxi-

164 5223 291 5269 mam
318 5219 722 5276 hebdomadam
752 5221 1092 5278 sanctificant
1121 5239 1228 5278 suo
1269 5223 1502 5293 jejunio.
1549 5225 1742 5282 Clerici

162 5315 335 5392 nostri,
365 5325 593 5373 auctore
627 5319 965 5389 Telesphoro
993 5335 1158 5391 papa,
1211 5321 1304 5392 qui
1343 5322 1620 5377 constituit
1667 5339 1739 5378 vn

161 5391 612 5463 hebdomadarum
637 5407 906 5476 jejunium
936 5417 1062 5464 ante
1096 5391 1317 5476 Pascha,
1351 5410 1564 5465 tertiam
1605 5428 1730 5466 suo.

163 5480 450 5565 Praeceptor
479 5502 662 5549 tamen
694 5494 857 5550 officii
888 5498 940 5550 in
970 5497 1243 5568 superiori
1274 5497 1585 5560 Dominica.
1620 5515 1741 5571 qua

164 5586 368 5637 V'Ot‘atur
401 5583 843 5655 Septuagesima,
871 5586 1132 5654 majorem
1168 5587 1525 5642 mutationem
1558 5589 1742 5659 requi-

164 5668 221 5760 l‘il
248 5692 394 5746 quam
428 5697 690 5751 agamus.
732 5681 1133 5739 Constitutione
1164 5683 1327 5739 officii
1361 5685 1441 5739 sui
1467 5686 1739 5755 jejunium

165 5768 211 5806 In
245 5762 586 5821 tribulatione
617 5765 886 5821 intimavit
937 5769 991 5822 in
1045 5767 1218 5840 prima
1268 5771 1515 5824 oratione
1561 5771 1742 5827 missa

169 5839 361 5908 dicens:
390 5877 411 5902 α
439 5857 506 5910 Ut
528 5855 620 5926 qui
639 5852 788 5924 juste
810 5871 908 5926 pro
929 5839 1737 5930 peceatisnostrisaﬂligimur.»

173 5938 463 6009 Inlntroitu
493 5951 674 6009 dicit:
729 5975 749 6001 τι
809 5953 1301 6013 Circumdederuut
1359 5972 1447 6012 me
1501 5956 1742 6028 gemitus

1069 462 1651 522 DEFLOBATIONES
1689 465 1794 522 SS.
1843 465 2156 524 PATRUM.
2200 499 2267 510 —
2304 471 2446 528 LIB.
2487 471 2541 526 Ι.

3360 471 3466 530 854

1788 590 1840 652 Α
1873 597 2085 664 mortis,
2109 597 2329 652 dolores
2351 597 2543 654 inferni
2567 599 2736 666 (Psal.
2757 595 2920 662 xvn).
2951 617 2973 646 ι
2999 596 3229 668 Propter
3246 595 3352 653 hos
3371 595 3469 654 do—

1871 680 2014 736 lores
2037 698 2141 737 non
2170 699 2461 752 possumus
2482 683 2655 738 latari
2680 690 2732 738 et
2757 681 2934 738 securi
2956 697 3101 747 esse,
3125 681 3221 736 sed
3245 699 3462 754 prapa-

1872 785 2107 825 rarenos
2129 772 2388 827 debemus
2407 773 2476 827 ad
2496 773 2722 838 bellum,
2746 779 2801 826 ut
2823 771 3128 842 Apostolus
3143 771 3220 825 ait
3249 790 3260 826 :
3292 794 3312 819 ιι
3341 771 3464 826 Om-

1870 867 1954 921 nis
1982 877 2158 923 autem
2187 871 2277 941 qui
2310 871 2362 924 in
2391 886 2574 942 agone
2605 869 2909 938 contendit,
2961 869 3031 922 ah
3090 869 3344 924 omnibus
3401 885 3463 926 se

1869 957 2100 1011 abstinet
2130 961 2178 1024 (1
2208 960 2327 1014 Cor.
2362 967 2466 1028 ιχ).
2513 980 2534 1006 ι
2571 960 2733 1014 Juxta
2764 958 3132 1023 Ambrosium,
3157 958 3227 1012 ab
3248 959 3334 1013 his
3353 974 3462 1014 om-

1869 1046 2027 1099 nibus
2058 1063 2175 1118 qua
2206 1048 2424 1102 vitanda
2455 1049 2648 1103 eadem
2681 1047 2900 1102 tradidit
2942 1046 3229 1116 disciplina
3272 1055 3461 1102 contra

1869 1135 2016 1200 vitia,
2044 1136 2201 1190 nobis
2224 1137 2498 1191 luctamen
2520 1145 2621 1191 est.
2643 1137 2902 1190 Futurum
2925 1143 3007 1189 est
3025 1135 3223 1190 bellum
3248 1154 3262 1202 ;
3286 1135 3465 1190 absti-

1868 1240 2096 1278 neamus
2128 1242 2228 1278 nos
2260 1225 2332 1279 ab
2389 1226 2475 1280 his
2534 1242 2654 1296 qua
2706 1223 3007 1295 impediunt
3056 1239 3296 1296 pugnam
3354 1241 3462 1279 no-

1869 1326 2062 1371 stram.
2090 1318 2248 1373 Unde
2276 1318 2491 1373 videtur
2507 1317 3156 1390 nobispraceptorofﬁcii
3174 1318 3310 1373 velle
3332 1327 3462 1374 tem-

1869 1423 1969 1476 pus
2001 1407 2450 1479 Septuagesima,
2489 1415 2704 1478 tempus
2736 1407 2910 1462 luctus
2941 1423 3085 1473 esse,
3121 1414 3177 1460 ut
3207 1407 3462 1464 lntroitus

1868 1495 2071 1550 iudicat
2090 1505 2139 1549 et
2157 1495 2456 1550 Graduale.
2482 1495 2906 1568 Sexagenarius,
2927 1495 3177 1566 quoniam
3201 1512 3461 1553 numerus

1868 1583 2144 1654 perfectus
2177 1593 2281 1650 est,
2317 1586 2408 1656 qui
2443 1601 2473 1640 a
2503 1585 2719 1640 senario
2751 1584 3009 1641 nascitur.
3043 1584 3303 1640 Senarius
3330 1601 3464 1656 per-

1867 1673 2040 1728 fectus
2065 1682 2166 1738 est,
2201 1673 2325 1745 quia
2357 1674 2621 1744 perfectio
2652 1674 2779 1729 boni
2809 1674 2989 1744 operis
3019 1681 3120 1728 est.
3163 1674 3268 1728 Sex
3315 1674 3461 1729 enim

1867 1760 2063 1816 diebus
2093 1770 2347 1832 Operatus
2378 1770 2460 1817 est
2492 1763 2655 1826 Deus,
2680 1770 2733 1816 et
2763 1770 2916 1816 sexta
2945 1769 3103 1816 atate
3131 1761 3317 1816 mundi
3366 1777 3460 1818 ve-

1866 1849 1962 1914 nit,
1999 1857 2110 1904 etc.
2150 1851 2217 1904 Et
2259 1858 2406 1906 recte
2461 1849 2736 1921 perfectus
2795 1859 2898 1916 est,
2957 1854 3047 1922 qui
3102 1850 3185 1906 ha
3240 1850 3458 1917 anima,

1790 1949 1839 2008 Β
1872 1955 1993 2008 qua
2024 1939 2282 2010 perfecta
2310 1939 2363 1993 in
2397 1939 2540 1993 bono
2571 1955 2738 2009 opere
2767 1947 2911 2003 sunt,
2944 1955 3043 2009 per
3083 1939 3229 1994 hunc
3273 1955 3462 1995 nume-

1869 2043 1986 2080 rum
2021 2027 2402 2100 designantur.
2427 2028 2493 2082 Et
2521 2028 2590 2082 de
2623 2027 2740 2083 viro
2772 2027 3004 2098 pacifico
3031 2027 3295 2098 scriptum
3354 2035 3457 2084 est.

1874 2141 1894 2164 ‹‹
1932 2116 2227 2187 Sexaginta
2259 2116 2463 2188 regina
2493 2124 2546 2171 et
2573 2115 2851 2187 octoginta
2877 2115 3216 2182 concubina,
3242 2124 3294 2172 et
3322 2116 3459 2172 ado-

1868 2204 2295 2260 lescentularum
2327 2213 2549 2261 nonest
2607 2221 2865 2259 numerus
2921 2205 3087 2273 (Can.
3149 2207 3250 2271 vr).
3288 2227 3310 2252 η
3377 2203 3460 2262 Illi

1869 2295 2014 2350 enim
2045 2294 2137 2365 qui
2169 2295 2221 2348 in
2251 2294 2587 2364 perfectione
2622 2293 2750 2348 boni
2783 2293 2968 2364 operis
3014 2293 3319 2349 consistunt
3365 2310 3461 2350 re-

1871 2382 2015 2453 gina
2047 2390 2329 2437 vocantur.
2365 2381 2449 2434 Illi
2479 2389 2658 2436 autem
2687 2381 2780 2452 qui
2809 2380 2988 2435 minus
3017 2380 3238 2452 aliquod
3267 2397 3299 2436 a
3327 2396 3461 2454 per-

1872 2479 2104 2534 fectione
2137 2486 2284 2543 sunt,
2318 2477 2538 2533 nomine
2599 2477 2922 2534 concubina
2977 2477 3354 2549 designantur,
3413 2485 3466 2533 et

1871 2567 1963 2638 qui
1998 2570 2050 2620 in
2085 2568 2190 2622 ﬁde
2225 2566 2567 2622 solummodo
2599 2574 2744 2631 sunt,
2771 2567 2992 2621 nomine
3030 2564 3466 2622 adolescentula-

1872 2672 1993 2710 rum
2027 2664 2315 2710 vocantur.
2380 2656 2437 2710 In
2491 2654 2847 2727 Sexagesima
2903 2653 3222 2710 circumdati
3278 2669 3468 2710 sumus

1872 2744 2318 2800 tribulationibus
2349 2743 2785 2815 quammaximis,
2817 2756 2880 2798 ac
2911 2743 2956 2796 si
3009 2759 3117 2798 non
3176 2750 3323 2798 esset
3378 2742 3466 2798 lo-

1870 2849 1967 2890 cus
2001 2833 2296 2888 evadendi.
2337 2832 2693 2887 Vendidimus
2731 2848 2831 2888 nos
2861 2831 2963 2887 sub
2995 2839 3238 2902 peccato,
3266 2831 3320 2885 in
3361 2845 3464 2887 no-

1869 2923 1954 2977 bis
1984 2937 2092 2976 non
2121 2931 2204 2976 est
2232 2922 2399 2975 virtus
2430 2920 2700 2976 solvendi.
2736 2921 2897 2976 Unde
2941 2920 3140 2978 dicitur
3185 2920 3239 2974 in
3287 2920 3468 2993 prima

1869 3011 2153 3066 oratione:
2194 3033 2214 3058 α
2252 3011 2420 3074 Deus,
2455 3009 2546 3080 qui
2569 3008 2864 3081 conspicis,
2891 3009 3090 3080 quiaiu
3113 3007 3264 3064 nulla
3280 3017 3466 3064 nostra

1869 3099 2067 3154 virtute
2089 3097 2459 3152 subsistimus.
2491 3120 2512 3146 ιι
2533 3098 2666 3152 Inde
2689 3098 2851 3152 etiam
2873 3097 3032 3168 quasi
3055 3097 3465 3162 dubitantes,an

1870 3188 2133 3243 Dominus
2155 3186 2439 3241 nobiscum
2464 3185 2550 3254 sit,
2573 3186 2625 3240 in
2655 3186 2882 3241 lntroitu
2904 3187 3148 3241 decimus
3169 3205 3188 3241 :
3214 3207 3235 3231 α
3261 3185 3466 3241 Exsur-

1869 3294 1957 3348 ge,
1983 3292 2148 3348 quare
2172 3275 2472 3341 obdormis,
2501 3274 2730 3330 Domine
2752 3274 2780 3328 ?
2808 3298 2828 3322 ιι
2849 3275 3024 3342 (Psal.
3050 3275 3236 3343 xun.)
3255 3274 3314 3328 In
3335 3272 3463 3344 Epi-

1867 3367 2008 3422 stola
2037 3364 2407 3420 confortamur
2437 3363 2507 3418 ab
2539 3363 2822 3435 Apostolo,
2853 3370 2911 3417 ut
2959 3364 3098 3418 viam
3145 3377 3456 3434 quaeramus

1868 3462 2140 3519 evadendi
2160 3461 2226 3516 de
2251 3461 2582 3531 captivitate,
2605 3469 2658 3516 et
2681 3459 3046 3530 despiciemus
3067 3460 3336 3525 dominos,
3371 3457 3463 3530 qui

1867 3569 1968 3607 nos
2000 3552 2068 3606 ad
2101 3551 2395 3606 delendum
2429 3558 2631 3605 tenent.
2668 3549 2803 3605 Dicit
2825 3549 3164 3619 indignando
3180 3565 3344 3619 super
3365 3563 3461 3604 eos

1867 3643 1957 3714 qui
1976 3640 2132 3696 malis
2155 3641 2353 3696 cedunt
2379 3659 2389 3694 :
2416 3663 2437 3686 ιι
2463 3639 2712 3694 Libenter
2733 3637 2970 3693 sufl'ertis
2991 3637 3462 3709 insipientes,cum

1867 3731 1986 3785 sitis
2018 3730 2121 3800 ipsi
2153 3731 2426 3800 sapientes
2450 3728 2522 3798 (ll
2551 3727 2670 3784 Cor.
2707 3727 2804 3798 χι).
2844 3746 2866 3776 ι
2904 3725 3037 3782 lnde
3067 3740 3169 3781 nos
3201 3726 3270 3782 de
3292 3726 3456 3780 tribu-

1864 3820 2066 3875 latione
2098 3817 2532 3874 conscendentes
2553 3817 2619 3870 ad
2639 3815 3026 3888 requirendum
3049 3814 3334 3886 proprium
3359 3815 3462 3870 Do-

1864 3909 2074 3962 minum
2105 3915 2370 3972 nostrum,
2405 3905 2636 3960 dicimus
2668 3923 2681 3960 :
2718 3924 2740 3956 ι
2765 3903 2948 3960 Sciant
2967 3911 3180 3975 gentes,
3200 3903 3456 3975 quoniam

1862 4013 2058 4052 nomen
2090 3995 2185 4051 tibi
2215 3997 2365 4050 Deus
2396 3996 2472 4064 (II
2497 3995 2670 4050 Much.
2704 3993 2763 4063 ι).
2793 4016 2814 4041 υ
2843 3994 3075 4048 Tractus
3102 3991 3459 4048 Commovisti

1860 4085 2099 4141 ostendit
2130 4091 2328 4140 terram
2359 4091 2690 4138 commotam
2723 4081 3054 4138 conscientia
3081 4087 3452 4152 peccatorum.

1862 4175 1986 4230 Post
2018 4182 2222 4228 terram
2246 4179 2574 4227 commotam
2606 4186 2794 4226 semen
2824 4169 3119 4225 inducitur.
3143 4170 3204 4224 In
3233 4175 3456 4240 septua-

1858 4264 2072 4336 gesima
2094 4260 2364 4331 increpati
2387 4276 2596 4328 sumus,
2620 4259 2744 4330 quia
2765 4258 2927 4314 otiosi
2947 4257 3215 4320 stetimus,
3247 4256 3455 4313 inducti

1859 4368 2047 4408 sumus
2078 4351 2146 4405 ad
2178 4349 2391 4405 vineam
2415 4348 2702 4403 colendam
2737 4366 2752 4414 ;
2786 4347 2838 4402 in
2872 4346 3232 4419 Sexagesima
3268 4353 3448 4402 autem

1858 4457 2045 4495 semen
2071 4434 2325 4507 jacimus.
2361 4438 2489 4492 Hac
2523 4436 2792 4506 procurrit
2814 4435 2882 4490 ad
2907 4442 3154 4507 quartam
3187 4434 3376 4491 feriam
3397 4434 3454 4490 in

1857 4529 2086 4593 Pascha,
2120 4527 2172 4580 in
2207 4541 2317 4597 qua
2348 4525 2521 4580 sancti
2552 4525 2619 4579 ad
2648 4524 3058 4594 percipiendum
3089 4539 3320 4594 regnum
3349 4539 3452 4580 vo-

1860 4626 2073 4674 cantur.
2107 4617 2201 4670 -Ad
2241 4615 2386 4686 quod
2427 4629 2527 4668 nos
2590 4629 2691 4684 per
2755 4613 3173 4685 Sexagesimam
3229 4627 3451 4668 currere

1859 4713 2100 4777 oportet.
2145 4706 2282 4760 Nam
2317 4703 2566 4758 senarius
2594 4718 2694 4772 per
2710 4701 2868 4757 dena'
2886 4702 2997 4755 ium
3019 4701 3208 4754 ductus
3223 4715 3289 4754 ιχ
3305 4715 3450 4755 com-

1853 4796 1984 4867 plet.
2019 4793 2288 4850 Denarius
2317 4801 2494 4846 autem
2526 4791 2594 4846 ad
2621 4789 2933 4846 mercedem
2952 4803 3185 4860 operum
3209 4787 3446 4857 respicit,

1852 4892 2103 4947 senarius
2133 4891 2200 4945 ad
2232 4889 2614 4960 perfectiones,
2653 4886 2861 4943 scilicet
2903 4899 3161 4956 operum.
3211 4883 3269 4938 Si
3322 4882 3446 4956 quis

1851 4981 2015 5052 igitur
2043 4995 2140 5050 per
2183 4978 2568 5049 perfectionem
2599 4974 2917 5031 mercedem
2972 4988 3202 5044 Operum
3258 4972 3445 5042 requi-

1852 5070 1940 5130 rit,
1973 5069 2090 5138 ipse
2122 5067 2390 5137 percipiet
2420 5079 2653 5137 regnum
2697 5059 2845 5136 quod
2901 5061 3060 5117 nobis
3110 5059 3446 5134 promittitur

1851 5158 1902 5214 in
1931 5165 2122 5229 quarta
2153 5155 2289 5211 feria
2317 5153 2578 5226 paschali.

2518 5346 2750 5386 DIVISIO.

1921 5515 2437 5589 Quinquagenarius
2466 5530 2569 5573 nec
2598 5516 2780 5572 minus
2813 5524 2895 5573 est
2923 5517 3198 5588 perfectus
3211 5532 3276 5573 eo
3298 5518 3445 5590 quod

1850 5619 1881 5659 a
1913 5605 2228 5676 septenario
2264 5613 2550 5661 nascatur.
2591 5607 2808 5677 Septies
2834 5606 2976 5662 enim
3044 5614 3254 5677 septem
3315 5607 3451 5664 fiunt

1850 5710 2011 5748 xux.
2055 5694 2111 5751 Si
2133 5695 2300 5748 addas
2331 5711 2508 5761 urvum,
2543 5711 2573 5748 ι.
2601 5693 2760 5750 fiunt.
2809 5694 3306 5768 Quinquagesimus
3353 5713 3452 5752 an-

1853 5798 1956 5836 nus
1981 5783 2234 5852 jubileus
2265 5783 2580 5849 vocabatur,
2614 5783 2669 5839 id
2713 5792 2796 5840 est
2853 5799 3028 5841 annus
3085 5785 3448 5852 remissionis,

1854 5872 1910 5924 in
1942 5887 2049 5942 quo
2082 5871 2260 5926 omnis
2291 5872 2576 5943 possessio
2608 5873 2980 5929 revertebatur
3035 5874 3105 5929 ad
3167 5872 3448 5929 dominum

1850 5959 2150 6032 proprium,
2188 5968 2240 6016 et
2270 5969 2397 6018 tunc
2424 5961 2602 6019 omnis
2632 5979 2824 6020 servus
2849 5962 2990 6020 liber
3019 5961 3408 6037 egrediebatur
3433 5976 3449 6031 ;
