3924 6398
447 388 554 443 885

1598 386 1943 445 WERNERI
1981 383 2267 442 ABBATIS
2305 384 2369 443 S.
2413 384 2638 442 BLASII

3659 389 3767 444 856

446 526 549 567 nec
570 509 672 566 bos
700 524 805 567 nec
831 509 1016 579 asinus
1046 512 1399 584 operabatur.
1432 488 1499 568 Et
1553 512 1599 567 si
1644 511 1851 585 aliquid
1899 516 2048 567 terra
2076 510 2131 571 Α
2160 509 2328 566 totius
2355 517 2644 568 creaturae.
2677 511 2738 566 In
2766 526 2840 565 xx.
2854 508 3038 581 aliqua
3055 525 3190 583 pars
3203 526 3403 583 pugnae
3417 519 3646 585 peracta
3660 522 3766 569 est.

452 607 651 671 sponte
681 598 862 666 ferret,
893 600 1228 671 pauperibus
1268 601 1624 658 tribuebatur.
1681 600 2051 674 Quinquage-

452 688 588 743 sima
618 688 672 743 in
704 688 864 744 tertio
894 688 1069 761 gradu
1118 690 1396 746 consistit.
1448 692 1619 746 Antea
1669 689 2054 745 dubitabamus

453 794 629 841 utrum
668 786 924 857 proprius
954 786 1221 841 Dominus
1252 787 1537 844 nobiscum
1557 791 1724 854 esset,
1751 787 1875 857 jam
1897 795 2056 843 tene-

456 872 577 929 mus
607 873 757 929 illum
791 882 843 930 et
861 874 1091 929 dicimus
1117 891 1130 931 :
1160 898 1181 924 α
1206 877 1341 933 Esto
1362 877 1494 931 mihi
1516 877 1569 931 in
1590 878 1761 933 Deum
1787 883 2057 948 protecto-

460 980 576 1020 rem
594 971 647 1019 et
667 962 719 1017 in
736 963 913 1018 locum
933 963 1133 1038 refugii
1150 978 1162 1029 t
1177 967 1328 1022 Psal.
1347 966 1547 1037 xxx).»
1567 967 1745 1037 Ipsum
1765 981 2058 1036 precamur

459 1052 656 1109 ducem
681 1050 883 1108 militiae
900 1061 1103 1110 nostrae
1125 1054 1386 1111 dicendo:
1412 1079 1434 1104 «
1453 1056 1570 1111 Dux
1592 1055 1723 1111 mihi
1739 1054 1849 1111 eris
1863 1062 1917 1111 et
1933 1071 2057 1110 enu-

459 1151 591 1206 tries
619 1167 708 1206 me
738 1150 942 1222 (ibid.).
980 1174 1003 1199 ιι
1035 1153 1156 1208 Jam
1187 1153 1241 1208 in
1271 1154 1623 1225 expeditione
1652 1171 1858 1209 sumus.
1902 1153 2058 1210 Unde

460 1247 513 1295 et
530 1241 829 1313 Apostolus
850 1239 1012 1296 nobis
1033 1241 1235 1298 indicat
1256 1242 1453 1315 quibus
1493 1243 1662 1298 armis
1692 1243 2005 1299 muniamur
2040 1261 2054 1299 :

463 1351 486 1377 α
518 1329 676 1385 Nunc
704 1338 885 1385 autem
929 1339 1153 1387 manent
1208 1329 1364 1400 ﬁdes,
1422 1349 1571 1403 spes,
1629 1332 1894 1397 charitas,
1952 1332 2059 1388 tria

458 1418 578 1475 haec
603 1417 659 1489 (I
689 1419 812 1476 Cor.
842 1420 990 1490 xxxx).
1032 1443 1054 1467 η
1088 1420 1169 1476 De
1198 1421 1397 1494 quibus
1416 1420 1549 1477 dicit
1569 1421 1623 1476 in
1642 1421 1745 1476 alia
1765 1420 2055 1493 Epistola:

461 1530 484 1557 ι
519 1510 582 1563 In
611 1507 868 1563 omnibus
899 1517 1182 1565 sumentes
1211 1519 1420 1566 scutum
1452 1509 1578 1566 ﬁdei
1598 1510 1821 1583 (Ephes.
1845 1527 1917 1578 vx,
1947 1535 1969 1560 η
2004 1519 2057 1568 et

455 1595 698 1678 reliqua.
744 1604 1138 1677 Triumphator
1201 1605 1407 1663 militiae
1469 1614 1671 1663 nostrae
1725 1607 1873 1663 Deus
1940 1614 2048 1663 est.

350 1720 356 1729 -
455 1693 554 1750 Cui
585 1694 780 1750 dicitur
812 1712 825 1748 :
864 1717 887 1743 ιι
922 1694 1002 1750 Tu
1033 1711 1094 1751 es
1115 1696 1369 1767 Deusqui
1402 1694 1535 1751 facis
1570 1694 1846 1764 mirabilia
1872 1696 2052 1768 (Psal.

455 1782 662 1853 Lxxvx).
697 1803 718 1835 ι
745 1784 975 1840 Tractus
1005 1800 1139 1840 vero
1158 1784 1394 1841 Domino
1414 1801 1515 1842 nos
1549 1785 1794 1857 praecipit
1824 1785 2051 1853 servire,

2162 598 2304 654 Dicit
2326 600 2488 656 nobis
2509 616 2671 673 quem
2693 599 2745 654 in
2770 598 3595 672 Quadragesimaprotectorem
3618 601 3770 658 invo-

2163 688 2408 743 cavimus
2443 705 2456 743 :
2494 711 2515 736 α
2551 688 2832 745 lnvocabit
2859 704 2947 743 me
2979 694 3031 743 et
3060 705 3165 761 ego
3207 690 3498 746 exaudiam
3549 706 3704 758 eum,
3743 716 3764 739 ι

2165 784 2220 831 et
2248 777 2473 847 reliqua.
2508 778 2749 848 Epistola
2781 777 2856 833 ita
2890 793 2903 833 :
2935 778 3205 850 Tempore
3235 786 3460 850 accepto
3504 779 3770 837 exaudivi

2166 873 2217 920 te
2250 880 2263 933 ;
2297 873 2351 921 et
2379 865 2433 919 in
2464 866 2836 937 Responsorio
2870 885 2883 921 :
2927 867 3172 940 Angelus
3218 868 3455 937 Domini,
3505 870 3759 925 custodi.

2164 966 2225 1018 In
2256 965 2453 1020 Tractu
2491 984 2501 1020 :
2538 964 2700 1021 Scuto
2745 965 2993 1021 veritatis
3046 966 3367 1023 circumdati
3423 982 3632 1023 sumus.
3706 970 3770 1022 In

2163 1052 2499 1126 Evangelico
2536 1054 2605 1108 ad
2643 1054 2973 1125 triumphum
3014 1054 3286 1109 tendimus
3318 1096 3334 1123 ,
3391 1062 3450 1109 ut
3512 1054 3770 1111 dicamus

2165 1142 2432 1198 inimico:
2470 1142 2639 1210 Vade,
2669 1142 2914 1212 Satanas,
2936 1142 2991 1197 in
3029 1142 3326 1199 interitum.
3389 1144 3444 1199 A
3498 1144 3768 1216 supradi-

2167 1238 2255 1288 cta
2276 1230 2558 1287 Dominica
2581 1247 2755 1305 usque
2776 1232 2847 1289 ad
2875 1232 3204 1304 baptismum
3238 1248 3354 1288 χιιι
3379 1232 3499 1289 dies
3525 1249 3769 1305 compu-

2166 1326 2365 1377 tantur.
2399 1320 2501 1376 Tot
2529 1335 2660 1377 ecce
2691 1321 3002 1378 mansiones
3035 1321 3252 1377 fuerunt
3290 1320 3521 1378 ﬁliorum
3568 1322 3766 1391 Israel,

2167 1416 2386 1488 quando
2418 1417 2669 1474 exierunt
2697 1418 2767 1474 de
2799 1426 2941 1475 terra
2969 1418 3189 1491 Egypti
3216 1435 3398 1493 usque
3442 1420 3509 1475 ad
3557 1427 3767 1477 terram

2165 1504 2570 1576 promissionis.
2604 1506 2779 1562 Prima
2809 1506 2993 1577 itaque
3032 1508 3244 1564 mansio
3291 1507 3588 1564 vocabatur
3643 1509 3763 1564 Ra-

2164 1608 2367 1660 messe,
2388 1593 2443 1648 id
2462 1602 2545 1649 est
2566 1595 2732 1651 motio
2752 1595 2838 1652 vel
2861 1596 3157 1652 tonitruum
3178 1614 3191 1661 ;
3212 1611 3270 1663 xx,
3286 1595 3507 1663 Sochot,
3521 1596 3573 1651 id
3590 1606 3678 1651 est
3692 1605 3767 1652 ta-

2166 1682 2519 1738 bernaculum
2540 1700 2554 1749 ;
2569 1699 2649 1750 ιιι,
2661 1684 2881 1750 Etham,
2899 1683 2955 1739 id
2971 1692 3054 1740 est
3074 1684 3356 1753 fortitudo,
3370 1684 3456 1741 vel
3474 1685 3761 1757 perfectio;

2164 1785 2242 1836 xv,
2269 1771 2644 1839 Phihahiroth,
2666 1772 2722 1827 id
2753 1779 2837 1828 est
2866 1789 2931 1829 os
2961 1773 3269 1841 nobilium;
3296 1789 3351 1840 v,
3386 1775 3555 1841 Mars,
3589 1774 3645 1829 id
3678 1782 3764 1830 est

452 1872 582 1946 quia
603 1888 704 1928 nos
744 1871 872 1930 fecit
905 1890 917 1927 :
951 1887 1060 1929 non
1089 1873 1140 1929 ei
1169 1873 1256 1930 cui
1285 1874 1654 1946 nosmetipsos
1678 1873 2047 1930 vendidimus.

2168 1859 2524 1928 amaritudo;
2558 1876 2637 1928 vx,
2685 1861 2848 1929 Elim,
2905 1861 2963 1918 id
3022 1870 3107 1919 est
3157 1862 3360 1919 arietes
3415 1862 3583 1919 fortes
3614 1882 3629 1928 ;
3660 1879 3759 1929 vxx,

456 1972 516 2026 In
539 1985 615 2026 ιχ
644 1968 1058 2037 seminavimus,
1092 1970 1145 2026 in
1176 1986 1208 2026 ι.
1237 1970 1469 2028 fructum
1517 1971 1856 2045 colligimus.
1912 1971 2053 2042 Quid

454 2059 600 2114 enim
631 2074 811 2115 caecus
838 2054 1047 2129 aliquid
1068 2076 1099 2114 a
1121 2059 1353 2117 Domino
1375 2059 1645 2131 quaesivit,
1668 2059 1772 2116 nisi
1806 2068 1861 2117 ut
1901 2061 2054 2117 frue-

453 2156 611 2205 retur
638 2147 865 2204 lumine.
910 2149 1168 2204 Fructum
1216 2148 1486 2222 quaesivit,
1532 2148 1764 2206 fructum
1809 2149 2044 2206 invenit.

450 2237 563 2293 Ista
592 2237 723 2293 luna
743 2237 1045 2293 secundum
1059 2237 1214 2294 Diem
1235 2238 1452 2295 Pascha;
1474 2239 1666 2310 tangit.
1700 2240 1846 2295 Sicut
1866 2247 2048 2295 autem

451 2326 709 2384 senarius
745 2324 1141 2398 perfectionem
1201 2326 1473 2383 bonorum
1536 2344 1767 2400 operum
1812 2328 2047 2385 demon-

447 2419 612 2491 strat,
654 2414 730 2471 ita
766 2415 1278 2490 quinquagenarius
1314 2417 1500 2473 omnia
1537 2433 1705 2490 opera
1744 2417 1889 2473 bona
1927 2435 2048 2489 qua:

443 2511 799 2586 perﬁciuntur
828 2528 931 2584 per
961 2527 996 2566 v
1028 2528 1226 2569 sensus
1267 2513 1539 2585 corporis.
1587 2513 1895 2588 Quinquies
1941 2516 2045 2572 de-

441 2617 586 2668 cem,
617 2598 830 2656 Lﬁunt.
864 2599 921 2655 Si
977 2600 1101 2673 quis
1153 2618 1256 2673 per
1310 2602 1640 2659 exteriorem
1698 2603 2045 2660 administra-

437 2689 644 2746 tionem
672 2706 712 2744 χ
742 2688 914 2746 verba
943 2688 1085 2763 legis
1109 2690 1407 2763 complevit
1454 2691 1510 2747 in
1567 2690 1774 2764 Spiritu
1831 2701 2039 2760 sancto,

436 2794 550 2839 non
578 2778 787 2835 dubitet
816 2778 887 2834 ad
914 2778 1252 2835 consortium
1282 2780 1711 2851 perveniendum
1743 2797 1867 2839 esse
1899 2783 2039 2839 bea-

434 2874 506 2925 ta:
534 2867 978 2935 resurrectionis,
1009 2885 1134 2941 quae
1190 2868 1500 2926 celebratur
1559 2869 1616 2926 in
1669 2871 1879 2928 Pascha
1927 2872 2037 2928 Do-

433 2955 589 3014 mini.
620 2956 727 3013 Per
754 2956 1059 3029 Sabbatum
1091 2957 1338 3015 venimus
1365 2959 1431 3014 ad
1461 2959 1810 3017 Dominicum
1864 2960 2031 3029 diem,

433 3055 515 3113 sic
542 3063 598 3113 et
635 3071 736 3127 per
773 3055 1149 3127 septiformem
1178 3056 1438 3129 Spiritum
1493 3057 1679 3132 legem
1728 3059 2053 3132 implendo,.

431 3145 504 3202 ad
538 3145 1016 3202 resurrectionem.
1056 3146 1194 3202 Tres
1264 3147 1471 3220 gradus
1536 3157 1664 3204 sunt
1724 3148 2029 3207 ofﬁciorum

2162 1973 2312 2014 mare
2340 1958 2588 2014 Rubrum
2621 1974 2636 2022 ;
2671 1975 2789 2027 vxxx,
2822 1959 2936 2024 Sin,
2968 1960 3025 2015 id
3056 1968 3139 2017 est
3167 1961 3358 2028 rubus,
3409 1961 3500 2017 vel
3550 1962 3758 2031 odium,

2163 2046 2283 2103 sive
2312 2047 2641 2117 adjutorium
2675 2064 2689 2117 ;
2723 2065 2804 2119 xx,
2838 2050 3187 2122 Depcbapba,
3236 2050 3289 2105 id
3346 2058 3429 2106 est
3474 2050 3709 2121 pulsatio
3741 2065 3754 2120 ;

2163 2150 2225 2202 χ,
2257 2136 2414 2204 Aliis,
2447 2136 2502 2192 id
2536 2145 2622 2195 est
2654 2137 3051 2195 ﬁrmamentum
3084 2158 3099 2207 ;
3132 2156 3211 2204 ιιι,
3247 2139 3555 2211 Raphidim,
3591 2140 3646 2195 id
3674 2148 3759 2196 est

2160 2224 2449 2282 dissolutio
2481 2224 2698 2281 fortium
2727 2227 2818 2282 vel
2850 2227 3098 2284 remissio
3145 2243 3368 2284 manum
3397 2247 3411 2291 ;
3462 2243 3566 2297 xxx,
3601 2229 3752 2295 Sina,

2155 2313 2212 2369 id
2242 2321 2324 2369 est
2359 2314 2515 2369 rufus
2546 2331 2563 2382 ;
2593 2330 2712 2381 xxxx,
2767 2316 3035 2388 Sepulcra
3087 2317 3584 2388 concupiscentia;
3636 2332 3751 2385 xxv,

2155 2412 2412 2478 Aserotb,
2445 2411 2500 2467 id
2530 2421 2613 2469 est
2641 2412 2864 2470 vincula
2894 2412 2982 2470 vel
3010 2413 3335 2486 disciplina;
3365 2430 3463 2479 xv,
3491 2415 3750 2481 Rechma,

2152 2500 2211 2556 id
2240 2509 2324 2556 est
2353 2500 2564 2557 sonitus
2607 2501 2696 2557 vel
2746 2502 3082 2573 juniperus;
3141 2519 3254 2571 xvx,
3314 2504 3750 2575 Remonphares,

2153 2588 2208 2644 id
2239 2597 2322 2645 est
2350 2589 2535 2662 punici
2567 2590 2696 2645 mali
2724 2590 2958 2656 divisio;
2993 2607 3132 2658 xvn,
3167 2592 3389 2659 Lebria,
3420 2591 3475 2647 id
3503 2599 3588 2649 est
3615 2592 3751 2648 late-

2152 2694 2312 2747 rem;
2343 2695 2502 2744 xvnx,
2538 2678 2714 2736 Ressa
2743 2680 2889 2752 quod
2930 2681 3165 2736 vertitur
3223 2681 3278 2736 in
3335 2678 3520 2737 frenos
3550 2699 3565 2749 ;
3623 2697 3746 2748 xxx,

2150 2767 2325 2835 Calta,
2356 2767 2413 2823 id
2442 2776 2527 2825 est
2555 2767 2789 2824 ecclesia
2820 2791 2834 2833 ;
2866 2786 2969 2839 xx,
3003 2770 3234 2841 Sepher,
3280 2769 3337 2825 id
3375 2774 3460 2826 est
3505 2770 3747 2841 pulchri-

2151 2872 2320 2938 tudo;
2356 2889 2480 2940 xxx,
2521 2874 2708 2942 arada,
2744 2874 2799 2930 id
2827 2881 2911 2930 est
2942 2874 3270 2932 miraculum
3306 2893 3320 2940 ;
3371 2890 3512 2941 xxxx,
3558 2876 3739 2931 Mace-

2146 2960 2284 3029 loth,
2314 2962 2370 3018 id
2401 2970 2485 3018 est
2529 2971 2754 3031 coetus;
2808 2979 2975 3031 χχιιι,
3034 2965 3237 3032 Tbaad,
3297 2964 3352 3020 id
3407 2972 3490 3020 est
3526 2980 3737 3036 pavor;

2145 3066 2297 3121 xxxv,
2327 3051 2525 3120 Thare,
2559 3052 2616 3107 id
2648 3061 2734 3108 est
2762 3053 2956 3108 militia
2987 3053 3076 3109 vel
3106 3060 3361 3125 pastura;
3424 3068 3563 3120 xxv,
3623 3054 3738 3108 Me-

2141 3140 2324 3208 thcha,
2349 3140 2405 3196 id
2427 3151 2508 3197 est
2528 3142 2963 3212 dulcedo;xxvx,
3001 3143 3261 3211 Esmona,
3302 3142 3358 3197 id
3398 3150 3480 3198 est
3514 3141 3737 3197 festina-

434 3234 615 3301 trium,
640 3234 766 3307 quia
786 3232 1062 3290 inﬁximus
1082 3251 1255 3309 usque
1273 3237 1347 3293 ad
1365 3238 1511 3295 hunc
1529 3237 1709 3295 locum
1733 3256 1748 3294 :
1817 3239 2037 3297 Primus
2065 3227 2114 3290 C
2142 3238 2217 3295 tio
2246 3256 2260 3303 ;
2294 3254 2464 3309 xxvxx,
2497 3240 2799 3308 Moseroth,
2825 3240 2879 3296 id
2901 3248 2981 3297 est
3013 3240 3308 3307 vinculum,
3340 3239 3427 3296 vel
3457 3238 3739 3312 disciplina

429 3324 672 3382 coatinet
699 3323 975 3397 planctum
1008 3324 1369 3397 captivorum,
1393 3326 1486 3400 qui
1515 3343 1641 3384 esse
1692 3327 1885 3384 nolunt
1928 3330 2039 3386 sub

431 3413 693 3471 dominiis
718 3413 998 3472 vitiorum.
1033 3415 1323 3471 Secundus
1352 3417 1686 3477 voluntatem
1716 3418 1862 3491 fugae
1917 3419 2038 3476 daa-

434 3510 721 3577 monstrat,
753 3503 1052 3560 dummodo
1080 3505 1322 3577 propriis
1347 3506 1617 3562 Dominus
1639 3505 1772 3565 velit
1800 3524 1898 3564 eos
1923 3525 2043 3564 sus-

432 3591 617 3666 cipere
653 3608 718 3650 ac
754 3607 871 3650 non
908 3608 942 3649 a
979 3608 1040 3649 se
1102 3593 1401 3665 repellere.
1473 3594 1690 3652 Tertius
1754 3596 2041 3653 consilium

434 3682 553 3755 agit
589 3681 811 3756 quando
850 3680 1025 3757 fugiat
1058 3698 1404 3755 praesumens
1430 3684 1546 3754 jam
1570 3684 1640 3741 de
1668 3686 2040 3758 susceptione.

435 3783 644 3839 Bonum
672 3780 963 3839 consilium
992 3780 1317 3853 adipiscitur
1340 3782 1497 3855 juxta
1528 3784 1699 3841 verba
1744 3786 2032 3842 Introitus.

437 3871 688 3928 Diximus
724 3878 838 3927 tres
866 3871 1077 3944 gradus
1097 3870 1387 3929 nitentium
1418 3872 1487 3927 ad
1517 3888 1786 3945 pugnam,
1841 3874 2043 3930 simili-

437 3968 521 4019 ter
549 3960 782 4018 dicimus
809 3968 917 4017 tres
946 3959 1205 4016 articulos
1235 3960 1517 4032 triumphi,
1570 3961 1627 4018 id
1672 3971 1759 4019 est
1804 3963 2043 4035 primam

439 4049 689 4111 Sabbati.
710 4057 1092 4122 quartamque,
1123 4056 1177 4106 et
1205 4049 1513 4121 septimam.
1538 4051 1639 4106 Per
1667 4052 1892 4108 eosdem
1914 4054 2045 4109 arti-

440 4138 596 4197 culos
622 4138 860 4211 p0pulus
889 4137 1061 4194 Israel
1091 4137 1163 4193 ad
1189 4137 1412 4210 plenam
1444 4138 1753 4196 libertatem
1775 4143 2043 4214 pervenit.

441 4229 585 4285 Nam
617 4226 812 4283 revisio
840 4226 1016 4300 prima
1040 4228 1177 4284 facta
1206 4236 1290 4284 est
1317 4227 1420 4284 sub
1449 4228 1759 4286 Zorobabel
1803 4231 1944 4287 duce
1992 4238 2047 4290 et

441 4319 574 4376 Jesu
603 4315 890 4374 sacerdote
921 4331 1145 4390 magno.
1177 4316 1434 4375 Secunda
1463 4317 1669 4375 revisio
1698 4319 1802 4376 sub
1848 4321 2045 4392 Esdra,

445 4406 589 4464 sicut
616 4404 689 4461 ab
717 4404 911 4462 eodem
955 4404 1220 4477 scriptum
1277 4413 1410 4472 est;
1458 4407 1557 4464 sed
1615 4407 1855 4465 nondum
1913 4411 2051 4467 muri

446 4504 789 4565 Hierusalem
811 4502 1121 4562 reaediﬁcati
1133 4512 1280 4574 sunt,
1296 4505 1453 4579 etqui
1472 4515 1851 4563 remanserant
1871 4516 1925 4563 et
1945 4508 2049 4565 de-

2147 3327 2336 3384 saeculi
2369 3346 2383 3394 ;
2415 3344 2609 3397 xxvxxx,
2643 3330 2993 3396 Banetacam,
3025 3328 3083 3384 id
3114 3337 3194 3385 est
3228 3328 3326 3384 ﬁlii
3354 3328 3693 3385 necessitatis
3723 3346 3736 3388 ;

2148 3432 2307 3482 xxxx,
2345 3416 2583 3490 Galgad,
2620 3418 2675 3473 id
2708 3426 2790 3474 cst
2818 3418 3037 3474 nuntius
3072 3418 3188 3475 sive
3220 3418 3487 3474 accinctio
3514 3417 3601 3475 vel
3646 3432 3741 3473 oc-

2149 3506 2290 3563 cisio
2326 3523 2339 3572 ;
2372 3523 2517 3573 xxx,
2552 3507 2899 3575 Hiethebata,
2931 3507 2985 3563 id
3018 3517 3102 3564 est
3130 3507 3344 3563 bonitas
3375 3522 3389 3577 ;
3423 3522 3569 3573 xxxx,
3630 3505 3740 3561 Eb-

2149 3618 2303 3670 rona,
2340 3604 2391 3659 id
2426 3612 2509 3661 est
2538 3604 2805 3660 transitus
2838 3621 2853 3671 ;
2884 3620 3074 3672 xxxix,
3127 3604 3494 3679 Asiongaber,
3553 3604 3607 3658 id
3663 3608 3741 3658 est

2148 3691 2298 3766 ligna
2322 3692 2429 3747 viri
2461 3711 2475 3759 ;
2506 3707 2714 3760 χχχιιι,
2750 3694 2865 3760 Sin,
2899 3710 3021 3766 quae
3051 3701 3134 3750 est
3161 3693 3347 3757 cades,
3392 3693 3449 3749 id
3496 3700 3581 3748 est
3620 3706 3737 3747 san-

2149 3789 2238 3838 cta
2270 3795 2285 3851 ;
2320 3797 2523 3848 xxxiv,
2557 3781 2637 3838 Or
2668 3781 2721 3836 in
2758 3791 2942 3837 monte
2976 3797 2989 3851 ;
3022 3797 3209 3849 xxxv,
3243 3782 3515 3849 Salmona,
3565 3779 3620 3836 id
3664 3788 3741 3835 est

2149 3870 2502 3942 imaguncula
2535 3889 2549 3936 ;
2582 3885 2784 3938 xxxvx,
2819 3871 3048 3939 Phinon,
3072 3871 3124 3926 id
3161 3878 3246 3927 est
3274 3886 3466 3927 omnes
3487 3889 3502 3938 ;
3523 3882 3736 3937 xxxvxx,

2153 3959 2356 4026 Obotlx,
2390 3960 2445 4015 id
2475 3967 2559 4015 est
2583 3960 2789 4032 imago,
2826 3961 2910 4017 vel
2941 3961 3198 4031 pbitones
3223 3975 3238 4031 ;
3268 3975 3494 4026 xxxvnx,
3545 3958 3738 4014 Hieba-

2151 4064 2296 4115 rum,
2329 4048 2380 4103 id
2412 4055 2497 4103 est
2516 4063 2744 4104 acervus
2774 4048 3014 4121 lapidum
3046 4069 3066 4117 ;
3094 4063 3305 4114 xxxxx,
3334 4048 3529 4114 Dibon,
3563 4046 3620 4102 id
3663 4053 3740 4101 est

2153 4145 2404 4213 fortiter;
2439 4161 2524 4212 XL,
2558 4145 3098 4214 helmondablataim,
3159 4146 3213 4202 id
3270 4152 3356 4201 est
3409 4151 3738 4217 contemptus

2155 4235 2460 4291 balatarum
2494 4262 2508 4305 ;
2540 4251 2649 4302 χιι,
2682 4236 2921 4292 Abarum
2952 4236 3005 4290 in
3038 4235 3319 4292 montibus
3347 4241 3531 4291 contra
3559 4233 3740 4291 faciem

2153 4325 2365 4389 Nabor,
2391 4324 2444 4380 id
2475 4333 2560 4381 est
2588 4325 2643 4380 in
2673 4332 2891 4380 montes
2920 4324 3339 4393 transeuntium,
3361 4324 3565 4390 Nabor,
3596 4322 3645 4378 id
3664 4329 3738 4378 est

2156 4413 2444 4471 conclusio
2477 4428 2491 4485 ;
2526 4429 2655 4481 xm,
2688 4415 2742 4469 in
2773 4414 3176 4486 campestribus
3215 4413 3375 4470 Moab
3423 4429 3590 4486 super
3638 4413 3740 4468 Jor-

2157 4503 2379 4560 danem.
2412 4504 2542 4560 Haec
2569 4513 2696 4560 sunt
2721 4519 2829 4559 χιιι
2855 4503 3173 4559 mansiones
3222 4518 3345 4575 qum
3392 4510 3643 4558 notantur
3686 4500 3738 4555 in

447 4594 629 4655 relicti
655 4601 783 4650 sunt
806 4594 879 4651 de
906 4593 1219 4666 captivitate
1248 4595 1303 4650 in
1334 4594 1625 4652 aﬁlictione
1652 4604 1824 4652 erant.
1865 4597 2047 4655 Tertia
2076 4593 2127 4653 D
2160 4608 2277 4648 XLII
2307 4592 2527 4650 diebus.
2560 4593 2660 4649 Tot
2714 4594 2875 4650 etiam
2943 4592 3330 4665 generationes
3374 4590 3571 4648 Christi
3623 4606 3736 4647 cum

448 4685 655 4746 revisio
692 4684 837 4741 facta
873 4691 959 4741 est
995 4684 1098 4739 sub
1134 4684 1353 4754 eodem,
1423 4688 1505 4742 sic
1569 4685 1717 4740 enim
1783 4686 2049 4758 scriptum

447 4785 530 4835 est
554 4795 568 4833 :
594 4798 618 4825 ιι
644 4774 864 4830 Miserat
882 4780 1064 4830 autem
1086 4789 1182 4830 rex
1201 4773 1484 4846 principes
1501 4773 1737 4829 militum
1758 4782 1807 4830 et
1831 4776 2049 4848 equita-

448 4875 536 4924 tus
550 4866 630 4936 (Π
652 4864 807 4922 Εσάν.
830 4864 910 4933 xx),
940 4885 954 4913 ι
975 4870 1030 4919 et
1046 4863 1207 4934 paulo
1218 4870 1379 4935 post:
1411 4887 1433 4913 ιι
1458 4864 1524 4919 Et
1543 4864 1666 4919 veni
1684 4864 2047 4934 Hierusalem,

450 4964 504 5014 et
531 4970 688 5012 eram
715 4952 792 5009 ibi
821 4952 993 5008 tribus
1021 4951 1218 5007 diebus
1245 4952 1448 5025 (ibid.).
1483 4975 1506 5001 υ
1544 4953 1741 5009 Postea
1793 4954 2052 5011 Neemias

449 5042 738 5104 ediﬁcavit
757 5039 1209 5112 templum.Quad
1217 5057 1349 5114 rage
1357 5042 1540 5098 uarius
1555 5057 1771 5115 quoque
1787 5059 2051 5101 numerus

451 5131 723 5208 signiﬁcat
751 5129 1069 5188 conflictum
1102 5128 1384 5187 Ecclesia).
1442 5130 1719 5188 Perfectus
1768 5140 1855 5188 est
1904 5134 2053 5189 enim

452 5241 518 5283 eo
548 5222 694 5299 quod
722 5237 754 5277 a
784 5218 1137 5293 quaternario
1166 5225 1447 5291 nascatur,
1479 5238 1601 5294 quae
1655 5221 1921 5294 perfectio
1967 5231 2054 5280 est

2159 4691 2426 4748 Jechonia
2454 4690 2540 4746 bis
2570 4698 2885 4763 computata
2913 4700 2968 4747 et
3009 4690 3204 4747 eodem
3259 4690 3498 4747 Christo.
3562 4687 3736 4745 Merito

2160 4780 2327 4853 igitur
2354 4780 2550 4836 eodem
2584 4780 2931 4837 mansionum
2961 4797 3188 4836 numero
3223 4780 3291 4834 ad
3328 4779 3601 4835 caelestem
3643 4793 3737 4848 pa-

2160 4869 2602 4931 triamtenditur.
2647 4886 2756 4943 quo
2795 4869 2889 4925 ﬁlii
2913 4869 3087 4925 lsrael
3105 4869 3174 4925 ad
3202 4876 3401 4924 terram
3428 4866 3735 4941 promissio-

2161 4959 2246 5015 nis
2273 4966 2559 5016 venerunt.
2592 4960 2658 5014 Et
2687 4959 2884 5015 merito
2913 4959 3005 5032 qui
3034 4959 3104 5014 ad
3132 4957 3403 5015 Christum
3448 4964 3731 5024 transeunt,

2160 5064 2259 5119 per
2295 5048 2624 5119 baptismum
2680 5049 2876 5105 eodem
2941 5063 3169 5104 numero
3233 5047 3306 5103 ad
3368 5062 3491 5103 eum
3553 5062 3735 5117 perve-

2163 5136 2336 5207 niunt,
2378 5152 2486 5208 quo
2529 5136 2776 5194 Christus
2842 5137 2912 5194 ad
2977 5153 3079 5193 nos
3142 5136 3435 5209 pervenire
3488 5134 3727 5207 dignatus

2163 5234 2274 5283 est.

1177 5503 1756 5600 DOMINICA
1824 5506 1945 5598 IN
2012 5506 3015 5622 QUINQUAGESIMA.

1724 5680 2144 5747 Secumdum
2175 5682 2462 5747 Lucam.

522 5836 545 5863 α
582 5808 907 5882 Assumpsit
933 5810 1093 5868 Iesus
1120 5812 1408 5872 duodecim
1438 5813 1738 5887 discipulos
1785 5831 1936 5887 suos,
1999 5825 2053 5875 et

448 5901 521 5957 ait
552 5901 660 5959 illis
695 5921 708 5959 :
742 5901 888 5957 Ecce
918 5900 1266 5959 ascendimus
1298 5904 1765 5979 Hierosolymam,
1804 5913 1858 5961 et
1915 5919 2043 5962 con-

2161 5817 2580 5874 summabuntur
2601 5814 2783 5873 omnia
2813 5831 2934 5887 quin
2964 5814 3169 5887 scripta
3198 5822 3325 5871 sunt
3359 5814 3429 5870 de
3481 5812 3613 5870 Filio
3654 5814 3733 5869 ho-

2162 5906 2350 5961 minis.
2384 5904 2657 5961 Tradetur
2686 5900 2829 5959 enim
2860 5903 3145 5977 gentibus,
3178 5914 3231 5961 et
3256 5903 3528 5972 illudetur,
3567 5911 3615 5957 et
3646 5901 3731 5957 ila-
