3956 6418
347 403 449 457 199

1250 395 1308 454 ν.
1351 395 1690 455 GUIBEBTI
1733 393 2028 453 ABBATIS

2227 391 2406 452 ᾹΒΙᾸΞ
2447 395 2533 451 DE
2573 389 2970 452 NOVIGENTO
3767 407 3852 452 2W

349 532 452 586 dat
495 533 555 585 in
583 533 907 600 Egyptum,
964 543 1034 584 ne
1082 528 1304 583 deﬂuas
1334 527 1597 583 videlicet
1645 526 1716 582 ad
1747 525 2049 581 conformi-
2089 525 2137 578 Α
2166 525 2500 590 virtutibus,
2535 523 2622 578 vel
2657 524 2730 579 ab
2765 523 2900 593 ipsis
2928 522 3164 578 rationis
3195 524 3466 592 motibus,
3513 525 3710 582 locum
3762 528 3850 582 sibi

345 628 518 676 tatem
560 619 926 675 saecularium
972 618 1066 671 sed
1116 620 1327 686 quiesce
1357 619 1413 669 in
1445 622 1610 680 terra,
1657 631 1820 684 quam
1851 615 2043 667 dixero

347 708 474 774 tibi;
533 707 728 777 (Vens.
783 707 858 772 3.)
918 711 969 760 et
1023 707 1372 774 peregrinare
1417 707 1473 757 in
1519 719 1600 756 ea.
1653 705 1698 758 A
1749 703 1942 758 labore
1988 708 2044 758 et

344 810 516 851 onere
581 795 875 850 saecularis
943 793 1152 863 negotii
1201 792 1258 846 in
1329 791 1507 845 solido
1563 790 1907 845 humilitatis
1991 797 2043 844 te

343 883 666 952 deprimens
733 883 1048 950 consopire,
1118 894 1218 934 nec
1294 879 1504 934 habeas
1569 879 1658 933 hic
1713 885 2037 932 manentem

346 971 656 1037 civitatem,
699 970 794 1025 sed
867 970 1123 1025 futuram
1197 969 1502 1036 pereginns
1561 966 1789 1036 inquire
1856 967 2039 1035 (Hebr.

346 1062 498 1128 xm);
529 1067 791 1114 oneratos
829 1073 965 1112 sane
993 1066 1047 1112 et
1080 1057 1404 1111 laborantes
1435 1070 1572 1108 voco
1601 1063 1665 1109 ut
1720 1055 2038 1124 quiescant,

346 1155 400 1203 et
422 1148 643 1202 discant
686 1147 826 1217 quia
856 1146 1010 1201 mitis
1039 1159 1188 1209 smn,
1226 1153 1280 1198 et
1337 1143 1573 1198 humilis
1610 1143 1778 1197 corde
1823 1142 2040 1212 (Matth.

347 1251 422 1303 x1,
469 1237 578 1299 29).
633 1235 759 1288 Tibi
805 1237 947 1288 enim
981 1239 1030 1286 et
1084 1236 1280 1286 semini
1328 1238 1416 1284 tuo
1469 1232 1608 1284 dabo
1638 1236 1922 1285 universas
1965 1246 2045 1282 re—

344 1328 525 1391 giones
568 1323 688 1386 has,
744 1323 905 1378 bonae
955 1321 1168 1376 scilicet
1202 1328 1314 1374 tuae
1365 1321 1565 1374 merito
1615 1318 1948 1384 voluntatis,
1989 1323 2045 1372 et

344 1413 499 1482 operi
527 1421 624 1468 tuo
656 1411 808 1482 quod
845 1410 902 1464 in
933 1424 1090 1479 spem
1141 1409 1325 1478 frugis
1371 1415 1599 1463 aeterna:
1635 1407 1726 1462 hic
1773 1408 2042 1472 seminas,

345 1502 486 1554 dabo
535 1508 772 1555 cunctos
819 1499 1076 1567 corporis
1120 1499 1202 1552 tui
1266 1511 1471 1551 sensus
1533 1495 1920 1566 possidendos,
1989 1501 2045 1549 et

345 1590 746 1658 rationisjure
799 1587 1157 1657 premendus.
1232 1587 1326 1640 Hae
1368 1593 1502 1640 sunt
1553 1585 1733 1646 enim.
1791 1598 1923 1652 quae
1987 1584 2042 1637 in

347 1679 660 1746 Evangelio
708 1677 852 1732 bene
901 1674 1298 1730 fenerantibus
1331 1674 1738 1729 attribuuntur
1787 1671 2046 1725 civitates

349 1769 502 1837 (Luc.
539 1780 660 1832 XIX,
697 1768 782 1830 t7,
833 1767 945 1833 t9),
990 1770 1046 1818 ct
1080 1763 1135 1817 in
1164 1762 1384 1832 psalmo
1414 1763 1587 1814 latera
1617 1762 1804 1814 domus
1843 1759 2046 1828 appel-

2151 612 2302 668 intra
2323 613 2580 668 eamdem
2625 612 3029 667 conscientiam
3073 612 3315 668 viriliter
3352 614 3550 670 adhuc
3578 615 3856 671 vindican-

2151 700 2323 756 tibus.
2393 700 2703 756 discutitur
2759 714 2934 770 super
2981 707 3136 755 statu
3191 701 3527 770 voluntatis,
3582 717 3726 770 suae,
3771 703 3854 757 sed

2148 802 2398 843 sororem
2422 802 2584 843 suam
2619 803 2740 843 esse
2769 788 3090 858 respondet,
3147 787 3286 843 dum
3315 804 3429 844 non
3491 789 3852 846 intellectuali

2144 876 2382 945 judicia,
2425 891 2490 931 ac
2539 877 2586 931 si
2621 877 2868 932 maritali
2917 877 3170 944 imperio,
3205 877 3302 931 sed
3353 891 3456 946 pro
3507 879 3712 933 liberae
3759 894 3850 948 po-

2153 965 2367 1020 testatis
2409 966 2649 1020 arbitrio
2697 965 3053 1020 voluntatem
3101 966 3282 1034 ipsam
3327 980 3384 1020 se
3428 980 3603 1034 agere
3652 966 3848 1023 ell’ectu

2150 1052 2335 1121 magis
2372 1065 2550 1121 quam
2577 1065 2712 1106 voce
2751 1051 3026 1121 perhibet,
3082 1051 3223 1106 dum
3279 1053 3668 1108 tentationum
3703 1054 3847 1108 moli-

2152 1140 2260 1195 bus
2301 1140 2470 1195 obrui
2518 1147 2768 1205 veretur,
2819 1139 2863 1193 si
2915 1139 3176 1194 resistere
3213 1154 3406 1208 pravae
3455 1143 3738 1211 cuiquam
3795 1141 3848 1195 li-

2150 1229 2351 1282 centiae
2403 1236 2606 1297 paret:
2683 1228 2772 1282 Sic
2839 1230 3043 1282 mentis
3101 1229 3344 1297 speciem
3414 1229 3646 1299 aliquos
3714 1231 3851 1284 inter

2150 1317 2439 1372 molestias
2485 1329 2715 1371 servare
2751 1317 2943 1371 taedet.
2993 1317 3208 1371 Ibidem
3261 1318 3508 1372 moranti
3556 1319 3680 1372 dies
3737 1320 3850 1387 pla-

2149 1408 2281 1458 rimi
2329 1411 2752 1475 pertranseunt,
2801 1419 2933 1459 cum
2965 1406 3239 1474 cuiquam
3273 1406 3665 1474 jintepescenti
3715 1408 3853 1461 mulc

2151 1501 2342 1550 tarum
2394 1492 2904 1562 intelligentiarum
2953 1493 3435 1557 ratiocinationes,
3469 1503 3524 1549 et
3567 1496 3849 1551 virtutum

2153 1569 2592 1647 recbrtlationes,
2627 1595 2691 1634 ac
2738 1582 2781 1633 si
2827 1581 3094 1650 quaedam
3139 1581 3365 1636 dierum
3407 1597 3465 1636 se
3512 1583 3701 1638 altera
3743 1591 3852 1650 post

2153 1671 2388 1724 alteram
2431 1670 2704 1736 ingerunt
2734 1669 3041 1733 Iclaritates
3070 1671 3376 1723 Abimelech
3423 1671 3704 1740 prospicit
3759 1685 3854 1740 per

2156 1760 2474 1824 fenestram,
2521 1772 2653 1812 cum
2703 1758 2998 1812 saecularis
3029 1757 3274 1826 quilibet
3316 1757 3386 1812 ad
3437 1760 3618 1828 patris
3649 1759 3851 1814 diaboli

349 1822 546 1914 lantur
572 1854 738 1924 (Psal.
775 1822 988 1918 cxxvtt,
1042 1851 1116 1918 3),
1150 1850 1437 1905 universae
1477 1849 1738 1904 videlicet
1791 1847 2048 1917 corporis
2087 1822 2129 1876 Β
2159 1846 2407 1901 attinens
2455 1860 2722 1915 regnum,
2771 1845 3088 1915 spiritualis
3138 1846 3464 1916 cujuspiam
3512 1855 3731 1903 statum
3783 1849 3854 1901 ri-

348 1943 526 2000 nostri
556 1949 767 2012 partes.

422 2031 600 2086 Vens.
655 2029 709 2082 4.
756 2057 812 2069 -
851 2027 1140 2096 Complens
1184 2026 1557 2094 juramentum
1596 2024 1741 2093 quod
1781 2023 2050 2093 spopondi

350 2121 634 2176 Abraham
696 2118 852 2186 patri
910 2122 1019 2169 tuo.
1083 2116 1162 2168 Et
1230 2115 1600 2182 multiplicabo
1656 2130 1831 2167 semen
1897 2119 2047 2166 tuum

348 2212 493 2264 sicut
534 2207 716 2262 stellas
774 2207 910 2268 carli,
953 2205 1008 2258 id
1061 2212 1145 2258 est
1206 2204 1494 2272 perliciam
1559 2201 1846 2271 quidquid
1905 2201 2044 2256 illud

349 2306 431 2352 est
462 2295 714 2351 scientiae
765 2307 833 2349 ac
863 2292 1252 2352 rectitudinis,
1312 2291 1466 2360 quod
1505 2299 1657 2345 certo
1712 2291 1924 2345 certius
1955 2289 2048 2342 in-

349 2385 524 2440 servit
563 2384 815 2438 scientiae
849 2380 1375 2440 intellectualitatis,
1412 2393 1542 2448 quae
1572 2379 1672 2433 tibi
1720 2378 2048 2447 patrocina-

352 2481 466 2537 tur,
491 2480 545 2528 et
575 2485 750 2540 opera
780 2478 881 2526 tua
901 2468 992 2522 vel
1019 2475 1169 2522 certe
1191 2466 1477 2520 intentam
1520 2466 1786 2535 gratiam,
1821 2466 1890 2520 de
1930 2477 2048 2534 qua

351 2562 509 2617 velut
535 2575 567 2616 e
605 2559 821 2614 semine
848 2559 1194 2626 proserpunt
1233 2555 1430 2609 eadem
1461 2567 1637 2622 opera
1677 2556 1836 2618 sicut,
1883 2552 1938 2607 id
1966 2560 2049 2608 est

351 2657 569 2720 utpote,
598 2649 803 2712 stellas,
837 2645 1082 2701 virtutes
1131 2642 1362 2707 scilicet,
1405 2656 1535 2711 quae
1564 2649 1618 2697 et
1657 2642 1798 2697 ctelo
1843 2642 2050 2696 mentis

353 2747 466 2794 tuae
517 2736 859 2805 iutulgeant,
913 2741 968 2788 et
1033 2740 1219 2797 terrae,
1293 2729 1708 2800 peccatoribus,
1786 2729 2049 2784 videlicet

351 2827 684 2898 quibusque
729 2824 921 2878 lumen
949 2820 1193 2888 exempli
1235 2819 1548 2887 prtebeant.
1585 2819 1843 2887 Daboque
1875 2823 2050 2887 poste-

350 2920 428 2970 ris
461 2917 569 2969 tuis
592 2915 874 2967 universas
903 2911 1148 2980 regiones
1181 2909 1298 2972 has,
1333 2907 1439 2962 hoc
1467 2914 1550 2962 est
1583 2906 2046 2976 impassibilitati,

351 3013 406 3060 et
437 2999 962 3070 incorruptibilitati
1006 3005 1120 3052 tuae
1146 3011 1274 3066 quae
1304 3003 1429 3066 post
1463 2995 1517 3050 id
1559 2995 1716 3066 quod
1759 3010 1920 3051 nunc
1964 3003 2049 3051 est

354 3093 412 3148 in
460 3089 889 3162 regeneratione
945 3086 1046 3142 tibi
1099 3086 1393 3140 nascitura
1442 3092 1602 3151 sunt,
1661 3083 1802 3137 dabo
1849 3097 2049 3138 omnes

353 3182 513 3237 beate
561 3177 898 3234 obtinendas
939 3174 1128 3230 carnis
1157 3182 1212 3229 et
1250 3173 1458 3228 animae
1507 3171 1918 3228 distinctiones.
1967 3172 2049 3226 Et

354 3270 730 3325 benedicentur
779 3268 838 3319 in
890 3267 1088 3319 semine
1124 3268 1214 3316 tuo
1280 3276 1458 3316 omnes
1510 3267 1690 3330 gentes
1740 3266 1916 3328 terrae,
1989 3261 2048 3316 in

352 3356 636 3430 spirituali
660 3354 891 3418 scilicet,
941 3364 1060 3422 qua
1089 3351 1335 3406 interius
1362 3350 1598 3419 ungeris
1637 3348 1843 3419 gratia,
1890 3348 2049 3404 mul-

352 3446 773 3518 tiplicabuntur
807 3442 972 3512 quasi
1018 3453 1090 3494 ex
1118 3452 1254 3493 vero
1285 3440 1499 3492 semine
1542 3451 1741 3492 omnes
1760 3451 2048 3506 corporeae

355 3537 426 3592 ad
487 3534 708 3590 cultum
771 3528 995 3600 pietatis
1039 3528 1311 3582 actiones.
1379 3526 1574 3595 (Vens.
1632 3529 1708 3592 5.)
1758 3526 1846 3579 Εο
1904 3525 2050 3588 quod

354 3625 616 3680 obedierit
647 3621 951 3680 Abraham,
986 3615 1223 3686 spiritus
1261 3614 1522 3669 videlicet
1561 3621 1725 3681 tuus,
1751 3617 1871 3668 voci
1900 3630 2048 3683 meae,

355 3713 411 3768 id
475 3718 560 3767 est
603 3705 958 3779 suggestioni
1005 3704 1264 3769 internae,
1316 3707 1366 3755 et
1405 3705 1746 3756 caeremonias
1808 3702 2051 3771 legesque

354 3800 669 3865 servaverit,
699 3811 797 3867 per
820 3791 1223 3850 abstinentiam
1242 3790 1406 3860 plane
1438 3789 1742 3856 malorum,
1768 3791 2046 3846 bonorum

355 3889 778 3949 observantiam
835 3881 1110 3955 attigerit.
1175 3881 1538 3936 Caeremoniae
1593 3894 1798 3949 nempe
1863 3893 1898 3934 a
1955 3897 2043 3933 ca-

353 3979 521 4034 rendo
564 3975 730 4048 quasi
795 3970 1124 4029 carimoniae
1172 3968 1408 4035 dicitur,
1477 3966 1632 4037 quod
1697 3965 1907 4021 illicitis
1975 3967 2046 4021 ad

355 4067 456 4124 Dei
483 4067 675 4137 legum
725 4061 1041 4119 custodiam
1080 4070 1276 4112 carere
1304 4054 1707 4125 aequanimiter
1737 4054 2043 4124 patiamur.

425 4156 597 4213 Vens.
645 4156 702 4219 6,
743 4156 797 4217 7,
849 4152 903 4212 8,
952 4150 1004 4202 9.
1043 4174 1113 4186 ——
1165 4145 1375 4199 Mansit
1414 4145 1602 4210 itaque
1648 4143 1810 4196 Isaac
1843 4145 1899 4197 in
1947 4143 2046 4199 Ge-

353 4260 504 4300 rara.
568 4243 675 4308 Qui
717 4254 837 4293 cum
875 4237 1309 4300 interrogaretur
1363 4247 1399 4284 a
1434 4233 1574 4285 viris
1616 4231 1720 4284 loci
1755 4231 1908 4285 illius
1955 4245 2046 4284 su-

351 4349 450 4402 per
501 4343 671 4384 umore
697 4343 817 4392 sua,
867 4320 1150 4392 respondit
1185 4335 1198 4374 :
1237 4320 1400 4374 Soror
1448 4333 1567 4372 mea
1628 4323 1724 4372 est.
1772 4320 2049 4373 Timuerat

2157 1941 2351 1988 matur
2386 1949 2484 2002 per
2510 1936 2824 2000 fenestram,
2862 1933 2916 1988 id
2949 1942 3032 1988 est
3058 1947 3160 2003 per
3208 1933 3547 1990 exteriorem
3579 1949 3850 1990 sensuum

2158 2021 2575 2077 habitudinem.
2657 2024 2930 2076 Jocantem
3003 2038 3123 2076 cum
3195 2038 3366 2077 umore
3451 2038 3551 2078 sua
3631 2024 3852 2079 Rebecca

2157 2109 2336 2177 videt,
2372 2125 2504 2166 cum
2547 2111 2842 2166 voluntate
2886 2111 2957 2165 ad
3002 2111 3100 2180 jus
3147 2113 3421 2167 uxorium
3467 2113 3676 2168 rationi
3719 2113 3849 2167 sub-

2151 2200 2321 2270 jecta,
2365 2214 2478 2254 non
2509 2200 2578 2254 ad
2626 2205 2767 2254 nos
2817 2199 3008 2254 saeculi
3059 2199 3373 2267 lasciviam,
3425 2201 3522 2257 sed
3565 2201 3718 2257 inter
3749 2201 3850 2256 ad-

2155 2301 2324 2343 versa
2369 2287 2599 2358 conjicit
2633 2287 3044 2353 desideranter
3103 2288 3248 2344 velle
3315 2289 3564 2358 gaudere
3622 2290 3696 2345 ad
3757 2304 3846 2359 pa-

2157 2375 2432 2432 tientiam.
2486 2376 2651 2430 Hunc
2701 2375 2837 2430 talia
2886 2376 3212 2431 molientem
3261 2377 3356 2432 ille
3381 2376 3620 2433 forsitan
3667 2392 3849 2432 saecu-

2158 2464 2296 2519 laris
2324 2464 2679 2533 aggreditur,
2713 2472 2767 2520 et
2797 2464 2866 2519 de
2900 2478 2960 2520 re
3004 2463 3202 2519 divina
3249 2465 3492 2534 propriae
3539 2465 3849 2522 voluntatis

2157 2552 2536 2608 intrenatione
2577 2560 2920 2608 causatur:
2997 2552 3072 2619 Si,
3146 2553 3358 2623 inquit,
3439 2555 3850 2610 rationabiliter

2159 2643 2271 2697 tuis
2319 2641 2495 2696 ﬂuxis
2559 2642 2811 2696 motibus
2873 2641 3183 2710 principari
3253 2643 3607 2709 decreveras,
3659 2656 3768 2697 cur
3803 2648 3850 2694 te

2155 2731 2320 2799 quasi
2367 2729 2635 2784 elTrenem
2691 2737 2746 2785 et
2795 2730 3038 2785 liberum
3092 2739 3286 2798 aperto
3349 2745 3589 2800 operum
3663 2739 3849 2799 tepore

2157 2817 2555 2873 monstrabas?
2619 2820 2818 2881 Timui,
2895 2818 2994 2882 ait,
3067 2832 3140 2873 ne
3207 2820 3479 2875 molestiis
3546 2820 3848 2890 impugna-

2157 2907 2379 2962 tionum
2405 2905 2778 2972 interimerer,
2810 2906 2855 2961 si
2889 2906 3166 2977 refragari
3205 2909 3620 2978 cogitationum
3669 2907 3846 2963 turbati

2157 3008 2424 3050 conarer:
2501 2995 2821 3050 humanum
2877 3009 3014 3065 ergo
3077 2995 3362 3052 habeatur
3428 2997 3706 3062 timuisse,
3757 2994 3843 3049 sed

2157 3083 2420 3138 divinum
2457 3083 2575 3154 jam
2611 3087 2683 3138 sit
2719 3083 2872 3139 vires
2919 3091 3116 3139 contra
3166 3085 3478 3140 vanitatem
3525 3085 3723 3141 saeculi
3761 3097 3839 3138 re-

2155 3172 2485 3242 sumpsisse.
2520 3172 2720 3240 (Vens.
2775 3172 2882 3242 t0.)
2933 3178 3130 3240 Quare,
3179 3176 3260 3228 ait
3310 3175 3634 3242 Abimelech,
3671 3176 3838 3241 impo-

2155 3264 2320 3316 suisti
2364 3262 2558 3315 nobis?
2624 3263 2807 3315 Potuit
2848 3263 2988 3316 coire
3032 3264 3310 3331 quispiam
3359 3262 3426 3316 de
3474 3264 3678 3334 papulo
3731 3275 3841 3314 cum

2156 3365 2326 3403 umore
2353 3355 2468 3412 tua,
2512 3355 2562 3403 et
2590 3349 2892 3404 induar-eras
2936 3365 3098 3419 super
3145 3366 3242 3406 nos
3290 3351 3500 3420 grande
3546 3355 3838 3420 peccatum.

2158 3437 2303 3494 Sunt
2349 3438 2530 3508 aliqui
2586 3438 2909 3506 saeculares,
2961 3447 3016 3494 et
3064 3453 3206 3508 pene
3268 3454 3484 3506 omnes,
3537 3440 3661 3510 qui,
3718 3450 3839 3493 cum

2156 3525 2312 3581 viros
2353 3526 2645 3596 religiosos
2682 3527 3103 3597 aliquantisper
3168 3527 3525 3598 quibuslibet
3597 3527 3842 3583 titubare

2156 3613 2488 3684 collegerint
2520 3614 2720 3685 signis,
2753 3615 2898 3671 dure
2927 3615 3237 3672 admodum
3267 3615 3714 3686 reprehendant.
3741 3615 3839 3678 Tu,

2158 3702 2454 3773 inquiunt,
2496 3703 2597 3774 qui
2632 3703 2952 3759 sanctitatis
2973 3704 3268 3772 speculum
3291 3704 3458 3760 nobis
3485 3704 3602 3760 fore
3630 3703 3844 3760 debue-

2157 3804 2272 3858 ras,
2305 3790 2633 3846 otl‘endiculi
2687 3792 2956 3848 materias
2995 3793 3138 3848 bene
3165 3793 3492 3848 volentibus
3521 3806 3705 3862 quare
3743 3791 3842 3845 im-

2159 3880 2426 3950 ponebas,
2457 3880 2595 3936 dum
2626 3880 2910 3936 voluntati
2941 3889 3077 3948 tuae,
3135 3895 3310 3951 quam
3362 3881 3630 3952 conjugis
3673 3881 3845 3936 instar

2156 3969 2387 4024 subesse
2437 3968 2723 4036 decuerat,
2778 3969 2999 4039 absque
3048 3970 3192 4040 jugo
3242 3970 3402 4026 abire
3449 3971 3644 4026 sinens
3691 3969 3844 4025 frena

2155 4057 2340 4124 laxas,
2370 4057 2634 4126 exemplo
2658 4057 3009 4112 remissionis
3028 4064 3141 4112 tuae
3170 4057 3428 4113 eamdem
3470 4071 3588 4128 qua
3637 4057 3842 4113 volun-

2156 4153 2244 4202 tas
2300 4154 2401 4200 tua
2452 4145 2742 4215 impudica
2788 4145 2908 4215 jam
2947 4147 3065 4201 ruit
3113 4145 3362 4201 lasciviae
3399 4150 3460 4201 et
3507 4147 3720 4202 erroris
3765 4143 3840 4198 lo-

2157 4247 2342 4297 veam,
2371 4233 2582 4304 aliquis
2613 4233 2775 4289 rudis
2801 4241 2854 4290 et
2903 4233 3118 4290 inscius
3149 4234 3494 4304 praecipitari
3537 4242 3742 4305 posset,
3791 4239 3840 4287 et

2153 4337 2227 4378 ex
2269 4330 2319 4379 te
2347 4329 2461 4378 tota
2513 4322 2725 4392 peccati
2770 4336 2954 4378 massa
2997 4322 3055 4377 in
3106 4337 3210 4378 nos
3239 4331 3450 4379 rueret.
3482 4325 3840 4394 Praecepitque

355 4423 496 4475 enim
521 4418 761 4486 conﬁteri
791 4412 937 4484 quod
983 4425 1085 4464 sua
1113 4413 1248 4463 esset
1290 4408 1509 4477 coniux,
1558 4422 1624 4461 ne
1645 4409 1792 4474 forte
1828 4409 2042 4476 interﬁ-

2227 4413 2332 4465 mio
2372 4412 2612 4480 populo:
2663 4411 2858 4477 (Vens.
2907 4415 2990 4477 ιι.)
3035 4411 3140 4477 Qui
3188 4413 3446 4479 tetigerit,
3498 4412 3709 4482 inquit,
3751 4410 3836 4462 ho-

355 4511 529 4561 cerent
575 4521 693 4560 eum
759 4507 981 4573 propter
1028 4500 1180 4554 illius
1239 4496 1724 4568 pulchritudinem.
1811 4497 2049 4564 Cumque

350 4593 776 4664 pertransissent
863 4588 980 4642 dies
1037 4586 1288 4654 plurimi,
1350 4583 1656 4652 ibidemque
1716 4588 2042 4649 moraretur,

353 4683 685 4754 prospiciens
711 4675 1030 4732 Abimelech
1056 4690 1154 4744 per
1189 4675 1504 4739 fenestram,
1535 4671 1677 4725 vidit
1709 4686 1827 4726 eum
1849 4672 2046 4740 ijocan-

355 4777 459 4827 tem
504 4786 624 4826 cum
670 4769 900 4824 Rebecca
947 4779 1116 4820 umore
1157 4777 1276 4816 sua.
1329 4763 1400 4815 Et
1440 4763 1701 4826 accersito
1744 4762 1827 4814 ait
1858 4776 1872 4814 :
1912 4761 2049 4814 Per-

355 4863 600 4930 spicuum
631 4864 709 4913 est
754 4855 899 4927 quod
937 4868 1078 4908 umor
1124 4857 1221 4905 tua
1270 4852 1365 4904 sit.
1413 4878 1485 4888 —
1533 4850 1641 4905 Cur
1683 4851 1940 4903 mentitus
1995 4862 2050 4902 es

356 4963 474 5003 eam
515 4963 748 5002 sororem
792 4953 942 5000 tuam
984 4956 1095 4996 esse
1118 4943 1146 4994 ?
1198 4939 1398 5005 Timui,
1431 4937 1639 5009 inquit,
1697 4953 1765 4992 ne
1814 4953 2052 4992 morerer

352 5043 578 5108 propter
609 5051 746 5089 eam.
793 5031 848 5088 Si
894 5027 1244 5095 Abimelech,
1295 5029 1475 5096 patris
1526 5029 1630 5081 mei
1655 5041 1901 5094 regnum,
1925 5025 2046 5080 dia-

357 5125 472 5183 boli
517 5123 796 5187 videlicet,
850 5118 1006 5189 quod
1061 5125 1196 5173 sunt
1250 5129 1446 5172 omnes
1487 5123 1768 5170 amatores
1822 5113 2046 5182 mundi,

356 5213 511 5271 unde
547 5219 603 5267 et
639 5210 824 5280 ipsum
881 5221 1125 5278 regnum
1165 5206 1399 5272 Gerara,
1451 5203 1505 5259 id
1544 5211 1628 5260 est
1659 5206 1902 5258 colonum
1947 5203 2050 5272 eji-

355 5305 519 5368 ciens,
547 5299 776 5364 dicitur,
812 5297 952 5368 quia
999 5294 1368 5350 conformitas
1405 5293 1607 5349 talium
1649 5306 1685 5348 a
1713 5291 1879 5348 cultu
1910 5305 2049 5362 pro-

356 5389 496 5462 priae
547 5387 757 5443 mentis
796 5387 856 5440 in
906 5383 1270 5454 negligentiae
1307 5395 1556 5437 errorem
1597 5380 1887 5436 hominem
1939 5380 2049 5450 eji-

357 5479 451 5546 cit,
473 5479 638 5532 Isaac
659 5475 958 5539 ibimanet,
983 5473 1122 5528 dum
1153 5472 1206 5526 in
1236 5469 1530 5526 saecularis
1558 5467 1758 5539 gaudii
1783 5469 2049 5524 contuitu

357 5581 520 5623 mens
551 5563 770 5636 pridem
819 5561 1026 5618 caelesti
1077 5561 1295 5616 intenta
1341 5557 1566 5628 torpida
1605 5559 1776 5626 jacet.
1812 5559 1857 5608 Α
1912 5559 2050 5610 viris

360 5657 460 5712 loci
488 5655 638 5710 illius
670 5652 1058 5720 interrogatur
1090 5662 1254 5717 super
1282 5661 1451 5701 umore
1471 5658 1605 5702 cum
1635 5657 1670 5700 a
1699 5643 2050 5714 quibuslibet

2155 4499 2319 4552 minis
2347 4499 2508 4552 istius
2537 4513 2780 4564 umorem,
2811 4504 2979 4553 morte
3015 4501 3292 4552 morietur.
3340 4499 3650 4568 Postquam
3683 4494 3838 4568 quasi

2155 4599 2228 4642 ex
2268 4599 2464 4641 amore
2487 4585 2724 4656 justitiae
2749 4588 3064 4642 correxisse
3081 4587 3301 4656 justum
3335 4596 3595 4656 peccator
3627 4583 3837 4643 videbi-

2157 4681 2274 4740 tur,
2316 4675 2462 4729 idem
2488 4673 2706 4744 ubique
2735 4675 3014 4745 gentium,
3052 4675 3099 4730 si
3139 4675 3360 4744 poterit,
3405 4676 3707 4745 divulgare
3741 4671 3840 4728 sub

2156 4763 2352 4819 eodem
2370 4769 2504 4831 typo
2525 4762 2848 4830 conabitur,
2883 4770 2946 4818 ut
2964 4777 3037 4818 ex
3057 4763 3162 4818 hoc
3190 4763 3318 4832 ejus
3359 4763 3616 4834 nequitia
3647 4762 3839 4834 pallie-

2160 4857 2274 4907 tur.
2314 4849 2397 4905 Ac
2430 4850 2474 4904 si
2505 4850 2760 4920 diceret;
2790 4851 2893 4907 Vir
2937 4851 3039 4906 iste
3068 4852 3223 4921 apud
3262 4866 3364 4907 vos
3403 4866 3504 4922 pro
3533 4847 3841 4908 sanctitatis

2156 4937 2468 4995 simulacro
2506 4937 2848 5005 celebratur,
2895 4938 2991 4994 sed
3037 4939 3228 4995 sciatis
3269 4941 3486 4996 crimen
3529 4943 3836 4996 maximum

2157 5025 2322 5082 illum
2352 5025 2644 5082 incurrere
2663 5025 2766 5096 qui
2785 5027 2913 5096 ejus
2935 5026 3346 5083 malevolentiae
3368 5027 3836 5085 confederabitur.

2227 5113 2402 5170 Vnus.
2460 5116 2544 5173 t2.
2595 5117 2682 5183 l3,
2741 5115 2829 5169 14.
2888 5145 2958 5154 —-
3016 5117 3165 5171 Sevit
3208 5121 3387 5170 autem
3438 5118 3593 5170 Isaac
3642 5122 3700 5172 in
3752 5114 3837 5168 illa

2157 5206 2323 5270 terra,
2353 5207 2404 5257 et
2429 5205 2634 5258 invenit
2687 5205 2747 5258 in
2793 5206 2911 5273 ipso
2957 5220 3100 5260 anno
3151 5207 3478 5274 centuplum.
3529 5205 3836 5262 Benedia‘it-

2157 5307 2261 5360 que
2303 5294 2354 5346 ei
2405 5295 2679 5347 Dominus.
2736 5295 2806 5347 Et
2860 5294 3212 5362 locupletatus
3269 5300 3348 5348 est
3402 5296 3572 5362 homo,
3637 5302 3691 5350 et
3732 5292 3834 5347 ibat

2151 5381 2445 5451 proﬁciens
2488 5387 2652 5450 atque
2689 5397 3042 5448 succrescens,
3093 5383 3256 5438 donec
3293 5399 3524 5452 magnus
3570 5387 3830 5440 vehemen-

2158 5473 2240 5524 ter
2281 5469 2499 5537 e/fectus
2548 5471 2919 5526 est.'Habuit
2963 5483 3172 5542 qmue
3207 5477 3592 5542 possessionem
3648 5477 3830 5530 ovium.

2157 5563 2207 5612 et
2259 5563 2643 5626 armentorum,
2704 5564 2755 5614 et
2809 5562 3040 5626 familiae
3081 5564 3402 5632 plurimum.
3468 5566 3530 5618 In
3588 5566 3691 5619 illa
3741 5570 3832 5616 sua

2158 5645 2488 5706 terrenitate
2511 5649 2672 5704 Isaac
2698 5651 2884 5715 servit,
2902 5649 3062 5717 dum,
3085 5651 3154 5708 de
3183 5651 3446 5708 saeculari
3470 5651 3544 5708 ad
3569 5650 3831 5724 gaudium
