3924 6426
207 447 304 507 851
1221 459 1811 519 DEFLORATIONES
1843 459 1942 515 SS.
1975 457 2285 514 PATRUM.
2319 489 2384 502 --
2414 460 2552 518 LIB.
2593 463 2637 516 Ι.
3473 468 3575 520 858

220 577 565 652 gellabitur,
595 595 658 644 et
679 597 1041 659 conspuetur.
1059 589 1126 644 Et
1157 595 1443 658 postquam
1476 584 1877 658 ﬂagellaverint
1909 581 1962 642 A
1994 591 2194 656 quanto
2224 583 2398 656 magis
2429 593 2674 652 vetatur,
2709 593 2860 642 tanto
2886 585 3062 659 magis
3093 585 3430 642 accenditur.
3461 588 3578 644 Vir-

227 665 494 756 occident
529 686 701 738 eum,
739 680 798 726 et
832 672 987 726 tertia
1017 671 1105 725 die
1136 678 1394 740 resurget
1423 672 1580 734 (Luc.
1629 672 1806 731 xuii).
1850 691 1870 715 η
1986 687 2072 734 tus
2103 681 2247 736 enim
2279 682 2401 736 ﬁin
2434 700 2621 738 secura
2653 693 2731 739 ρει
2762 685 2812 739 in
2845 684 3122 756 periculis_

236 755 297 812 Si
329 760 587 828 apostoli
639 762 813 816 toties
861 760 1166 831 prtemoniti
1197 760 1265 814 de
1296 768 1466 812 morte
1500 757 1734 823 Domini,
1767 765 1875 811 tum

247 862 374 901 eum
405 849 639 920 quando
674 851 1112 920 comprehensus
1162 856 1244 902 est
1275 848 1629 917 reliquerunt,
1677 855 1877 918 quanto

247 945 434 1016 magis
465 947 1009 1013 scandalizarentur,
1044 946 1088 999 si
1127 945 1434 1016 prmmoniti
1482 960 1590 997 non
1621 943 1872 997 fuissent.

255 1035 471 1090 Crebro
510 1035 688 1105 igitur
717 1035 972 1106 praedixit
1003 1035 1103 1103 cis,
1145 1043 1198 1089 et
1244 1034 1514 1105 passionis
1545 1048 1780 1103 poenam,
1825 1040 1876 1086 et

249 1124 688 1180 resurrectionis
711 1124 1035 1196 gloriam,ut
1059 1139 1183 1179 cum
1215 1123 1535 1176 morientem
1566 1133 1870 1186 cernerent,

250 1222 428 1276 etiam
455 1230 909 1277 resurrecturum
943 1236 1050 1274 non
1079 1219 1404 1274 dubitarent.
1454 1218 1610 1287 Quod
1639 1218 1873 1272 ostendit

248 1311 660 1382 prophetarum
691 1309 984 1382 priesagiis
1014 1309 1083 1363 ad
1137 1307 1563 1363 destructionem
1594 1307 1873 1362 haeretico-

251 1415 392 1454 rum
425 1401 475 1453 in
506 1399 759 1454 Ecclesia
794 1397 1120 1453 futurorum.
1171 1421 1194 1445 ε
1247 1396 1317 1451 Et
1359 1396 1461 1466 ipsi
1493 1395 1622 1450 nihil
1679 1397 1869 1450 horum

249 1497 698 1553 intellexerunt.
738 1497 808 1552 Et
838 1505 950 1553 erat
982 1513 1077 1552 ver
1102 1513 1190 1551 um
1229 1495 1380 1550 istud
1412 1495 1789 1550 absconditum
1807 1493 1876 1548 ab

253 1586 372 1653 eis,
409 1595 587 1641 etnon
620 1586 1004 1656 intelligebant
1031 1602 1153 1657 quae
1173 1585 1514 1640 dicebantur.
1559 1608 1580 1631 υ

337 1700 600 1772 Legimus
630 1699 683 1753 in
716 1699 1023 1770 Evangelia
1053 1699 1354 1754 secundum
1385 1699 1649 1752 Joannem
1683 1699 1864 1764 (Joan.

247 1799 390 1866 xu),
423 1798 693 1852 dicentem
731 1816 742 1852 :
782 1821 802 1843 ιι
841 1795 897 1850 Si
929 1796 1197 1852 exaltatus
1244 1795 1396 1850 fuero
1426 1810 1458 1849 a
1487 1803 1650 1861 terra,
1685 1795 1867 1849 omnia

249 1887 488 1940 traham
549 1885 616 1939 ad
668 1885 960 1955 meipsum,
1021 1884 1372 1955 respondisse
1430 1884 1646 1937 turbam
1703 1892 1861 1954 atque

244 1973 504 2028 dixisse.
585 1991 605 2023 ι
639 1974 755 2028 Nos
785 1973 1088 2028 audivimus
1138 1990 1208 2027 ex
1259 1972 1400 2043 lege,
1460 1972 1586 2042 quia
1617 1972 1860 2026 Christus

243 2076 458 2122 manet
489 2067 540 2120 in
572 2076 855 2131 aeternum,
907 2076 959 2122 et
1016 2067 1288 2138 quomodo
1319 2076 1373 2121 tu
1431 2067 1568 2122 dicis
1603 2086 1613 2121 :
1646 2067 1866 2137 Oportet

242 2156 492 2210 exaltari
526 2156 712 2210 Filium
742 2156 1001 2210 hominis.
1045 2180 1067 2203 ι»
1094 2155 1239 2224 Quid
1268 2164 1351 2210 est
1383 2171 1516 2225 ergo
1539 2156 1683 2226 quod
1705 2155 1870 2212 disci-

240 2245 379 2315 puli
412 2245 540 2298 totis
570 2244 674 2298 sibi
707 2245 1026 2314 replicatum
1060 2244 1362 2299 Dominicae
1409 2244 1677 2314 passionis
1707 2260 1867 2300 arca-

239 2349 400 2389 num
457 2342 732 2405 nequeunt
783 2332 1047 2405 [capere],
1073 2342 1122 2388 et
1165 2333 1359 2399 Iudaei,
1403 2333 1469 2387 ad
1517 2350 1683 2388 unum
1738 2349 1867 2388 ver-

243 2432 395 2486 bum
444 2440 496 2487 et
545 2439 652 2486 tam
712 2432 949 2486 obscure
1007 2431 1266 2502 positum,
1308 2440 1361 2486 ut
1393 2431 1496 2486 hoc
1535 2431 1869 2500 expositione

245 2521 498 2592 dignum
528 2520 871 2590 evangelista
901 2520 1046 2575 dicat
1073 2535 1084 2573 :
1114 2544 1134 2566 «
1169 2521 1283 2575 Hoc
1311 2528 1488 2574 autem
1521 2520 1756 2587 dicebat,
1790 2519 1868 2574 in-

247 2610 399 2682 quit,
433 2609 755 2680 signilicans
787 2625 891 2680 qua
941 2618 1110 2664 morte
1143 2617 1287 2663 esset
1341 2608 1642 2672 moriturus,
1683 2632 1704 2656 ι»
1739 2625 1862 2663 mox

247 2706 386 2779 quia
431 2707 608 2762 crucis
667 2705 927 2761 exaltatio
983 2705 1321 2777 signiﬁcetur
1376 2706 1700 2776 intelligunt,
1758 2706 1859 2760 nisi

246 2795 387 2866 quia
416 2794 669 2865 discipuli
701 2794 860 2866 cujus
892 2796 1054 2849 vitam
1088 2794 1330 2849 maxime
1363 2795 1753 2850 desiderabant
1782 2795 1860 2848 vi-

247 2885 417 2946 dere,
451 2885 576 2954 ejus
597 2892 832 2938 mortem
862 2884 1050 2938 audire
1082 2900 1188 2938 non
1233 2891 1504 2954 poterant,
1533 2901 1691 2954 quem
1748 2900 1855 2938 non

247 2981 440 3036 solum
495 2981 773 3036 hominem
825 2981 1189 3047 innocentem,
1233 2981 1327 3035 sed
1382 2989 1434 3036 et
1466 2982 1636 3036 Deum
1669 2997 1856 3035 verum

245 3070 520 3125 sciebant.
556 3071 714 3125 Hunc
745 3069 1049 3124 nullatenus
1077 3070 1214 3124 mori
1246 3069 1329 3124 vel
1362 3086 1524 3140 posse
1555 3070 1845 3140 putabant.

247 3159 366 3214 Sed
397 3174 519 3214 cum
551 3159 620 3214 de
648 3159 907 3229 passione
959 3174 1058 3213 sua
1089 3158 1171 3214 eis
1229 3158 1564 3230 loqueretur,
1597 3159 1856 3230 putabant

247 3247 402 3319 quod
432 3247 535 3302 sibi
565 3263 662 3319 per
693 3247 980 3318 parabolas
1010 3248 1341 3319 loqueretur.

334 3405 355 3428 ιι
395 3381 616 3436 Factum
647 3389 732 3436 est
760 3388 943 3436 autem
972 3397 1092 3436 cum
1118 3381 1584 3454 apprOpinquaret
1611 3382 1852 3448 Iericho,

243 3485 434 3527 caecus
467 3468 693 3541 quidam
752 3469 975 3524 sedebat
1007 3486 1168 3525 secus
1219 3470 1359 3525 viam
1392 3471 1730 3526 mendicans.
1792 3474 1857 3527 Et

240 3575 375 3615 cum
435 3559 649 3612 audiret
707 3559 917 3614 turbam
977 3567 1408 3630 prmtereuntem,
1484 3560 1855 3632 interrogabat

242 3657 386 3728 quid
417 3658 524 3713 hoc
556 3664 730 3712 esset.
800 3656 1056 3712 Dixerunt
1097 3665 1273 3712 autem
1307 3657 1375 3723 ei,
1405 3657 1526 3728 quia
1565 3658 1724 3713 Iesus
1746 3661 1852 3713 Na-

240 3761 490 3801 zarenus
520 3745 795 3800 transiret.
835 3768 856 3793 n
891 3745 1047 3814 Quod
1079 3747 1252 3802 Lucas
1291 3747 1359 3802 de
1401 3762 1525 3813 uno,
1574 3748 1678 3803 hoc
1711 3749 1850 3801 Mat-

237 3836 426 3890 thaeus
458 3834 528 3889 de
557 3834 771 3889 duobus
801 3834 961 3889 caecis
1016 3834 1155 3889 dixit
1209 3835 1282 3889 ita
1312 3851 1539 3890 exorsus
1573 3855 1584 3890 :
1614 3859 1634 3883 α
1671 3837 1851 3908 Egre-

237 3924 456 3987 diente,
499 3923 772 3995 inquiens,
823 3923 952 3978 Iesu
1000 3924 1070 3978 ab
1099 3924 1318 3979 Iericho
1375 3932 1558 3979 secuta
1589 3933 1674 3980 est
1729 3943 1847 3980 eum

237 4021 416 4076 turba
447 4021 614 4075 multa
647 4021 876 4088 (Matth.
917 4021 1026 4091 xx).
1065 4045 1086 4068 η
1121 4020 1272 4075 Multi
1316 4021 1556 4076 latrones
1615 4031 1766 4077 erant
1796 4022 1848 4076 in

235 4111 490 4175 Iericho,
523 4110 615 4180 qui
647 4109 992 4181 egredientes
1021 4110 1090 4164 de
1121 4109 1512 4181 Hierosolymis
1551 4111 1605 4164 in
1633 4111 1848 4166 Iericho

237 4197 563 4254 interficere
614 4207 1010 4254 consueverant
1064 4207 1116 4254 et
1178 4198 1490 4254 vulnerare.
1543 4200 1611 4253 Et
1643 4199 1848 4254 idcirco

240 4287 521 4343 Dominus
552 4302 674 4343 cum
704 4285 986 4357 discipulis
1038 4287 1150 4342 suis
1189 4287 1337 4342 venit
1367 4286 1602 4344 liberare
1651 4289 1846 4343 vulne-

237 4395 401 4442 ratos
415 4427 428 4440 .

323 4542 345 4567 α
378 4519 448 4574 Et
469 4533 596 4573 ecce
616 4517 725 4572 duo
743 4516 896 4580 cteci,
917 4533 980 4572 ex
1000 4516 1196 4589 quibus
1213 4526 1324 4573 erat
1341 4519 1691 4574 Barthimaeus
1705 4519 1846 4574 ﬁlius

234 4607 494 4674 Thimaai,
528 4607 784 4662 sedentes
809 4622 969 4662 secus
1003 4608 1163 4675 viam,
1188 4607 1478 4662 audierunt
1509 4609 1636 4680 quia
1678 4609 1844 4663 Iesus

233 4698 562 4752 Nazarenus
583 4695 856 4762 transiret,
881 4704 932 4750 et
961 4696 1600 4751 clamaveruntdicentes
1635 4713 1648 4752 ε
1683 4721 1704 4744 ιι
1736 4698 1842 4752 Do-

235 4795 414 4858 mine,
439 4793 702 4848 miserere
728 4793 919 4858 nostri,
954 4792 1026 4847 ﬁli
1069 4795 1248 4849 David
1287 4796 1599 4863 (Matlh.xx
1627 4811 1638 4861 ;
1664 4796 1836 4850 Marc.

237 4882 329 4949 χ).
370 4903 390 4926 ιι
428 4877 586 4946 Quod
616 4879 834 4932 Marcus
867 4877 935 4932 de
978 4880 1152 4934 altero
1184 4894 1328 4934 caeco
1361 4887 1520 4944 tacet,
1564 4878 1637 4932 ita
1671 4879 1846 4933 solvi-

239 4975 356 5035 tur,
389 4975 448 5020 ut
477 4967 567 5019 illa
597 4965 774 5020 soluta
805 4973 888 5019 est
920 4967 1149 5036 quaestio
1181 4966 1249 5021 de
1280 4967 1491 5022 duobus
1539 4968 1634 5038 qui
1664 4967 1842 5037 legio-

243 5073 375 5111 nem
406 5055 716 5111 daemonum
751 5053 1092 5125 patiebantur
1119 5055 1173 5108 in
1205 5056 1428 5127 regione
1469 5057 1846 5111 Generaseno-

245 5169 387 5208 rum.
419 5154 558 5208 Nam
592 5153 824 5208 duorum
855 5168 1124 5209 caecorum
1155 5171 1328 5208 unum
1360 5153 1524 5209 fuisse
1554 5153 1848 5209 famosissi-

245 5259 390 5296 mum
424 5242 476 5296 in
501 5243 605 5298 hoc
633 5250 882 5312 apparet,
915 5242 1061 5313 quod
1093 5258 1294 5298 nomen
1331 5242 1490 5298 etiam
1524 5243 1695 5314 patris
1724 5243 1844 5312 ejus

248 5329 720 5387 commemoravit.
762 5330 935 5386 Lucas
963 5347 1093 5386 vero
1122 5331 1370 5403 quamvis
1398 5331 1620 5387 omnino
1649 5331 1840 5387 eodem

249 5429 412 5485 modo
443 5428 647 5485 factum
679 5425 748 5482 de
779 5443 927 5481 caeco
956 5437 1361 5495 commemorat,
1421 5437 1599 5483 tamen
1647 5428 1700 5482 in
1732 5428 1842 5484 alio

247 5535 384 5576 caeco
433 5515 856 5588 intelligendum
905 5523 985 5570 est
1017 5532 1116 5587 par
1143 5533 1576 5573 commemorare
1606 5517 1842 5573 miracu-

243 5607 368 5667 lum.

309 5755 328 5787 ι
361 5731 547 5789 Turba
610 5733 794 5782 autem
828 5726 1142 5799 increpabat
1199 5744 1297 5784 eos
1346 5737 1400 5784 ut
1431 5737 1702 5786 tacerent.
1769 5730 1841 5784 At

238 5833 307 5892 illi
355 5830 545 5901 magis
608 5823 922 5882 clamabant
970 5826 1252 5882 dicentes:
1292 5827 1540 5894 Domine,
1585 5827 1839 5882 miserere

239 5935 417 6006 nostri,
476 5929 557 5986 tili
615 5926 821 5982 David.
877 5946 898 5976 ι
933 5928 1076 5983 Talis
1131 5938 1213 5985 est
1245 5937 1438 5986 natura
1492 5928 1638 5999 ﬁdei,
1693 5929 1838 6001 quod

2060 819 2082 842 ι
2120 797 2188 849 Et
2219 797 2364 850 stetit
2389 797 2549 850 Iesus
2580 805 2634 852 et
2682 797 2998 853 convocavit
3031 814 3126 852 eos
3180 808 3232 852 et
3263 797 3337 852 ait
3372 813 3384 853 :
3434 797 3577 866 Quid

1985 882 2145 938 vultis
2165 891 2218 937 ut
2239 883 2429 938 faciam
2449 886 2643 940 vobis“?
2664 886 2856 941 Dicunt
2874 886 2949 940 illi
2971 904 2982 939 ;
3003 886 3250 951 Domine,
3272 887 3580 956 utaperian-

1986 980 2073 1026 tur
2093 973 2236 1027 oculi
2268 974 2456 1027 nostri.
2495 997 2515 1020 υ
2579 975 2740 1029 Filius
2788 975 2978 1042 David,
3013 975 3064 1029 id
3096 983 3182 1030 est
3211 975 3444 1029 humana
3473 991 3581 1030 na-

1986 1078 2127 1137 tura,
2161 1086 2338 1125 czecos
2367 1070 2678 1126 illuminare
2702 1088 2806 1127 non
2831 1079 3038 1143 potest;
3067 1072 3232 1126 Filius
3253 1080 3429 1127 autem
3453 1072 3574 1139 Dei,

1982 1157 2037 1212 id
2065 1166 2147 1212 est
2175 1157 2377 1224 divina,
2412 1160 2713 1215 illuminare
2745 1169 2945 1230 potest.
2984 1161 3112 1216 Ideo
3143 1161 3424 1233 interrogo
3446 1159 3577 1232 quid

1981 1246 2167 1304 vultis.
2218 1248 2368 1303 Tunc
2427 1247 2502 1303 illi
2553 1250 2668 1319 jam
2726 1266 2831 1304 non
2863 1249 3111 1304 dixerunt
3153 1267 3166 1303 :
3209 1249 3458 1318 Domine,
3499 1248 3557 1302 ﬁl

1981 1345 2173 1410 David,
2207 1345 2304 1400 sed
2331 1354 2532 1400 tantum
2569 1361 2581 1400 :
2628 1369 2650 1395 α
2686 1347 2932 1411 Domine,
2968 1355 3025 1401 ut
3070 1347 3384 1417 aperiantur
3431 1346 3575 1402 oculi

1981 1433 2170 1488 nostri.
2207 1458 2228 1482 υ
2273 1433 2542 1503 Quamdiu
2573 1435 2828 1490 dixerunt
2858 1434 2928 1490 ﬁli
2962 1435 3159 1503 David,
3191 1451 3462 1507 suspensa
3490 1442 3574 1490 est

1981 1521 2187 1576 sanitas
2214 1540 2228 1588 ;
2259 1539 2383 1577 mox
2414 1531 2468 1576 ut
2497 1523 2749 1578 dixerunt
2779 1525 3172 1590 tantummodo,
3212 1524 3466 1590 Domine,
3490 1524 3572 1578 in-

1978 1619 2097 1673 fusa
2129 1627 2236 1674 est.
2277 1621 2353 1674 Ad
2387 1622 2484 1676 hoc
2509 1621 2671 1675 etiam
2703 1621 3021 1694 interrogat,
3057 1631 3111 1676 ιιι
3141 1638 3238 1678 cor
3265 1621 3335 1676 ad
3365 1621 3569 1677 oratio-

1977 1722 2101 1762 nem
2133 1708 2348 1774 excitet,
2384 1709 2507 1779 quia
2547 1709 2659 1764 vult
2689 1726 2717 1763 a
2749 1711 2909 1765 nobis
2953 1712 3054 1766 hoc
3085 1710 3192 1781 peti
3247 1710 3390 1781 quod
3420 1725 3566 1781 prce-

1972 1795 2150 1850 noscit
2183 1811 2216 1851 a
2241 1813 2300 1851 se
2329 1798 2557 1852 concedi
2591 1812 2604 1867 ;
2658 1799 2743 1853 vel
2792 1798 2998 1854 idcirco
3029 1799 3250 1870 requirit
3280 1803 3336 1852 ut
3366 1799 3567 1853 creda-

1972 1911 2095 1949 mus
2126 1913 2233 1951 non
2263 1896 2364 1952 nisi
2396 1897 2742 1954 confitentem
2774 1916 2937 1969 posse
2967 1899 3188 1955 salvari.

2055 2025 2077 2048 ει
2113 2003 2364 2058 Misertus
2395 2013 2576 2058 autem
2609 2021 2796 2060 eorum
2827 2005 2988 2061 Iesus
3036 2006 3209 2078 tetigit
3237 2006 3425 2062 oculos
3467 2023 3564 2062 eo-

1978 2107 2121 2153 rum,
2157 2099 2209 2144 et
2253 2090 2542 2146 confestim
2595 2093 2863 2162 viderunt,
2923 2103 2975 2148 et
3017 2095 3186 2150 secuti
3234 2103 3361 2151 sunt
3417 2111 3563 2163 eum,

1977 2179 2388 2250 magniﬁcantes
2421 2182 2735 2236 Dominum.
2776 2184 2842 2237 Et
2871 2184 3050 2238 omnis
3083 2185 3254 2253 plebs,
3315 2191 3372 2238 ut
3410 2183 3562 2249 vidit,

1977 2267 2126 2321 dedit
2153 2268 2370 2323 laudem
2406 2270 2654 2326 Domino.
2694 2294 2715 2318 η
2740 2271 2939 2342 Tetigit
2990 2272 3176 2327 oculos
3219 2287 3408 2326 eorum
3439 2288 3564 2327 car-

1979 2365 2192 2434 naliter,
2243 2383 2351 2421 non
2410 2369 2594 2432 verbo,
2638 2369 2762 2440 quia
2823 2369 3002 2424 David
3034 2368 3202 2424 ﬁlium
3251 2385 3374 2424 eum
3401 2370 3562 2425 dixe-

1976 2463 2102 2509 runt
2133 2470 2145 2522 ;
2179 2456 2390 2510 sanavit
2420 2464 2476 2510 ut
2505 2457 2670 2523 Deus,
2706 2457 2832 2529 quia
2863 2459 3234 2515 crediderunt.
3263 2459 3564 2513 Transiens

1975 2543 2174 2614 quippe
2205 2559 2378 2598 czecos
2406 2545 2576 2611 audit,
2619 2553 2770 2600 stans
2801 2562 2933 2602 vero
2979 2547 3264 2611 illuminat,
3299 2547 3425 2619 quia
3464 2563 3565 2617 per

1973 2639 2362 2695 humanitatem
2394 2657 2548 2696 suam
2581 2647 2783 2697 nostrae
2813 2644 3032 2698 caetitati
3062 2643 3386 2713 compatitur
3416 2663 3430 2709 ;
3465 2643 3566 2698 sed

1970 2744 2067 2798 per
2088 2729 2385 2799 potentiam
2415 2730 2708 2785 divinitatis
2739 2731 2920 2786 lumen
2967 2732 3124 2787 nobis
3164 2732 3352 2803 gratia:
3381 2731 3565 2786 infun—

1965 2816 2068 2871 dit.
2122 2817 2271 2872 Videt
2301 2827 2481 2875 autem
2510 2828 2562 2875 et
2617 2820 2860 2892 sequitur
2914 2829 3324 2891 pratereuntem
3354 2822 3561 2887 Iesum,

1968 2905 2058 2974 qui
2091 2905 2291 2960 bonum
2323 2908 2464 2978 quod
2497 2908 2748 2981 intelligit
2779 2909 2970 2964 intuitu
2998 2909 3116 2978 ejus
3158 2917 3431 2980 operatur.
3466 2908 3566 2964 Hic

1965 3001 2084 3055 talis
2117 3011 2166 3056 et
2199 3002 2406 3072 proﬁcit
2457 3013 2507 3058 et
2566 3005 2704 3060 alios
2741 3004 2812 3060 ad
2866 3005 3083 3062 laudem
3140 3006 3239 3061 Dei
3293 3005 3564 3061 accendit.

1966 3091 2170 3144 Laudat
2202 3092 2358 3161 plebs
2414 3093 2607 3160 Deum,
2635 3110 2743 3148 non
2774 3094 2948 3149 solum
2979 3111 3079 3164 pro
3119 3094 3404 3166 impetrato
3435 3110 3563 3148 mu-

1965 3194 2095 3233 nere
2127 3179 2283 3244 lucis,
2328 3181 2424 3235 sed
2474 3192 2527 3236 et
2579 3198 2676 3252 pro
2733 3182 2928 3238 merito
2981 3182 3105 3237 ﬁdei
3162 3181 3495 3253 impetrantis
3545 3197 3560 3250 ;

1887 3290 1934 3350 α
1965 3273 2088 3329 ideo
2122 3291 2229 3330 non
2252 3275 2426 3331 solum
2448 3277 2591 3347 quod
2619 3285 2870 3348 potenter
2899 3286 2953 3333 et
2991 3277 3412 3333 misericorditer
3431 3276 3561 3331 illu-

1964 3362 2149 3429 minat,
2184 3365 2281 3418 sed
2315 3365 2441 3435 quia
2473 3365 2635 3420 etiam
2693 3368 2993 3422 clamorem
3028 3366 3153 3421 ﬁdei
3184 3366 3410 3420 ﬁrmiter
3446 3364 3563 3421 cla-

1965 3451 2161 3506 mantis
2189 3453 2429 3508 exaudit.
2477 3454 2679 3524 Typice
2717 3455 2846 3511 circi
2897 3455 3254 3526 appellantur,
3299 3453 3391 3526 qui
3424 3467 3553 3507 nec-

1963 3550 2089 3605 dum
2136 3551 2317 3607 dicere
2373 3560 2668 3622 poterant:
2708 3576 2729 3600 α
2766 3553 2826 3606 In
2875 3553 3077 3608 lumine
3129 3557 3224 3607 tuo
3258 3551 3562 3606 videbimus

1963 3637 2144 3693 lumen
2178 3640 2350 3709 (Psal.
2384 3643 2586 3710 xxxv).
2626 3664 2647 3688 η
2682 3641 2852 3696 Secus
2878 3641 3019 3695 viam
3053 3640 3204 3706 dicit,
3250 3639 3373 3712 quia
3403 3639 3556 3695 vide-

1964 3726 2158 3781 bantur
2188 3728 2389 3784 habere
2419 3728 2559 3801 legis
2589 3729 2963 3796 notitiam,sed
2997 3729 3133 3784 viam
3165 3746 3286 3800 qua:
3306 3728 3543 3784 Christus

1964 3832 2043 3878 est
2082 3823 2428 3896 ignorabant.
2470 3827 2579 3881 Hos
2611 3826 2830 3898 quidam
2883 3826 3192 3898 intelligunt
3249 3827 3553 3882 Pharisaeos

1961 3921 2014 3967 et
2044 3912 2370 3969 Sadduc-mos
2395 3933 2408 3979 ;
2442 3913 2531 3969 alii
2563 3930 2693 3968 vero
2722 3923 3010 3986 utrumque
3027 3915 3554 3985 populum,quorum

1960 4003 2098 4057 alter
2126 4001 2304 4071 legem
2336 4002 2611 4072 scriptam,
2663 4002 2801 4057 alter
2853 4003 3148 4058 naturalem
3180 4002 3435 4057 habebat.
3498 4000 3557 4056 Si

1958 4097 2091 4153 caeci
2123 4097 2434 4152 referuntur
2461 4098 2528 4152 ad
2546 4099 2781 4165 Iudaeos,
2828 4107 2954 4154 tunc
3002 4096 3559 4169 perturbamintelli-

1958 4186 2120 4256 gendi
2154 4195 2282 4240 sunt
2313 4187 2552 4250 ethnici;
2586 4188 2666 4241 sin
2700 4189 2768 4242 ad
2818 4195 3114 4260 utrumque
3159 4187 3448 4258 populum,
3491 4187 3561 4242 de

1958 4283 2186 4345 utroque
2217 4276 2418 4346 populo
2448 4285 2563 4330 erat
2583 4277 2761 4330 turba.
2799 4276 3018 4331 Aliter:
3056 4277 3368 4332 Secundum
3396 4291 3559 4347 quos-

1957 4363 2077 4416 dam
2123 4366 2258 4419 (ιωοί
2308 4363 2622 4434 signiﬁcant
2676 4365 2814 4420 duos
2871 4365 3106 4436 populos
3165 4381 3228 4420 ex
3280 4365 3554 4444 gentibus,

1955 4476 2121 4514 unum
2152 4476 2218 4514 ex
2268 4460 2454 4525 Cham,
2506 4462 2739 4515 alterum
2797 4477 2863 4516 ex
2913 4463 3168 4532 Japheth.
3205 4461 3349 4516 Caeci
3400 4468 3555 4516 erant

1957 4548 2077 4620 quia
2110 4564 2215 4602 non
2247 4557 2574 4619 apparuerat
2599 4549 2679 4604 eis
2744 4550 2838 4605 lux
2894 4550 3190 4622 Unigeniti.
3249 4550 3556 4604 Audierunt

1877 4647 1928 4705 ι)
1955 4646 2146 4706 gentes
2176 4637 2498 4692 detransitu
2531 4638 2677 4706 Iesu,
2717 4639 3016 4694 secundum
3060 4638 3367 4693 testimonia
3412 4653 3544 4708 pro—

1956 4735 2242 4804 phetarum
2277 4735 2725 4789 annuntiantibus
2739 4736 3018 4806 apostolis.
3037 4737 3169 4791 Cum
3184 4751 3440 4808 egressus
3458 4752 3549 4789 es-

1955 4831 2035 4877 set
2069 4823 2138 4875 ab
2167 4823 2408 4889 Iericho,
2436 4824 2489 4878 id
2511 4835 2590 4878 est
2614 4825 2682 4879 de
2709 4826 2814 4880 hoc
2836 4825 3078 4892 mundo;
3099 4824 3317 4879 Iericho
3345 4823 3551 4896 quippe

1957 4908 2092 4962 luna
2115 4912 2518 4977 interpretatur,
2553 4924 2648 4978 per
2676 4924 2835 4980 quam
2868 4907 3112 4963 defectus
3126 4917 3321 4963 nostra:
3341 4917 3549 4963 morta-

1953 5002 2118 5058 litatis
2149 5003 2494 5074 intelligitur.
2521 5005 2980 5076 Appropinquans
3001 5020 3137 5074 ergo
3161 5004 3425 5060 Dominus
3453 5005 3539 5060 Ie-

1953 5090 2126 5157 richo,
2158 5093 2458 5147 secundum
2491 5093 2708 5157 Lucam,
2733 5109 2879 5148 caeco
2908 5092 3092 5148 lumen
3124 5091 3387 5158 reddidit,
3419 5093 3548 5162 quia

1952 5189 2076 5235 ante
2099 5179 2411 5252 passionem
2441 5181 2644 5251 populo
2677 5190 2882 5236 tantum
2913 5182 3222 5236 Iudaeorum
3275 5181 3546 5252 prtedica-

1951 5267 2046 5323 vit.
2081 5267 2434 5324 Proﬁciscens
2464 5285 2600 5340 ergo
2631 5269 2701 5325 de
2730 5269 2951 5327 Iericho
2981 5285 3157 5326 czecos
3203 5268 3542 5335 illuminavit,

1951 5357 2073 5429 quia
2105 5358 2252 5428 prius
2287 5357 2742 5414 resurrectionem
2774 5367 2826 5414 et
2874 5358 3250 5414 ascensionem
3279 5375 3378 5429 per
3407 5373 3544 5430 apo-

1951 5453 2122 5509 stolos
2153 5461 2203 5508 et
2236 5454 2436 5508 Iudaeis
2495 5462 2546 5509 et
2577 5454 2832 5527 gentibus
2865 5464 3081 5511 aeternae
3128 5454 3458 5522 Divinitatis,
3493 5464 3547 5511 et

1951 5549 2246 5614 assumpta}
2279 5542 2627 5597 humanitatis
2655 5559 2854 5598 arcana
2878 5543 3160 5614 patefecit.
3217 5543 3374 5614 Quod
3397 5547 3544 5599 Mar-

1951 5655 2047 5693 cus
2102 5655 2266 5692 unum
2314 5638 2673 5693 illuminatum
2721 5639 2923 5708 scribit,
2973 5639 3045 5694 ad
3093 5641 3336 5712 gentium
3392 5641 3546 5695 salu-

1951 5743 2062 5790 tem
2097 5735 2340 5805 respicit,
2375 5751 2604 5807 quarum
2637 5739 2856 5792 caecitas
2887 5738 3180 5793 novissima
3230 5746 3366 5792 erat.
3413 5741 3546 5794 Mat-

1950 5833 2120 5887 lhwus
2185 5841 2330 5890 recte
2376 5835 2512 5888 duos
2578 5834 2912 5890 iiluminatos
2967 5835 3213 5890 scribens
3269 5836 3544 5902 Hebraeis,

1949 5930 2151 5987 sciebat
2185 5931 2330 5986 enim
2386 5932 2632 5988 notitiam
2664 5933 2761 5988 Dei
2813 5942 3197 6004 perventuram
3229 5934 3296 5988 ad
3327 5941 3541 6004 gentes.
