3924 6396
416 459 524 519 859

419 602 577 660 Unde
606 602 769 659 etiam
798 602 1008 658 asinam
1040 609 1093 658 et
1119 598 1326 672 pullum
1358 595 1527 652 refert
1557 593 1717 650 simul
1747 592 2019 648 adductos

421 692 658 748 Domino
686 693 914 763 (Matth.
955 691 1065 763 xx),
1111 705 1235 746 cum
1290 685 1472 744 caeteri
1504 694 1612 740 tres
1671 683 2024 755 evangelista“:

423 781 771 837 solummodo
809 781 1144 837 mentionem
1193 777 1397 833 faciunt
1448 775 1607 842 asini,
1642 781 1827 846 utpote
1877 772 2024 828 scri-

422 878 615 934 bentes
645 878 906 934 Ecclesiae
935 882 1199 951 gentium.
1230 878 1399 931 Vocat
1428 873 1694 929 Dominus
1726 870 2025 928 secundum

424 969 664 1023 Marcum
692 983 904 1023 caecum
929 967 1256 1022 clamantem
1286 965 1356 1019 ad
1388 982 1466 1031 se,
1501 980 1624 1019 cum
1658 961 1858 1034 papulo
1887 977 2024 1034 gen-

423 1058 573 1124 tium,
607 1056 892 1113 scientiam
949 1055 1193 1111 veritatis
1248 1053 1605 1116 desideranti,
1670 1069 1772 1123 per
1802 1058 2024 1106 sanctos

420 1152 809 1226 praedicatores
840 1152 1066 1208 verbum
1101 1150 1227 1205 ﬁdei
1249 1150 1560 1206 committit.
1595 1149 1704 1213 Qui
1741 1149 1871 1205 dicit
1900 1166 2024 1205 cum

420 1243 713 1313 propheta:
749 1262 771 1291 α
807 1240 1070 1298 Accedite
1092 1240 1158 1295 ad
1189 1257 1334 1306 eum,
1358 1248 1405 1295 el
1436 1239 1815 1294 illuminamini
1847 1241 2021 1305 (Psal.

420 1331 638 1403 χχχιιι).
670 1355 691 1380 η
729 1332 795 1386 Et
820 1331 1059 1386 iterum:
1084 1352 1107 1381 ι
1134 1330 1334 1401 Surge,
1366 1329 1458 1401 qui
1487 1328 1713 1395 dormis,
1748 1336 1798 1385 et
1820 1345 2024 1384 exsur-

421 1444 545 1503 gea
583 1429 835 1495 mortuis,
883 1437 936 1485 et
978 1427 1305 1483 illuminabit
1360 1426 1457 1482 tibi
1488 1426 1734 1483 Christus
1790 1427 2015 1499 (Ephes.

423 1521 503 1590 ν).
540 1541 562 1567 n
598 1519 701 1574 Per
730 1516 1116 1574 vestimentum
1148 1517 1336 1588 accipe
1397 1515 1702 1583 facultates,
1736 1525 1788 1573 et
1819 1517 2024 1573 retina-

422 1607 540 1664 cula
576 1605 791 1662 mundi.

496 1705 642 1761 Beda
680 1705 733 1760 in
766 1707 998 1762 Lucam:
1032 1706 1173 1761 Dum
1231 1704 1494 1761 Conditor
1522 1712 1710 1760 noster
1737 1703 2028 1776 appropin-

422 1803 547 1867 quat
577 1795 822 1861 Jericho,
866 1810 1047 1851 caecus
1084 1795 1155 1849 ad
1186 1794 1372 1850 lumen
1403 1794 1567 1859 redit,
1603 1794 1749 1864 quia,
1782 1793 1910 1848 dum
1936 1792 2028 1848 Di-

422 1884 621 1941 vinitas
649 1884 921 1942 defectum
968 1891 1172 1942 nostra:
1202 1883 1381 1941 carnis
1439 1882 1687 1955 suscipit,
1730 1883 2023 1938 humanum

1523 442 1871 502 WERNERI
1909 438 2200 499 ABBATIS
2239 439 2305 497 S.
2348 439 2569 496 BLASII

2049 566 2101 629 A
2136 582 2312 640 genus
2339 572 2562 623 aeternae
2590 566 2849 624 claritatis
2890 566 3078 623 lumen
3110 565 3255 640 quod
3294 562 3743 626 amiseratrece-

3633 445 3743 499 860

2132 655 2230 726 pit.
2256 656 2445 711 Caecus
2474 655 2629 711 sedet
2656 658 2808 726 juxta
2836 656 3006 725 viam,
3038 657 3166 711 dum
3197 655 3385 727 incipit
3413 656 3652 713 credere
3684 658 3743 714 in

2133 743 2310 815 ipsum
2344 745 2435 816 qui
2465 745 2595 801 dicit
2629 764 2642 800 :
2681 746 2833 819 «Ego
2864 762 2985 801 sum
3016 745 3102 803 via
3132 745 3315 818 (Joan.
3349 749 3487 817 xlv).
3527 768 3550 795 ιι
3583 747 3741 803 Meu-

2134 843 2278 899 dicat
2308 843 2440 899 dum
2474 852 2652 917 rOgat.
2685 845 2841 901 Unde
2873 844 3119 917 sequitur
3148 862 3160 898 :
3207 867 3230 891 υ
3263 845 3329 899 Et
3358 842 3662 900 clamabat.
3709 872 3731 894 ρ

2135 931 2245 1002 Qui
2275 933 2456 988 Jesum
2506 934 2815 990 venientem
2862 933 3177 1006 praecedunt
3232 941 3285 989 et
3312 933 3615 1005 increpant,
3651 942 3738 989 tu-

2134 1022 2356 1077 multum
2389 1022 2695 1078 carnalium
2728 1023 2986 1078 vitiorum
3020 1022 3346 1096 designavit
3394 1023 3485 1095 qui
3514 1023 3735 1095 cogita-

2136 1120 2310 1176 tiones
2332 1128 2545 1176 nostras
2576 1120 2864 1192 dissipant,
2897 1129 2949 1176 et
2978 1136 3147 1177 voces
3197 1119 3375 1177 cordis
3401 1120 3455 1175 in
3484 1121 3738 1178 oratione

2134 1210 2474 1281 perturbant,
2510 1226 2578 1265 ne
2606 1210 2765 1265 Jesus
2822 1225 2920 1267 cor
2947 1208 3257 1265 illuminare
3301 1209 3538 1265 accedat.
3573 1210 3739 1281 Saepe

2137 1317 2435 1389 occurrunt
2461 1308 2615 1365 cordi
2659 1309 3040 1381 phantasmata
3082 1316 3425 1381 peccatorum
3454 1323 3573 1381 qum
3604 1308 3740 1364 feci-

2137 1416 2255 1455 mus
2286 1406 2340 1454 et
2366 1398 2585 1454 turbant
2616 1399 2877 1466 animum,
2911 1398 3152 1455 sedtunc
3182 1397 3465 1453 ardentius
3503 1396 3736 1454 clamori

2134 1497 2395 1555 orationis
2423 1496 2789 1553 insistendum
2828 1504 2929 1553 est.
2964 1496 3120 1553 Unde
3148 1497 3524 1568 phantasmata
3552 1510 3740 1551 occur-

2134 1596 2279 1654 runt,
2327 1588 2673 1660 aliquatenus
2728 1588 2916 1644 Jesum
2964 1587 3197 1642 transire
3252 1585 3517 1641 sentimus
3554 1602 3571 1657 ;
3606 1602 3737 1642 cum

2136 1693 2271 1734 vero
2311 1677 2546 1733 orationi
2609 1677 2965 1732 vehementer
3018 1675 3337 1744 insistimus,
3378 1682 3509 1730 tunc
3572 1673 3737 1729 nobis

2134 1777 2293 1834 Iesus
2321 1774 2740 1848 apprOpinquat,
2763 1782 2818 1831 et
2848 1773 2927 1830 sic
2954 1773 3045 1830 lux
3077 1772 3274 1830 amissa
3304 1779 3603 1845 reparatur.

1144 2110 1764 2215 DOMINICA
1805 2110 1929 2213 IN
1974 2100 3028 2235 QUINQUAGESIMA

498 2377 521 2407 κ
555 2357 731 2426 Quam
760 2371 964 2427 magna
987 2354 1608 2412 multitudodulcedinis
1631 2355 2024 2421 tum,Domine,
2057 2352 2111 2413 B
2141 2360 2399 2409 aeternam
2430 2364 2531 2422 pro
2561 2363 2657 2403 sua
2686 2346 2945 2419 passione
2974 2344 3212 2402 reddidit
3245 2362 3258 2400 :
3292 2358 3455 2416 quam
3476 2341 3590 2398 suis
3611 2358 3740 2416 quo.

426 2462 589 2519 quam
621 2445 956 2502 abscondisti
988 2446 1305 2501 timentibus
1334 2452 1389 2501 te
1411 2447 1585 2517 (Psal.
1615 2446 1763 2515 xxx).
1801 2467 1823 2493 η
1862 2446 2024 2512 Vere,

424 2533 758 2603 charissimi,
792 2551 990 2607 magna
1021 2544 1073 2590 et
1099 2535 1297 2607 ingens
1326 2543 1409 2589 est
1460 2534 1745 2589 multitudo
1777 2533 2027 2589 dulcedi-

427 2626 532 2691 nis,
569 2643 675 2698 qua
729 2625 1067 2697 perfruendo
1107 2627 1244 2699 justi
1298 2626 1523 2683 afﬂuunt
1570 2627 1821 2683 omnibus
1885 2626 2027 2681 deli-

426 2714 553 2772 ciis.
602 2716 732 2771 Haac
761 2716 997 2771 dulcedo
1036 2731 1180 2773 nunc
1232 2717 1455 2789 quidem
1487 2717 1660 2772 Deum
1713 2717 2028 2772 timentibus

427 2803 799 2874 absconditur,
835 2814 962 2860 tunc
998 2814 1177 2861 autem
1201 2804 1553 2877 sperantibus
1580 2805 1636 2860 in
1665 2822 1792 2861 eum
1822 2805 2028 2878 perﬁci-

428 2908 533 2967 tur,
562 2917 688 2957 cum
717 2900 771 2955 in
803 2902 1007 2975 gaudio
1039 2902 1257 2958 Domini
1284 2903 1444 2959 oculo
1473 2904 1541 2958 ad
1574 2903 1790 2959 oculum
1818 2903 2026 2971 Regem

427 2984 615 3058 gloria:
646 2986 698 3040 in
730 2987 930 3043 decore
969 3003 1071 3043 suo
1102 2987 1379 3055 videbunt,
1423 2995 1476 3043 et
1522 2988 1626 3059 ipsi
1656 2987 1941 3059 gloriﬁcati
1970 2997 2029 3044 ut

427 3074 510 3129 sol
544 3074 858 3149 fulgebunt.
898 3076 982 3132 Ad
1013 3077 1151 3133 hanc
1190 3077 1376 3150 itaque
1407 3077 1862 3148 gloriﬁcationem
1895 3095 2027 3150 pcr-

422 3171 775 3239 veniendam,
815 3173 958 3229 scala
987 3175 1146 3230 nobis
1175 3176 1338 3231 hodie
1388 3175 1636 3245 erigitur,
1666 3192 1770 3246 per
1798 3192 1960 3248 quam
1996 3191 2029 3230 a

424 3259 680 3317 ﬁdelibus
709 3263 833 3319 coeli
862 3263 1078 3319 culmen
1110 3265 1426 3338 attingitur.
1486 3266 1616 3320 Haec
1674 3273 1851 3321 autem
1885 3266 2030 3322 scala

422 3350 657 3408 charitas
686 3361 789 3420 est,
821 3369 920 3424 per
944 3368 1106 3426 quam
1137 3354 1203 3407 ad
1248 3354 1376 3410 cmli
1430 3354 1652 3428 fastigia
1668 3355 1840 3410 tendit
1857 3356 2034 3412 eccle-

423 3445 517 3503 site
546 3447 844 3504 humilitas.
884 3449 1059 3519 Hujus
1086 3451 1250 3507 scalas
1272 3467 1407 3507 vero
1440 3451 1617 3507 latera
1646 3461 1769 3507 sunt
1791 3453 2029 3526 geminas

422 3534 753 3605 dilectionis,
785 3538 886 3594 Dei
916 3539 1125 3595 scilicet
1155 3548 1207 3596 et
1239 3541 1493 3612 proximi,
1516 3549 1818 3613 praecepta.
1858 3543 2030 3599 Porro

421 3635 629 3707 gradus
677 3637 769 3710 qui
809 3638 893 3693 his
941 3638 1215 3695 lateribus
1245 3640 1583 3706 inseruntur,
1627 3649 1749 3695 sunt
1796 3640 2030 3697 diversas

2137 2453 2244 2510 que
2284 2434 2649 2492 imitatorihus
2720 2432 2930 2487 tribuit.
2989 2431 3202 2487 Tertius
3248 2427 3453 2502 gradus
3481 2427 3742 2483 inseritur

2136 2526 2329 2598 pietas,
2390 2540 2489 2596 per
2545 2538 2707 2596 quam
2757 2535 3124 2593 supernorum
3192 2518 3388 2575 civium
3419 2516 3740 2589 adipiscitur

2138 2624 2313 2681 dulcis
2341 2624 2587 2679 satietas.
2650 2623 2708 2675 In
2750 2620 2856 2676 hoc
2893 2620 3072 2693 gradu
3119 2617 3211 2691 pia
3268 2632 3425 2674 mens
3469 2615 3738 2672 scandens

2137 2714 2427 2778 exaltatur,
2463 2712 2561 2768 sed
2601 2710 2839 2765 aliorum
2900 2707 3207 2764 felicitatem
3265 2703 3732 2763 non-aemulatur.

2140 2828 2162 2852 α
2197 2802 2402 2858 Invidia
2433 2801 2579 2858 enim
2608 2799 2809 2855 diaboli
2839 2813 2990 2854 mors
3011 2796 3232 2852 intravit
3262 2796 3317 2852 in
3338 2794 3528 2851 orbem
3559 2801 3734 2848 terra-

2136 2926 2258 2965 rum
2284 2927 2298 2974 ;
2331 2908 2613 2963 imitantur
2643 2913 2828 2961 autem
2853 2902 3007 2959 illum
3047 2902 3137 2976 qui
3186 2907 3315 2956 sunt
3335 2916 3405 2956 ex
3436 2906 3590 2971 parte
3616 2899 3732 2969 ejus

2139 3001 2292 3072 (Sap.
2326 3001 2383 3061 ιι)
2435 3021 2455 3044 ι
2503 2995 2741 3065 Quartus
2787 2992 2995 3065 gradus
3048 2990 3345 3047 innectitur
3400 2988 3728 3060 simplicitas,

2136 3106 2237 3160 per
2271 3102 2431 3158 quam
2476 3083 2715 3141 cmlestis
2746 3081 2931 3155 gaudii
2990 3081 3199 3135 subitur
3228 3077 3615 3150 multiplicitas.
3671 3078 3733 3131 In

2137 3175 2283 3229 hunc
2312 3171 2547 3245 gradum
2578 3169 2770 3241 pedem
2803 3166 3077 3239 ponimus,
3110 3165 3156 3220 si
3182 3178 3473 3237 perperam
3492 3162 3547 3218 id
3582 3161 3732 3217 frau-

2138 3272 2392 3328 dulenter
2421 3285 2531 3325 non
2562 3284 2818 3341 agamus,
2868 3265 3078 3322 scilicet
3107 3264 3151 3318 si
3183 3261 3310 3318 ﬁdei
3364 3260 3585 3317 servitio
3604 3258 3732 3315 nihil

2139 3378 2203 3416 su
2217 3359 2551 3428 btrahimus,
2589 3367 2641 3413 et
2670 3357 2835 3423 bona,
2883 3370 2992 3410 non
3024 3352 3212 3425 populi
3238 3352 3443 3419 favore,
3501 3349 3602 3406 sed
3622 3347 3733 3404 sola

2139 3450 2239 3506 Dei
2269 3464 2440 3506 causa
2466 3446 2725 3504 facimus.
2774 3443 3006 3514 Quintus
3058 3441 3266 3514 gradus
3320 3439 3481 3497 scalas
3532 3438 3734 3493 inditur

2137 3539 2437 3605 humilitas,
2477 3553 2578 3609 per
2606 3552 2771 3608 quam
2802 3532 3093 3606 attingitur
3118 3529 3370 3603 angelica
3414 3527 3728 3584 sublimitas.

2138 3639 2201 3693 In
2227 3639 2335 3694 hoc
2363 3636 2545 3709 gradu
2564 3634 2838 3690 scandens
2860 3647 3019 3687 mens
3034 3630 3325 3696 solidatur,
3356 3627 3403 3683 si
3423 3628 3492 3682 de
3509 3632 3729 3696 accepta

421 3722 643 3780 virtutes
706 3743 807 3797 per
863 3743 1001 3800 quas
1069 3729 1349 3785 churitatis
1430 3736 1704 3800 praecepta
1785 3729 2025 3801 comple-
2060 3710 2367 3785 Cscientia
2394 3741 2504 3781 non
2545 3723 2782 3789 inﬂatur,
2849 3719 3206 3777 etDominum
3230 3716 3480 3790 superbis
3507 3714 3725 3772 resiste-

421 3810 641 3879 buntur,
689 3832 787 3885 per
825 3832 962 3888 quas
1018 3816 1111 3888 qui
1140 3826 1287 3873 recte
1317 3816 1528 3873 scandit
1559 3816 1754 3873 faciem
1785 3817 2023 3884 Domini,

384 3959 392 3968 ,
423 3917 545 3972 quae
573 3910 657 3958 est
683 3904 939 3971 charitas,
973 3906 1028 3960 in
1052 3906 1227 3975 jubilo
1248 3905 1471 3962 videbit.
1491 3904 1812 3974 Quindecim
1846 3914 2024 3962 autem

422 4000 630 4071 gradus
668 4010 947 4069 texuntur,
972 4003 1097 4075 quia
1125 4020 1226 4076 per
1261 4003 1574 4076 quindecim
1624 4020 1806 4061 ramos
1837 4004 2025 4061 chari-

424 4087 551 4143 tatis
571 4091 817 4147 cmlestia
845 4101 1123 4163 petuntur.
1173 4092 1329 4149 Uude
1360 4101 1412 4148 et
1464 4092 1519 4147 in
1568 4093 1769 4163 templo
1806 4093 2026 4149 Domini

425 4177 496 4232 ad
554 4180 886 4236 sanctarium
941 4196 1018 4236 xv
1081 4182 1329 4254 gratibus
1403 4182 1819 4249 ascendebatur,
1899 4183 2028 4256 quia

427 4267 706 4323 scandens
758 4270 814 4323 in
870 4273 973 4325 hac
1003 4270 1151 4327 scala
1178 4270 1251 4326 ad
1282 4270 1520 4328 caelestis
1550 4271 1735 4343 templi
1769 4281 2023 4329 sanctua-

424 4364 564 4421 rium
616 4368 891 4424 Christum
932 4370 1267 4427 sublevatur.
1321 4370 1523 4427 Psalmi
1553 4386 1771 4443 quoque
1801 4388 1869 4426 xv
1899 4388 2026 4445 gra-

425 4455 529 4511 dus
557 4456 952 4527 inscribuntur,
987 4459 1183 4531 quibus
1207 4461 1326 4516 haec
1375 4461 1607 4518 virtutes
1664 4461 2023 4529 instruuntur,

425 4561 526 4616 per
556 4563 694 4619 quas
743 4548 952 4604 athera
996 4563 1027 4604 a
1072 4550 1244 4605 beatis
1293 4550 1627 4606 scanduntur
1672 4568 1686 4618 ;
1734 4567 1804 4606 xv
1847 4560 2028 4607 autem

424 4644 548 4690 sunt
577 4646 659 4693 ter
690 4638 948 4711 quinque,
982 4638 1110 4711 quia
1149 4656 1248 4711 per
1291 4638 1457 4696 ﬁdem
1507 4647 1711 4695 sanctas
1748 4640 2027 4696 Trinitatis

425 4739 641 4807 oportet
669 4752 771 4791 nos
801 4753 834 4790 v
856 4736 1110 4792 sensibus
1142 4737 1345 4793 nostris
1400 4753 1567 4807 opera
1607 4736 1893 4794 charitatis
1926 4739 2027 4793 im-

424 4824 597 4895 plere.
628 4824 847 4881 Primus
871 4825 1052 4897 itaque
1082 4826 1286 4898 gradus
1311 4828 1473 4896 hujus
1504 4827 1667 4883 scala:
1696 4836 1778 4883 est
1811 4828 2027 4899 patien-

422 4912 518 4980 tia,
550 4913 607 4968 in
641 4930 749 4986 qua
804 4914 1017 4969 animas
1061 4915 1333 4986 possideri
1364 4915 1525 4972 docet
1553 4924 1755 4971 aeterna
1790 4916 1885 4972 Dei
1935 4933 2027 4971 sa-

422 5008 651 5079 pientia.
696 5009 754 5064 In
786 5010 887 5065 hoc
907 5010 1082 5082 gradu
1100 5010 1428 5066 scandentes
1458 5027 1707 5082 gressum
1727 5009 2025 5079 ﬁrmamus,

423 5075 469 5153 si
518 5098 751 5167 injurias
808 5107 861 5154 et
909 5075 1283 5155 contumelias
1349 5075 1620 5171 patienter
1670 5116 1772 5171 pro
1830 5075 2111 5158 ChristiD

421 5202 609 5244 amore
664 5188 1004 5259 toleramus;
1050 5188 1167 5259 jam
1217 5188 1518 5260 opprobria
1577 5197 1631 5245 et
1688 5189 1915 5263 ﬂagella
1974 5200 2029 5247 et

421 5286 599 5357 ipsam
621 5294 853 5342 mortem
896 5302 997 5358 pro
1027 5286 1185 5342 nobis
1215 5286 1482 5359 patienter
1531 5288 1806 5357 sustinuit,
1866 5296 1919 5345 et
1970 5307 2031 5346 se

422 5374 752 5431 imitantibus
794 5377 1022 5448 praemia
1079 5377 1450 5448 permanentis
1507 5377 1710 5449 gloriae
1770 5378 2027 5436 restituit.

424 5463 708 5519 Secundus
775 5466 983 5537 gradus
1014 5466 1276 5521 intexitur
1333 5465 1670 5539 benignitas,
1721 5483 1821 5539 per
1870 5485 2027 5541 quam

423 5561 689 5631 angelica:
720 5563 996 5618 societatis
1025 5563 1327 5636 acquiritur
1359 5564 1623 5638 dignitas.
1664 5565 1807 5621 Huic
1836 5566 2030 5638 gradui

421 5674 669 5727 gressum
697 5660 1071 5729 imprimimus,
1132 5662 1174 5717 si
1233 5679 1332 5734 pro
1364 5663 1521 5717 malis
1567 5678 1674 5718 non
1707 5663 1869 5730 mala,
1933 5665 2030 5720 sed

427 5751 571 5807 bona
598 5755 975 5821 retribuimus,
1034 5766 1085 5813 et
1133 5757 1403 5828 proximis
1462 5758 1665 5814 nostris
1694 5761 2027 5828 necessaria,

428 5862 529 5917 pro
547 5866 711 5921 posse
728 5858 937 5916 nostro,
958 5852 1196 5925 benigne
1213 5855 1577 5925 impendimus
1603 5875 1616 5921 ;
1642 5856 1767 5928 quia
1788 5858 2033 5914 Christus

423 5945 539 6000 suis
577 5944 994 6002 cruciﬁxoribus
1032 5964 1130 6020 pro
1186 5950 1332 6007 malo
1362 5951 1585 6021 bonum,
1636 5952 1841 6011 scilicet
1873 5954 2030 6012 vitam

2137 3834 2218 3885 re,
2250 3815 2547 3871 humilibus
2598 3820 2781 3869 autem
2812 3811 2946 3867 dare
2991 3809 3222 3882 gratiam
3253 3806 3586 3863 recordatur.

2208 3932 2403 3988 Sextus
2432 3930 2646 4004 gradus
2674 3936 2756 3985 est
2805 3926 2992 3983 mundi
3038 3929 3398 3995 contemptus,
3450 3937 3550 3994 per
3570 3935 3723 3994 quem

2136 4021 2358 4093 superni
2389 4019 2549 4094 regni
2598 4018 2903 4090 acquiritur
2931 4031 3155 4074 census.
3199 4014 3261 4070 In
3289 4013 3393 4069 hoc
3434 4010 3605 4083 gradu
3629 4025 3723 4067 ex-

2136 4109 2299 4166 sultat
2329 4109 2507 4164 anima
2546 4106 2810 4179 gloriosa,
2871 4105 2917 4161 si
2964 4120 3077 4159 non
3106 4110 3188 4159 est
3241 4099 3555 4164 ambitiosa,
3607 4098 3726 4171 quia

2136 4214 2388 4281 potentes
2419 4215 2673 4279 potenter
2730 4204 3008 4277 patientur
3038 4208 3308 4259 tormenta
3338 4200 3493 4272 (Sap.
3531 4197 3627 4270 vx).
3673 4196 3726 4253 Si

2135 4306 2317 4354 autem
2352 4296 2585 4353 Domino
2616 4295 2886 4367 placuerit
2916 4293 3119 4349 docere
3151 4309 3166 4347 :
3202 4313 3225 4339 α
3257 4289 3464 4357 Amice,
3496 4286 3726 4344 ascende

2136 4386 2392 4459 superius
2424 4387 2579 4455 (Luc.
2611 4386 2753 4456 xiv),
2810 4407 2833 4435 ι»
2876 4399 2982 4438 non
3014 4388 3207 4438 renuat
3238 4378 3421 4435 subire
3448 4377 3567 4434 leve
3620 4376 3726 4432 Do-

2135 4476 2268 4531 mini
2293 4492 2455 4543 onus,
2490 4483 2548 4531 ut
2606 4473 2784 4545 possit
2834 4470 3101 4545 prodesse
3161 4469 3333 4526 verbo
3396 4474 3451 4524 et
3491 4463 3724 4536 exemplo

2136 4572 2427 4629 fratribus.
2461 4571 2737 4644 Septimus
2764 4570 2972 4644 gradus
3017 4567 3241 4640 ponitur
3275 4563 3578 4623 voluntaria
3602 4580 3726 4635 pau-

2135 4675 2343 4739 pertas,
2386 4682 2487 4737 pro
2518 4681 2625 4738 qua
2655 4664 2849 4735 gloria:
2895 4672 2949 4720 et
2987 4662 3300 4718 divitiarum
3326 4660 3378 4715 in
3409 4659 3571 4715 domo
3622 4657 3722 4714 Do-

2135 4755 2268 4811 mini
2296 4756 2561 4827 accipitur
2588 4754 2827 4810 ubertas.
2884 4754 2945 4808 ln
2975 4752 3121 4809 hunc
3147 4750 3378 4824 gradum
3425 4746 3545 4820 ﬁgit
3573 4748 3720 4803 homo

2137 4850 2385 4924 vestigia,
2445 4850 2497 4906 si
2529 4866 2636 4907 non
2695 4848 2889 4921 quaerit
2916 4864 3038 4920 qua:
3093 4844 3199 4901 sibi
3228 4842 3588 4909 solummodo,
3630 4840 3718 4897 sed

2137 4965 2261 5020 quae
2296 4948 2560 5004 omnibus
2595 4951 2725 5002 sunt
2754 4946 2901 5002 utilia
2940 4954 2994 5002 et
3023 4944 3093 5000 ad
3122 4942 3339 4999 laudem
3378 4940 3572 4997 Christi
3599 4955 3717 5010 per-

2142 5037 2395 5093 tinentia.
2430 5038 2529 5095 llic
2568 5036 2690 5092 talis
2748 5035 2981 5093 scandet
3032 5033 3209 5098 laetus,
3269 5030 3397 5105 quia
3435 5028 3642 5103 paravit
3666 5028 3718 5084 in

2143 5134 2434 5191 dulcedine
2462 5149 2564 5190 sua
2593 5132 2828 5206 pauperi
2857 5133 3007 5189 Deus
3036 5132 3210 5203 (Psal.
3244 5130 3441 5198 vau).
3503 5127 3719 5184 Octavus

2138 5224 2349 5295 gradus
2376 5231 2460 5279 est
2502 5239 2625 5296 pax,
2658 5238 2780 5295 quas
2825 5230 3047 5278 aeternae
3070 5220 3211 5278 lucis
3240 5226 3324 5276 est
3362 5217 3470 5273 fax.
3528 5219 3588 5272 1n
3628 5216 3719 5272 hoc

2139 5313 2312 5385 gradu
2341 5329 2499 5369 mens
2545 5312 2861 5379 roboratur,
2894 5310 2941 5367 si
2982 5327 3087 5368 nec
3114 5310 3302 5367 verbis
3348 5324 3455 5365 nec
3493 5306 3639 5364 factis
3660 5304 3720 5360 ab

2141 5402 2327 5475 aliquo
2359 5402 2621 5470 irritatur,
2656 5409 2711 5457 et
2741 5401 2791 5457 si
2812 5416 3018 5473 corpus
3063 5400 3260 5457 animas
3287 5399 3342 5455 in
3387 5397 3490 5455 Dei
3517 5393 3721 5452 servitio

2140 5499 2488 5573 subjugatur,
2545 5506 2598 5554 et
2624 5498 2812 5553 anima
2860 5496 3074 5569 spiritui
3121 5494 3468 5552 concordans
3508 5489 3722 5547 Domino

2144 5588 2261 5644 Deo
2305 5587 2507 5661 jugiter
2549 5586 2863 5644 famulatur.
2914 5585 2975 5641 In
3007 5586 3113 5642 hoc
3162 5585 3333 5656 gradu
3386 5579 3566 5655 positi,
3594 5578 3720 5635 beati

2142 5677 2414 5744 dicuntur,
2445 5677 2702 5748 quoniam
2738 5674 2833 5731 ﬁlii
2882 5676 2982 5732 Dei
3013 5674 3353 5732 vocabuntur
3400 5671 3621 5741 (Matth.
3654 5670 3715 5737 ν).

2143 5763 2335 5817 Nonus
2364 5761 2576 5835 gradus
2603 5760 2861 5817 scribitur
2916 5759 3151 5825 bonitas,
3183 5775 3283 5831 per
3314 5774 3481 5832 quam
3513 5755 3717 5811 intratur

2141 5857 2264 5913 vitae
2295 5857 2534 5915 scelestis
2554 5857 2885 5927 iucunditas.
2920 5857 2981 5912 In
3011 5858 3159 5915 hunc
3188 5857 3360 5913 homo
3388 5853 3594 5912 scandit
3612 5866 3714 5925 gra-

2142 5954 2292 6024 dum,
2324 5955 2370 6011 si
2398 5973 2509 6013 non
2546 5956 2724 6015 solum
2769 5971 2877 6012 non
2910 5955 3055 6025 facit,
3117 5954 3215 6012 sed
3248 5969 3350 6012 nec
3392 5952 3592 6026 cogitat
3616 5964 3713 6006 ma-
