3924 6396
131 463 242 523 861

1220 467 1810 527 DEFLORATIONES
1846 469 1947 527 SS.
1986 468 2297 526 PATRUM.
2340 497 2412 511 —
2447 468 2577 525 LIB.
2617 468 2661 524 Ι.

3395 471 3502 528 362

134 588 285 644 lum.
326 589 637 647 Decimus
667 591 883 667 gradus
932 599 1014 648 est
1067 582 1312 665 spiritale
1360 591 1641 665 gaudium,
1689 608 1792 665 per
1818 594 1871 653 A
1902 592 2027 649 liori
2058 591 2252 663 subjici
2284 591 2483 659 noluit,
2514 608 2659 649 nunc
2687 591 3014 649 necessitate
3046 591 3253 649 fortiori
3283 591 3505 663 subjici-

137 678 297 751 quod
330 678 704 751 pertingitur
751 681 819 737 ad
857 681 1175 753 angelorum
1234 682 1673 737 contubernium.
1736 683 1797 735 In

136 768 291 823 hunc
317 768 591 838 gradum
646 772 860 825 laetetur
920 771 1083 825 homo
1110 786 1168 824 se
1223 770 1562 836 ascendisse,
1598 771 1641 825 si
1687 786 1796 825 non

138 856 361 929 gaudet
398 873 598 929 super
632 858 945 930 iniquitate.
974 858 1021 913 si
1051 874 1158 913 non
1190 860 1394 931 gaudet
1450 876 1615 929 super
1643 858 1798 913 ruina

138 945 384 1009 inimici,
427 962 548 1002 nec
565 947 645 1001 de
668 948 829 1003 malis
860 963 979 1018 quae
996 947 1252 1003 eveniunt
1282 947 1407 1001 aliis
1440 966 1452 1006 :
1488 947 1798 1019 congaudet

140 1042 337 1090 autem
371 1034 631 1090 veritati
666 1036 717 1106 (I
744 1037 864 1092 Cor.
909 1038 1050 1106 xui),
1084 1036 1291 1092 scilicet
1322 1035 1571 1090 omnibus
1626 1037 1797 1107 gestis

143 1123 214 1178 ad
246 1124 555 1179 honorem
618 1125 836 1189 Christi,
896 1125 988 1196 qui
1019 1133 1099 1179 est
1128 1125 1333 1180 veritas
1365 1135 1417 1180 et
1466 1125 1594 1181 vita:
1647 1142 1795 1196 prae-

142 1211 323 1267 mium
355 1220 416 1267 et
450 1213 700 1283 plenum
750 1213 989 1271 omnium
1022 1214 1299 1283 gaudium.
1337 1214 1490 1270 Unde
1548 1214 1795 1268 decimus

144 1301 372 1372 gradus
403 1300 650 1357 locatur
678 1300 1015 1370 sul’ferentia,
1047 1319 1146 1373 per
1188 1319 1354 1367 quam
1384 1319 1639 1373 supernze
1670 1303 1794 1373 glo-

145 1389 634 1462 riaaadipiscitur
683 1391 995 1446 eminentia.
1054 1392 1211 1447 Hunc
1242 1392 1478 1463 gradum
1527 1392 1794 1447 scandere

144 1478 385 1534 animus
419 1479 696 1550 arripiet,
728 1479 776 1534 si
804 1479 988 1536 omnia
1028 1480 1217 1535 mundi
1246 1481 1481 1536 adversa
1507 1497 1606 1552 pro
1636 1481 1791 1536 Chrio

147 1576 235 1623 sto
259 1566 504 1622 suﬂ‘ert.
545 1568 615 1622 ln
655 1568 761 1624 hoc
792 1568 966 1640 gradu
996 1569 1297 1635 constituti,
1333 1569 1476 1623 beati
1536 1569 1792 1624 scribun—

145 1664 258 1723 tur,
315 1656 367 1710 si
403 1657 875 1726 persecutionem
914 1672 1014 1728 pro
1038 1656 1247 1726 justitia
1276 1658 1581 1728 patiuntur,
1643 1673 1791 1729 quo-

147 1745 298 1799 niam
333 1761 604 1819 regnum
634 1745 935 1801 sortiuntur
963 1745 1092 1802 Dei.

224 1888 638 1946 Duodecimus
670 1889 875 1962 gradus
900 1889 1098 1945 dicitur
1127 1904 1253 1944 esse
1283 1887 1439 1956 ﬁdes,
1472 1905 1592 1962 qua:
1621 1889 1793 1945 homi-

150 1993 256 2033 nes
287 1977 464 2034 efﬁcit
501 1978 729 2050 angelis
751 1978 1033 2035 concives.
1064 1979 1169 2033 Per
1197 1978 1340 2034 bunc
1371 1980 1603 2048 gradum
1630 1979 1792 2034 homo

152 2082 429 2137 gressum
464 2068 704 2139 premit,
740 2068 786 2122 si
841 2074 1036 2123 cuncta
1081 2067 1151 2122 de
1181 2068 1296 2121 Deo
1348 2074 1401 2121 et
1431 2076 1633 2122 aeterna
1685 2067 1794 2123 vita

152 2156 249 2227 pie
308 2156 475 2212 dicta
538 2156 635 2212 vel
681 2156 884 2227 scripta
912 2155 1145 2211 ﬁdeliter
1197 2156 1386 2222 credit,
1420 2156 1547 2228 quia
1576 2163 1654 2210 est
1682 2155 1789 2210 im-

157 2245 448 2315 possibile
479 2245 613 2300 sine
653 2244 762 2300 ﬁde
792 2245 907 2300 Deo
963 2244 1182 2315 placere
1207 2245 1389 2313 (Hebr.
1421 2247 1522 2313 xi).
1580 2244 1791 2299 Tertius

156 2341 424 2397 decimus
452 2342 678 2416 gradus
707 2343 1022 2397 annectitur
1042 2358 1196 2412 spes,
1218 2358 1346 2413 quas
1377 2356 1485 2396 non
1515 2341 1790 2397 confundit

157 2431 582 2501 prestolantes
602 2431 877 2503 spiritales
906 2446 1023 2486 res.
1074 2433 1133 2486 In
1164 2431 1310 2486 hunc
1340 2430 1571 2500 gradum
1618 2431 1791 2501 pedes

156 2534 326 2575 mens
358 2528 573 2577 sancta
629 2520 795 2584 levat,
852 2520 897 2574 si
929 2519 1119 2575 omnia
1151 2520 1293 2575 bona
1350 2519 1420 2574 de
1452 2518 1627 2574 futura
1681 2520 1790 2573 vita

162 2616 391 2678 sperat.
421 2609 683 2677 Quartus
709 2608 957 2664 decimus
973 2607 1218 2679 sequitur
1252 2607 1655 2678 longanimitas,
1689 2624 1789 2677 per

162 2712 335 2767 quam
360 2697 704 2769 impetratur
759 2696 1083 2770 angelorum
1112 2697 1415 2768 aequalitas.
1475 2698 1627 2752 Hunc
1658 2712 1778 2768 gra-

164 2783 302 2841 dum
330 2787 580 2858 quilibet
612 2786 884 2842 scandens
911 2787 1311 2857 apprehendat,
1343 2785 1389 2839 si
1417 2801 1609 2840 omnes
1654 2801 1789 2855 pro-

164 2868 476 2931 missiones
508 2876 616 2931 Dei
644 2875 1028 2947 aequanimiter
1055 2880 1306 2941 sustinet,
1339 2875 1384 2929 si
1415 2890 1553 2929 onus
1577 2873 1790 2929 Domini

171 2973 383 3027 tamdiu
410 2973 651 3042 baiulat,
708 2988 994 3046 quousque
1033 2974 1152 3044 ipse
1200 2975 1445 3038 veniens,
1472 2972 1665 3045 jugum
1721 2974 1789 3029 de

169 3059 319 3116 collo
353 3063 482 3131 ejus
515 3062 791 3128 excutiat,
824 3070 876 3118 et
905 3078 1028 3117 eum
1061 3077 1094 3117 a
1122 3061 1307 3117 labore
1338 3077 1576 3129 cessare,
1636 3069 1689 3117 et
1733 3062 1788 3116 in

173 3150 363 3222 requie
396 3151 731 3208 recumbere
773 3150 963 3208 faciat.
995 3150 1229 3219 Quintus
1282 3150 1528 3205 decimus
1584 3150 1788 3219 gradus

171 3244 422 3315 ultimus,
437 3249 670 3320 ponitur
686 3247 1122 3318 perseverantia,
1146 3264 1245 3318 per
1256 3263 1417 3319 quam
1432 3248 1785 3318 paradisiacm

175 3336 519 3393 amoenitatis
546 3337 837 3408 capiuntur
864 3344 1020 3409 prata
1052 3336 1305 3392 virentia.
1366 3338 1425 3390 In
1455 3337 1606 3392 hunc
1659 3353 1781 3407 gra-

175 3421 306 3479 dum
334 3441 505 3481 mens
537 3426 647 3481 alta
678 3434 868 3496 petens
898 3441 957 3480 se
989 3425 1307 3496 pervenisse
1345 3426 1708 3497 congaudeat,
1741 3425 1787 3480 si

180 3515 248 3572 de
275 3520 379 3575 Dei
408 3520 804 3578 misericordia
832 3536 1105 3593 nunquam
1135 3520 1480 3592 desperanda
1535 3522 1776 3577 excidat.

183 3629 205 3652 α
240 3606 345 3677 Qui
376 3611 532 3666 enim
565 3611 1005 3681 perseveraverit
1034 3626 1211 3681 usque
1242 3610 1295 3663 in
1324 3609 1508 3677 ﬁnem,
1536 3611 1623 3666 hic
1669 3611 1787 3665 sal-

182 3710 282 3751 vus
309 3699 413 3754 crit
442 3698 681 3771 (Matth.
700 3699 881 3770 xxnv).
918 3719 939 3749 ι
974 3698 1079 3768 Qui
1108 3715 1205 3770 per
1238 3699 1339 3754 bos
1368 3716 1562 3754 omnes
1580 3700 1786 3771 gradus

184 3783 283 3840 rite
331 3788 589 3855 scandet,
636 3788 785 3845 hunc
840 3788 1106 3843 Dominus
1159 3787 1399 3843 cbaritas
1455 3787 1509 3843 in
1563 3788 1788 3845 cellaria

185 3881 402 3932 atteram
433 3875 752 3934 dulcedinis
784 3875 1113 3933 introducet.
1148 3876 1276 3932 Haec
1324 3876 1491 3942 scala,
1524 3877 1785 3932 charissi-

187 3961 276 4029 mi,
335 3981 436 4035 per
494 3965 753 4020 timorem
809 3964 1051 4036 erigitur,
1087 3981 1187 4035 per
1216 3981 1377 4035 quem
1431 3966 1670 4021 cbaritas
1714 3966 1784 4021 ad

188 4064 457 4109 summum
492 4053 751 4118 deducta,
780 4052 901 4123 ipsa
922 4060 979 4108 ut
1010 4052 1153 4108 ﬁlius
1183 4053 1238 4108 in
1269 4053 1640 4109 baereditatem
1681 4056 1785 4110 Do-

191 4138 314 4194 mini
338 4141 729 4198 introducitur.
761 4141 955 4197 Timor
981 4157 1112 4197 vero
1144 4149 1201 4195 ut
1227 4158 1423 4196 servus
1454 4141 1604 4198 foras
1625 4143 1784 4212 ejici-

188 4232 272 4281 tur
297 4230 315 4298 (
337 4231 362 4286 I
377 4233 547 4287 Joan.
581 4234 679 4299 ιν).
708 4229 1001 4285 Sciendum
1050 4238 1232 4285 autem
1264 4231 1407 4301 quod
1438 4232 1546 4285 duo
1602 4241 1785 4288 motus

192 4324 317 4370 sunt
363 4318 574 4385 cordis,
621 4317 822 4390 quibus
878 4318 1059 4372 anima
1109 4318 1443 4373 rationaliter
1496 4319 1564 4374 ad
1620 4336 1782 4375 omne

192 4404 327 4472 quod
382 4407 532 4474 facit,
595 4407 868 4478 agendum
926 4406 1245 4477 impellitur.
1303 4408 1453 4463 Unus
1484 4417 1565 4463 est
1597 4410 1779 4478 timor,

194 4498 321 4555 alter
348 4519 535 4563 amor.
566 4506 695 4561 llzec
724 4504 855 4571 duo,
875 4520 997 4561 cum
1034 4504 1175 4560 bona
1202 4513 1348 4572 sunt,
1381 4522 1542 4562 omne
1582 4507 1781 4563 bonum

194 4588 443 4649 efﬁciunt.
515 4595 619 4648 Per
650 4592 900 4650 timorem
959 4594 1109 4649 enim
1157 4593 1294 4648 mala
1349 4603 1605 4651 caventur
1636 4613 1650 4659 ;
1681 4613 1782 4666 per

196 4692 420 4739 amorem
454 4684 599 4739 bona
613 4692 960 4739 exercentur.
982 4683 1114 4739 Cum
1129 4692 1310 4738 autem
1324 4684 1460 4738 mala
1474 4692 1617 4750 sunt,
1653 4700 1771 4739 om~

196 4766 336 4825 nium
366 4772 640 4829 malorum
692 4786 859 4827 causa
891 4770 1149 4826 existunt.
1199 4772 1302 4826 Per
1332 4773 1583 4828 timorem
1633 4774 1777 4828 enim

197 4857 382 4916 malum
436 4877 472 4918 a
506 4860 651 4915 bono
673 4860 941 4916 receditur
971 4874 984 4926 ;
1017 4876 1117 4930 per
1144 4876 1385 4915 amorem
1418 4877 1547 4916 vero
1576 4862 1779 4917 malum

200 4945 330 5002 mala
359 4956 765 5021 perpetrantur.
800 4947 943 5003 Sunt
975 4964 1108 5020 ergo
1138 4949 1245 5003 duo
1275 4950 1390 5005 haec
1420 4950 1567 5021 quasi
1606 4960 1779 5022 portae

202 5031 329 5099 dum.
384 5056 491 5110 per
548 5053 709 5108 quam
739 5052 891 5093 mors
930 5044 984 5091 et
1039 5037 1144 5090 vita
1199 5037 1601 5110 ingrediuntur.
1635 5042 1780 5095 Mors

203 5123 425 5193 quidem,
476 5142 603 5183 cum
660 5126 979 5196 aperiuntur
1006 5125 1073 5179 ad
1132 5125 1328 5181 malum
1364 5146 1378 5194 ;
1411 5127 1520 5182 vita
1574 5135 1776 5195 autem,

203 5224 313 5268 cum
333 5217 399 5272 ad
428 5218 633 5273 bonum
662 5221 990 5271 reserantur.

596 5369 670 5423 De
700 5368 904 5424 timore
932 5369 989 5420 et
1018 5380 1209 5421 amore
1235 5366 1362 5422 Dei.

267 5489 435 5550 Timor
463 5500 545 5550 est
578 5490 809 5548 effectus
838 5489 1039 5545 mentis
1069 5489 1213 5562 quod
1243 5497 1495 5545 movetur
1524 5497 1580 5545 ut
1609 5508 1777 5562 supe-

206 5576 318 5634 riori
344 5588 498 5639 cedat
533 5598 546 5637 :
575 5596 761 5635 amore
792 5580 939 5635 enim
991 5578 1225 5645 accedit,
1289 5580 1481 5634 timore
1537 5582 1767 5635 recedit.

208 5664 254 5719 Si
283 5668 555 5740 iniustitia
586 5669 912 5741 perstitisset
960 5669 1146 5735 homo,
1195 5683 1259 5723 ex
1317 5669 1592 5724 voluntate
1640 5670 1775 5725 sub-

202 5752 437 5817 iiceretur
466 5759 876 5825 meliori;nuuc
907 5765 1091 5813 autem
1152 5773 1220 5811 ex
1265 5758 1591 5812 necessitate
1639 5759 1773 5813 sub-

202 5838 370 5909 jicitur
398 5849 645 5908 fortiori.
684 5848 812 5904 Haec
853 5854 936 5902 est
966 5860 1132 5916 pcena
1179 5845 1271 5900 illa
1302 5847 1528 5911 timoris,
1581 5863 1644 5902 ex
1668 5863 1775 5919 qua

201 5937 390 5997 servilis
410 5938 744 6005 nominatur,
778 5936 1000 6009 quando
1029 5934 1121 6007 qui
1142 5934 1445 5995 .voluntate
1474 5934 1627 6007 prius
1656 5953 1774 5993 me-

1903 689 2006 748 tur,
2032 682 2160 753 quia
2181 681 2432 751 profecto
2477 695 2694 752 poenam
2717 689 2846 737 tunc
2896 680 3137 736 cbaritas
3169 680 3319 736 foras
3372 679 3502 734 mit-

1903 779 1963 833 tit
1993 782 2009 849 (
2045 779 2229 835 llean
2256 780 2349 845 iv),
2414 779 2635 850 quando
2692 778 3087 850 subjectionem
3145 778 3502 835 voluntariam

1902 866 2048 924 facit.
2083 867 2296 937 Quanto
2327 868 2503 940 magis
2548 869 2750 923 crescit
2805 867 3068 933 charitas,
3129 875 3279 923 tanto
3325 869 3504 941 magis

1901 965 2100 1021 crescit
2151 966 2397 1020 voluntas
2432 984 2445 1029 ;
2478 974 2677 1037 quanto
2758 966 2935 1039 magis
2991 965 3185 1021 crescit
3228 964 3501 1032 voluntas,

1904 1058 2050 1107 tanto
2083 1054 2260 1125 magis
2309 1054 2584 1109 decrescit
2606 1055 2925 1121 necessitas,
2984 1062 3036 1108 et
3092 1054 3202 1122 jam
3261 1053 3502 1124 perfecta

1902 1142 2169 1197 cliaritate
2225 1150 2391 1208 amat,
2425 1142 2492 1196 ad
2523 1143 2883 1197 reverentiam
2915 1142 3200 1196 meliorem
3257 1143 3502 1197 volunta-

1902 1230 2037 1298 rius,
2090 1246 2197 1285 non
2282 1231 2433 1284 timet
2510 1231 2576 1284 ad
2636 1247 2847 1301 paruam
2926 1230 3207 1285 fortiorem
3263 1230 3491 1286 invitus.

1900 1318 2173 1387 Quaeritur
2202 1318 2269 1373 de
2296 1319 2516 1374 Christo
2548 1320 2764 1374 homine
2795 1319 3068 1390 quomodo
3098 1318 3350 1374 timorem
3382 1320 3500 1374 Do-

1901 1414 2033 1469 mini
2064 1416 2334 1483 habuerit,
2370 1417 2468 1470 sed
2504 1416 2659 1470 facile
2693 1422 2776 1470 est
2798 1416 3170 1470 demonstrare
3226 1416 3499 1487 quomodo

1898 1504 2206 1559 voluntarie
2239 1505 2404 1570 Patri,
2468 1506 2521 1558 in
2552 1513 2812 1577 quantum
2865 1505 2981 1574 ipse
3002 1506 3166 1559 homo
3220 1511 3351 1570 erat,
3394 1504 3499 1559 sibi

1898 1592 2190 1662 superiori,
2226 1592 2569 1661 subiiciebat,
2596 1601 2648 1647 et
2672 1601 2971 1663 spontanea
3001 1592 3311 1648 reverentia
3338 1593 3502 1649 cede-

1897 1679 1988 1734 bat
2040 1680 2118 1735 illi
2176 1697 2337 1753 quem
2389 1682 2737 1751 superiorem
2790 1682 3182 1753 cognoscebat,
3242 1681 3430 1736 dicens
3481 1699 3493 1737 :

1900 1799 1922 1829 ε
1962 1779 2119 1833 Pater
2148 1779 2325 1848 major
2346 1795 2431 1835 me
2463 1789 2544 1835 est
2569 1782 2753 1849 (Joan.
2786 1780 2938 1849 xxv).
2980 1780 3130 1835 Sicut
3150 1779 3316 1851 igitur
3346 1793 3502 1835 amor

1896 1882 2020 1923 cum
2052 1867 2125 1921 sit
2154 1877 2333 1922 motus
2364 1868 2567 1923 mentis
2623 1867 2950 1923 naturaliter
2976 1884 3136 1932 unus,
3196 1866 3495 1923 secundum

1820 1946 1871 2007 B
1901 1955 2152 2011 diversas
2183 1956 2470 2028 qualitates
2499 1956 2722 2011 divorsa
2750 1956 2971 2011 nomina
3004 1955 3245 2021 sortitur,
3276 1962 3331 2010 et
3356 1954 3496 2009 dici-

1903 2059 1989 2107 tur
2013 2052 2312 2123 aliquando
2334 2053 2623 2124 cupiditas,
2656 2054 2877 2125 quando
2908 2053 3117 2109 scilicet
3143 2052 3211 2108 ad
3233 2052 3494 2107 mundum

1901 2148 2004 2209 est,
2038 2142 2254 2212 quando
2276 2157 2407 2197 vero
2450 2143 2518 2196 ad
2542 2143 2717 2197 Deum
2746 2142 2982 2198 cbaritas
3017 2161 3028 2195 :
3057 2142 3134 2197 sic
3154 2141 3318 2197 timor
3372 2155 3494 2196 cum

1901 2229 1968 2283 sit
1999 2238 2176 2284 motus
2199 2231 2397 2285 mentis
2426 2230 2746 2286 naturaliter
2772 2247 2933 2297 unus,
2966 2230 3265 2285 secundum
3307 2229 3496 2285 diver-

1900 2333 1993 2371 sos
2037 2326 2218 2372 tamen
2266 2327 2445 2373 motus
2501 2320 2750 2385 habetur,
2812 2319 2895 2373 vel
2935 2326 3211 2389 operatur,
3263 2317 3496 2373 diversis

1898 2406 2211 2461 nominibus
2243 2406 2593 2479 signiﬁcatur.
2641 2407 2884 2477 Quatuor
2904 2424 3037 2463 sane
3067 2407 3292 2462 timores
3334 2421 3494 2463 sacra

1900 2496 2185 2566 Scriptura
2214 2496 2502 2564 discernit,
2564 2498 2843 2561 servilem,
2892 2496 3247 2560 mundanum,
3307 2493 3492 2551 initia-

1895 2583 2024 2648 lem,
2056 2583 2304 2640 ﬁlialem.
2345 2586 2572 2641 Servilis
2601 2586 2764 2641 timor
2792 2594 2873 2640 est
2895 2601 2992 2655 pro
3049 2584 3301 2640 evitanda
3329 2596 3494 2654 paena

1897 2680 2173 2736 abstinere
2202 2697 2232 2736 a
2252 2682 2420 2747 malo,
2451 2691 2664 2738 retenta
2695 2683 2969 2738 voluntate
2997 2681 3163 2740 mala.
3192 2681 3495 2736 Mundanus

1896 2768 2058 2823 timor
2081 2778 2164 2823 est
2195 2785 2296 2841 pro
2325 2771 2582 2826 evitanda
2641 2786 2806 2842 poma
2860 2772 3137 2826 abstinere
3165 2785 3194 2825 a
3224 2770 3370 2825 bono
3398 2785 3496 2824 re-

1895 2864 2040 2912 tenta
2068 2863 2340 2915 voluntate
2372 2861 2541 2915 bona.
2608 2860 2834 2915 lnitialis
2864 2877 3003 2916 vero
3023 2861 3188 2915 timor
3233 2866 3335 2925 est,
3358 2872 3496 2929 pro-

1894 2946 2147 3001 evitanda
2203 2963 2366 3017 poena
2412 2964 2536 3003 cum
2576 2964 2837 3019 perverso
2882 2964 3051 3020 opere
3081 2948 3241 3002 etiam
3297 2960 3496 3018 pravas

1896 3034 2253 3104 cogitationes
2271 3052 2541 3093 resecare.
2601 3037 2807 3092 Filialis
2836 3037 2997 3093 timor
3013 3045 3096 3091 est
3143 3037 3288 3092 bono
3318 3033 3495 3089 ﬁrmi-

1897 3137 1980 3185 ter
2023 3131 2323 3198 adhaerere,
2374 3134 2502 3202 quia
2551 3133 2683 3189 illud
2740 3133 2986 3189 amittere
3042 3133 3209 3190 nolis.
3272 3132 3353 3187 Ex
3406 3131 3494 3187 his

1896 3229 2133 3289 quatuor
2158 3221 2266 3276 duo
2295 3222 2426 3277 mali
2445 3229 2587 3288 sunt,
2620 3223 2673 3277 id
2703 3231 2786 3278 est
2799 3223 3013 3278 servilis
3052 3230 3106 3277 et
3134 3220 3437 3276 mundanus
3473 3238 3488 3276 :

1812 3302 1859 3364 C
1890 3309 1997 3363 duo
2028 3325 2156 3364 vero
2187 3310 2335 3379 boni,
2369 3310 2421 3365 id
2455 3319 2537 3366 est
2569 3311 2790 3366 initialis
2822 3320 2874 3367 et
2905 3311 3104 3367 ﬁlialis.
3164 3309 3388 3365 Servilis
3415 3309 3489 3364 ti-

1894 3413 2018 3452 mor
2046 3413 2264 3468 poenam
2294 3415 2416 3470 quae
2445 3399 2516 3454 ab
2545 3399 2858 3455 hominibus
2878 3399 3108 3454 infertur
3136 3398 3327 3453 metuit
3358 3416 3371 3452 :
3404 3396 3491 3452 id-

1894 3485 2039 3541 circo
2061 3486 2108 3540 ei
2137 3486 2338 3542 sufﬁcit
2367 3503 2587 3543 cessare
2614 3503 2644 3541 a
2671 3487 2819 3543 malo
2850 3503 3036 3559 Opere,
3069 3487 3196 3559 quia
3246 3486 3316 3541 ad
3347 3501 3487 3543 ocu-

1890 3573 2004 3629 lum
2037 3574 2327 3630 famulatur
2358 3595 2374 3642 ;
2406 3585 2458 3631 et
2477 3584 2683 3631 reatum
2730 3576 3082 3633 conscientiae
3112 3591 3221 3630 non
3276 3576 3485 3642 metuit,

1895 3662 2209 3718 hominibus
2238 3666 2457 3735 placere
2513 3665 2725 3720 volens.
2771 3664 3075 3720 Mundanus
3120 3677 3253 3719 vero
3306 3663 3485 3730 timor,

1895 3751 2209 3807 hominibus
2239 3752 2458 3823 placere
2514 3770 2621 3808 non
2679 3769 2950 3825 quaerens,
2980 3761 3159 3808 tamen
3197 3751 3489 3823 displicere

1893 3848 2161 3906 metuens,
2181 3840 2361 3913 etipse
2378 3840 2590 3913 ﬁngens
2614 3843 2758 3915 quod
2782 3858 2891 3899 non
2915 3849 2998 3898 est
3023 3850 3233 3911 ;tamen
3256 3840 3486 3897 mendax

1892 3937 1950 3992 iu
1979 3939 2235 4011 neganda
2300 3941 2525 3996 veritate
2581 3956 2745 4012 quam
2804 3940 2963 3996 fallax
3010 3939 3065 3994 in
3121 3937 3352 3994 falsitate
3403 3945 3486 3993 te-

1893 4028 2094 4098 genda,
2130 4037 2183 4083 et
2210 4037 2444 4100 uterque
2484 4030 2538 4083 in
2584 4030 2807 4085 veritate
2840 4028 3066 4084 offendit
3097 4044 3111 4082 :
3140 4026 3298 4093 alter,
3357 4026 3486 4097 quia

1895 4116 2084 4171 timide
2114 4126 2280 4188 negat
2310 4119 2456 4188 quod
2482 4122 2566 4173 est
2599 4133 2612 4185 ;
2646 4119 2806 4187 alter,
2855 4117 2983 4189 quia
3011 4131 3274 4188 perverse
3328 4114 3487 4170 sileat

1893 4214 2036 4284 quod
2059 4231 2168 4270 non
2198 4224 2304 4271 est.
2374 4216 2601 4270 lnitialis
2631 4232 2763 4272 vero
2819 4215 2998 4283 timor,
3021 4215 3149 4288 quia
3204 4229 3328 4269 eam
3379 4229 3483 4285 qua

1895 4303 2046 4357 Deus
2067 4305 2433 4359 comminatur
2459 4321 2697 4375 poenam,
2718 4304 2995 4359 declinare
3028 4305 3247 4375 satagit,
3270 4318 3482 4374 nequa-

1893 4415 2052 4469 quam
2083 4398 2185 4455 sibi
2215 4399 2465 4456 sufﬁcere
2493 4400 2666 4470 videt,
2696 4401 2840 4456 utab
2860 4400 3045 4456 illicita
3073 4416 3134 4455 se
3161 4398 3484 4470 Operatione

1890 4496 2181 4565 contineat,
2217 4498 2345 4568 quia
2374 4498 2426 4553 ei
2454 4498 2543 4569 qui
2573 4513 2671 4553 cor
2700 4498 2959 4565 intuetur,
3008 4514 3115 4554 non
3138 4507 3222 4553 est
3252 4497 3385 4552 satis
3412 4496 3484 4551 ad

1890 4585 2268 4655 probationem
2302 4586 2349 4640 si
2392 4586 2655 4642 innocens
2709 4586 2867 4642 fuerit
2923 4587 3086 4651 actio,
3150 4586 3254 4641 nisi
3313 4585 3481 4640 etiam

1810 4654 1863 4717 D
1896 4673 2015 4743 ipsa
2045 4674 2227 4730 cordis
2257 4675 2519 4746 cogitatio
2543 4684 2670 4730 ante
2692 4677 2809 4745 ejus
2828 4676 3019 4731 oculos
3048 4675 3260 4731 sincera
3314 4683 3478 4744 atque

1886 4772 2165 4842 impolluta
2195 4780 2469 4843 appareat.
2502 4772 2642 4841 Quia
2665 4786 2806 4844 ergo
2837 4772 2913 4827 illi
2944 4772 3236 4843 displicere
3291 4769 3481 4825 metuit

1887 4862 1978 4932 qui
2009 4860 2155 4915 videt
2188 4865 2379 4926 totum,
2409 4862 2478 4916 ad
2520 4862 2823 4932 perfectam
2878 4860 3246 4916 innocentiam
3292 4874 3477 4916 coram

1886 4973 1952 5013 eo
1981 4973 2213 5013 necesse
2269 4974 2393 5015 esse
2441 4960 2774 5026 considerat,
2833 4967 2892 5014 ut
2917 4958 3140 5013 mundet
3173 4965 3365 5023 totum,
3423 4963 3476 5011 et

1886 5053 2012 5110 ideo
2034 5055 2136 5111 iste
2189 5055 2351 5110 timor
2379 5056 2600 5110 initialis
2629 5056 2844 5126 dicitur,
2894 5055 3020 5127 quia
3077 5055 3179 5110 sub
3219 5055 3322 5111 hoc
3376 5070 3478 5125 per

1886 5152 2083 5207 bonam
2103 5152 2462 5221 voluntatem,
2482 5162 2537 5209 et
2567 5154 2777 5209 virtutis
2824 5152 3032 5209 initium
3052 5153 3193 5225 capit
3214 5162 3268 5208 et
3288 5151 3473 5208 ﬁnem.

1884 5255 2131 5311 Necdum
2160 5264 2337 5311 tamen
2368 5255 2633 5327 perfectio
2663 5264 2765 5323 est,
2799 5256 2923 5329 quia
2953 5257 3079 5311 dum
3113 5255 3258 5310 aliud
3276 5254 3459 5326 agitur

1886 5360 1940 5408 et
1968 5352 2112 5409 aliud
2145 5352 2463 5419 intenditur,
2497 5353 2679 5424 ipsum
2710 5354 2889 5411 adhuc
2918 5361 3141 5425 propter
3178 5368 3238 5408 se
3271 5353 3473 5407 bonum

1886 5465 1996 5505 non
2025 5450 2323 5505 amittatur.
2362 5451 2513 5507 Tunc
2563 5451 2773 5507 accedit
2802 5451 3064 5518 charitas,
3113 5458 3165 5505 et
3186 5450 3346 5505 intrat
3380 5466 3479 5520 per

1885 5548 2140 5603 timorem
2163 5548 2343 5604 istum.
2373 5548 2483 5612 Qui
2511 5549 2642 5604 dum
2671 5558 2938 5605 monstrat
2981 5550 3125 5619 quod
3155 5551 3341 5623 fugere
3372 5552 3476 5605 de-

1884 5646 2113 5701 beamus
2144 5646 2467 5717 periculum,
2501 5647 2904 5719 quodammodo
2935 5656 3191 5718 appetere
3241 5657 3294 5705 et
3323 5648 3475 5703 desi-

1885 5744 2079 5799 derare
2114 5744 2243 5799 facit
2275 5744 2602 5816 prmsidium.
2628 5744 2903 5800 Convertit
2960 5761 3055 5801 cor
3084 5746 3149 5799 ad
3174 5748 3368 5813 Deum,
3420 5754 3479 5801 ut

1884 5841 2294 5914 quodammodo
2317 5844 2383 5898 de
2414 5844 2531 5914 ipso
2570 5844 2822 5917 fugiatad
2845 5845 3041 5916 ipsum,
3073 5845 3176 5900 hoc
3233 5854 3315 5900 est
3345 5842 3474 5898 dum

1881 5946 2039 5995 cavet
2086 5939 2294 5996 habere
2346 5940 2565 6012 iratum,
2620 5941 2832 5999 studeat
2880 5943 3082 5999 habere
3137 5941 3458 6013 propitium.
