3924 6398
421 397 524 453 363

1538 398 1886 455 WEBNERI
1922 398 2209 457 ABBATIS
2247 399 2312 458 S.
2359 401 2584 459 BLASII

3632 417 3742 473 864

420 522 581 579 Hunc
609 520 857 596 sequitur
884 521 1049 579 timor
1078 521 1256 578 tilialis
1284 521 1375 595 qui
1397 538 1462 578 ex
1490 521 1824 579 succedente
1849 523 2023 580 chari—
2052 526 2106 586 Α
2136 532 2346 597 partem
2380 526 2656 586 declinare
2705 539 2881 590 status
2939 534 3061 595 vitae
3088 537 3389 596 mutabilis.
3456 540 3568 599 Sed
3611 556 3744 598 cum

422 618 533 667 tate
564 612 823 681 nascitur,
859 619 915 667 ut
944 612 1122 684 ipsum
1173 611 1367 667 timere
1398 610 1530 665 nihil
1551 611 1697 667 aliud
1728 610 1817 681 sit,
1860 628 2025 686 quam

421 700 780 772 degustatum
810 701 864 755 in
896 700 1159 756 cliaritate
1190 700 1391 755 bonum
1416 701 1527 769 jam
1557 700 1702 757 nolle
1749 701 2024 770 amittere,

423 797 475 844 et
504 789 592 844 hic
623 789 844 861 quidem
870 789 1033 845 timor
1061 789 1262 861 aliquid
1278 805 1454 861 ptenaa
1481 789 1793 859 adjunctum
1842 791 2023 859 habet,

420 877 548 933 dum
566 878 619 932 in
644 886 795 935 certo
811 877 1178 947 ambulamus,
1206 886 1257 932 et
1269 886 1449 950 potest
1485 878 1537 933 in
1553 887 1838 951 utramque
1850 879 2028 936 adhuc

2135 614 2470 671 mutabilitas
2499 618 2650 674 nulla
2694 622 2814 690 erit,
2843 631 2971 681 tunc
3017 626 3169 681 nulla
3197 644 3261 683 ex
3291 629 3502 686 incerto
3549 630 3747 702 suspi-

2134 702 2309 759 cionis
2325 706 2690 779 pcenainerit,
2725 720 2777 767 et
2810 721 2941 769 tunc
2970 714 3132 771 timor
3164 717 3571 788 quodammodo
3620 719 3748 775 sine

2134 792 2331 849 timore
2360 794 2480 862 erit,
2501 795 2592 850 ubi
2615 807 2666 853 et
2688 799 2757 855 de
2780 802 3072 860 stabilitate
3093 805 3228 861 certi
3242 806 3465 873 erimus,
3480 814 3535 864 et
3553 815 3747 864 tamen

2136 883 2501 939 reverentiam
2534 886 2787 944 Creatori
2805 890 3065 948 exhibere
3083 908 3192 951 non
3226 894 3566 952 desistimus.

1083 1138 1708 1244 DOMINICA
1786 1141 1915 1243 IN
1992 1140 3046 1267 QUADRAGESIMA.

1651 1332 2045 1398 Secundum
2090 1334 2515 1402 Matthaeum.

499 1489 521 1513 α
557 1466 764 1522 Ductus
794 1474 874 1522 est
918 1468 1081 1524 Jesus
1132 1466 1189 1523 in
1218 1466 1497 1524 desertum
1557 1474 1616 1523 ut
1652 1474 1957 1524 tentaretur
2000 1484 2035 1526 a

419 1561 658 1631 diabolo,
682 1573 770 1623 etc
799 1586 823 1617 ι
858 1566 1083 1637 (Matth.
1108 1582 1168 1622 ιν
1187 1568 1236 1638 .)
1260 1566 1519 1623 Consulte
1537 1567 1711 1623 Lucas
1739 1566 2035 1639 primopo-

418 1653 526 1709 suit
559 1672 573 1708 :
609 1677 631 1702 ιι
667 1655 827 1711 Iesus
856 1663 1040 1712 autem
1064 1656 1265 1727 plenus
1293 1656 1499 1728 Spiritu
1528 1664 1716 1713 sancto
1742 1671 2035 1729 regressus

416 1742 487 1797 ab
511 1743 750 1799 Iordane
772 1746 929 1813 (Luc.
962 1747 1038 1812 IV)
1074 1764 1095 1795 ι
1130 1761 1202 1801 ne
1231 1744 1584 1801 dubitaretur
1617 1761 1647 1799 a
1679 1760 1788 1817 quo
1835 1744 2035 1816 spiritu

416 1831 616 1888 ductus
645 1832 809 1888 fuerit
838 1834 896 1888 in
925 1833 1209 1890 desertum
1241 1834 1543 1890 secundum
1584 1835 1915 1900 Matthaeum,
1947 1833 2033 1889 vel

424 1929 690 2001 expulsus
713 1930 1021 1988 secundum
1052 1932 1319 1989 Marcum.
1353 1930 1557 1988 Procul
1586 1930 1755 1987 dubio
1777 1946 1888 1986 non
1916 1930 2036 1986 vir-

419 2026 532 2075 tute
554 2019 685 2076 mali
715 2020 935 2092 spiritus
964 2021 1126 2077 Jesus
1154 2021 1335 2094 agitur
1382 2021 1438 2076 in
1469 2021 1768 2087 desertum,
1803 2020 1901 2075 sed
1930 2036 2033 2077 vo-

417 2107 628 2165 luntate
657 2109 1003 2182 suiSpiritus,
1022 2118 1079 2165 ut
1094 2110 1713 2166 sternatadversarium.
1737 2109 1874 2165 Vere
1887 2108 2033 2164 enim

419 2204 475 2254 et
508 2197 721 2271 absque
778 2197 889 2252 ulla
930 2198 1230 2270 quaestione
1279 2197 1671 2254 convenienter
1728 2195 2020 2268 accipitur,

426 2293 484 2341 ut
539 2302 570 2341 a
630 2292 829 2342 sancto
871 2285 1073 2356 Spiritu
1105 2286 1157 2341 in
1214 2285 1499 2342 desertum
1527 2285 1723 2342 ductus
1773 2284 2034 2342 credatur

423 2392 483 2441 ut
514 2384 647 2441 illuc
675 2400 798 2440 eum
828 2400 964 2440 suus
989 2384 1214 2455 spiritus
1242 2384 1488 2451 duceret,
1519 2383 1612 2439 ubi
1642 2383 1789 2440 hunc
1816 2383 1885 2438 ad
1908 2390 2034 2439 ten-

421 2473 649 2529 tandum
682 2474 909 2545 spiritus
937 2472 1218 2545 malignus
1248 2473 1540 2530 inveniret.
1575 2472 1678 2529 Ubi
1715 2488 1860 2529 nunc
1887 2488 2032 2543 pra:-

423 2570 779 2626 monstratur,
809 2568 871 2618 ut
898 2570 1026 2634 post
1060 2561 1389 2632 baptismum
1421 2560 1784 2634 accingamur
1824 2559 2035 2617 fortiter

423 2659 613 2708 contra
641 2651 949 2716 diabolum,
989 2650 1198 2708 relictis
1229 2650 1422 2706 mundi
1449 2650 1747 2719 illecebris,
1780 2657 1835 2706 et
1851 2648 2035 2706 socie-

424 2754 532 2804 tate
560 2762 881 2819 pravorum.
905 2770 928 2796 α
966 2748 1030 2802 Ει
1052 2763 1174 2804 cum
1202 2746 1508 2816 jejunasset
1528 2746 1898 2819 quadraginta
1926 2745 2034 2800 die-

427 2835 532 2892 bus
552 2844 604 2892 et
635 2836 1013 2909 quadraginta
1037 2836 1311 2903 noctibus,
1340 2843 1530 2907 postea
1560 2834 1766 2892 esuriit.
1785 2856 1807 2883 ι
1828 2833 2035 2890 Obtulit

427 2940 488 2982 se
519 2925 773 2982 tentatori
801 2924 1167 2997 quadraginta
1206 2925 1401 2980 diebus
1431 2932 1485 2980 et
1514 2925 1880 2997 quadraginta
1937 2938 2035 2980 no-

426 3022 607 3078 ctibus
629 3030 687 3077 ut
716 3022 924 3079 indicet
955 3022 1077 3095 quia
1101 3022 1216 3078 sive
1244 3022 1335 3078 hic
1362 3036 1636 3094 prospera
1667 3020 2030 3087 blandiantur,

423 3112 569 3184 quod
586 3112 654 3166 ad
686 3112 808 3167 dies
854 3111 1113 3183 pertinet,
1148 3111 1266 3167 sive
1320 3111 1560 3166 adversa
1614 3110 1836 3179 feriant,
1885 3109 2033 3183 quod

421 3201 598 3256 noctis
634 3199 824 3274 ﬁgurae
855 3200 1128 3274 congruit,
1189 3216 1411 3271 semper
1441 3198 1693 3256 ﬁdelibus
1750 3199 2033 3255 adestad-

425 3290 698 3347 versarius
726 3306 835 3346 non
868 3306 1094 3347 cessans
1124 3306 1225 3347 eos
1256 3289 1525 3361 impedire
1553 3288 1843 3345 tentando.
1880 3288 2029 3344 Esu-
2059 3257 2110 3322 Ο

423 3386 505 3443 riit
535 3395 782 3458 torpore,
812 3395 872 3443 ut
892 3386 1112 3443 diabolo
1142 3387 1475 3443 tribueretur
1495 3385 1738 3441 tentandi
1785 3384 2029 3451 occasio,

421 3483 477 3532 et
506 3476 821 3533 vinceretur
851 3476 921 3531 ab
942 3476 1193 3543 homine,
1243 3476 1404 3546 cujus
1432 3482 1607 3530 morte
1634 3482 1689 3529 et
1740 3473 2032 3530 calamita-

420 3564 567 3620 tibus
588 3565 950 3637 gloriabatur.
982 3565 1307 3621 Movebatur
1335 3562 1589 3619 diabolus
1612 3579 1685 3618 χι,
1715 3562 1924 3619 dierum
1948 3562 2034 3632 je-

415 3653 595 3725 junio,
627 3654 833 3710 sciebat
860 3654 1081 3710 totidem
1121 3653 1321 3710 diebus
1358 3668 1531 3723 aquas
1565 3652 1757 3723 abyssi
1804 3650 2029 3717 eﬂ‘usas,

421 3750 761 3823 exploratam
792 3750 1238 3822 repromissionis
1294 3759 1521 3815 terram,
1558 3750 1736 3821 Moysi
1790 3748 1970 3821 legem
1999 3763 2031 3803 a

418 3838 537 3896 Deo
566 3840 775 3907 datam,
802 3839 946 3895 ﬁlios
978 3838 1147 3895 Israel
1179 3838 1406 3895 totidem
1438 3837 1665 3893 annisin
1694 3852 2030 3909 eremOpane

414 3938 745 4012 angelorum
773 3938 1008 3994 vixisse.
1049 3938 1185 3993 Cum
1230 3953 1359 3994 vero
1382 3936 1558 3992 sensit
1584 3944 1709 4008 post
1758 3936 2029 4007 jejunium

418 4027 636 4083 esurire
667 4027 981 4092 Dominum,
1013 4027 1161 4098 quod
1193 4041 1301 4081 non
1332 4025 1401 4081 de
1429 4026 1620 4097 Moyse
1649 4024 1733 4080 vel
1766 4024 2031 4099 Elialegi-

420 4131 532 4192 tur,
611 4133 670 4180 ut
716 4133 840 4196 post
888 4124 1099 4195 jejunia
1155 4123 1446 4191 esurirent,
1507 4122 1739 4179 accessit
1767 4122 2030 4178 tentando

414 4213 582 4286 longe
626 4223 870 4269 remotus
926 4213 1156 4269 malitiae
1181 4222 1335 4270 voto.
1376 4213 1721 4268 Decemsunt
1750 4218 2029 4282 praecepta

414 4301 579 4373 legis,
605 4308 659 4357 et
690 4301 1126 4374 quadripartitus
1154 4309 1238 4356 est
1274 4301 1529 4366 mundus,
1561 4300 1709 4373 quod
1755 4298 2029 4373 signiﬁcat

412 4399 529 4470 jam
560 4397 759 4455 Christi
791 4398 1025 4471 gratiam
1051 4399 1167 4470 jam
1200 4397 1455 4454 diffusam
1487 4414 1585 4470 per
1614 4398 1898 4467 mundum,
1933 4397 2029 4470 qui

413 4496 683 4567 jejunavit
714 4496 898 4568 spatio
927 4512 997 4552 XL
1026 4495 1255 4552 dierum.
1276 4499 1336 4551 In
1369 4512 1475 4569 quo
1494 4496 1706 4567 jejunio
1736 4495 1891 4569 quasi
1907 4496 2025 4552 cla-

2143 1469 2280 1527 rium
2312 1488 2599 1531 numerum
2630 1485 2845 1550 tempus
2874 1480 3212 1553 pmnitentiae
3238 1482 3442 1557 surgit.
3487 1505 3508 1533 ι
3544 1484 3609 1539 Et
3640 1498 3744 1540 ac-

2144 1561 2350 1617 cedens
2378 1571 2618 1621 tentator
2674 1566 2810 1623 dixit
2838 1569 2888 1625 ei
2920 1588 2933 1624 :
2968 1570 3024 1627 Si
3074 1572 3239 1627 Filius
3294 1588 3375 1638 es,
3433 1573 3524 1629 die
3554 1581 3612 1627 ut
3654 1572 3744 1627 la-

2143 1650 2301 1722 pides
2330 1651 2419 1708 isti
2440 1669 2609 1725 panes
2649 1654 2801 1713 ﬁant.
2852 1658 2958 1728 Qui
2992 1661 3331 1731 respondens
3384 1660 3513 1717 dixit
3543 1679 3557 1716 :
3589 1661 3744 1718 Scri-

2146 1751 2298 1820 ptum
2327 1759 2413 1806 est
2444 1771 2455 1807 :
2488 1753 2612 1808 Non
2642 1753 2698 1808 in
2724 1755 2845 1812 solo
2873 1773 3017 1830 pane
3036 1758 3169 1814 vivit
3197 1759 3384 1821 homo.
3406 1759 3502 1815 sed
3524 1758 3743 1815 inomni

2145 1839 2318 1896 verbo
2348 1842 2495 1913 quod
2524 1844 2769 1912 procedit
2789 1845 2858 1901 de
2877 1861 2973 1903 ore
2989 1847 3109 1905 Dei.
3144 1868 3168 1899 ι
3193 1847 3430 1905 Credidit
3447 1848 3743 1921 aliquando

2146 1929 2400 1987 diabolus
2441 1930 2836 1991 debellatorem
2893 1952 3051 1992 suum
3074 1938 3292 1994 venisse
3347 1937 3402 1993 in
3448 1938 3738 2007 mundum,

2145 2031 2287 2089 sicut
2318 2049 2417 2104 per
2446 2033 2734 2091 obsessum
2767 2037 3044 2095 hominem
3102 2039 3241 2095 dixit
3273 2057 3287 2095 :
3323 2063 3353 2103 α,
3381 2039 3524 2110 Quid
3578 2039 3741 2097 nobis

2143 2129 2196 2177 et
2222 2121 2336 2189 tibi,
2369 2122 2489 2178 Filii
2532 2123 2650 2180 Dei.
2686 2125 2892 2182 Venisti
2937 2136 3063 2184 ante
3092 2135 3306 2200 tempus
3323 2136 3579 2201 torquere
3633 2143 3741 2184 nos

2143 2211 2370 2280 (Matth.
2403 2211 2546 2281 vm).
2585 2235 2608 2262 ιι
2642 2214 2855 2271 Deinde
2884 2223 3058 2273 etnon
3077 2216 3225 2273 illum
3249 2225 3435 2274 etesse
3454 2216 3740 2285 dubitavit,

2142 2309 2394 2365 mortalia
2448 2310 2732 2381 patiendo.
2797 2313 3077 2385 Scriptum
3103 2323 3208 2387 est,
3263 2314 3398 2371 dixit
3446 2315 3736 2381 Dominus,

2142 2398 2270 2471 quia
2299 2398 2622 2468 humilitate,
2674 2417 2782 2457 non
2814 2404 3054 2473 potentia
3107 2413 3468 2476 proposuerat
3520 2404 3738 2462 vincere

2141 2487 2444 2543 diabolum.
2479 2489 2801 2545 lntendebat
2833 2491 3148 2549 daemonum
3182 2492 3440 2565 princeps
3465 2500 3519 2550 et
3556 2500 3737 2549 muta-

2140 2575 2288 2633 tione
2316 2576 2555 2648 lapidum
2581 2577 2637 2633 in
2661 2594 2833 2650 panes
2885 2580 3142 2637 virtutem
3199 2580 3484 2653 potestatis
3510 2581 3567 2637 in
3619 2583 3736 2638 Deo

2141 2680 2464 2739 agnoscere,
2497 2675 2552 2722 et
2570 2666 2625 2722 in
2681 2667 2902 2725 homine
2944 2685 3010 2726 ex
3052 2669 3448 2727 oblectamento
3482 2670 3589 2728 cibi
3643 2686 3735 2743 pa-

2142 2764 2386 2821 tientiam
2416 2764 2737 2822 esuritionis
2789 2767 3053 2824 illudere.
3092 2770 3294 2824 Verum
3324 2768 3608 2839 Dominus,
3665 2769 3733 2825 de

2142 2853 2572 2910 Deuteronomio
2615 2855 2980 2913 testimonium
3029 2873 3253 2913 sumens
3273 2858 3511 2914 ostendit
3554 2857 3736 2914 nonin

2140 2957 2283 3014 pane
2316 2941 2423 2998 hoc
2464 2942 2731 3011 solitario,
2783 2944 2883 3000 sed
2931 2945 2988 3000 in
3047 2945 3218 3002 verbo
3273 2945 3372 3002 Dei
3427 2945 3735 3002 alimoniam

2138 3031 2460 3087 aeternitatis
2483 3047 2608 3088 esse
2663 3034 3021 3104 sperandam.
3054 3034 3253 3091 Tribus
3285 3034 3460 3092 modis
3512 3033 3731 3091 tentatio

2140 3120 2217 3187 fit,
2249 3121 2631 3194 suggestione,
2650 3122 3350 3191 delectatione,consensu.
3376 3124 3617 3181 Christus
3635 3138 3734 3179 au-

2140 3228 2248 3277 tem
2279 3219 2638 3293 suggestione
2669 3220 2792 3276 sola
2841 3228 3078 3277 tentatus
3133 3227 3237 3287 est,
3269 3235 3397 3292 quia
3449 3219 3730 3278 delectatio

2139 3309 2351 3383 peccati
2381 3316 2619 3365 mentem
2652 3309 2770 3380 ejus
2800 3324 2909 3365 non
2936 3308 3249 3366 momOrdit.
3289 3311 3413 3366 Non
3441 3309 3538 3366 fuit
3594 3308 3727 3365 indi-

2139 3415 2306 3472 gnum
2330 3397 2525 3454 tentari
2568 3397 2647 3453 illi
2680 3398 2773 3471 qui
2800 3398 2978 3454 occidi
3036 3405 3277 3465 venerat,
3307 3407 3367 3454 ut
3411 3413 3513 3454 sua
3551 3405 3725 3455 tents—

2140 3489 2289 3544 tione
2318 3494 2540 3543 nostras
2569 3486 2836 3558 vinceret,
2875 3487 3019 3544 sicut
3043 3502 3142 3543 sua
3173 3495 3347 3545 morte
3401 3495 3587 3544 nostra
3615 3486 3728 3543 tulit

2139 3584 2362 3650 peccata
2375 3617 2390 3633 .

2209 3704 2367 3761 Tunc
2398 3702 2695 3774 assumpsit
2724 3719 2847 3759 eum
2905 3702 3168 3760 Diabolus
3194 3702 3251 3760 in
3305 3709 3549 3760 sanctam
3593 3701 3724 3760 civi-

2138 3800 2323 3859 tatem,
2372 3801 2426 3848 et
2482 3792 2668 3847 statuit
2718 3808 2845 3848 eum
2898 3808 3060 3865 supra
3090 3791 3437 3865 pinnaculum
3463 3791 3663 3863 templi.
3698 3814 3718 3839 ι

2137 3884 2260 3940 Non
2292 3889 2375 3938 est
2402 3881 2601 3937 mirum
2633 3882 2679 3937 si
2712 3898 2770 3937 se
2788 3882 3038 3954 permisit
3068 3882 3138 3939 ab
3159 3882 3253 3938 illo
3270 3881 3496 3949 assumi,
3537 3880 3721 3938 etduci

2138 3980 2190 4028 et
2220 3970 2400 4039 statui,
2425 3970 2517 4042 qui
2546 3987 2607 4026 se
2635 3971 2860 4043 protulit
2887 3986 2921 4026 a
2950 3971 3211 4027 membris
3250 3969 3394 4026 illius
3454 3968 3711 4044 cruciﬁgi.

2140 4063 2322 4117 Potest
2342 4068 2522 4116 autem
2552 4060 2630 4116 sic
2659 4059 2903 4132 intelligi.
2944 4059 3255 4133 Assumpsit
3282 4076 3408 4116 eum
3458 4058 3712 4126 diabolus,

2136 4150 2191 4205 id
2212 4157 2297 4206 est
2318 4149 2576 4205 tentando
2615 4148 2834 4217 invasit,
2869 4156 2923 4204 et
2977 4149 3162 4205 statuit
3214 4165 3339 4205 eum
3381 4164 3544 4221 supra
3596 4149 3716 4220 pin-

2133 4247 2388 4305 naculum
2411 4247 2619 4320 templi.
2652 4248 2784 4303 Ideo
2826 4247 3045 4304 occasio
3103 4246 3215 4312 fuit,
3249 4263 3416 4319 quare
3466 4246 3714 4303 Dominus

2136 4355 2165 4394 a
2195 4352 2296 4393 suo
2312 4335 2505 4409 spiritu
2546 4337 2615 4391 sit
2656 4336 2855 4392 ductus
2911 4344 2966 4392 et
2987 4343 3221 4392 statutus
3268 4335 3398 4392 illic.
3432 4336 3600 4391 Pinna
3634 4334 3714 4391 vel

2134 4426 2484 4500 pinnaculum
2512 4433 2595 4482 est
2618 4425 2917 4498 fastigium,
2948 4425 3000 4481 id
3032 4434 3116 4482 est
3130 4424 3442 4481 summitas.
3466 4424 3716 4483 Solebant

2137 4516 2278 4573 enim
2302 4515 2529 4588 antiqui,
2580 4515 2720 4571 sicut
2748 4514 2924 4571 adhuc
2970 4513 3027 4570 ﬁt
3056 4515 3111 4570 in
3140 4514 3390 4587 pluribus
3426 4513 3586 4584 locis,
3631 4530 3714 4569 su-

415 4591 598 4647 mebat
632 4609 644 4646 :
676 4614 698 4639 α
729 4592 1020 4648 Abstinete
1050 4608 1149 4648 vos
1180 4608 1213 4647 a
1240 4592 1533 4648 desideriis
1554 4592 1714 4660 hujus
1759 4591 1940 4647 saeculi
1975 4591 2031 4661 (I
2055 4618 2106 4681 Ι)
2137 4607 2350 4678 veriora
2371 4605 2657 4660 domorum
2686 4603 2773 4659 vel
2806 4604 3137 4676 templorum
3166 4602 3349 4660 facere
3377 4603 3540 4675 plano
3565 4604 3713 4659 sebo-

415 4682 575 4739 Petr.
610 4684 693 4752 ιι).
717 4704 738 4730 ιι
762 4682 825 4736 In
843 4683 1181 4738 comestione
1199 4689 1253 4737 et
1275 4681 1535 4737 bibitione
1547 4688 1671 4752 post
1682 4682 2019 4737 resurrectio

414 4785 540 4826 nem
555 4770 703 4827 velut
731 4770 1030 4826 clamabat:
1067 4794 1089 4819 α
1108 4772 1256 4826 Ecce
1278 4786 1385 4842 ego
1401 4770 1683 4825 vobiscum
1710 4784 1828 4824 sum
1845 4785 2021 4841 usque

416 4869 486 4924 ad
514 4868 1051 4926 consummationem
1074 4867 1258 4924 saeculi
1278 4869 1505 4938 (Matth.
1549 4868 1770 4939 xxvm).
1807 4886 1832 4917 ι
1865 4867 2021 4924 Unde

417 4972 666 5046 quamvis
695 4972 937 5028 nondum
975 4970 1298 5043 gloriemur,
1358 4978 1542 5025 tamen
1592 4970 1868 5041 sperando
1909 4969 2022 5039 jam

416 5062 724 5134 pascimur.
754 5062 1011 5134 Congrue
1034 5059 1308 5131 jejunium
1365 5058 1819 5130 Quadragesimae
1848 5067 2020 5114 statu-

419 5165 529 5213 tum
559 5166 640 5215 est
665 5173 789 5216 cum
822 5156 933 5214 ﬁne
978 5156 1280 5213 Dominicaa
1319 5156 1612 5227 passionis,
1645 5156 1792 5228 quod
1846 5155 2023 5229 signi-

417 5244 544 5304 ﬁcat
564 5263 668 5304 nos
693 5246 900 5304 debere
920 5261 954 5301 a
971 5245 1407 5302 mundiamieitia
1436 5244 1806 5312 continere,ut
1847 5246 2024 5302 Deum

418 5346 571 5418 sequi
603 5346 913 5403 valeamus.
952 5346 1013 5400 In
1042 5344 1366 5400 abstinentia
1423 5352 1604 5401 autem
1644 5343 2025 5417 quadragena-

416 5432 527 5489 rius
556 5451 813 5491 numerus
832 5433 1159 5502 custoditur,
1191 5434 1319 5507 quia
1370 5435 1546 5490 virtus
1599 5432 1866 5506 Decalogi
1924 5449 2025 5504 per

414 5534 827 5601 quatuorlibros
846 5533 1132 5607 Evangelii
1157 5532 1432 5605 impletur,
1483 5547 1608 5588 cum
1652 5530 2021 5603 Evangelium

415 5620 734 5688 custoditur,
769 5621 853 5677 vel
888 5623 1014 5693 quia
1053 5639 1152 5694 per
1178 5622 1511 5694 Decalogum
1542 5621 1717 5677 Deum
1749 5629 1797 5677 et
1832 5621 2022 5693 proxi-

415 5727 562 5771 mum
593 5717 826 5789 diligere
839 5719 1213 5789 praecipimur,
1247 5727 1299 5774 et
1314 5724 1465 5774 motu
1494 5717 1758 5789 corporis,
1781 5717 1926 5790 quod
1958 5734 2020 5774 ex

415 5826 642 5885 quatuor
671 5819 918 5875 subsistit
947 5819 1251 5885 elementis,
1295 5818 1539 5875 charitas
1560 5819 1661 5875 Dei
1690 5828 1745 5875 et
1791 5819 2022 5889 proximi

415 5908 669 5983 violatur,
702 5922 825 5987 apte
852 5913 923 5969 ad
969 5914 1234 5970 diluenda
1260 5923 1485 5988 peccata
1524 5913 1580 5969 in
1625 5914 2019 5989 quadragena-

2126 4703 2289 4760 mate,
2322 4702 2380 4748 ut
2408 4694 2483 4748 ibi
2515 4701 2742 4765 possent
2799 4701 2942 4748 stare
2997 4700 3052 4749 et
3079 4708 3246 4765 agere
3307 4692 3450 4766 quod
3507 4691 3710 4748 vellent.

2128 4784 2286 4841 Unde
2324 4781 2587 4838 Dominus
2613 4782 2681 4837 ad
2710 4782 2993 4854 apostolos
3026 4799 3039 4837 :
3077 4804 3099 4831 ε
3133 4780 3293 4851 Quod
3323 4781 3376 4836 in
3390 4779 3712 4837 aureauditis

2130 4880 2422 4952 przedicate
2443 4896 2606 4951 super
2633 4882 2781 4935 tecta
2812 4880 3033 4947 (Matth.
3067 4880 3149 4951 χ).
3186 4902 3208 4928 ιι
3245 4879 3497 4935 Sanctam
3546 4885 3708 4934 autem

2131 4969 2406 5027 civitatem
2436 4967 2781 5025 Hierusalem
2838 4967 3089 5025 dicebant
3127 4968 3180 5023 in
3214 4982 3321 5040 qua
3352 4966 3606 5039 templum
3656 4973 3704 5022 et

2132 5058 2308 5116 cultus
2338 5058 2436 5115 Dei
2467 5057 2769 5116 secundum
2797 5057 2977 5131 legem
3005 5056 3178 5130 Moysi
3208 5055 3528 5113 habebatur.

2208 5225 2231 5252 κ
2266 5203 2330 5257 Ει
2359 5200 2492 5257 dixit
2526 5200 2581 5257 ei
2613 5216 2625 5255 :
2652 5200 2707 5257 Si
2738 5199 2881 5256 ﬁlius
2918 5200 3018 5256 Dei
3035 5216 3117 5267 es,
3140 5198 3293 5256 mitte
3322 5206 3376 5256 te
3430 5198 3698 5255 deorsum.

2134 5290 2413 5364 Scriptum
2442 5298 2528 5347 est
2554 5290 2700 5360 enim
2730 5307 2744 5346 :
2778 5289 2919 5360 Quia
2940 5290 3155 5363 angelis
3201 5291 3315 5345 suis
3345 5287 3623 5345 mandavit
3646 5285 3707 5341 de

2132 5388 2205 5451 te,
2239 5388 2294 5437 et
2320 5381 2375 5435 in
2406 5379 2655 5435 manibus
2685 5378 2877 5436 tollent
2903 5386 2976 5449 te,
3007 5395 3077 5435 ne
3109 5378 3248 5435 forte
3276 5376 3523 5435 oﬂ'endas
3546 5376 3613 5431 ad
3634 5375 3708 5432 la-

2131 5470 2317 5542 pidem
2353 5469 2552 5541 pedem
2581 5476 2752 5524 tuum.
2791 5492 2814 5518 ιι
2849 5470 2908 5522 In
2939 5468 3196 5524 omnibus
3228 5465 3605 5523 tentationibus
3622 5465 3710 5520 hoc

2133 5559 2247 5634 agit
2283 5558 2559 5624 diabolus,
2594 5568 2653 5613 ut
2682 5556 2952 5629 intelligat
2973 5558 3019 5612 si
3040 5557 3208 5613 Filius
3240 5555 3340 5612 Dei
3367 5555 3453 5611 sit.
3499 5554 3603 5610 Sed
3629 5553 3708 5609 do-

2133 5648 2312 5703 minus
2343 5647 2424 5703 sic
2446 5646 2863 5717 responsionem
2894 5655 3164 5716 temperat
3190 5654 3248 5700 ut
3279 5661 3403 5701 eum
3460 5643 3710 5715 relinquat

2133 5738 2470 5811 ambiguum.
2490 5737 2711 5804 Dicens,
2750 5761 2771 5784 α
2804 5738 2959 5791 mitte
2998 5744 3050 5791 te
3091 5734 3370 5798 deorsum,
3393 5733 3707 5805 rquiomnes

2132 5826 2463 5899 pracipitare
2489 5825 2713 5896 satagit,
2772 5824 3019 5880 inﬁrmus
3071 5823 3378 5881 ostenditur
3405 5836 3418 5876 :
3447 5837 3574 5877 nam
3601 5836 3703 5893 per-

2132 5914 2363 5971 suadere
2382 5920 2585 5988 potest,
2618 5913 2969 5987 prmcipitare
2999 5929 3109 5973 non
3118 5919 3320 5988 potest.
3333 5910 3700 5971 Testimonium
