3924 6430
173 417 269 473 865

1080 407 1662 468 DEFLORATIONES
1691 409 1788 467 SS.
1838 411 2154 469 PATRUM.
2193 442 2261 452 —
2293 408 2424 467 LIB.
2466 409 2512 466 ῐ.

3346 412 3447 466 866

171 548 333 595 autem
362 537 504 608 quod
535 536 741 592 inducit
769 551 876 591 non
907 536 973 592 de
1005 537 1220 592 Christo
1251 544 1453 592 tantum
1487 537 1579 593 sed
1603 546 1654 592 et
1675 538 1742 593 de
1771 537 1827 599 A
1855 537 2061 594 lolatrae
2088 543 2470 608 nuncupantur
2498 535 2552 590 hi
2575 536 2664 607 qui
2695 534 2966 592 sacriﬁcia
2984 552 3103 607 qua)
3130 535 3222 590 uni
3253 534 3454 590 debent

172 628 309 684 omni
339 628 457 682 viro
486 634 677 681 sancto
708 625 1000 696 prophetia
1025 634 1129 680 est.
1162 627 1518 698 Hieronymus
1539 627 1750 698 psalmo

172 733 230 772 xc
258 716 330 771 sic
351 714 600 785 exponit:
633 738 655 760 ιι
694 713 1014 786 Quicunque
1044 715 1179 768 duas
1212 723 1426 769 naturas
1451 715 1545 769 Dei
1577 726 1628 771 et
1659 718 1752 772 lto-

174 805 320 860 minis
339 803 608 875 perfectas
641 803 938 858 crediderit
961 804 1012 856 in
1038 804 1340 870 Salvatore,
1383 806 1468 860 hic
1490 805 1752 876 angelicis

175 903 404 957 manibus
433 901 686 965 vallatus,
724 900 791 954 ad
849 901 1104 970 lapidem,
1147 901 1200 956 id
1232 910 1312 956 est
1344 904 1411 957 ad
1460 904 1751 969 Christum,

174 1007 271 1046 non
298 988 517 1045 offendit
547 991 746 1060 pedem
779 1005 957 1052 suum,
992 991 1080 1060 qui
1113 991 1253 1060 lapis
1307 997 1392 1046 est
1439 992 1754 1048 offensionis

175 1089 221 1136 et
238 1088 378 1150 petra
405 1079 672 1134 scandttli.
711 1097 734 1127 ι
770 1079 1107 1150 Augustinus
1156 1079 1208 1133 in
1242 1081 1434 1135 eodem
1494 1083 1703 1152 psalmo
1739 1100 1750 1135 :

181 1199 199 1223 α
258 1178 309 1230 1η
364 1176 616 1230 manibus
678 1175 1002 1246 angelorum
1057 1177 1304 1231 sublatus
1345 1187 1428 1232 est
1468 1180 1752 1245 Dominus,

174 1266 376 1337 quando
405 1273 726 1335 assumptus
747 1275 827 1318 est
850 1265 901 1318 in
923 1263 1118 1321 omium
1146 1267 1297 1335 (Act.
1322 1267 1382 1334 ι),
1404 1285 1511 1321 non
1545 1270 1692 1340 quia,
1714 1269 1760 1323 si

177 1370 273 1408 non
302 1361 600 1425 portarent,
634 1353 880 1407 ruiturus
911 1361 1050 1420 erat,
1084 1355 1179 1408 sed
1211 1356 1337 1426 quia
1375 1357 1758 1429 obsequeban-

174 1451 254 1498 tur
286 1443 442 1516 Regi.
485 1441 650 1511 Quod
686 1442 731 1496 si
762 1441 911 1497 dicas
939 1459 950 1497 :
987 1443 1244 1498 llleliores
1267 1453 1392 1500 sunt
1424 1446 1510 1515 qui
1542 1454 1762 1517 portant

177 1555 325 1612 quam
357 1539 446 1609 qui
485 1547 757 1610 portatur,
781 1539 1129 1610 respondebo
1165 1556 1176 1595 :
1211 1543 1353 1597 Bene
1383 1544 1610 1600 meliora
1641 1555 1762 1600 sunt

170 1629 399 1697 jumenta
455 1627 801 1684 hominibus.
884 1629 1073 1684 Tacuit
1121 1638 1304 1685 autem
1368 1632 1764 1704 tergiversator

175 1725 238 1772 de
265 1717 342 1771 sui
370 1717 808 1781 conculcatione,
833 1731 942 1770 non
972 1717 1310 1791 subjungens
1340 1720 1526 1775 Filium
1556 1722 1652 1777 Dei
1685 1741 1766 1778 su-

174 1831 266 1887 per
294 1815 535 1886 aspidem
579 1823 635 1869 et
685 1814 995 1870 basiliscum
1027 1816 1426 1872 ambulaturum
1461 1827 1511 1873 et
1540 1822 1767 1876 concul-

174 1911 404 1958 caturum
427 1903 646 1958 leonem
682 1911 736 1958 et
777 1903 1192 1959 draconem.Ait
1215 1905 1288 1959 illi
1308 1905 1468 1961 Jesns
1502 1926 1710 1964 rursum
1747 1929 1760 1965 :
1795 1895 1843 1954 Β

178 2012 198 2041 ι
231 1992 494 2062 Scriptum
519 2000 636 2047 est:
662 1993 781 2046 Non
803 1991 1038 2046 tentabis
1067 1993 1352 2048 Dominum
1375 1995 1544 2050 Deum
1565 2007 1766 2053 tuum.»

174 2079 322 2136 Veris
351 2081 633 2152 Scriptura
645 2097 764 2136 rum
783 2079 1188 2153 frangitclipeis
1209 2081 1344 2139 fa'sa
1383 2085 1584 2142 diaboli
1606 2090 1773 2158 sagit-

176 2187 251 2232 tas
287 2181 351 2233 tie
385 2178 702 2249 Scripturis,
765 2179 854 2248 qui
903 2179 986 2234 vel
1021 2179 1157 2234 falsa
1211 2184 1463 2251 prortonit
1515 2186 1598 2239 vel
1631 2188 1772 2241 veris

175 2266 303 2320 falsa
331 2267 670 2338 persuadere
694 2275 943 2322 conatur.
983 2269 1314 2324 Testimonia
1336 2272 1403 2326 de
1427 2273 1630 2328 Denter
1669 2292 1770 2330 no-

176 2355 278 2410 mio
306 2355 530 2427 protulit
561 2355 852 2424 Dominus,
912 2365 968 2410 ut
999 2357 1184 2412 sedem
1243 2358 1384 2431 legis
1425 2373 1773 2419 sacramenta

181 2461 522 2508 monstraret.
559 2453 988 2524 Suggerebatur
1016 2455 1066 2509 ei
1097 2457 1252 2524 quasi
1283 2457 1487 2512 homini
1519 2469 1575 2514 ut
1609 2462 1771 2532 signo

177 2540 355 2613 aliquo
385 2543 716 2612 exploraret
735 2550 991 2612 quantum
1024 2545 1165 2613 apud
1187 2543 1365 2599 Deum
1389 2547 1614 2603 valeret.
1641 2551 1768 2620 Sed,

175 2630 306 2686 sicut
335 2631 599 2701 scriptum
634 2638 738 2697 est,
780 2631 944 2686 homo
991 2648 1059 2687 ne
1116 2634 1289 2688 Deum
1323 2643 1524 2691 tentare
1552 2639 1769 2704 audeat,

176 2728 386 2800 quando
443 2729 614 2782 habet
672 2727 802 2796 quid
837 2727 1011 2795 faciat,
1045 2737 1101 2783 ut
1131 2731 1272 2799 quod
1303 2747 1500 2788 cavere
1529 2744 1773 2804 Oporteat

175 2816 385 2871 evadat.
435 2817 572 2872 Inde
607 2823 694 2871 est
727 2815 895 2872 illud:
934 2839 955 2863 ιι
990 2817 1045 2872 Si
1077 2834 1172 2873 vos
1203 2823 1475 2888 persecuti
1503 2822 1771 2879 fuerintin

174 2919 272 2959 una
300 2905 539 2971 civitate,
576 2904 750 2975 fugite
781 2905 834 2958 in
862 2904 1021 2960 aliam
1054 2908 1275 2975 (Matth.
1300 2911 1378 2968 x).
1424 2934 1446 2958 η
1480 2913 1772 2984 Postquam

174 3018 297 3059 vero
344 3001 528 3058 deficit
556 3003 798 3056 humana
829 3003 1186 3072 providentia,
1221 3005 1270 3059 si
1304 3007 1466 3062 homo
1513 3026 1572 3064 se
1603 3019 1771 3066 totum

175 3091 449 3147 committit
481 3091 686 3146 divinae
716 3091 988 3160 potentize,
1023 3107 1129 3147 non
1163 3102 1245 3148 est
1275 3094 1505 3151 dicenda
1526 3100 1768 3155 tentatio.

173 3180 322 3236 Nunc
349 3188 536 3236 autem
567 3183 782 3250 poterat
805 3179 1051 3234 Christus
1078 3181 1236 3237 aliter
1258 3183 1327 3238 de
1357 3186 1558 3257 templo
1587 3188 1772 3245 disce-

183 3268 308 3324 dere
338 3285 505 3340 quam
536 3284 644 3340 per
668 3268 984 3336 jactantiam
1019 3286 1078 3324 se
1110 3272 1470 3342 prtecipitare.

247 3406 268 3432 ι
294 3387 497 3439 Iterum
517 3383 822 3453 assumpsit
842 3399 963 3438 eum
982 3383 1232 3441 diabolus
1252 3387 1306 3440 in
1329 3397 1564 3445 montem
1590 3393 1775 3448 excel-

177 3487 292 3527 sum
318 3473 503 3540 valde,
539 3479 597 3527 et
617 3471 855 3526 ostendit
886 3472 934 3527 ei
965 3474 1148 3528 omnia
1178 3491 1342 3546 regna
1373 3480 1556 3534 mundi
1589 3489 1638 3535 et
1662 3483 1780 3554 glo-

177 3562 308 3616 riam
338 3577 553 3626 eorum,
589 3567 646 3615 et
701 3559 833 3614 dixit
862 3560 912 3615 ei
945 3578 958 3614 :
993 3563 1120 3617 Haec
1175 3566 1358 3619 omnia
1390 3566 1482 3621 tibi
1532 3569 1696 3636 dabo,
1729 3572 1776 3626 si

180 3660 374 3715 cadens
403 3657 745 3714 adoraveris
773 3673 880 3711 me.
915 3681 936 3704 η
985 3660 1042 3713 In
1076 3669 1336 3728 montem,
1393 3663 1447 3718 id
1504 3675 1586 3720 est
1615 3683 1778 3738 supra

179 3757 436 3813 montem,
483 3746 730 3803 ostendit
786 3763 978 3819 regna,
1039 3765 1146 3803 non
1206 3751 1349 3821 quod
1405 3752 1577 3808 visum
1635 3757 1773 3826 ejus,

180 3837 266 3909 qui
295 3837 479 3892 omnia
528 3835 700 3900 videt,
732 3834 1166 3906 ampliﬁcaverit,
1201 3839 1296 3893 sed
1328 3851 1586 3912 quantum
1616 3844 1670 3899 in
1719 3861 1778 3902 se

174 3923 288 3992 fuit,
320 3926 501 3982 verbo
533 3932 590 3980 et
643 3924 1009 3994 promissione
1055 3927 1292 3982 ostendit
1323 3931 1617 3988 vanitatem
1671 3935 1775 3990 hu-

173 4039 343 4080 mante
372 4039 601 4096 pompae
655 4037 818 4093 qnam
864 4023 1102 4089 amabat,
1161 4026 1482 4098 speciosam,
1543 4033 1779 4088 suadens

175 4112 406 4168 Domino
435 4121 497 4168 ut
544 4110 809 4167 videlicet
836 4111 914 4168 sic
944 4129 1066 4167 eum
1098 4114 1202 4168 sibi
1249 4116 1566 4185 subjiceret.
1613 4121 1775 4187 Bene,

176 4202 317 4272 quod
349 4202 530 4257 Lucas
561 4201 1044 4267 commemorat,in
1075 4213 1352 4260 momento
1375 4210 1634 4279 temporis
1656 4219 1782 4266 tem-

179 4299 390 4370 poralia
423 4305 825 4368 monstrantur,
858 4299 986 4370 quia
1015 4301 1126 4356 cito
1169 4303 1370 4358 cadunt
1401 4305 1650 4362 humanae
1679 4325 1782 4379 po-

177 4394 404 4444 testates
437 4408 450 4444 :
486 4388 706 4452 dicens,
745 4407 767 4438 ι
802 4388 931 4443 Hinc
961 4389 1141 4444 omnia
1173 4391 1269 4446 tibi
1299 4392 1462 4462 dabo,
1491 4415 1513 4446 ι
1548 4399 1782 4468 superbe

176 4475 434 4548 loquitur,
470 4492 586 4532 non
615 4475 761 4548 quod
790 4476 968 4532 omnia
995 4494 1166 4550 regna
1209 4479 1342 4537 dare
1362 4494 1566 4554 posset.
1592 4487 1780 4543 Proci-

1805 3251 1855 3314 C

1859 627 2092 682 Domino
2133 626 2292 681 idolis
2323 625 2668 696 impendunt.
2708 625 2867 679 Dulia
2897 635 3074 680 autem
3107 633 3189 679 est
3217 625 3453 680 servitus

1859 715 2165 771 communis
2195 714 2312 768 sive
2344 716 2458 768 Deo
2491 715 2606 769 sive
2638 713 2865 767 homini.
2900 714 3052 769 Unde
3077 722 3128 768 et
3160 729 3353 768 servus
3377 713 3456 767 di-

1861 812 2000 868 citur
2033 812 2234 874 Latine,
2267 811 2410 882 quod
2461 811 2617 866 dulos
2644 810 2870 865 discitur
2913 809 3132 865 Graece.
3198 810 3461 864 Jubcmur

1862 917 1994 974 ergo
2026 918 2122 968 per
2151 903 2474 955 cltaritatetn
2541 901 2745 954 servire
2776 899 3028 964 invicem,
3063 899 3206 971 quod
3266 901 3459 955 Graece

1864 1001 1943 1045 est
1976 990 2198 1051 dulium.
2236 999 2284 1044 et
2319 989 2546 1044 Domino
2579 989 2679 1043 soli
2710 989 2850 1059 quod
2883 986 3072 1044 Grace
3099 997 3180 1042 est
3209 985 3453 1042 latrium.

1940 1140 1961 1163 ιι
1997 1117 2062 1169 Et
2092 1125 2463 1170 consummata
2522 1115 2672 1168 omni
2704 1113 3002 1168 tentatione
3061 1121 3187 1169 tunc
3249 1112 3464 1185 reliquit

1867 1221 1988 1258 eum
2019 1204 2271 1258 diabolus
2309 1219 2480 1271 usque
2511 1203 2577 1256 ad
2637 1212 2875 1273 tempus.
2922 1203 3054 1256 Erat
3081 1218 3294 1273 quoque
3336 1217 3460 1256 cum

1869 1293 2080 1357 bestiis,
2106 1301 2158 1347 et
2191 1308 2320 1347 ecce
2365 1293 2545 1364 angeli
2600 1300 2952 1347 accesserunt
2998 1299 3049 1346 et
3080 1290 3466 1346 ministrabant

1868 1382 1938 1438 ei.
1975 1402 1997 1432 ι
2034 1382 2482 1435 Consummatam
2514 1397 2729 1436 omnem
2761 1380 3109 1436 tentationem
3159 1379 3306 1444 dicit,
3339 1379 3466 1451 quia

1870 1479 1955 1534 his
1989 1480 2158 1534 tribus
2192 1479 2580 1534 tentationibus
2597 1479 2943 1534 continentur
2964 1478 3205 1550 origines
3229 1477 3469 1532 omnium

1871 1569 2144 1634 vitiorum,
2168 1569 2379 1622 Joanne
2406 1575 2712 1635 attestante,
2756 1567 2847 1638 qui
2877 1567 2986 1622 ait:
3023 1590 3044 1613 «
3064 1565 3237 1622 Omne
3255 1566 3472 1637 quodin

1871 1657 2076 1712 mundo
2105 1665 2212 1723 est,
2227 1655 2670 1727 concupiscentia
2693 1655 2872 1710 carnis
2892 1663 2994 1720 est,
3014 1663 3065 1709 et
3083 1655 3475 1725 concupiscen—

1872 1755 1946 1808 tia
1975 1754 2260 1810 oculorum
2291 1762 2344 1808 et
2374 1754 2634 1824 superbia
2683 1754 2807 1810 vita:
2838 1755 2890 1817 (Ι
2943 1756 3103 1811 Joan.
3136 1755 3224 1824 tt).
3267 1774 3289 1804 ι
3324 1754 3393 1808 Et
3419 1753 3476 1808 in

1875 1843 2194 1915 evangelica
2251 1843 2518 1913 parabola
2589 1843 2767 1897 tribus
2823 1843 3039 1913 reprobi
3116 1842 3351 1913 negotiis
3405 1842 3475 1897 ab

1878 1942 2095 1986 teternte
2152 1932 2274 1986 vita:
2329 1931 2557 2002 dapibus
2589 1932 2971 1987 excluduntur.
3009 1956 3030 1980 α
3070 1932 3278 1986 Primus
3294 1931 3474 1984 dixit:

1882 2020 2081 2073 Villam
2107 2020 2232 2084 emi,
2267 2035 2374 2075 etc.
2401 2020 2552 2074 Alter
2583 2020 2725 2073 dixit
2758 2038 2772 2074 :
2804 2021 2944 2091 Juga
2974 2020 3175 2074 bonum
3209 2019 3334 2081 emi,
3370 2027 3474 2074 etc.

1880 2116 2032 2171 Alius
2062 2117 2192 2170 dixit
2225 2135 2235 2169 :
2271 2117 2507 2171 Uxorem
2541 2116 2666 2170 duxi
2689 2118 2842 2182 (Luc.
2877 2117 3014 2185 xxv).
3040 2139 3061 2163 η
3098 2115 3292 2171 Uxoris
3313 2129 3480 2186 appe-

1881 2205 2006 2259 titus
2034 2206 2100 2259 ad
2133 2205 2633 2275 concupiscentiam
2665 2205 2918 2275 pertinet,
2937 2205 3077 2261 sicut
3097 2205 3300 2276 gulam.
3325 2204 3479 2259 Villae

1881 2297 2102 2365 emptio,
2136 2294 2204 2348 ad
2255 2295 2538 2349 avaritiam
2569 2303 2620 2348 et
2646 2293 2993 2364 superbiam.
3035 2293 3280 2349 Probatio
3310 2293 3479 2364 quin-

1885 2400 1988 2454 que
2013 2384 2204 2455 jugum
2263 2383 2492 2438 refertur
2521 2383 2588 2437 ad
2646 2383 3148 2452 concupiscentiam
3195 2381 3478 2438 oculorum

1881 2481 1974 2535 ubi
2009 2481 2295 2536 curiositas
2326 2488 2408 2535 est
2437 2489 2490 2534 et
2518 2495 2656 2534 vana
2685 2479 2883 2552 gloria.
2916 2479 3138 2550 Triplici
3168 2479 3276 2534 telo
3306 2479 3480 2534 hostis

1880 2570 2128 2641 quotidie
2155 2585 2307 2623 arma
2340 2568 2675 2624 defensionis
2727 2584 2964 2638 Oppone,
2997 2577 3051 2622 ut
3079 2569 3480 2638 concupiscen—

1881 2658 1956 2713 tia
1985 2659 2170 2714 carnis
2230 2659 2464 2728 pellatur
2520 2657 2752 2727 jejunio,
2811 2656 3034 2712 avaritia
3091 2656 3477 2726 eleemosynis,

1874 2755 2145 2826 jactantia
2205 2756 2486 2826 precibus.
2543 2755 2840 2826 Antiquum
2872 2755 3150 2810 hominem
3200 2755 3480 2824 superavit

1881 2844 2134 2900 diabolus
2166 2845 2314 2915 gula,
2343 2845 2568 2899 invento
2597 2859 2786 2914 pomo.
2828 2845 2983 2898 Vana
3012 2843 3187 2916 gloria
3205 2844 3483 2914 superavit

1881 2950 2024 2997 eunt,
2060 2932 2250 2988 dicens
2284 2949 2298 2987 :
2336 2955 2356 2980 α
2392 2933 2559 2987 Eritis
2589 2934 2732 2987 sicut
2788 2932 2862 2986 dii
2893 2931 3061 2999 (Gen.
3094 2934 3194 2999 ιιι).
3232 2954 3254 2979 ι
3289 2931 3482 2987 Λιμενί-

1883 3022 1954 3076 tia
1983 3021 2144 3076 etiam
2203 3022 2484 3092 superavit
2517 3037 2660 3086 eum,
2720 3020 2939 3093 quando
2998 3020 3139 3075 dixit
3189 3043 3211 3067 «ι
3247 3021 3484 3076 scientes

1882 3119 2081 3174 bonum
2113 3126 2165 3173 et
2193 3118 2398 3172 malum
2430 3117 2652 3187 (ibid)
2701 3141 2720 3166 ι
2754 3117 2986 3172 Avaritia
3023 3117 3165 3172 enim
3188 3125 3337 3173 recte
3390 3117 3481 3171 di-

1884 3207 2020 3261 citur
2047 3206 2350 3262 sublimitas
2380 3205 2707 3260 ambitionis.
2741 3205 2832 3260 Sic
2861 3205 3024 3259 etiam
3080 3207 3306 3260 tentavit
3363 3205 3478 3260 Do-

1884 3294 2110 3364 minum,
2147 3295 2245 3350 sed
2288 3295 2462 3350 victus
2509 3295 2756 3350 recessit.
2821 3293 2995 3348 David
3054 3291 3274 3347 Goliath
3304 3293 3482 3346 tribus

1883 3383 2158 3454 lapidibus
2188 3383 2255 3438 de
2287 3390 2528 3438 torrente
2558 3384 2860 3454 prostravit
2884 3401 2898 3447 ;
2918 3382 3172 3437 Christus
3200 3380 3483 3437 diabolum

1884 3481 2059 3535 tribus
2090 3481 2417 3536 testimoniis
2445 3481 2512 3536 de
2543 3480 2693 3552 lege.
2735 3479 2870 3548 Qum
2902 3487 3082 3534 autem
3127 3479 3483 3534 tentationum

1887 3569 2060 3640 prima
2090 3569 2270 3635 fuerit,
2318 3587 2438 3641 quae
2497 3569 2703 3633 media,
2733 3586 2874 3640 qua:
2920 3567 3126 3634 ultima,
3187 3568 3322 3624 etin
3375 3583 3485 3640 qua

1888 3659 2332 3714 formatentator
2360 3659 2679 3726 accesserit,
2733 3673 2802 3712 an
2859 3657 2913 3711 in
2969 3673 3067 3712 sua
3121 3657 3356 3728 propria,
3414 3672 3484 3712 an

1885 3745 2073 3817 specie
2101 3746 2337 3802 hominis
2363 3755 2663 3816 assumpta,
2706 3761 2815 3800 non
2865 3745 3096 3798 multum
3127 3743 3288 3799 refert
3316 3744 3482 3817 igno-

1885 3851 2034 3890 rare.
2075 3835 2309 3907 Reliquit
2340 3835 2628 3890 Dominum
2659 3833 2906 3889 diabolus
2963 3849 3138 3905 usque
3164 3834 3230 3887 ad
3262 3841 3478 3904 tempus

1888 3941 2082 4004 postea
2126 3948 2226 4002 per
2253 3934 2470 3988 Iudaeos
2500 3937 2690 4003 aperte
2721 3947 2846 3986 eum
2903 3931 3339 4002 impugnaturus.
3391 3929 3484 3986 Sic

1887 4021 2051 4076 etiam
2082 4022 2296 4093 quando
2350 4037 2456 4076 non
2509 4021 2775 4092 praevalet
2820 4019 2874 4074 in
2942 4020 3238 4074 tentatione
3293 4034 3322 4072 a
3377 4033 3483 4073 no—

1887 4110 1972 4164 bis
2004 4111 2212 4166 recedit
2241 4127 2414 4182 usque
2445 4110 2512 4164 ad
2545 4109 2687 4164 aliud
2718 4118 2951 4179 tempus.
2978 4109 3124 4163 Inter
3155 4107 3362 4162 bestias
3388 4107 3485 4164 Do-

1889 4207 2071 4262 minus
2102 4216 2503 4272 commoratur,
2543 4215 2599 4262 ut
2629 4209 2814 4273 homo,
2861 4205 3160 4262 ministerio
3191 4206 3357 4261 utitur
3384 4221 3488 4259 an-

1894 4296 2095 4369 gelico,
2128 4305 2185 4351 ut
2216 4297 2381 4351 Deus.
2422 4296 2488 4350 Et
2519 4311 2618 4351 nos
2649 4311 2770 4351 cum
2803 4296 2856 4350 in
2905 4309 3089 4350 eremo
3120 4303 3324 4350 sanctas
3354 4311 3492 4351 con-

1893 4385 2224 4442 versationis
2282 4385 2539 4441 bestiales
2588 4384 2869 4440 hominum
2927 4400 3108 4439 mores
3165 4383 3490 4448 toleramus,

1890 4481 2244 4538 ministerium
2278 4482 2602 4554 angelorum
2649 4498 2928 4538 meremur
2962 4500 2975 4546 ;
3035 4498 3066 4537 a
3124 4480 3320 4554 quibus
3359 4497 3490 4538 cor-

177 4565 312 4622 deus
341 4566 678 4622 adoraveris
706 4563 910 4620 dictum
942 4574 1042 4634 est,
1077 4567 1205 4639 quia
1234 4569 1553 4629 adoraturus
1581 4575 1778 4630 diabo-
1811 4606 1862 4666 D
1891 4597 2026 4654 pore
2056 4581 2217 4638 soluti
2248 4582 2317 4637 ad
2347 4583 2555 4637 aeterna
2592 4579 2797 4653 gaudia
2844 4579 3257 4635 transferamur.

176 4661 306 4730 lum,
348 4671 481 4719 ante
514 4661 752 4718 corruit.
787 4663 929 4718 Nota
973 4663 1100 4736 quia
1129 4667 1306 4722 omnis
1336 4678 1582 4740 potestas
1613 4681 1666 4728 et
1696 4689 1783 4730 or-

178 4751 383 4808 dinatio
416 4757 758 4823 potestatum
809 4766 838 4804 a
879 4752 1113 4808 Domino
1144 4763 1244 4820 est,
1295 4759 1391 4812 sed
1422 4774 1455 4814 a
1511 4761 1653 4817 male
1681 4779 1786 4834 po-

179 4840 390 4896 testatis
420 4837 670 4896 ambitio.
707 4840 953 4896 Potestas
999 4841 1181 4914 itaque
1229 4843 1448 4903 diabolo
1477 4849 1546 4904 ad
1577 4859 1788 4922 tempus

180 4929 454 5000 promissa
485 4944 599 4984 non
629 4927 776 4983 mala
805 4936 907 4994 est,
951 4929 1048 4984 sed
1085 4931 1131 4985 is
1180 4933 1271 5004 qui
1323 4936 1619 4994 ambiendo
1647 4940 1789 4996 male

182 5027 350 5082 utitur
379 5032 660 5098 potestate
690 5024 864 5080 malus
895 5034 1001 5081 est.
1055 5051 1076 5075 α
1137 5031 1286 5087 Tunc
1315 5033 1444 5089 dicit
1481 5035 1530 5090 ei
1559 5037 1720 5092 Jesus
1776 5055 1789 5092 :

181 5115 353 5182 Vade,
390 5116 657 5170 Satanas.
691 5114 964 5185 Scriptum
982 5125 1068 5172 est
1089 5119 1271 5175 enim:
1305 5122 1594 5179 Dominum
1620 5127 1793 5182 Deum

184 5212 334 5260 tuum
365 5203 654 5267 adorabis,
679 5211 729 5257 et
762 5203 841 5257 illi
868 5205 980 5260 soli
1010 5208 1242 5263 servies.
1267 5233 1289 5258 ι»
1308 5211 1451 5281 Non,
1476 5220 1536 5270 ut
1572 5216 1794 5286 quidam

183 5301 394 5364 putant,
430 5291 668 5347 Satanas
696 5299 749 5346 et
782 5292 973 5348 Petrus
1009 5296 1200 5351 eadem
1222 5301 1492 5355 sententia
1529 5302 1799 5358 damnan-

185 5397 306 5446 tur:
345 5391 514 5445 Petro
546 5388 692 5444 enim
723 5388 889 5444 dicit:
926 5413 947 5438 π
973 5392 1119 5448 Vade
1149 5404 1317 5460 retro,
1335 5397 1796 5470 Satanas(Malth.

183 5481 324 5550 xvi),
355 5502 377 5525 η
397 5478 452 5532 id
489 5486 572 5532 est
602 5493 836 5546 sequere
857 5495 964 5546 me,
988 5481 1081 5552 qui
1111 5486 1416 5540 contrarius
1440 5504 1500 5542 es
1542 5490 1801 5546 voluntati

184 5584 346 5624 meat.
387 5567 494 5623 Hic
520 5581 629 5622 non
658 5565 852 5621 dicitur
880 5577 1050 5637 retro,
1086 5579 1144 5626 ut
1172 5574 1547 5643 subaudiatur,
1582 5581 1720 5634 vade
1749 5580 1804 5634 in

189 5665 381 5739 ignem
411 5673 675 5720 tetenum.
695 5662 855 5718 Omni
877 5665 1082 5722 homini
1101 5669 1365 5742 scriptum
1389 5683 1472 5728 est
1490 5676 1662 5732 Deum
1678 5677 1806 5734 ado-

191 5788 318 5830 rare
340 5772 509 5844 eique
529 5769 642 5827 soli
674 5769 905 5828 servire.
930 5771 1127 5831 Graece
1167 5777 1325 5834 latria
1353 5780 1549 5836 dicitur
1576 5785 1806 5841 servitus

187 5879 283 5938 illa
309 5895 436 5954 quae
466 5878 568 5936 soli
599 5877 858 5936 convenit
885 5880 1024 5951 Deo,
1048 5898 1158 5940 non
1188 5894 1478 5946 creaturae.
1504 5889 1659 5949 Unde
1688 5892 1802 5950 ido-

1895 4713 2130 4771 SEBMO
2175 4715 2270 4770 DE
2317 4712 2768 4769 TENTATIONE
2824 4710 3204 4767 DIABOLICA
3251 4710 3340 4765 ET
3396 4709 3490 4766 DE

2080 4811 2273 4867 ALIlS
2330 4809 2666 4879 QUATUOR
2708 4807 3302 4864 TENTATIONIBUS.

1971 4928 2150 4984 Multis
2207 4927 2560 4982 tentationum
2637 4925 2989 4982 calamatibus
3049 4939 3203 4979 mens
3255 4922 3386 4992 justi
3440 4923 3494 4978 in

1899 5019 2005 5074 hac
2033 5019 2140 5074 vita
2174 5017 2435 5088 pulsatur.
2472 5015 2679 5070 Etenim
2713 5024 2762 5070 ct
2783 5021 2934 5085 Optat
2947 5013 3014 5068 ab
3035 5014 3140 5069 hoc
3168 5011 3366 5068 saeculo
3387 5011 3499 5066 fun-

1903 5118 2047 5173 ditus
2077 5115 2256 5181 evelli,
2296 5130 2404 5185 quo
2436 5122 2488 5169 et
2543 5113 2798 5168 aerumnis
2829 5119 3035 5177 careat,
3088 5119 3142 5166 et
3171 5109 3325 5165 fixam
3354 5109 3500 5165 illam

1905 5205 2252 5262 securitatem
2300 5202 2562 5259 inveniat.
2624 5203 2771 5258 Inter
2802 5218 2894 5257 eas
2923 5215 3113 5272 poenas
3144 5199 3299 5271 quasi
3321 5201 3502 5269 justus

1907 5305 1960 5359 in
1995 5319 2223 5374 corpore
2256 5301 2474 5373 patitur,
2508 5309 2671 5372 atque
2701 5315 2794 5355 eas
2828 5299 3023 5370 quibus
3051 5307 3228 5354 mente
3247 5296 3504 5370 perfrau-

1915 5412 2036 5466 dem
2069 5408 2270 5465 diaboli
2301 5408 2496 5463 tolerat
2524 5407 2753 5462 multum
2805 5407 3048 5462 interest.
3104 5407 3242 5460 Nam
3273 5404 3504 5477 gravius

1909 5507 2012 5564 fert
2040 5524 2173 5580 quas
2229 5505 2453 5561 interius
2501 5505 2674 5578 luget,
2733 5521 2891 5575 quam
2940 5519 3032 5558 eas
3074 5519 3212 5576 quas
3269 5503 3508 5559 exterius

1913 5595 2170 5652 sustinet.
2205 5597 2317 5650 Has
2349 5595 2492 5650 enim
2527 5603 2578 5649 et
2607 5594 2728 5649 loco
2758 5593 2927 5649 evitat
2957 5600 3007 5648 et
3057 5596 3306 5663 tempore
3339 5607 3353 5662 ;
3386 5591 3510 5647 illas

1912 5711 2016 5751 nec
2045 5694 2168 5750 loco
2198 5693 2401 5750 evitare
2431 5700 2610 5764 potest
2641 5707 2740 5746 nec
2797 5696 3078 5762 tempore.
3124 5689 3248 5745 Non
3276 5689 3511 5762 amplius

1914 5792 2118 5849 electos
2149 5800 2315 5847 tentat
2348 5789 2596 5848 diabolus
2647 5804 2811 5862 quam
2839 5787 2942 5844 Dei
2990 5787 3241 5845 voluntas
3287 5787 3512 5858 permit-

1915 5895 2004 5953 tit.
2043 5894 2324 5954 Tentando
2374 5901 2557 5951 autem
2605 5899 2920 5950 sanctorum
2975 5889 3315 5964 profectibus
3343 5888 3514 5948 servit
