3924 6396
441 361 545 416 867

1578 343 1924 404 WERNERI
1961 342 2250 401 ABBATIS
2276 342 2346 400 S.
2384 342 2612 400 BLASII

3653 347 3767 401 868

442 482 563 541 Etsi
591 480 803 550 nolens,
832 487 1008 535 tamen
1038 484 1355 535 sanctorum
1414 472 1630 530 utilitati
1661 471 1830 528 servit
1858 469 2045 525 diaho-
2079 470 2134 534 Α
2161 468 2463 525 sanctitatis
2524 474 2581 524 et.
2648 466 2879 528 virtutis.
2947 482 3014 524 ea
3066 485 3188 542 qum
3244 476 3431 528 sancta
3484 479 3607 527 sunt
3658 472 3765 529 de.

443 573 550 640 lus,
585 570 807 643 quando
838 584 934 625 eos
963 565 1353 623 tentationibus
1382 564 1495 619 suis
1549 578 1660 617 non
1692 560 1915 631 decipit,
1950 558 2049 613 sed

445 661 626 734 potius
656 659 860 715 erudit.
899 658 1037 712 Nam
1084 654 1432 719 tentationes,
1468 667 1603 724 quas
1633 650 1724 706 ille
1756 649 1825 704 ad
1854 650 2049 703 huma-

448 757 873 815 numinteritum
904 762 1102 820 movet,
1136 752 1407 807 interdum
1439 750 1685 805 Christus
1739 747 1811 803 ad
1839 745 2051 801 exerci-

447 848 583 904 tium
615 847 871 901 virtutum
930 842 1140 898 salubri
1196 841 1431 897 utilitate
1489 837 1778 894 convertit.
1831 833 2052 890 Insidiae

443 936 647 993 diaboli
677 942 841 1007 atque
871 932 1103 999 astutia,
1140 929 1400 1003 quamvis
1428 929 1535 983 huc
1565 934 1730 998 atque
1760 923 1890 981 illuc
1913 939 2052 996 quae.

442 1042 629 1091 rentes
660 1047 823 1105 quem
853 1032 1127 1087 devorent
1156 1026 1542 1095 diffundantur,
1579 1040 1612 1080 a
1662 1030 1928 1095 potestate
1961 1021 2051 1075 di—

440 1124 569 1181 vina
597 1128 781 1177 tamen
823 1136 932 1176 non
990 1117 1373 1191 egrediuntur,
1430 1130 1500 1169 ne
1558 1120 1765 1168 tantum
1818 1116 2055 1167 noceant

444 1217 701 1287 quantum
732 1209 1007 1264 malitiose
1032 1206 1397 1263 contendunt.
1454 1205 1593 1258 Nam
1619 1200 1892 1273 quomodo
1922 1216 2050 1255 san-

441 1313 652 1361 ctorum
680 1300 858 1357 virtus
888 1305 1037 1352 tanta
1067 1296 1306 1352 tolerare
1328 1293 1611 1365 quivisset,
1645 1292 1691 1346 si
1723 1290 2055 1361 supernadi-

445 1390 726 1465 spensatio
756 1388 848 1461 pio
879 1385 1259 1443 moderamine
1278 1382 1578 1454 nequitiam
1609 1380 1921 1435 dmmonum
1945 1394 2053 1434 non

444 1483 773 1539 frenaretur.
791 1478 860 1533 Et
887 1476 1015 1532 licet
1043 1473 1295 1531 diabolus
1345 1471 1702 1528 tentationem
1728 1469 1876 1539 justo
1904 1484 2055 1523 sem-

446 1587 555 1644 per
582 1569 789 1625 inferre
820 1565 1021 1637 cupiat,
1054 1573 1242 1619 tamen
1272 1562 1319 1617 si
1348 1578 1382 1616 a
1418 1562 1535 1616 Deo
1583 1565 1913 1631 potestatem
1946 1573 2057 1612 non

446 1666 666 1740 accipit,
697 1663 1009 1720 nullatenus
1046 1659 1274 1731 adipisci
1297 1664 1478 1730 potest
1506 1656 1648 1728 quod
1677 1654 1901 1726 appetit.
1919 1656 2057 1708 Ante

443 1763 622 1823 omnis
650 1760 899 1818 voluntas
929 1756 1132 1813 diaboli
1154 1755 1356 1825 injusta
1389 1761 1491 1822 est,
1517 1761 1571 1808 et
1591 1761 1793 1817 tamen,
1822 1749 2055 1821 permit-

2160 558 2335 627 struit,
2369 556 2585 629 quando
2632 564 2683 612 et
2714 556 2805 629 qui
2834 556 3103 629 decipitur
3139 573 3239 614 sua
3268 560 3598 616 detrimenta
3644 576 3766 617 non

2161 646 2343 713 sentit,
2376 646 2475 702 sed
2505 654 2762 718 tanquam
2793 646 2900 701 sint
2941 647 3167 703 virtutes
3202 665 3323 721 quas
3360 656 3484 705 sunt
3511 650 3639 706 vitia
3672 666 3768 705 se-

2161 751 2340 801 ctatur
2361 752 2413 799 et
2442 743 2641 816 diligit.
2676 744 2734 799 In
2764 744 2936 800 oculis
2983 745 3281 801 carnalium
3309 745 3562 803 diabolus
3592 747 3769 802 terri-

2163 833 2287 887 bilis
2317 841 2419 898 est,
2452 832 2506 887 in
2565 832 2740 888 oculis
2789 833 3085 889 electorum
3131 841 3309 891 terror
3335 837 3452 906 ejus
3479 836 3600 891 vilis
3651 843 3762 893 est.

2160 922 2243 977 Ah
2274 921 2571 977 incredulis
2636 931 2693 977 ut
2720 922 2808 978 leo
2858 923 3093 991 timetur,
3121 939 3156 979 a
3183 924 3414 980 fortibus
3456 925 3512 980 in
3556 924 3669 982 ﬁde
3706 933 3769 981 ut

2162 1010 2370 1066 vermis
2397 1009 2738 1080 cotemnitur,
2794 1012 2865 1067 ad
2895 1021 3229 1069 momentum
3294 1021 3547 1070 ostensus
3574 1015 3767 1086 repel-

2163 1106 2318 1161 litur.
2357 1104 2464 1175 Qui
2494 1107 2877 1180 suggestiones
2905 1109 3110 1164 diaboli
3147 1125 3258 1166 non
3306 1110 3496 1181 recipit
3524 1110 3766 1184 iniquus,

2162 1196 2218 1250 in
2271 1195 2494 1250 insidias
2551 1197 2774 1253 minime
2831 1198 3037 1255 transit.
3096 1199 3235 1255 Nam
3285 1199 3439 1256 facile
3467 1200 3521 1255 in
3565 1216 3768 1257 conse—

2165 1285 2348 1356 quanti
2404 1300 2631 1355 operum
2685 1287 2983 1357 repellitur,
3029 1288 3076 1342 si
3131 1289 3307 1359 prima
3360 1289 3768 1346 oblectamenta

2166 1376 2311 1430 illius
2363 1384 2707 1446 respuantur.
2742 1376 3005 1432 Diabolus
3054 1378 3197 1433 enim
3228 1393 3458 1450 serpens
3482 1387 3565 1437 est
3591 1378 3767 1434 lubri-

2164 1481 2282 1533 cus,
2316 1465 2473 1535 cujus
2522 1465 2567 1520 si
2597 1465 2782 1536 capiti,
2814 1465 2870 1520 id
2913 1474 2999 1522 est
3027 1467 3217 1538 primae
3263 1467 3619 1541 suggestioni,
3653 1482 3763 1525 non

2166 1563 2455 1632 resistitur,
2541 1571 2687 1619 totus
2739 1564 2955 1620 interna
3007 1565 3212 1635 cordis,
3285 1565 3416 1622 dum
3469 1568 3762 1633 consentit,

2166 1652 2425 1708 illabitur.
2482 1653 2869 1709 Tentationum
2926 1653 3322 1710 diabolicarum
3369 1654 3515 1711 initia
3542 1654 3767 1727 fragilia

2170 1750 2314 1797 sunt.
2348 1739 2483 1810 Quae
2531 1741 2577 1796 si
2604 1758 2714 1798 non
2744 1751 3021 1811 caventur,
3040 1743 3138 1799 sed
3166 1760 3268 1815 per
3292 1744 3520 1800 usumin
3542 1759 3765 1801 consue-

444 1845 1365 1918 tenteDeo,omnispotestasjusta
1388 1850 1487 1898 est.
1510 1842 1585 1896 Ex
1605 1857 1665 1896 se
1686 1839 2055 1896 enimtentare
2084 1831 2137 1891 Β
2167 1839 2410 1896 tudinem
2460 1847 2766 1906 transeunt,
2825 1840 2881 1895 in
2931 1840 3235 1897 novissimo
3298 1841 3510 1898 fortiter
3560 1856 3766 1898 conva-

446 1941 717 2015 quoslihet
746 1938 946 2008 injuste
993 1933 1216 2006 appetit,
1259 1933 1357 1988 sed
1389 1947 1485 1987 eos
1515 1930 1607 2002 qui
1638 1928 1878 1985 tentandi
1909 1935 2053 1991 sunt,

450 2036 669 2094 nonnisi
711 2035 856 2105 juste
911 2030 1108 2088 tentari
1163 2031 1312 2084 Deus
1361 2026 1649 2101 permittit.
1699 2026 1856 2082 Unde
1903 2032 1957 2081 et
2002 2025 2058 2079 in

449 2128 605 2184 libris
634 2139 829 2197 regum
860 2122 930 2177 de
964 2119 1189 2176 diabolo
1245 2117 1509 2188 scriptum
1542 2123 1625 2171 est
1656 2116 1785 2187 quia
1840 2136 1863 2166 ι
1898 2114 2059 2185 spiri-

450 2225 539 2273 tus
568 2213 791 2271 Domini
820 2209 1000 2266 malus
1027 2208 1274 2264 irruebat
1302 2206 1357 2260 in
1387 2205 1515 2261 Saul
1547 2206 1598 2275 (I
1644 2208 1779 2275 Reg.
1816 2203 1993 2274 xvru),
2032 2227 2054 2251 η

451 2306 545 2363 ubi
564 2307 709 2375 juste
757 2301 1019 2374 quaaritur
1053 2317 1068 2354 :
1121 2298 1178 2353 Si
1209 2295 1436 2361 domini,
1468 2310 1567 2351 cur
1592 2294 1775 2349 malus
1803 2293 1831 2348 ?
1862 2293 1909 2347 si
1938 2307 2060 2347 ma-

452 2406 559 2477 lus,
583 2418 684 2461 cur
713 2400 987 2457 Domini?
1018 2396 1128 2454 Sed
1182 2396 1396 2451 duobus
1445 2393 1628 2451 verbis
1660 2392 2061 2463 comprehensa

453 2505 535 2551 est
564 2501 619 2549 et
648 2493 752 2548 Dei
783 2498 1027 2562 potestas
1052 2488 1216 2557 justa,
1240 2494 1292 2541 et
1319 2484 1527 2539 diaboli
1557 2482 1806 2538 voluntas
1828 2481 2052 2550 injusta.

455 2586 595 2639 Nam
656 2580 885 2653 spiritus
932 2576 1113 2633 malus
1155 2591 1256 2646 per
1284 2572 1673 2645 nequissimam
1704 2570 2060 2634 voluntatem,

456 2690 509 2737 et
536 2681 683 2736 idem
715 2677 939 2749 spiritus
972 2673 1187 2730 Domini
1216 2688 1318 2743 per
1372 2678 1654 2741 acceptam
1699 2668 2063 2739 iustissimam

457 2775 806 2841 potestatem.
838 2763 1104 2820 Diabolus
1132 2777 1244 2817 non
1275 2768 1359 2815 est
1402 2760 1700 2825 immissor,
1732 2758 1830 2814 sed
1874 2758 2066 2813 incen-

459 2868 547 2915 tor
568 2858 752 2930 potius
798 2854 1077 2910 vitiorum.
1108 2852 1302 2921 Neque
1334 2849 1480 2905 enim
1511 2848 1641 2903 alibi
1671 2848 2067 2918 concupiscen-

458 2949 546 3003 tia:
576 2947 818 3002 fomenta
847 2940 1148 3008 succendit,
1180 2939 1285 2994 nisi
1336 2938 1429 2994 ubi
1459 2939 1614 3009 prius
1666 2953 1850 3009 pravae
1905 2939 2065 3010 cogi-

455 3045 676 3101 tationis
733 3040 1157 3098 delectationem
1202 3036 1498 3108 aspexerit.
1554 3034 1727 3103 Quam
1777 3036 1823 3090 si
1884 3035 2066 3107 sperni

452 3133 674 3191 uberius
705 3130 1000 3203 aspexerit,
1060 3128 1180 3183 sine
1229 3126 1396 3181 dubio
1452 3125 1543 3181 ille
1572 3124 1833 3181 confusus
1879 3126 2066 3181 disce-

456 3225 553 3291 dit,
613 3221 906 3293 statimque
966 3217 1302 3290 franguntur
1356 3214 1539 3285 jacula
1605 3214 2065 3286 concupiscentiae

456 3313 597 3383 ejus,
657 3316 1082 3381 contemptaque
1106 3308 1311 3376 jacent,
1363 3312 1416 3360 et
1454 3304 1572 3359 sine
1601 3303 1724 3361 luce
1747 3304 1894 3361 faces
1924 3305 2069 3361 illius

455 3410 897 3483 exstinguuntur.
961 3403 1205 3461 Sollicite
1262 3402 1440 3459 hostis
1478 3402 1708 3457 insidias
1757 3402 2069 3476 intelligere

452 3500 657 3574 pariter
676 3505 730 3555 et
757 3512 952 3553 cavere
1013 3494 1114 3549 Dei
1166 3508 1385 3548 servum
1428 3500 1665 3563 oportet,
1700 3491 1888 3564 sicque
1912 3493 2068 3549 inno-

457 3590 641 3649 eentia
695 3588 826 3642 vita:
872 3584 1110 3641 existere
1167 3581 1494 3653 simplicem,
1547 3588 1605 3636 ut
1659 3589 1844 3637 tamen
1903 3597 2068 3653 Opor-

450 3695 559 3745 teat
586 3702 708 3743 eum
739 3681 1087 3754 simplicitate
1118 3680 1445 3752 prudentem
1477 3695 1621 3734 esse.
1656 3678 1760 3749 Qui
1819 3680 2066 3751 pruden-

448 3778 577 3834 tiam
606 3772 940 3846 simplicitati
972 3786 1080 3827 non
1110 3771 1323 3840 miscet,
1345 3768 1505 3838 juxta
1543 3772 1865 3840 prophetam
1903 3771 2056 3840 (Ose.

450 3866 551 3938 vn)
572 3864 824 3924 columba
852 3869 936 3919 est
967 3861 1214 3927 seducta,
1249 3874 1359 3915 non
1390 3858 1599 3914 habens
1633 3873 1747 3915 cor.

520 3992 632 4051 Sed
658 3991 783 4048 ideo
834 3988 1091 4046 columba
1148 3993 1251 4052 est,
1310 3984 1441 4057 quia
1472 3983 1707 4058 simplex
1761 3992 1893 4051 est;
1940 3985 2066 4043 ideo

451 4090 635 4140 autem
663 4096 759 4137 cor
784 4096 901 4135 non
928 4078 1159 4143 habens,
1218 4074 1343 4147 quia
1373 4073 1572 4148 ignara
1617 4074 1919 4145 prudentiae
1948 4085 2056 4132 est.

454 4173 612 4245 Saepe
642 4171 789 4227 fraus
839 4168 1053 4225 Satanae
1112 4171 1429 4221 sanctorum
1488 4164 1742 4221 cordibus
1797 4165 2061 4237 aperitur,

451 4260 675 4335 quando
705 4276 806 4332 per
835 4258 1080 4329 speciem
1108 4253 1259 4321 boni,
1292 4252 1556 4325 angelum
1588 4269 1646 4310 se
1680 4253 1946 4311 simulans
1983 4256 2066 4311 lu-

452 4360 535 4417 cis
554 4360 686 4415 dum
739 4356 926 4412 nititur
979 4354 1186 4411 electos
1242 4351 1522 4423 decipere,
1578 4352 1855 4425 detegitur
1900 4362 2065 4428 atque

454 4445 841 4505 contemnitur.
882 4444 969 4500 Sic
1018 4451 1072 4499 et
1116 4442 1292 4498 verba
1346 4440 1560 4497 fallacis
1618 4442 1885 4501 doctrinas
1915 4446 2063 4501 Deus

2165 1928 2394 1999 lescunt,
2428 1929 2501 1985 ita
2532 1938 2588 1985 ut
2616 1944 2895 2002 nunquam
2919 1938 3010 1987 aut
3051 1945 3174 1988 cum
3200 1930 3510 1988 difﬁcultate
3538 1930 3765 1988 vincan-

2165 2021 2281 2074 tur.

2850 2131 3064 2173 DIVISIO
3076 2158 3090 2171 .

2239 2242 2371 2297 Cum
2405 2240 2458 2297 in
2488 2249 2600 2298 tota
2627 2241 2732 2298 vita
2762 2241 3012 2298 diabolus
3060 2241 3426 2314 prmvaricare
3488 2240 3761 2298 hominem

2168 2332 2370 2404 cupiat,
2393 2331 2630 2403 amplius
2650 2340 2831 2387 tamen
2855 2332 2910 2386 in
2927 2331 3037 2388 ﬁne
3059 2332 3280 2387 molitur
3300 2332 3572 2403 decipere.
3588 2330 3765 2386 Proin-

2180 2422 2250 2478 de
2308 2421 2559 2494 quamvis
2589 2421 2663 2477 sit
2694 2421 2892 2490 justus,
2933 2428 3115 2476 tamen
3136 2435 3364 2477 necesse
3386 2429 3470 2477 est
3497 2430 3551 2476 ut
3581 2419 3633 2475 in
3660 2420 3765 2476 hac

2170 2512 2282 2567 vita
2328 2527 2611 2583 nunquam
2642 2511 2714 2566 sit
2742 2526 2992 2576 securus,
3024 2510 3125 2565 sed
3155 2525 3375 2582 semper
3425 2509 3647 2565 humilis
3675 2524 3765 2564 ca-

2174 2619 2317 2677 veat,
2350 2626 2696 2681 semperque,
2727 2626 2796 2664 ne
2821 2609 2875 2663 in
2911 2607 3017 2664 ﬁne
3044 2616 3287 2677 corruat,
3339 2608 3600 2664 sollicitus
3645 2623 3770 2679 per—

2171 2698 2445 2755 timescat.
2507 2698 2771 2754 Diabolus
2818 2698 2933 2753 suis
2990 2697 3299 2754 fautoribus
3352 2698 3638 2764 blanditur,
3671 2697 3769 2751 Dei

2174 2788 2351 2845 servis
2386 2803 2519 2845 vero
2548 2787 2774 2843 molitur
2807 2796 3146 2843 tentamenta
3176 2787 3448 2844 contraria
3476 2787 3769 2844 secundum

2174 2886 2421 2958 exempla
2451 2886 2689 2952 Domini,
2723 2885 2817 2957 qui
2868 2901 2927 2940 se
2961 2894 3086 2956 post
3115 2885 3441 2957 baptismum
3471 2899 3662 2956 passus
3690 2891 3771 2939 est

2176 2976 2445 3032 adiabolo
2498 2975 2821 3046 pertentari.
2885 2974 3147 3030 Diabolus
3174 2982 3393 3031 sanctos
3445 2989 3635 3030 omnes
3661 2988 3768 3029 non

2175 3066 2416 3122 tenendo
2444 3064 2713 3137 possidet,
2762 3065 2860 3120 sed
2909 3065 3173 3120 tentando
3228 3065 3596 3136 persequitur.
3630 3063 3767 3118 Nam

2099 3193 2149 3258 α
2180 3155 2306 3227 quia
2333 3154 2387 3211 in
2419 3155 2498 3211 eis
2527 3154 2860 3211 intrinsecus
2887 3169 2998 3209 non
3014 3160 3230 3226 regnat,
3268 3162 3557 3209 contraeos
3572 3151 3768 3208 extrin-

2178 3270 2338 3310 secus
2360 3260 2587 3325 pugnat,
2620 3262 2672 3308 et
2704 3252 2797 3324 qui
2826 3252 3056 3308 interius
3087 3251 3264 3307 amisit
3314 3251 3626 3318 Dominum,
3677 3265 3767 3306 ex-

2177 3344 2347 3399 terius
2378 3351 2688 3399 commovet
2711 3342 2936 3397 bellum.
2986 3342 3137 3398 Tunc
3190 3349 3382 3397 contra
3436 3356 3560 3395 eum
3612 3353 3766 3411 quem

2177 3432 2429 3504 possidet
2457 3431 2708 3487 diabolus
2737 3430 2917 3486 acrius
2938 3429 3114 3496 saevit,
3150 3428 3366 3502 quando
3396 3444 3455 3484 se
3476 3428 3677 3485 virtute
3701 3426 3769 3481 ab

2176 3547 2242 3587 eo
2276 3528 2662 3601 expellendum
2691 3528 2994 3600 cognoscit.
3020 3526 3235 3583 Etenim
3256 3536 3314 3583 et
3341 3525 3646 3581 immundus
3666 3524 3768 3596 spi-

2175 3620 2314 3675 ritus
2346 3627 2474 3675 tunc
2503 3618 2731 3691 gravius
2758 3617 3002 3688 decerpit
3031 3632 3258 3688 puerum
3280 3617 3334 3671 in
3365 3631 3472 3686 quo
3501 3614 3767 3671 habitabat

2177 3709 2399 3780 (Matth.
2433 3712 2551 3778 xu),
2584 3707 2802 3780 quando
2834 3707 2904 3761 ad
2958 3706 3161 3762 Christi
3188 3706 3477 3777 imperium
3522 3705 3675 3761 exire
3701 3703 3765 3758 ab

2175 3814 2241 3855 eo
2263 3806 2487 3854 coactus
2514 3805 2623 3854 est.
2665 3796 2824 3866 Quod
2856 3794 3057 3852 factum
3087 3803 3141 3852 et
3169 3796 3241 3851 ad
3268 3796 3370 3851 Job
3397 3795 3563 3852 verba
3592 3794 3764 3866 respi-

2175 3897 2267 3964 cit,
2302 3896 2395 3951 ubi
2424 3896 2478 3951 in
2508 3894 2824 3952 novissimis
2854 3893 3155 3949 Vehemoth
3183 3893 3416 3950 caudam
3432 3909 3583 3949 suam
3613 3894 3763 3965 quasi

2173 3986 2344 4043 cedus
2372 3985 2597 4058 stringit
2651 3985 2793 4055 (Job.
2832 3984 2941 4053 XL).
2999 3982 3127 4040 Plus
3155 3982 3405 4039 diabolus
3456 3988 3645 4040 contra
3670 3997 3763 4038 eos

2175 4075 2417 4133 diversis
2446 4073 2838 4131 tentationibus
2866 4074 3084 4141 insistit,
3127 4073 3218 4146 qui
3268 4081 3495 4145 possunt
3543 4079 3596 4128 et
3647 4072 3762 4128 aliis

2175 4191 2274 4230 sua
2302 4173 2532 4230 utilitate
2562 4172 2852 4245 prodesse,
2883 4180 2959 4241 ut,
2985 4171 3113 4229 dum
3141 4172 3221 4227 illi
3249 4171 3637 4243 impediuntur,
3657 4186 3760 4227 non

2174 4263 2463 4337 perﬁciant
2492 4263 2637 4336 quod
2666 4262 2901 4318 docendi
2953 4270 3102 4318 sunt.
3159 4260 3381 4334 Maligni
3416 4260 3639 4332 spiritus
3663 4260 3759 4316 hoc

2176 4353 2323 4427 quod
2355 4353 2498 4408 intra
2518 4368 2620 4408 nos
2654 4352 2918 4407 mundare
2945 4352 3212 4423 cupimus,
3267 4351 3391 4406 sine
3418 4350 3758 4406 intermissio-

2173 4459 2243 4499 ne
2276 4449 2487 4499 tentant
2515 4441 2719 4497 iterum
2749 4440 3058 4497 sordidare.
3099 4440 3286 4498 Sancti
3310 4447 3489 4497 autem
3517 4454 3756 4511 praesago

458 4545 680 4596 sanctos
710 4534 843 4592 facit
870 4533 1202 4607 intelligere,
1234 4538 1502 4604 quatenus
1532 4531 1864 4589 diabolicum
1908 4551 2061 4592 erro-
2088 4566 2141 4629 Β
2171 4543 2370 4616 spiritu
2400 4557 2586 4599 eorum
2648 4541 2879 4599 insidias
2924 4547 3401 4615 prrecognoscuut,
3433 4548 3486 4596 et
3515 4539 3755 4612 quidquid

454 4653 573 4694 rem
603 4632 830 4691 interius
859 4636 1215 4703 cognoscant,
1233 4628 1536 4684 utsollicite
1571 4637 1815 4686 caveant.
1837 4631 2059 4688 Discre-

453 4727 530 4783 tio
556 4731 871 4782 sanctorum
924 4727 1071 4776 tanta
1100 4735 1226 4775 esse
1253 4718 1440 4789 debet,
1497 4725 1554 4774 ut
1583 4717 1723 4775 inter
1774 4720 1979 4779 bonum
2009 4730 2060 4780 et

457 4815 662 4872 malum
691 4811 907 4885 praediti
962 4809 1168 4865 ratione
1208 4807 1525 4877 dijudicent,
1585 4823 1656 4865 ne
1684 4824 1780 4865 eos
1806 4810 2059 4868 diabolus

453 4922 555 4979 per
583 4902 825 4977 speciem
851 4899 981 4957 boni
1010 4897 1177 4954 fallat.
1210 4898 1362 4953 Tunc
1391 4896 1537 4952 enim
1569 4897 1710 4955 bene
1740 4898 1809 4955 de
1830 4917 1889 4957 se
1913 4902 2058 4971 judi-

455 5010 580 5061 cant
626 4999 801 5057 sancti
832 4996 1052 5071 quando
1083 4996 1231 5050 Deus
1275 4992 1492 5050 fallacia
1520 4994 1828 5052 daemonum
1882 5007 2058 5057 tenta-

456 5100 639 5150 menta
671 5090 802 5147 facit
832 5084 1161 5158 intelligere.
1186 5082 1334 5138 Multi
1356 5083 1699 5154 decipiuntur
1728 5086 2061 5147 adiaboloet

455 5184 710 5256 ignorant
739 5194 863 5235 sese
895 5192 1018 5232 esse
1048 5175 1327 5245 deceptos,
1394 5174 1681 5245 prophetae
1710 5175 1870 5234 Osem
1899 5180 2058 5236 testi-

457 5272 640 5329 monio
669 5269 989 5326 declarante
1024 5283 1036 5319 :
1074 5287 1097 5313 α
1152 5262 1525 5319 Comoderunt
1560 5288 1580 5312 ι
1617 5263 1808 5337 inquit,
1839 5291 1861 5316 «
1895 5269 2059 5327 alieni

456 5370 627 5426 robur
655 5368 792 5437 ejus,
852 5372 908 5419 et
962 5362 1081 5434 ipse
1112 5360 1391 5433 ignoravit
1443 5361 1595 5431 (086.
1638 5366 1760 5435 vn).
1790 5387 1812 5414 η
1846 5366 2060 5423 Αιιίρηί

457 5473 690 5528 namque
720 5452 947 5527 maligni
1003 5449 1224 5523 spiritus
1255 5448 1649 5522 signiﬁcantur,
1700 5453 1796 5525 qui
1829 5456 2057 5515 virtutes

458 5545 665 5601 mentis
693 5542 1021 5604 comedunt;
1057 5540 1155 5595 sed
1186 5540 1289 5595 hoc
1320 5540 1491 5595 corda
1518 5541 1916 5614 negligentium
1946 5564 2055 5605 non

457 5650 866 5708 intellexerunt.
905 5649 1189 5719 Tanquam
1247 5647 1476 5703 inermis
1515 5648 1768 5707 diabolus
1796 5653 2051 5725 vincitur,

456 5747 676 5820 quando
730 5747 798 5802 de
852 5752 1044 5818 aperta
1085 5743 1367 5816 iniquitate
1420 5745 1696 5804 hominem
1750 5751 2056 5824 depravare

455 5853 701 5902 conatur.
730 5845 981 5899 Armatus
1008 5841 1179 5897 verbo
1208 5848 1338 5899 tunc
1364 5842 1589 5917 incedit,
1620 5845 1748 5904 dum
1768 5866 1871 5921 per
1897 5868 2053 5924 spem

2170 4632 2225 4688 in
2259 4631 2569 4703 semetipsis
2598 4638 2878 4687 terrenum
2908 4630 3147 4687 sentiunt
3195 4629 3565 4686 indesinenter
3589 4628 3756 4700 operi-

2171 4722 2280 4778 bus
2310 4721 2513 4778 sanctis
2542 4720 2890 4786 exhauriunt,
2921 4727 2980 4776 ut
3015 4720 3085 4776 de
3110 4719 3315 4775 intimis
3342 4717 3460 4791 puri
3488 4717 3755 4776 invenianc

2168 4828 2286 4875 tur.
2325 4819 2535 4875 Eodem
2566 4818 2937 4875 blandimento
2967 4817 3308 4889 decipiuntur
3353 4831 3497 4873 nunc
3522 4832 3620 4887 per
3646 4815 3752 4870 dia-

2172 4909 2355 4966 bolum
2411 4907 2664 4964 homines
2721 4924 2831 4980 quo
2885 4905 3208 4979 protOplasti
3252 4906 3308 4961 in
3335 4905 3586 4977 paradiso
3638 4912 3751 4960 sunt

2170 4998 2405 5070 decepti.
2460 4996 2643 5052 Multis
2700 4996 2848 5053 enim
2899 4998 3156 5053 vitiorum
3213 4995 3502 5068 praestigiis
3552 5002 3747 5050 mentes

2166 5088 2530 5159 reproborum
2561 5085 2923 5158 pertentando
2952 5086 3187 5142 deludit.
3248 5086 3407 5141 Nunc
3474 5084 3613 5139 enim
3642 5098 3749 5155 pro-

2165 5186 2350 5243 missis
2379 5186 2605 5257 decipit,
2639 5201 2788 5243 nunc
2817 5185 2984 5241 rebus
3016 5185 3344 5240 transitoriis
3393 5183 3542 5256 quasi
3571 5200 3745 5240 neces-

2169 5276 2332 5332 sariis
2359 5276 2537 5331 illicit.
2577 5276 2733 5332 Nunc
2760 5276 2910 5331 enim
2942 5276 3064 5345 ipsa
3117 5274 3315 5330 inferni
3345 5273 3603 5344 supplicia
3629 5290 3744 5345 qua-

2166 5366 2212 5421 si
2258 5366 2399 5422 levia
2429 5379 2495 5421 ac
2552 5364 2870 5421 transitoria
2913 5363 3181 5437 suggerit,
3228 5370 3497 5436 quatenus
3533 5363 3744 5418 misero-

2166 5472 2291 5512 rum
2319 5454 2489 5512 corda
2509 5453 2563 5509 in
2586 5454 2882 5526 cupiditate
2915 5453 3247 5525 lasciviaque
3269 5452 3538 5509 dissolvat
3553 5467 3742 5507 secum-

2167 5570 2273 5627 que
2306 5554 2378 5609 ad
2407 5560 2607 5610 tartara
2653 5554 2838 5610 ducat.
2896 5552 3239 5625 Argumenta
3268 5550 3615 5607 tentationum
3641 5564 3739 5605 ma-

2164 5644 2453 5716 larumque
2482 5642 2898 5714 cogitationum,
2923 5640 3130 5698 semina
3158 5655 3279 5711 quae
3304 5640 3359 5695 in
3386 5637 3550 5697 corda
3580 5638 3739 5695 homi-

2163 5766 2294 5806 num
2325 5749 2580 5806 diabolus
2610 5748 2803 5817 fundit,
2862 5748 2938 5806 ita
2983 5764 3130 5820 saepe
3169 5747 3413 5820 undique
3460 5753 3669 5818 captant
3691 5751 3737 5801 et

2161 5857 2446 5932 implicant
2473 5866 2733 5931 mentem,
2761 5863 2823 5915 ut
2848 5871 2923 5916 ex
2951 5870 3062 5931 qua
3086 5862 3242 5929 parte
3273 5854 3508 5914 evadere
3526 5852 3733 5927 quisque
