3924 6396
187 345 293 398 869

1141 345 1719 404 DEFLOIIATIONES
1757 345 1860 404 SS.
1906 350 2206 409 PATRUM.
2248 386 2315 399 —
2355 355 2479 412 LIB.
2524 353 2572 413 I.

3423 369 3525 428 8³ἶο

182 467 506 534 tentaverit,
542 468 675 525 sine
708 470 952 540 periculo
982 470 1133 525 exire
1173 487 1280 527 non
1319 473 1526 542 possit:
1569 472 1736 527 veluti
1766 473 1810 527 si
1839 474 1897 536 Α
1927 477 2068 546 apud
2099 479 2348 534 homines
2379 481 2559 550 electi,
2609 485 2750 555 apud
2799 489 2971 542 Deum
3015 489 3200 545 fenum
3255 493 3512 550 existunt.

177 553 333 626 jures
365 557 482 612 hoc
517 556 718 614 faCere
753 573 766 627 ;
801 559 945 630 quod
972 559 1015 612 si
1058 558 1250 615 feceris
1307 577 1544 630 pecces;
1605 561 1648 615 si
1709 577 1815 618 non

184 643 412 712 feceris,
447 661 592 700 reus
627 648 864 716 perjurii
895 647 988 701 sis.
1024 650 1079 701 In
1115 656 1260 703 tanto
1293 666 1427 720 ergo
1457 650 1580 704 mali
1612 651 1815 705 discri~

184 732 332 787 mine
366 741 429 787 ut
461 735 754 790 evadendi
780 737 956 790 aditus
987 742 1191 807 pateat,
1226 738 1440 792 minora
1489 738 1667 808 potius
1715 739 1816 793 eli-

187 829 375 901 genda
399 841 558 898 sunt,
587 842 650 887 ut
669 834 884 902 majora
900 835 1418 889 vitentur.Diabolus
1433 837 1651 907 quando
1670 837 1818 892 deci-

184 934 317 988 pere
349 918 517 992 [vult]
537 937 903 992 quemquam,
935 923 1087 993 prius
1108 933 1352 977 naturam
1394 925 1816 996 uniuscujusque

186 1006 449 1078 intendit,
487 1017 550 1063 et
586 1010 720 1064 inde
751 1027 817 1066 se
843 1011 1084 1082 applicat
1131 1012 1273 1067 unde
1321 1021 1500 1083 aptum
1539 1013 1814 1069 hominem

184 1095 253 1148 ad
285 1098 657 1165 peccandum
704 1099 1038 1170 inspexerit.
1106 1101 1182 1154 Ex
1241 1117 1302 1155 ea
1356 1110 1513 1171 parte
1569 1103 1815 1157 homines

188 1189 386 1252 tentat,
421 1203 540 1258 qua
577 1202 679 1242 eos
708 1205 809 1258 per
838 1198 1190 1244 exercentem
1224 1191 1506 1245 humorem
1540 1191 1695 1246 facile
1727 1192 1812 1245 in-

187 1272 405 1328 clinare
438 1275 517 1328 ad
554 1276 695 1330 vitia
753 1277 1037 1346 conspicit,
1097 1282 1155 1331 ut
1211 1279 1516 1333 secundum
1569 1281 1811 1333 humoris

183 1363 669 1432 consparsionem
701 1364 956 1419 adhibeat
987 1368 1367 1420 tentationem.
1411 1369 1553 1438 Lege
1592 1368 1810 1421 Balaam

182 1459 273 1528 qui
306 1459 360 1512 in
397 1458 594 1532 figura
625 1461 834 1516 diaboli
865 1471 1054 1517 contra
1086 1464 1343 1533 populum
1379 1465 1561 1519 Deiex
1593 1481 1656 1519 ea
1687 1482 1811 1535 par-

182 1555 232 1601 te
266 1550 540 1619 praecepit
577 1551 922 1619 perniciosos
953 1553 1296 1622 praetendere
1328 1553 1578 1624 laqueos,
1604 1570 1673 1607 ex
1706 1570 1808 1624 qua

183 1636 402 1690 facilius
426 1639 616 1692 sensit
639 1655 737 1693 eos
767 1657 892 1694 esse
925 1641 1175 1710 lapsuros
1206 1643 1402 1711 (Nam.
1438 1645 1633 1709 χχιιι).
1670 1645 1805 1697 Nam

184 1730 240 1778 et
268 1726 402 1795 quia
436 1727 654 1781 alicubi
687 1728 931 1792 deducit,
967 1745 1073 1783 non
1103 1746 1221 1783 eam
1248 1747 1348 1800 per
1387 1732 1547 1784 aliam
1599 1741 1806 1801 partem

186 1813 370 1881 mittit,
405 1815 521 1868 nisi
560 1817 638 1870 ibi
674 1818 793 1886 ejus
824 1817 1081 1887 impetum
1129 1819 1382 1874 intendit.
1440 1820 1633 1874 Nullus
1681 1821 1804 1874 cul-

183 1918 308 1971 pam
343 1918 458 1957 non
492 1906 802 1974 existimet,
835 1923 995 1978 quam
1028 1923 1099 1962 ex
1131 1909 1349 1978 propria
1380 1909 1634 1980 passione
1679 1927 1805 1964 sus-

186 1989 344 2052 tinet,
389 1993 491 2047 sed
533 2002 809 2065 quantum
868 1997 1011 2050 valet
1068 2006 1260 2052 contra
1313 1998 1366 2050 id
1414 1998 1556 2068 quod
1615 1999 1806 2052 tolerat

184 2088 421 2148 pugnet.
466 2083 617 2136 Nam
652 2083 698 2136 si
729 2085 1111 2155 consparsioni
1143 2085 1370 2148 ceditur,
1407 2087 1687 2142 tentationi
1719 2088 1800 2141 vel

188 2166 320 2222 vitio
350 2185 720 2243 nequaquam
753 2173 1040 2229 resistitur.
1075 2173 1203 2228 Ideo
1233 2175 1488 2229 diabolus
1527 2176 1579 2228 in
1629 2177 1804 2230 sacris

187 2263 423 2335 eloquiis
462 2267 798 2333 Vehemoth,
832 2268 883 2322 id
917 2277 998 2322 est
1027 2269 1249 2334 animal,
1297 2270 1514 2335 dicitur,
1563 2273 1688 2342 quia
1735 2273 1803 2326 de

189 2353 341 2408 caelis
371 2353 580 2424 lapsus
612 2355 685 2410 ad
718 2366 888 2410 terras
911 2358 1107 2412 cecidit
1134 2373 1146 2426 ;
1170 2359 1293 2413 ideo
1317 2360 1626 2424 Leviathsn,
1648 2360 1698 2413 id
1723 2369 1802 2415 est

191 2456 427 2511 serpens
453 2443 527 2498 de
553 2443 737 2516 aquis,
761 2445 978 2509 dicitur,
1005 2447 1127 2517 quia
1148 2447 1202 2500 in
1226 2447 1383 2516 hujus
1424 2449 1608 2503 saeculi
1657 2465 1802 2504 mare

192 2529 415 2584 volubili
441 2543 705 2588 versatur
727 2535 940 2588 astutia.
972 2535 1101 2588 Avis
1134 2544 1428 2606 propterea
1467 2538 1797 2603 nominatur,

191 2619 317 2688 quia
351 2636 455 2690 per
486 2623 806 2692 superbiam
838 2623 906 2676 ad
935 2623 1041 2677 alta
1072 2625 1401 2679 sustollitur.
1447 2627 1510 2679 Et
1539 2635 1682 2681 recte
1713 2625 1802 2682 his

195 2707 478 2762 vocabulis
512 2710 697 2764 tribus
729 2711 1043 2780 appellatur
1073 2713 1165 2782 qui
1196 2728 1294 2782 pro
1325 2728 1422 2766 suo
1467 2715 1662 2767 merito
1700 2730 1798 2768 ae-

191 2809 309 2848 rem
341 2798 506 2867 quasi
542 2799 663 2853 avis
694 2815 795 2868 pro
825 2814 1044 2855 carcere
1074 2802 1292 2869 meruit,
1337 2810 1542 2856 terram
1584 2805 1797 2857 brutum

193 2883 393 2937 animal
424 2887 691 2952 comedit,
720 2903 946 2958 serpens
961 2896 1017 2942 ut
1049 2889 1101 2942 in
1134 2890 1288 2957 hujus
1319 2890 1502 2945 saeculi
1533 2907 1681 2946 mare
1711 2892 1798 2945 in-

194 2985 326 3025 sana
349 2974 596 3042 jactatur
627 2977 997 3032 fluctuatione.
1040 2979 1115 3032 Ex
1173 2994 1238 3034 eo
1299 2979 1439 3033 enim
1499 2981 1639 3050 quod
1700 2997 1800 3051 per

197 3062 441 3116 membra
469 3080 574 3119 sua
625 3065 874 3120 diabolus
920 3076 1194 3137 operatur,
1240 3069 1464 3122 sortitur
1512 3069 1794 3130 vocabula,

197 3155 264 3208 ita
294 3163 513 3231 utquod
539 3163 745 3231 singuli
767 3165 1214 3236 aguntincitante
1238 3167 1350 3230 illo,
1394 3167 1510 3237 ipse
1545 3168 1796 3222 nomine-
1829 3187 1878 3249 Ο

193 3251 276 3298 tur
304 3263 370 3301 ex
402 3265 492 3307 eo.
528 3251 710 3320 Quem
756 3253 898 3307 enim
947 3270 1056 3308 non
1102 3255 1302 3325 decipit
1357 3255 1608 3310 diabolus
1654 3258 1798 3312 unde

193 3333 386 3389 animal
415 3347 523 3405 est,
561 3341 669 3395 hoc
699 3350 781 3395 est
808 3357 909 3412 per
937 3343 1119 3398 carnis
1153 3342 1444 3410 luxuriam,
1475 3353 1641 3399 teutat
1688 3363 1793 3400 un-

193 3419 258 3476 de
288 3439 524 3495 serpens
557 3435 661 3493 est,
698 3429 802 3485 hoc
832 3437 882 3484 et
912 3431 1217 3500 cupiditatis
1246 3447 1312 3487 ac
1354 3433 1585 3487 nocendi
1634 3435 1794 3487 mali-

194 3509 294 3573 tia:
327 3530 492 3584 quem
524 3525 712 3572 autem
745 3535 845 3573 nec
876 3519 957 3574 sic
989 3519 1213 3590 decipit,
1265 3521 1550 3576 insidiatur
1592 3523 1640 3576 ei
1690 3541 1795 3577 uu-

195 3596 259 3652 de
278 3603 391 3656 avis
414 3615 519 3673 est,
543 3609 652 3662 hoc
679 3615 760 3661 est
781 3608 1049 3678 superbia}
1080 3610 1258 3664 ruina.
1293 3610 1446 3666 Unde
1493 3611 1639 3666 enim
1689 3612 1792 3666 do-

197 3691 276 3749 los
314 3713 617 3772 praeparat,
660 3720 949 3777 quousque
988 3707 1224 3763 inveniat
1265 3708 1427 3775 viam,
1482 3726 1582 3780 per
1630 3725 1794 3782 quam

197 3781 470 3846 incautum
503 3792 767 3864 decipiat.

875 3981 1110 4024 DIVISIO.

265 4117 432 4178 Aliud
461 4133 546 4180 est
572 4123 778 4179 intrare
796 4123 1075 4180 diabolum
1097 4125 1150 4180 in
1176 4133 1410 4182 mentem
1442 4126 1788 4200 cujusquam,

199 4203 338 4263 aliud
370 4227 505 4269 vero
529 4213 856 4269 inhabitare.
890 4214 1028 4268 Nam
1061 4213 1114 4268 in
1155 4217 1324 4270 corda
1363 4224 1675 4273 sanctorum
1718 4219 1789 4273 in-

199 4297 434 4363 greditur
463 4304 601 4358 dum
632 4301 802 4356 malas
831 4303 1214 4376 suggestiones
1245 4303 1502 4372 insinuat,
1535 4307 1632 4361 sed
1681 4324 1790 4364 non

198 4379 452 4444 inhabitat
503 4392 562 4446 in
606 4391 706 4458 eis,
759 4391 882 4462 quia
920 4394 974 4446 in
1013 4409 1110 4448 suo
1151 4408 1376 4463 corpore
1407 4410 1515 4450 non
1546 4410 1641 4450 eos
1674 4404 1786 4452 tra-

201 4474 356 4536 ducit.
396 4484 500 4554 Qui
533 4502 664 4543 vero
693 4486 748 4540 in
778 4502 1010 4558 corpore
1041 4487 1162 4557 ejus
1188 4496 1332 4556 sunt,
1375 4488 1523 4560 ipsos
1567 4490 1787 4546 inhabi-

202 4570 289 4631 tat,
321 4576 449 4642 quia
507 4574 615 4646 ipsi
667 4583 792 4630 sunt
845 4575 1108 4647 templum
1156 4579 1296 4646 ejus.
1362 4579 1476 4633 Etsi
1529 4580 1788 4652 subripiat

203 4659 464 4720 mentibus
505 4664 815 4720 electorum
877 4665 1146 4731 diabolus,
1207 4683 1317 4720 non
1365 4674 1544 4723 autem
1599 4669 1652 4723 in
1709 4670 1790 4726 eis

204 4748 511 4818 requiescit,
549 4753 692 4808 sicut
722 4753 778 4807 in
807 4755 1066 4809 cordibus
1099 4755 1480 4826 reproborum.
1520 4759 1660 4812 Nam
1691 4774 1789 4814 ca-

205 4828 310 4889 lore
343 4837 468 4898 fidei
495 4858 623 4898 mox
656 4842 938 4909 excitatur,
972 4851 1027 4897 ut
1057 4853 1213 4899 exeat
1244 4845 1313 4898 ab
1373 4845 1586 4902 electis.
1642 4849 1790 4903 Non-

204 4923 348 4993 nulli,
390 4947 527 5002 quos
562 4931 682 5000 jam
723 4931 884 4987 avido
940 4948 1034 4988 ore
1087 4933 1349 4988 diabolus
1405 4935 1785 5000 devoraverat,

205 5023 393 5072 rursus
423 5020 592 5076 divini
621 5019 813 5089 judicii
871 5021 1085 5078 occulta
1139 5022 1487 5078 miseratione
1547 5025 1614 5078 ab
1671 5027 1786 5095 ejus

205 5121 294 5165 ore
322 5113 663 5188 diripiuntur,
695 5127 745 5172 et
799 5119 960 5173 saluti
1005 5119 1389 5175 restituuntur.
1443 5121 1583 5177 Nam
1639 5139 1784 5194 saepe

205 5199 408 5272 multos,
441 5223 578 5279 quos
609 5207 1071 5280 antiquus’hostis
1100 5209 1328 5264 luxuriae
1358 5225 1518 5266 cmno
1569 5229 1784 5268 mersos

206 5283 379 5368 tenuit,
419 5295 661 5365 potentia
716 5294 896 5349 divina
953 5311 1052 5366 per
1101 5296 1473 5367 paenitentiam
1533 5299 1601 5352 ab
1669 5301 1783 5368 ejus

205 5367 436 5436 faucibus
468 5383 651 5437 traxit.
677 5381 961 5452 Quomodo
992 5383 1060 5438 de
1094 5387 1360 5440 bonorum
1402 5385 1622 5441 interitu
1652 5367 1782 5459 pro-

207 5469 355 5536 Pheta
381 5481 509 5538 dicit
539 5482 745 5538 electos
777 5499 902 5538 esse
954 5481 1154 5538 diaboli
1209 5499 1392 5540 escam
1445 5486 1675 5549 (Hahae.
1716 5487 1777 5552 1),

209 5556 324 5616 dum
351 5569 473 5626 alibi
503 5570 770 5640 scriptum
801 5579 882 5626 est
912 5572 978 5626 de
1023 5571 1114 5626 illo
1147 5588 1160 5628 :
1227 5595 1248 5617 ε
1312 5573 1518 5628 Fenum
1568 5582 1625 5628 ut
1681 5575 1798 5642 bos

210 5657 435 5716 comedet
467 5663 606 5732 (Job.
641 5662 751 5730 XL),
790 5684 811 5708 ι)
845 5660 949 5714 nisi
981 5661 1129 5732 quod
1162 5660 1216 5715 in
1248 5661 1418 5717 oculis
1449 5660 1548 5716 Dei
1596 5662 1779 5718 fenum

211 5747 340 5810 sunt,
369 5749 457 5818 qui
485 5751 698 5806 electus
741 5748 894 5805 cibus
943 5749 1244 5805 secundum
1302 5750 1552 5806 homines
1597 5751 1783 5808 viden-

215 5826 308 5884 tur.
341 5834 420 5894 Ac
443 5855 546 5913 per
577 5839 685 5896 hoc
714 5838 805 5911 qui
835 5838 905 5895 de
932 5838 1204 5896 bonorum
1254 5854 1486 5897 numero
1526 5847 1778 5912 pereunt,

1925 571 2058 626 Tum
2089 575 2339 631 diabolus
2363 577 2478 647 jam
2510 580 2810 651 deglutisse
2844 584 3042 640 dicitur
3073 590 3369 658 quemjam
3393 608 3518 662 per-

1928 661 2067 718 fecto
2107 666 2314 720 scelere
2354 669 2648 725 devorasse
2689 672 2928 727 videtur.
2984 677 3116 730 Eum
3172 695 3302 734 vero
3361 661 3521 752 quem

1927 767 2032 805 non
2063 752 2348 823 deglutivit
2376 759 2620 828 corporis
2651 762 3005 830 perfectione,
3039 766 3136 819 sed
3169 769 3523 824 tentationum

1926 847 2198 902 illecebris
2229 853 2437 907 mordet
2467 863 2523 908 ut
2552 855 2801 924 devoret,
2848 860 3025 915 adhuc
3081 863 3233 931 quasi
3289 863 3344 918 in
3400 882 3521 919 ma-

1925 935 2048 989 xilla
2084 940 2308 992 mandit.
2341 941 2493 996 Unde
2523 951 2576 996 et
2610 945 2810 999 Paulus
2842 947 3005 1002 habet
3036 949 3285 1006 stimulos
3337 954 3519 1008 carnis

1925 1025 2118 1094 quibus
2149 1028 2476 1092 humilietur,
2525 1048 2634 1086 non
2687 1034 2848 1088 habet
2904 1040 3166 1106 peccandi
3215 1040 3516 1109 perfectio-

1925 1136 2045 1173 nem
2071 1138 2177 1192 qua
2209 1123 2556 1193 deglutialur.
2593 1127 2670 1181 Os
2701 1129 2906 1184 diaboli
2956 1134 3114 1187 verba
3165 1134 3284 1206 ejus
3343 1148 3466 1193 sunt
3501 1158 3514 1202 ;

1924 1209 2086 1261 verba
2120 1227 2251 1265 vero
2281 1214 2396 1280 ejus
2428 1213 2816 1284 inSpirationes
2849 1222 3077 1278 occulta:
3129 1233 3272 1291 sunt,
3323 1228 3518 1296 quibus

1923 1297 2090 1351 corda
2122 1299 2399 1354 hominum
2432 1302 2721 1375 alloquens
2767 1309 2998 1363 occultis
3053 1312 3159 1365 urit
3213 1313 3520 1384 cupiditati-

1922 1398 2050 1449 bus.
2100 1395 2330 1464 Quidam
2372 1400 2442 1453 ob
2503 1401 2932 1476 incorrigibilem
2981 1407 3339 1480 iniquitatem,
3391 1415 3517 1484 quia

1921 1492 2112 1552 sponte
2141 1502 2248 1540 non
2298 1488 2662 1556 corriguntur,
2724 1494 3013 1549 immundis
3082 1497 3362 1567 spiritibus
3417 1519 3515 1556 ve-

1922 1573 2083 1626 xandi
2115 1574 2394 1630 traduntur
2424 1587 2479 1631 ut
2509 1581 2808 1650 arripiendi
2840 1599 2934 1636 eos
2956 1585 3232 1641 dmmoncs
3254 1605 3513 1659 corpora-

1921 1666 2042 1722 liter
2065 1669 2298 1724 habeant
2317 1680 2660 1742 potestatem,
2691 1679 3096 1746 terroribusque
3119 1697 3304 1737 eorum
3323 1685 3512 1741 afﬂicti

1919 1755 2288 1824 humilientur,
2324 1768 2375 1813 et
2431 1763 2730 1831 pteniteant
2786 1783 2849 1820 ac
2905 1768 3203 1824 salventur.
3256 1773 3405 1828 Sicut
3457 1783 3510 1829 et

1836 1833 1886 1891 Β
1917 1845 2212 1914 Apostolus
2244 1849 2536 1904 Corinthiis
2569 1853 2821 1908 scribens
2850 1856 2980 1912 dicit
3019 1875 3031 1911 :
3071 1883 3091 1906 u
3125 1860 3346 1916 Tradite
3404 1863 3508 1918 hu-

1908 1945 2150 2012 jnsmodi
2191 1947 2405 2002 Satanae
2435 1948 2487 2002 in
2513 1951 2789 2005 interitum
2813 1955 3012 2021 carnis,
3040 1965 3094 2010 ut
3137 1958 3357 2028 spiritus
3391 1961 3510 2015 sal-

1914 2048 2011 2084 vus
2043 2033 2109 2084 sit
2137 2033 2192 2104 (Ι
2221 2035 2339 2090 Cor.
2378 2036 2460 2106 v).
2505 2061 2525 2084 υ
2565 2039 2704 2094 Utile
2737 2049 2818 2094 est
2861 2042 3003 2096 enim
3052 2047 3315 2115 quosdam
3372 2066 3508 2119 pec-

1913 2129 2122 2184 cantes,
2165 2133 2217 2176 ut
2257 2123 2453 2178 anima:
2515 2127 2815 2198 salventur,
2875 2130 3089 2188 Satanae
3149 2138 3511 2208 corporaliter

1913 2219 2179 2288 deputari,
2212 2229 2476 2292 quatenus
2509 2239 2578 2278 ex
2602 2228 2853 2295 praesenti
2882 2232 3227 2299 correptione
3271 2234 3505 2292 futurum

1906 2307 2170 2376 judicium
2213 2310 2456 2374 timeant,
2521 2322 2573 2367 et
2639 2314 2706 2368 de
2773 2326 2972 2372 cartero
3035 2319 3350 2392 delinquere
3415 2342 3510 2381 ca-

1912 2405 2088 2452 veant.
2125 2397 2356 2466 Quidam
2389 2410 2563 2455 autem
2596 2406 2846 2473 potestati
2880 2407 3187 2464 daemonum
3221 2413 3287 2465 ad
3312 2430 3505 2469 emen-

1910 2493 2185 2549 dationem
2217 2496 2582 2567 deputantur;
2611 2501 2833 2571 quidam
2863 2520 2993 2560 vero
3023 2505 3265 2578 despecti
3298 2511 3366 2564 ad
3417 2527 3506 2566 so—

1911 2582 2019 2636 lam
2057 2585 2419 2653 perditionem
2454 2589 2754 2643 traduntur.
2786 2591 3213 2666 Nonnumquam
3250 2599 3506 2655 diabolus

1909 2673 2178 2727 adversus
2207 2673 2480 2730 hominem
2508 2677 2720 2748 justum
2753 2688 2846 2734 aut
2894 2681 3270 2740 tribulationes
3318 2688 3504 2743 cordis

1909 2769 1985 2822 illi
2025 2781 2342 2842 exaggerat,
2385 2781 2476 2827 aut
2517 2774 2736 2830 dolores
2797 2780 3047 2849 corporis
3089 2783 3332 2838 suscitat.
3366 2786 3505 2842 Hinc

1909 2866 1991 2912 est
2031 2860 2172 2929 quod
2215 2861 2514 2929 Apostolus
2554 2864 2627 2917 ait
2662 2882 2674 2917 :
2714 2887 2734 2915 α
2773 2867 2941 2923 Datus
2971 2877 3054 2923 est
3084 2870 3213 2925 mihi
3257 2874 3506 2929 stimulus

1909 2948 2084 3002 carnis
2116 2965 2250 3002 meae
2279 2951 2506 3020 angelus
2537 2953 2770 3020 Satanze,
2815 2963 2870 3009 ut
2927 2973 3014 3012 me
3070 2959 3372 3031 colaphi7et
3430 2963 3510 3034 (II

1913 3046 2038 3100 Cor.
2079 3051 2198 3115 xu).
2242 3069 2262 3093 ιι
2300 3047 2456 3117 Saepe
2489 3049 2618 3118 justi
2659 3060 2890 3107 mentem
2934 3055 3098 3110 variis
3151 3061 3504 3119 vexationum

1906 3133 2192 3188 doloribus
2224 3135 2302 3190 vis
2325 3137 2635 3192 daemonum
2669 3141 2892 3209 cruciat,
2928 3144 3070 3198 unde
3101 3146 3372 3202 interdum
3404 3167 3504 3205 us-

1907 3239 2009 3293 que
2039 3224 2104 3276 ad
2133 3224 2533 3295 desperationis
2558 3229 2863 3300 angustiam
2896 3242 3230 3290 coarctatur.
3281 3237 3501 3293 Perma-

1905 3321 2053 3375 nenti
2086 3329 2262 3375 autem
2297 3322 2350 3376 in
2385 3323 2482 3377 Dei
2513 3341 2700 3380 amore
2730 3327 2922 3382 anima:
2953 3333 3005 3382 et
3037 3330 3157 3400 ipsa
3188 3332 3309 3388 talis
3331 3351 3500 3407 angu-

1907 3409 2006 3462 stia
2037 3410 2104 3464 ad
2137 3411 2385 3465 meritum
2420 3412 2646 3482 proﬁcit.
2680 3415 2818 3468 Nam
2851 3417 2964 3471 sive
2987 3417 3039 3472 in
3071 3420 3270 3486 animo,
3309 3423 3422 3480 sive
3443 3426 3498 3482 in

1905 3513 2134 3568 corpore
2159 3515 2256 3568 per
2285 3499 2594 3554 instinctum
2629 3501 3026 3559 immundorum
3053 3508 3338 3578 spirituum
3371 3515 3496 3584 qui-

1906 3595 2036 3650 libet
2057 3596 2237 3664 justus
2267 3598 2502 3653 adversa
2532 3600 2788 3670 patiatur,
2815 3619 2878 3656 ex
2904 3602 3000 3657 Dei
3021 3603 3200 3674 itaque
3225 3609 3495 3676 permissu

1905 3684 1957 3739 id
1989 3685 2202 3755 patitur.
2239 3685 2394 3754 Quod
2428 3689 2471 3741 si
2503 3690 2607 3744 hoc
2637 3690 2810 3760 ipsum
2841 3691 2909 3745 ad
2945 3693 3040 3746 Dei
3061 3694 3290 3766 gloriam
3324 3697 3498 3754 humi-

1904 3773 1971 3827 lis
2004 3773 2219 3840 referat,
2256 3785 2308 3830 et
2338 3776 2479 3832 dicat
2513 3795 2525 3831 :
2561 3801 2582 3825 «ι
2621 3778 2682 3832 Si
2717 3780 2859 3834 bona
2889 3783 3226 3852 suscepimus
3249 3785 3316 3840 de
3335 3803 3496 3844 manu

1903 3864 2140 3926 Domini,
2161 3864 2300 3918 mala
2321 3873 2498 3920 autem
2511 3883 2680 3939 quare
2702 3884 2810 3923 non
2839 3869 3205 3926 sustineamus
3229 3875 3346 3943 (Job
3367 3878 3424 3946 ι),
3469 3902 3490 3926 n

1900 3960 2004 4016 iste
2033 3977 2140 4016 non
2171 3971 2456 4033 separatur
2487 3980 2522 4018 a
2545 3966 2678 4032 Deo,
2741 3967 2836 4020 sed
2893 3969 3264 4042 conjungitur,
3321 3974 3497 4044 quali-

1902 4051 1992 4107 bet
2019 4051 2188 4107 atroci
2216 4053 2467 4123 angustia
2487 4059 2820 4125 torqueatur.
2844 4057 3006 4112 Multa
3041 4059 3218 4127 justus
3262 4060 3493 4119 adversa

1899 4139 1953 4194 in
1986 4141 2166 4195 anima
2198 4142 2418 4212 patitur,
2473 4143 2823 4215 instigatione
2877 4146 3204 4215 daemonum,
3261 4151 3358 4205 sed
3413 4160 3493 4206 ta-

1898 4238 2040 4292 libus
2079 4239 2425 4294 tentamentis
2456 4241 2636 4310 perire
2667 4241 2787 4299 vita:
2843 4253 3060 4301 aeternae
3117 4262 3229 4302 non
3289 4257 3489 4320 potest,

1899 4329 2020 4399 quia
2047 4328 2166 4399 pius
2198 4328 2458 4383 Dominus
2487 4330 2554 4383 ad
2587 4331 2999 4388 damnationem
3030 4335 3204 4406 culpa:
3248 4354 3358 4392 non
3403 4357 3494 4396 re-
3579 4340 3582 4343 ’

1896 4425 2046 4487 putat
2077 4416 2220 4487 quod
2251 4417 2317 4472 de
2349 4433 2459 4472 suae
2489 4418 2786 4486 majestatis
2817 4423 3086 4491 permissu
3128 4424 3321 4481 nolens
3369 4446 3490 4500 qua:

1900 4515 2098 4585 patitur
2126 4521 2326 4585 portat.
2358 4515 2498 4569 Nam
2529 4515 2602 4570 ibi
2659 4533 2971 4586 peccamus,
3029 4521 3120 4574 ubi
3178 4524 3486 4593 cupidatem

1901 4603 1986 4658 vel
2017 4603 2350 4658 voluntatem
2381 4604 2748 4660 deflectimus.
2776 4607 2875 4661 Ubi
2900 4623 3032 4664 vero
3055 4610 3322 4668 violenter
3341 4615 3490 4670 addi-

1898 4693 2094 4760 cimur,
2128 4693 2232 4747 etsi
2281 4692 2491 4748 facinus
2520 4701 2608 4748 aut
2637 4694 2902 4767 ﬂagitium
2951 4713 3062 4752 non
3108 4708 3210 4766 est,
3265 4701 3490 4760 miseria

1895 4799 2076 4846 tamen
2107 4808 2203 4862 pro
2235 4791 2441 4864 flagitio
2470 4800 2520 4848 et
2552 4793 2792 4849 facinore
2822 4801 2928 4849 est.
2960 4795 3067 4851 Sed
3126 4798 3254 4868 quia
3309 4801 3485 4859 Deum

1893 4897 1995 4952 pro
2025 4882 2244 4952 irrigata
2276 4882 2459 4936 laudat
2485 4882 2723 4950 miseria,
2757 4883 3051 4940 commissa
3082 4888 3270 4956 procul
3320 4890 3486 4947 dubio

1895 4978 2127 5026 evacuat
2157 4971 2401 5026 facinora
2416 5012 2428 5024 .

1962 5104 2228 5158 Praeterea
2261 5101 2552 5158 videndum
2585 5103 2729 5174 quod
2751 5111 2983 5176 quatuor
3003 5114 3128 5162 sunt
3158 5109 3482 5168 tentationes

1890 5192 1958 5246 de
1990 5192 2186 5263 quibus
2220 5191 2273 5244 in
2304 5191 2516 5261 psalmo
2544 5192 2846 5247 centesimo
2907 5204 3062 5250 sexto
3097 5213 3109 5250 :
3178 5219 3199 5247 α
3255 5198 3483 5256 Confite-

1890 5290 2021 5344 mini
2052 5289 2304 5353 Domino,
2341 5312 2360 5336 η
2396 5289 2546 5357 cujus
2577 5291 2848 5346 secundus
2881 5307 3073 5348 versus
3126 5303 3208 5349 est
3241 5313 3254 5349 :
3311 5320 3334 5345 α
3394 5298 3484 5353 Di-

1889 5387 2015 5435 cant
2039 5378 2128 5451 qui
2161 5378 2426 5448 redempti
2457 5387 2577 5432 sunt
2607 5395 2640 5434 a
2669 5381 2920 5436 Domino.
2954 5381 3325 5440 Conﬂteantur
3363 5387 3481 5442 Do-

1889 5469 2037 5523 mino
2067 5466 2442 5522 misericordia
2472 5466 2612 5536 ejus,
2647 5477 2698 5523 et
2727 5468 2994 5525 mirabilia
3024 5472 3138 5540 ejus
3152 5471 3275 5528 ﬁliis
3307 5475 3484 5532 homi-

1890 5583 2042 5632 num,
2058 5589 2076 5614 υ
2095 5572 2286 5636 quater
2303 5563 2593 5636 reperitur,
2619 5581 2727 5637 quo
2748 5583 2980 5623 numero
2997 5569 3222 5638 juvante
3246 5573 3482 5632 Domino

1890 5663 2150 5727 quantum
2181 5653 2410 5710 scrutari
2429 5653 2720 5724 valuimus,
2755 5658 3085 5712 tentationes
3134 5669 3362 5731 quatuor
3408 5665 3482 5719 si-

1887 5751 2244 5825 gnificantur.
2281 5751 2363 5806 Ab
2394 5751 2477 5806 nis
2509 5767 2642 5823 ergo
2683 5751 2915 5826 quisque
2959 5753 3202 5812 irretitus
3255 5759 3483 5830 eripitur

1887 5857 1987 5913 per
2015 5857 2141 5899 eum
2170 5839 2256 5898 cui
2284 5855 2446 5897 omne
2471 5856 2618 5914 genu
2646 5839 2897 5898 ﬂectitur.
2930 5843 3028 5900 Est
3079 5843 3245 5918 igitur
3296 5847 3478 5922 prima
