3924 6390
463 351 562 409 8⁸71
1600 348 1945 407 WERNERI
1979 346 2268 405 ABBA’I‘IS
2307 347 2372 406 S.
2420 347 2643 406 BLASII

3675 352 3784 411 872

459 475 694 534 tentatio
722 475 928 533 erroris
950 481 1003 532 et
1019 474 1218 533 famis:
1251 474 1463 532 erroris
1491 474 1617 548 quia
1646 476 1700 530 in
1746 472 2057 549 ignorantia
2087 474 2264 543 Atio,
2306 490 2429 548 quae
2462 481 2687 532 vocatur
2751 473 3055 545 periculum
3118 476 3175 532 in
3241 476 3509 550 regimine
3579 494 3777 535 rerum

459 591 519 631 se
549 576 712 631 homo
740 573 967 639 invenit,
998 572 1180 640 famis,
1214 573 1344 645 quia
1373 572 1662 628 veritatem
1692 588 1923 629 noscere
1953 588 2058 628 cu-

458 665 556 737 pit,
591 672 643 719 et
673 679 734 720 ea
764 662 951 717 satiari
981 664 1207 734 appetit.
1238 660 1357 732 Qua
1411 662 1708 717 tentatione
1764 678 1886 718 cum
1942 660 2059 716 fati-

458 761 619 826 gatus
648 752 769 825 quis
799 751 979 820 fuerit,
1012 760 1066 807 et
1095 751 1264 807 corde
1295 751 1365 806 ad
1397 752 1571 806 Deum
1602 750 1933 817 clamaverit,
1985 750 2057 806 ad

457 852 599 907 viam
630 848 753 905 fidei
785 848 1083 920 perveniet,
1116 865 1215 919 per
1244 864 1402 921 quam
1433 849 1500 903 ad
1532 849 1811 904 civitatem
1856 846 2057 921 quietis

454 954 691 1013 pergere
720 936 970 1009 incipiet.
1010 937 1333 993 Perducitur
1388 938 1573 1010 itaque
1631 939 1698 993 ad
1754 936 2053 1004 Christum,

455 1028 546 1102 qui
580 1027 708 1083 dicit
740 1044 754 1080 :
793 1047 815 1078 ι
852 1026 974 1097 Ego
1005 1042 1123 1081 sum
1156 1026 1241 1082 via
1272 1028 1457 1096 (Joan.
1492 1026 1630 1093 xiv).
1658 1051 1678 1074 ιι
1712 1025 2057 1097 Quapropter

454 1126 523 1181 ab
551 1140 741 1181 errore
772 1138 837 1179 ac
865 1122 1011 1180 fame
1034 1123 1320 1191 liberatus,
1355 1131 1410 1179 et
1438 1124 1509 1179 ad
1539 1124 1679 1179 viam
1732 1139 1855 1196 quas
1904 1123 2055 1179 Chri-

453 1221 567 1270 stus
603 1221 686 1269 est
715 1213 1014 1285 perductus
1069 1214 1256 1269 dicat:
1321 1234 1346 1265 c
1405 1213 1775 1269 Confiteantur
1819 1212 2054 1269 Domino

449 1302 843 1360 misericordiae
874 1302 993 1372 ejus
1020 1310 1075 1358 et
1104 1301 1375 1358 mirabilia
1396 1308 1512 1373 ejus
1536 1303 1664 1357 fiiiis
1685 1303 1986 1358 hominum.
2023 1324 2045 1351 υ

449 1402 578 1458 Haec
607 1408 690 1457 est
718 1399 900 1472 prima
928 1400 1177 1468 tentatio,
1206 1417 1235 1456 a
1266 1417 1372 1473 qua
1410 1400 1707 1473 proficiens
1765 1401 2049 1467 liberatur,

450 1490 672 1547 Christo
700 1488 806 1544 sibi
834 1489 1102 1561 propitio.
1143 1490 1396 1546 Secunda
1428 1492 1653 1546 tentatio
1680 1498 1783 1557 est,
1816 1505 1941 1547 cum
1985 1490 2054 1546 ci-

449 1579 578 1635 bum
608 1576 853 1635 veritatis
882 1578 1151 1649 acceperit
1182 1587 1236 1635 et
1265 1579 1319 1634 in
1346 1579 1450 1647 via,
1480 1596 1602 1653 quae
1652 1579 1898 1636 Christus
1943 1586 2047 1647 est,

446 1677 658 1750 positus
688 1677 865 1743 fuerit,
899 1677 1049 1733 audit
1081 1694 1094 1731 :
1125 1677 1272 1733 Bene
1304 1678 1449 1745 vive,
1491 1686 1544 1733 et
1597 1678 1735 1734 sicut
1790 1677 2050 1749 accepisti

447 1783 514 1825 ac
538 1768 700 1835 nosti,
734 1766 1016 1823 meliorari
1047 1776 1256 1838 satage.
1294 1767 1400 1822 Sed
1448 1768 1517 1823 de
1569 1783 1629 1823 se
1684 1783 2046 1838 praesumens,

2165 573 2533 644 publicarum.
2574 575 2746 628 Nemo
2776 589 2910 630 vero
2940 582 3091 645 putet
3122 576 3262 630 hanc
3292 575 3642 632 tentationem
3701 577 3777 632 ad

2166 663 2314 718 solos
2345 663 2626 735 pertinere
2655 662 2936 732 praalatos,
2969 663 3093 736 quia
3125 680 3317 721 omnes
3360 664 3415 720 in
3466 666 3594 721 navi
3648 682 3775 739 por-

2166 759 2363 819 tantur,
2407 760 2462 807 et
2518 750 2612 824 qui
2667 760 2977 823 operantur,
3036 762 3090 809 et
3130 753 3222 826 qui
3258 754 3652 828 gubernantur,
3719 764 3774 811 et

2166 849 2326 904 simul
2355 849 2408 904 in
2440 849 2577 904 mari
2605 849 3002 921 periclitantur,
3036 862 3088 906 et
3117 851 3278 907 simul
3336 851 3392 908 in
3445 860 3603 923 portu
3657 853 3771 908 sal-

2166 946 2383 993 vantur.
2418 937 2668 1008 Quatuor
2696 938 2814 994 hac
2846 940 3175 996 tentationes
3204 940 3259 995 in
3290 940 3500 1012 psalmo
3555 957 3770 1013 ponun-

2163 1038 2271 1098 tur,
2312 1044 2437 1100 quaz
2474 1043 2574 1099 per
2610 1035 2843 1100 quatuor
2876 1048 2899 1079 ι
2935 1027 3308 1085 Confiteantur
3350 1052 3371 1078 ι
3428 1029 3760 1103 intelligun-

2162 1130 2269 1180 tur.

2341 1276 2510 1332 [TEM
2547 1274 2785 1333 SERMO
2825 1276 2919 1332 DE
2961 1274 3549 1346 QUADRAGESIMA.

2233 1413 2573 1481 Charissimi,
2606 1430 2727 1471 cum
2756 1413 2824 1470 de
2854 1414 3113 1486 paradiso
3143 1415 3363 1487 expulsi
3406 1432 3614 1485 sumus,
3666 1417 3757 1474 di-

2160 1510 2314 1559 ctum
2336 1511 2416 1559 est
2437 1502 2598 1559 nobis
2625 1522 2636 1558 :
2666 1527 2688 1551 α
2718 1503 2905 1559 Pulvis
2933 1519 3013 1572 es,
3047 1512 3103 1560 et
3126 1503 3181 1559 in
3198 1506 3479 1576 pulverem
3507 1514 3759 1563 reverte-

2158 1593 2235 1648 ris
2266 1593 2424 1662 (Gen.
2457 1592 2563 1662 tu).
2602 1612 2625 1643 ι
2659 1593 2728 1649 Ut
2756 1608 2892 1666 ergo
2924 1592 3104 1650 redire
3134 1594 3427 1666 possimus,
3470 1603 3524 1651 et
3569 1596 3753 1668 pceni-

2157 1692 2401 1758 tentiam,
2436 1691 2490 1745 in
2520 1691 2694 1763 capite
2716 1690 2933 1761 jejunii,
2965 1690 3021 1746 in
3050 1691 3237 1748 cinere
3282 1699 3337 1748 et
3390 1693 3570 1750 cilicio
3628 1694 3753 1768 egi—

2156 1797 2306 1836 mus.
2350 1780 2535 1836 Pulvis
2562 1779 2765 1852 quippe
2794 1796 2981 1836 sumus
3011 1788 3065 1837 et
3092 1780 3250 1848 cinis,
3282 1789 3337 1837 et
3391 1782 3593 1838 vermis
3642 1799 3751 1854 pu-

448 1857 577 1912 dum
607 1855 908 1925 conﬂigere
936 1856 1205 1911 adversus
1236 1854 1363 1911 vilia
1388 1866 1637 1922 conatur.
1669 1857 1741 1912 ob
1771 1872 1885 1912 sua:
1919 1872 2053 1926 prae-
2079 1843 2131 1903 Β
2161 1871 2320 1927 tredo
2350 1868 2492 1925 filius
2526 1843 2780 1925 hominis.
2814 1870 2884 1924 Et
2940 1870 3067 1942 quia
3121 1870 3419 1941 repatriare
3462 1843 3750 1928 contendi-

447 1954 774 2025 sumptionis
802 1953 1111 2025 superbiam
1143 1961 1460 2024 superatur.
1496 1953 1647 2010 Sicut
1674 1970 1811 2027 ergo
1842 1952 2049 2010 erroris

452 2050 505 2099 et
538 2043 696 2098 famis
728 2041 906 2114 prima
938 2042 1037 2097 fuit
1066 2042 1310 2109 tentatio,
1338 2043 1411 2097 ita
1439 2043 1678 2099 secunda
1701 2052 1788 2099 est
1807 2041 2047 2098 difﬁcul-

448 2133 577 2189 tatis
608 2132 660 2187 in
693 2132 835 2187 bene
863 2131 1169 2203 operando.
1212 2132 1507 2203 Pmpterea
1538 2132 1801 2188 exclamet
1829 2132 1895 2187 ad
1927 2133 2045 2188 Do-

443 2228 670 2295 minum,
703 2228 796 2283 tali
825 2226 1142 2284 difficultate
1172 2237 1430 2301 gravatus
1464 2246 1476 2283 :
1510 2244 1638 2284 nam
1687 2227 1933 2285 clamans
1977 2228 2047 2284 ad

445 2335 568 2375 eum
599 2317 919 2374 liberabitur
938 2318 1007 2373 de
1027 2318 1471 2373 necessitatibus.
1501 2319 1731 2389 Bumpet
1751 2318 1899 2374 enim
1920 2317 2044 2374 vin-

445 2408 571 2467 cula
603 2406 956 2477 difficultatis,
988 2414 1042 2462 et
1070 2406 1362 2463 constituet
1404 2406 1716 2477 Operarium
1774 2423 1931 2462 suum
1989 2408 2043 2462 in

441 2506 762 2579 Operatione
792 2506 1086 2579 aequitatis.
1127 2505 1359 2577 Incipiet
1389 2521 1523 2578 ergo
1554 2505 1608 2562 ei
1634 2507 1744 2575 jam
1789 2522 1912 2562 esse
1969 2505 2046 2561 fa-

443 2596 549 2654 cile
580 2596 726 2669 quod
756 2595 930 2652 fuerat
958 2594 1202 2662 difficile,
1235 2595 1444 2652 scilicet
1509 2596 1650 2652 bene
1683 2596 1881 2664 facere,
1915 2604 1967 2652 et
2013 2612 2044 2651 a

443 2684 603 2740 malis
631 2684 886 2741 omnibus
914 2684 1206 2753 abstinere,
1239 2693 1293 2740 et
1321 2682 1414 2740 fiet
1454 2684 1683 2741 facultas
1730 2685 1875 2758 quod
1922 2683 2043 2741 fue-

442 2791 526 2840 rat
554 2780 867 2839 difﬁcultas.
901 2783 1015 2839 Hoc
1036 2798 1167 2838 vero
1223 2781 1341 2838 sine
1398 2782 1720 2839 diﬂicultate
1777 2782 2041 2838 Dominus

441 2872 619 2945 potuit
647 2879 925 2943 praestare,
958 2871 1059 2927 sed
1088 2871 1133 2925 si
1164 2872 1268 2927 hoc
1315 2870 1523 2944 absque
1579 2869 1899 2928 difficultate
1958 2873 2041 2926 ha-

441 2963 716 3028 beremus,
743 2960 1062 3033 largitorem
1090 2960 1182 3030 buj
1194 2977 1255 3015 us
1285 2960 1415 3016 boni
1446 2976 1557 3016 non
1585 2977 2036 3034 agnosceremus.

436 3059 652 3118 Nostris
681 3060 823 3117 enim
880 3058 1088 3116 viribus
1143 3061 1246 3116 hoc
1302 3058 1693 3128 tribueremus,
1751 3067 1805 3115 et
1862 3061 2039 3116 Deum

438 3150 762 3208 collatorem
795 3148 960 3219 hujus
986 3148 1177 3222 gratias
1223 3164 1332 3205 non
1384 3148 1739 3204 sentiremus.
1786 3149 1854 3203 Et
1911 3148 2037 3220 quia

436 3239 673 3296 humana
704 3208 969 3311 fragilitas
986 3208 1149 3311 quod
1173 3238 1279 3293 sibi
1305 3244 1396 3293 est
1425 3245 1773 3309 praeceptum,
1793 3208 2035 3294 licet-ve-
2065 3208 2114 3271 Ο

436 3336 518 3403 lit,
552 3354 654 3410 per
674 3353 735 3392 se
764 3352 874 3392 non
904 3336 1049 3392 valet
1076 3336 1280 3392 ducere
1311 3336 1383 3391 ad
1412 3335 1685 3405 effectum,
1717 3335 1866 3391 dicat
1906 3335 2036 3392 item

437 3443 560 3486 cum
592 3426 879 3482 Psalmista
910 3442 924 3482 ε
976 3449 998 3474 α
1034 3423 1403 3482 Conﬁteantur
1443 3425 1681 3481 Domino
1718 3424 2035 3481 misericor-

437 3517 543 3574 dia:
577 3515 719 3586 ejus,
750 3523 802 3571 et
832 3514 1099 3571 mirabilia
1148 3514 1270 3584 ejus
1318 3514 1443 3570 filiis
1491 3514 1798 3570 bonimum.
1841 3537 1863 3563 η
1908 3515 2038 3571 Haec

440 3623 523 3672 est
552 3614 797 3671 secunda
829 3613 1090 3670 tentatio:
1125 3610 1419 3668 difﬁcultas
1460 3611 1857 3669 vincendarum
1895 3627 2035 3669 con-

439 3703 921 3777 cupiscentiarum.

511 3835 636 3890 Post
661 3834 765 3890 has
791 3832 930 3889 duas
978 3831 1331 3902 tentationes,
1381 3831 1542 3889 tertia
1582 3832 1841 3889 hominen
1891 3832 2038 3890 exci-

431 3924 510 3998 pit
543 3941 556 3979 :
590 3924 639 3979 ei
670 3938 804 3980 vero
828 3923 1028 3994 loquor
1058 3922 1152 3994 qui
1184 3922 1283 3977 has
1312 3921 1451 3977 duas
1476 3921 1596 3991 jam
1627 3922 1860 3977 transiit.
1891 3923 2034 3979 Nam

430 4013 554 4071 dua
583 4013 685 4069 ista
714 4020 839 4068 sunt
867 4011 1051 4066 multis
1081 4019 1244 4067 notat.
1280 4009 1418 4080 Quis
1446 4011 1592 4067 enim
1640 4011 1815 4067 nescit
1859 4027 1924 4067 se
1966 4012 2034 4067 ad

429 4113 712 4169 veritatem
742 4110 810 4166 ab
841 4109 1153 4183 ignorantia
1182 4109 1427 4176 venisse,
1459 4108 1527 4164 ad
1558 4109 1781 4166 verbum
1828 4106 1958 4166 ﬁdei
2002 4125 2033 4166 a

431 4202 578 4259 fame
607 4198 930 4272 sapientiae?
964 4199 1093 4255 Haec
1123 4214 1256 4254 vero
1286 4198 1440 4254 tertia
1470 4206 1554 4254 est
1599 4198 1819 4254 taedium
1878 4198 2032 4256 verbi

428 4288 623 4357 divini,
654 4288 864 4345 scilicet
894 4287 1114 4343 taedium
1143 4286 1358 4354 orandi,
1391 4286 1637 4361 legendi,
1660 4287 1945 4359 vigilandi,
1974 4295 2030 4345 et

429 4387 664 4446 aliorum
693 4385 893 4460 quibus
924 4393 1109 4456 posset
1137 4385 1208 4440 ad
1237 4384 1433 4442 melius
1459 4386 1687 4457 provehi
1711 4404 1726 4453 ;
1750 4394 1804 4442 et
1825 4394 2028 4442 tantum

428 4479 667 4535 incurrat
693 4475 968 4531 interdum
999 4474 1321 4546 periculum,
1356 4482 1416 4531 ut
1442 4474 1519 4531 nil
1563 4475 1633 4530 de
1678 4476 1835 4547 prius
1887 4476 2027 4532 bene

428 4567 603 4644 gestis
631 4564 795 4623 faciat
825 4580 949 4621 eum
976 4578 1227 4621 securum
1254 4582 1269 4629 ;
1299 4563 1399 4620 sed
1427 4579 1525 4637 pro
1555 4564 1716 4621 taedio
1754 4580 1816 4621 se
1844 4564 2026 4621 timeat
2052 4571 2106 4633 D

429 4667 758 4741 periturum.
799 4663 951 4720 Sicut
981 4661 1125 4719 enim
1157 4662 1396 4719 fastidito
1443 4662 1567 4719 cibo
1605 4663 1880 4735 corporali
1912 4679 2030 4721 cor-

428 4773 535 4831 pus
565 4753 870 4828 perimitur,
901 4752 979 4808 ita
998 4751 1237 4807 fastidito
1259 4750 1489 4823 spiritali
1514 4752 1659 4808 victu
1679 4752 1857 4808 anima
1888 4753 2029 4824 peri-

426 4846 665 4905 clitatur.
690 4841 903 4900 Etenim
928 4857 1121 4897 rursus
1144 4840 1345 4897 clamat
1372 4841 1441 4896 ad
1474 4841 1766 4897 Dominum
1803 4850 1858 4897 et
1892 4841 2028 4898 libe-

425 4953 602 5010 ratur,
633 4950 688 4999 et
709 4940 838 4996 inde
868 4938 1119 5011 sequitur
1147 4946 1207 4995 ut
1235 4938 1573 4995 conﬁteatur.
1612 4940 1754 4995 Ecce
1776 4940 2027 5011 splendi-

423 5034 601 5094 ﬁcatis
628 5028 887 5096 tenebris,
916 5036 972 5085 et
999 5027 1405 5085 difficultatibus
1442 5036 1693 5085 veterum
1743 5038 2025 5086 consuetu-

424 5124 611 5181 dinum
643 5117 919 5193 superatis
948 5125 1000 5173 et
1030 5117 1250 5189 repulso
1292 5117 1456 5174 taedio
1511 5117 1665 5174 verbi
1724 5118 1841 5185 Dei,
1900 5119 2025 5175 talis

418 5223 538 5295 jam
568 5227 733 5293 aptus
762 5224 847 5273 est
874 5215 968 5290 qui
999 5215 1069 5271 ad
1108 5215 1357 5289 regimen
1399 5215 1777 5272 Ecclesiarnm
1824 5216 2023 5273 debeat

423 5309 683 5385 provehi.
723 5307 831 5363 Sed
862 5312 1063 5378 quanto
1091 5304 1270 5377 magis
1299 5304 1591 5373 exaltatur,
1616 5310 1765 5362 tanto
1787 5305 2023 5378 amplius

425 5400 782 5473 periclitatur.
815 5397 967 5451 Tunc
994 5395 1142 5450 enim
1192 5393 1427 5468 insurgit
1474 5402 1771 5467 tempestas
1820 5395 2014 5465 maris,

427 5498 727 5557 Ecclesiam
756 5493 1049 5567 quatientis
1077 5502 1133 5549 et
1159 5491 1583 5567 gubernatorem
1599 5494 1896 5549 turbantis.
1952 5495 2024 5550 Et

423 5587 502 5644 sic
529 5583 887 5658 periclitatur,
920 5581 1086 5638 modo
1114 5581 1465 5639 ascendendo
1511 5599 1686 5655 usque
1732 5583 1805 5639 ad
1851 5584 2023 5639 caelos

424 5674 716 5749 sperando,
748 5669 1022 5727 interdum
1050 5671 1439 5728 descendendo
1468 5671 1539 5727 ad
1566 5672 1798 5743 abyssos
1828 5672 2026 5745 despe-

424 5774 627 5830 rando.
664 5771 797 5825 Item
837 5766 1038 5824 clamat
1073 5768 1140 5823 ad
1181 5768 1495 5839 Dominum,
1535 5777 1590 5825 et
1649 5769 1936 5839 liberatur,
1969 5778 2023 5827 et

425 5874 553 5936 ideo
576 5866 772 5930 merito
789 5871 846 5922 ut
860 5864 1018 5940 prius
1031 5863 1341 5924 conﬁtetur.
1356 5864 1486 5923 Haec
1506 5869 1593 5924 est
1613 5876 1812 5939 quarta
1841 5871 2021 5927 tenta-

2157 1984 2300 2034 mus,
2333 1969 2540 2035 hostes,
2575 1966 2633 2023 id
2688 1974 2773 2022 est
2834 1967 3136 2037 daemones,
3196 1968 3300 2024 iter
3348 1968 3536 2025 salutis
3590 1970 3751 2027 nobis

2157 2057 2413 2113 obsidere
2442 2056 2715 2126 novimus,
2746 2056 2872 2112 ideo
2924 2072 3077 2113 arma
3131 2057 3418 2129 spiritalia,
3469 2059 3614 2132 quod
3667 2068 3748 2116 est

2155 2147 2352 2211 oratio,
2386 2145 2711 2211 humiliatie,
2741 2145 2981 2213 afflictio,
3033 2146 3386 2215 sustollimus,
3445 2157 3503 2204 ut
3554 2156 3748 2206 contra

2155 2236 2417 2306 spiritalia
2447 2236 2700 2307 nequitiae
2725 2251 2996 2309 pugnare,
3029 2244 3082 2292 et
3110 2237 3295 2292 omnia
3324 2237 3435 2293 tela
3463 2237 3626 2311 ignea
3651 2254 3744 2295 ne-

2154 2325 2404 2398 quissimi
2433 2326 2607 2381 hostis
2636 2326 2995 2399 exstinguere
3054 2325 3353 2397 possimus.
3413 2327 3543 2383 Cum
3599 2328 3744 2384 enim

2153 2414 2245 2469 illa
2266 2414 2355 2470 die
2385 2413 2798 2486 processionem
2828 2429 2949 2470 cum
2990 2414 3246 2471 crucibus
3297 2414 3549 2484 fecimus,
3590 2416 3742 2488 quasi

2152 2511 2402 2568 hostibus
2432 2511 2633 2568 armati
2671 2511 2739 2566 ad
2770 2526 3012 2584 pugnam
3056 2511 3273 2567 obviam
3320 2512 3537 2570 ivimus.
3587 2512 3740 2570 Unde

2152 2609 2206 2655 et
2236 2616 2342 2672 per
2369 2600 2615 2656 litaniam
2640 2608 2864 2657 sanctos
2892 2599 2950 2655 in
2994 2600 3321 2667 adjutorium
3357 2609 3605 2657 nostrum
3648 2601 3736 2656 in-

2151 2704 2434 2759 vocamus,
2468 2697 2738 2762 quatenus
2769 2689 2993 2747 viriliter
3021 2690 3330 2758 decertare,
3360 2697 3414 2746 et
3438 2690 3495 2745 in
3534 2690 3739 2747 caelesti

2150 2778 2279 2834 aula
2324 2779 2660 2849 triumphare
2728 2778 3023 2836 valeamus.
3091 2777 3293 2847 Quarta
3356 2786 3514 2836 aetate
3557 2781 3737 2835 mundi

2150 2866 2439 2923 aediﬁcavit
2478 2867 2739 2924 Salomon
2777 2867 3013 2925 Domino
3079 2867 3340 2939 templum
3406 2883 3486 2923 vu
3548 2868 3726 2924 annis.

2148 2956 2307 3027 Quod
2364 2957 2702 3013 destructum
2740 2972 2771 3012 a
2830 2956 3143 3028 Babyloniis
3207 2954 3591 3013 remdiﬁcatum
3653 2965 3734 3013 est

2145 3072 2177 3111 a
2213 3056 2343 3111 Iesu
2382 3056 2669 3111 sacerdote
2706 3070 2839 3110 XLVI
2876 3055 3058 3111 annis.
3106 3054 3365 3112 Salomon
3430 3063 3512 3112 est
3574 3054 3729 3111 Chri-

2147 3153 2285 3212 stus,
2326 3144 2589 3217 templum
2626 3144 2899 3202 Ecclesia.
2948 3145 3064 3202 floc
3111 3144 3371 3217 templum
3438 3159 3514 3200 vtt
3575 3144 3728 3200 annis

2145 3250 2179 3290 a
2208 3233 2503 3291 Salomone
2531 3233 2846 3302 aedificatur,
2878 3234 3005 3306 quia
3033 3233 3283 3290 Ecclesia
3314 3251 3384 3290 vn
3412 3233 3569 3291 donis
3611 3233 3729 3305 Spi-

2143 3324 2282 3380 ritus
2310 3324 2484 3380 sancti
2513 3339 2544 3379 a
2575 3323 2793 3380 Christo
2813 3322 3156 3379 informatur.
3189 3324 3260 3378 A.
3295 3322 3598 3395 Babyloniis
3645 3322 3727 3378 de-

2144 3412 2393 3481 struitur,
2425 3412 2554 3486 quia
2582 3428 2615 3468 a
2643 3412 2987 3469 daemonibus
3015 3411 3184 3469 variis
3230 3412 3374 3469 vitiis
3429 3411 3721 3467 subruitur.

2142 3510 2252 3567 Sed
2281 3510 2479 3567 iterum
2512 3510 2581 3567 ab
2627 3512 2760 3567 Jesu
2807 3526 2934 3566 χινι
2979 3509 3136 3565 annis
3172 3508 3549 3573 reazdiﬁcatur,
3607 3506 3727 3580 quia

2143 3600 2230 3655 his
2258 3616 2386 3656 xm
2409 3600 2605 3657 diebus
2634 3600 2883 3657 Ecclesia
2911 3599 2971 3655 in
3003 3598 3263 3672 templum
3293 3599 3409 3655 Deo
3435 3595 3725 3655 comdifica-

2142 3697 2252 3746 tur.
2285 3691 2471 3763 Itaque
2499 3707 2529 3745 a
2556 3689 2952 3762 capitejejunii
2981 3705 3155 3762 usque
3207 3688 3260 3744 in
3310 3686 3543 3758 Pascha,
3600 3701 3725 3741 xuii

2141 3780 2262 3837 dies
2290 3788 2692 3854 computantur.
2724 3780 3006 3852 Templum
3037 3795 3257 3853 quoque
3299 3777 3545 3850 corporis
3589 3777 3727 3833 Chri-

2142 3871 2210 3925 sti
2226 3886 2361 3925 xnvx
2381 3870 2540 3926 annis
2559 3868 2885 3926 mdificatur:
2920 3869 3008 3927 cui
3032 3867 3278 3926 Ecclesia
3329 3868 3725 3939 incorporatur.

2141 3960 2313 4016 Maria
2341 3960 2543 4033 quippe
2573 3975 2649 4015 χιι
2677 3975 2950 4016 annorum
3005 3958 3226 4026 exstitit,
3280 3957 3411 4013 dum
3465 3956 3721 4012 Christum

2140 4061 2347 4135 genuit.
2383 4060 2628 4117 Christus
2680 4075 2812 4116 vero
2868 4075 3053 4115 xxxiv
3105 4073 3372 4115 annorum
3420 4056 3544 4123 fuit,
3602 4055 3721 4111 dum

2139 4158 2315 4207 morte
2340 4150 2551 4206 solutus
2579 4148 2785 4207 corruit
2816 4164 2831 4205 :
2866 4148 2958 4222 qui
2986 4147 3113 4203 anni
3161 4147 3321 4203 simul
3370 4145 3545 4217 juncti
3599 4159 3719 4199 xm

2137 4238 2275 4295 fiunt
2311 4269 2321 4303 ς
2353 4247 2541 4313 totque
2570 4239 2688 4295 dies
2719 4255 2752 4296 a
2781 4238 2963 4311 capite
2986 4236 3182 4308 jejunii
3211 4252 3384 4309 usque
3421 4235 3477 4290 in
3527 4234 3717 4290 Pascha

2137 4328 2400 4396 existunt,
2433 4343 2541 4401 qua
2580 4328 2673 4385 die
2726 4328 2976 4385 Christus
3033 4326 3293 4399 templum
3348 4323 3590 4396 corporis
3642 4321 3717 4378 sui

2135 4418 2391 4485 restituit,
2451 4416 2600 4491 quod
2654 4417 2810 4490 prius
2862 4415 3123 4489 impulsio
3172 4414 3480 4471 Iudaeorum
3536 4411 3710 4469 solvit.

2140 4509 2267 4564 [deo
2300 4515 2487 4581 quarta
2515 4507 2651 4564 feria
2673 4507 2953 4580 jejunium
2999 4506 3335 4574 inchoamus,
3394 4502 3517 4576 quia
3571 4502 3717 4558 Chri-

2138 4618 2283 4666 stum
2314 4626 2471 4666 suum
2496 4609 2777 4680 jejunium
2808 4616 3001 4683 quarta
3059 4607 3197 4665 feria
3250 4605 3539 4663 inchoasse
3588 4620 3713 4675 pre-

2134 4699 2403 4767 dicamus,
2430 4715 2594 4773 quem
2628 4700 2879 4756 secunda
2910 4697 3044 4755 feria
3073 4695 3401 4769 baptizatum
3427 4710 3533 4751 non
3579 4692 3717 4766 igno-

2134 4805 2336 4852 ramus,
2360 4789 2449 4844 cui
2478 4805 2577 4860 per
2598 4788 2871 4861 jejunium
2910 4785 3253 4858 incorporari
3297 4783 3668 4841 desideramus
3696 4798 3709 4843 ;

2133 4886 2185 4935 et
2216 4878 2563 4933 Salomonem
2594 4879 2687 4950 qui
2714 4891 2900 4950 quarta
2928 4884 3089 4933 aetate
3129 4874 3319 4931 mundi
3367 4871 3619 4943 templum
3660 4870 3709 4925 in

2130 4963 2308 5039 ﬁgura
2336 4963 2602 5022 Ecclesiae
2632 4964 2936 5036 construxit
2966 4962 3293 5029 similamus,
3329 4959 3386 5015 in
3426 4975 3530 5032 qua
3577 4973 3708 5013 nunc

2132 5054 2460 5111 coaedificari
2492 5070 2520 5110 a
2552 5055 2774 5111 Christo
2820 5061 3095 5126 optamus.
3155 5051 3284 5107 Ideo
3340 5049 3455 5105 istis
3500 5055 3710 5120 quatuor

2132 5144 2327 5199 diebus
2358 5160 2391 5200 a
2418 5144 2595 5215 capite
2621 5142 2817 5213 jejunii
2849 5142 3153 5213 jejunatur,
3212 5139 3340 5212 quia
3394 5136 3631 5194 Ecclesia
3679 5151 3707 5191 a

2132 5242 2368 5307 quatuor
2397 5233 2575 5307 plagis
2607 5232 2795 5288 mundi
2821 5232 2876 5287 in
2923 5229 3213 5288 aedificium
3265 5227 3453 5301 templi
3506 5224 3705 5282 Domini

2131 5330 2529 5396 congregatur.

2203 5423 2415 5479 Deinde
2445 5438 2513 5477 χι
2542 5421 2737 5478 diebus
2789 5420 3096 5492 jejunatur,
3158 5417 3285 5491 quia
3339 5432 3440 5488 per
3494 5420 3705 5488 quatuor

2130 5511 2438 5584 Evangelia
2467 5520 2521 5568 et
2549 5530 2589 5566 x
2616 5509 2758 5583 legis
2788 5509 3203 5583 prmcepta,hoc
3223 5505 3479 5577 templum
3494 5503 3548 5559 in
3574 5502 3705 5559 Chri-

2130 5610 2215 5658 sto
2245 5609 2677 5669 consummatur,
2711 5600 2840 5672 quia
2867 5614 2979 5655 non
2994 5597 3140 5654 venit
3159 5596 3374 5653 solvere
3397 5594 3597 5667 legem,
3617 5590 3700 5647 sed

2128 5691 2381 5764 implere.
2424 5690 2535 5747 Ista
2565 5688 2989 5763 quadragesima
3019 5695 3103 5744 est
3131 5684 3564 5743 Christianorum
3591 5695 3698 5738 car-

2129 5780 2267 5836 rina.
2300 5780 2442 5834 Nam
2472 5778 2645 5834 multa
2673 5777 2729 5832 in
2757 5791 2903 5833 anno
2933 5774 3323 5833 committimus
3367 5787 3489 5844 quae
3542 5768 3695 5843 perti-

2127 5876 2261 5927 nent
2289 5868 2359 5925 ad
2385 5867 2681 5938 carrinam,
2711 5874 2766 5926 et
2791 5866 2917 5925 ideo
2972 5863 3226 5923 Ecclesia
3274 5860 3458 5920 statuit
3494 5865 3557 5917 ut
3604 5871 3692 5933 pro
