3924 6412
59 415 161 468 873
1047 410 1624 471 DEFLORATIONES
1660 411 1760 470 SS.
1802 411 2099 469 PATRUM.
2136 443 2210 454 --
2245 412 2371 468 LIB.
2413 415 2435 469 Ι
3291 414 3393 469 87L

62 538 143 592 his
162 537 502 608 jejunemus
534 541 680 596 hanc
729 554 821 595 ιι.
852 539 944 595 Est
974 539 1135 594 etiam
1166 539 1375 594 decima
1407 538 1530 594 vita:
1585 553 1689 593 no-
1717 537 1768 598 A
1799 536 2060 592 inﬁrmus.
2092 540 2155 594 In
2185 546 2339 594 nocte
2382 538 2653 609 praecessit
2683 554 2778 595 eos
2824 536 3051 609 angelus
3077 534 3295 592 Domini
3340 535 3394 590 in

58 634 200 680 straa.
236 625 398 681 Sicut
416 627 579 681 enim
611 627 679 684 de
735 628 854 683 aliis
876 627 1053 693 rebus,
1088 627 1161 681 ita
1190 625 1460 681 decimam
1520 625 1693 681 debe-
1805 626 2053 682 columna
2074 627 2233 699 ignis,
2268 635 2320 683 et
2367 628 2564 698 repulit
2606 627 2677 682 ab
2705 628 2783 682 eis
2842 628 3119 681 horrorem
3175 624 3347 680 noctis
3377 638 3393 691 ;

64 730 182 769 mus
201 714 336 769 dare
367 714 441 769 de
476 715 698 771 diebus.
756 719 936 770 Annus
992 731 1225 784 namque
1282 729 1453 768 eccm
1510 713 1700 768 diebus

63 810 299 857 constat.
341 804 413 857 Et
443 820 578 858 cum
610 820 709 859 nos
745 803 812 859 de
844 804 942 858 ista
972 802 1407 875 quadragesima,
1460 801 1699 871 exceptis

66 892 372 948 Dominicis
400 891 632 958 diebus,
694 907 810 947 xxx
842 891 1329 960 diesabstinemus,
1389 890 1539 959 quasi
1597 889 1697 945 de-

70 981 268 1034 cimam
300 980 376 1035 de
435 980 647 1035 diebus
690 981 1073 1052 persolvimus.
1101 980 1211 1036 Lex
1265 995 1477 1050 quoque
1507 995 1535 1032 x
1558 993 1701 1049 prm-

73 1068 242 1139 ceptis
287 1069 637 1140 completur,
714 1075 767 1124 et
822 1083 993 1123 annus
1068 1075 1297 1137 quatuor
1352 1066 1701 1135 temporibus,

74 1154 279 1207 scilicet
305 1168 467 1220 vere,
531 1160 739 1219 estate,
791 1159 1053 1207 autumno
1111 1164 1163 1205 et
1190 1151 1369 1206 hieme
1423 1150 1699 1205 volvitur:

75 1248 126 1296 et
152 1243 323 1297 homo
378 1248 630 1311 quamor
655 1239 953 1307 clementis,
985 1239 1038 1293 id
1069 1246 1149 1293 est
1178 1239 1323 1311 igne,
1349 1252 1491 1305 aere,
1544 1252 1701 1308 aqua,

79 1338 216 1384 terra
243 1328 569 1400 perﬁcitur.
640 1328 744 1399 Qui
772 1345 905 1401 ergo
962 1335 1190 1399 quatuor
1248 1326 1414 1381 nostri
1469 1325 1709 1397 corporis

79 1418 438 1489 qualitatibus
460 1419 523 1472 in
555 1425 790 1487 quatuor
816 1417 944 1472 anni
974 1415 1309 1485 temporibus
1364 1421 1551 1469 contra
1608 1413 1707 1467 Dei

86 1514 365 1578 precepta
392 1507 603 1562 decem
653 1506 896 1574 fecimus,
922 1504 1128 1573 justum
1167 1510 1246 1557 est
1275 1510 1333 1556 ut
1358 1503 1440 1557 his
1492 1508 1710 1571 quater-

84 1595 239 1651 denis
266 1594 479 1651 diebus
519 1595 642 1650 Deo
672 1602 854 1650 nostro
903 1592 1313 1647 satisfaciamus.
1372 1592 1486 1645 Hoc
1532 1597 1709 1643 autem

86 1683 207 1740 ideo
238 1684 389 1739 circa
417 1684 743 1753 passionem
772 1681 988 1737 Domini
1015 1681 1229 1751 agimus
1258 1693 1272 1747 ;
1299 1679 1443 1749 quia,
1475 1678 1518 1731 si
1566 1692 1714 1731 com-

1845 1688 2044 1742 mlnera
2110 1695 2453 1756 peccatorum
2526 1695 2828 1741 nostrorum
2894 1692 3066 1752 sanat,
3137 1692 3191 1739 et
3252 1683 3414 1738 melle

90 1772 346 1844 Ρδίίωιιΐν
383 1780 444 1827 ει
484 1770 970 1843 conresnabimus-
1020 1768 1169 1824 seire
1195 1774 1374 1822 autem
1429 1766 1708 1833 debemus:
1820 1784 2035 1832 eterna
2063 1775 2360 1831 dulcedinis
2414 1791 2511 1830 nos
2534 1775 2705 1829 satiat.
2743 1775 2810 1828 Et
2861 1774 2905 1828 si
2932 1774 3250 1829 vestimenta
3293 1787 3415 1842 quae

92 1860 459 1928 dilectissimi:
518 1859 665 1915 unde
701 1859 818 1914 dies
871 1874 940 1913 ιι
958 1858 1066 1912 Si!“
1110 1856 1351 1911 ίηείίίιιιίο
1405 1854 1571 1946 Cum-
1595 1854 1709 1946 DC}-
1739 1884 1795 1946 B
1825 1865 1880 1919 in
1906 1865 2177 1935 baptismo
2224 1864 2558 1935 suscepimus
2603 1863 2747 1920 vitiis
2799 1878 2907 1918 non
2957 1868 3269 1927 atteruntur,
3318 1876 3418 1915 nec

93 1949 271 2003 minus
300 1948 584 2020 ΡοΡιιῙιιω
641 1963 797 2002 suum
853 1946 923 2002 de
970 1945 1108 2018 ἑυεο
1154 1946 1194 1999 Ρ
1198 1944 1446 1999 Ῑιθτδοῐιίε
1498 1942 1711 2012 eripuit.
1739 1942 1787 1946 —
1825 1953 2053 2024 peccatis
2080 1953 2408 2022 polluuntur,
2466 1959 2592 2006 tunc
2639 1951 2897 2023 praecedit
2922 1966 3022 2006 nos
3067 1950 3195 2021 igne
3249 1947 3419 2004 sancti

100 2053 166 2091 11-
196 2052 374 2093 30005
434 2053 569 2091 eum
608 2052 710 2106 Per
741 2036 1008 2090 desertum
1060 2032 1233 2098 ἀυιίιν
1256 2048 1451 2101 Panem
1471 2031 1595 2086 εαέίί
1639 2030 1718 2084 eis
1826 2042 2054 2111 Spiritus
2121 2041 2174 2095 in
2231 2048 2385 2097 nocte
2460 2041 2620 2111 hujus
2686 2040 2984 2096 tenebrosae
3044 2039 3187 2106 vitae,
3235 2038 3290 2091 in
3332 2036 3423 2091 die

1828 2147 1955 2187 vero
2011 2130 2201 2199 judicii
2282 2136 2532 2201 proteget
2573 2144 2673 2184 nos
2718 2128 2863 2184 nube
2915 2142 3027 2183 sua
3080 2124 3426 2181 humanitatis

1829 2220 1899 2275 ab
1928 2220 2113 2274 aeterni
2170 2218 2406 2275 incendii
2444 2217 2636 2274 ardore
2663 2218 2818 2273 Iesus
2870 2216 3109 2273 Christus
3162 2214 3429 2271 Dominus

1832 2315 2031 2364 noster.

1807 715 1861 769 in
1891 715 1977 770 die
2007 732 2136 772 vero
2165 717 2398 785 protexit
2427 732 2520 771 eos
2549 716 2601 771 in
2631 715 2774 770 nube
2804 715 2873 769 ab
2902 722 3035 770 aestu
3064 714 3273 770 caloris.
3290 712 3395 781 Qui

1808 813 1925 876 post
1950 820 2059 859 xui
2106 806 2411 860 mansiones
2467 805 2797 860 intraverunt
2841 804 2895 857 in
2954 811 3146 858 terram
3203 817 3396 872 repro-

1809 892 2096 947 missionis.
2130 893 2186 949 Si
2217 909 2285 947 xL
2316 893 2471 949 annis
2488 893 2631 948 diem
2665 908 2763 961 pro
2802 907 2944 947 anno
2981 890 3297 959 decimabis,
3328 904 3399 943 χι.

1810 980 1925 1035 dies
1951 981 2309 1052 computabis.
2350 982 2415 1036 Hi
2471 988 2594 1036 sunt
2612 982 2698 1036 isti
2727 996 2801 1035 χι.
2829 980 2944 1034 dies
2971 995 3106 1050 quos
3150 978 3403 1034 observat

1812 1070 2041 1140 papulus
2069 1069 2418 1137 Christianus,
2477 1086 2637 1140 quem
2690 1069 2759 1124 de
2805 1068 3151 1140 oppressione
3198 1065 3401 1120 diaboli

1813 1158 2337 1220 redemitDominus,
2371 1173 2530 1227 quem
2562 1173 2657 1228 per
2683 1157 2979 1212 custodiam
3034 1154 3226 1211 decem
3254 1168 3402 1223 prm-

1814 1254 2093 1317 ceptorum
2149 1253 2203 1300 et
2242 1261 2297 1300 Iv
2317 1245 2737 1316 Evangeliorum
2793 1244 2860 1299 de
2889 1258 3114 1315 corpore
3156 1258 3254 1298 suo
3309 1256 3407 1313 pa-

1816 1335 1932 1399 scit,
1963 1333 2283 1405 sanguinem
2321 1335 2389 1388 de
2444 1335 2607 1388 latere
2637 1347 2753 1402 suo,
2811 1340 2870 1387 ut
2896 1348 3091 1402 aquam
3128 1330 3197 1385 de
3252 1338 3406 1399 petra

1820 1422 2089 1493 producit.
2120 1421 2253 1491 Quae
2283 1430 2433 1492 petra
2483 1421 2567 1475 bis
2596 1421 2751 1493 virga
2779 1435 3029 1492 percussa
3075 1427 3173 1484 est,
3205 1419 3409 1473 scilicet

1818 1527 1943 1565 caro
1973 1511 2166 1565 Christi
2221 1510 2432 1565 duobus
2479 1509 2639 1581 lignis
2675 1510 2849 1564 crucis
2902 1508 3087 1564 afﬁxa.
3109 1506 3212 1577 Qui
3252 1514 3409 1577 potus

1820 1599 1913 1654 dat
1938 1615 2188 1668 saporem
2218 1599 2395 1653 mellis
2445 1605 2498 1653 et
2523 1598 2650 1664 olei,
2701 1598 2828 1668 quia
2854 1598 2976 1652 oleo
3030 1594 3412 1650 misericordia:

104 2126 239 2195 pluit
295 2125 393 2195 qui
455 2140 629 2180 omne
686 2124 1134 2179 delectamentum
1166 2121 1371 2187 habuit,
1427 2135 1623 2189 aquam
1652 2118 1721 2172 de

102 2222 252 2284 petra
279 2212 573 2286 produxit,
608 2227 729 2283 qua
757 2227 1006 2281 saporem
1030 2211 1208 2265 mellis
1235 2217 1290 2264 et
1335 2209 1441 2264 olei
1472 2207 1718 2278 pmbuit,

107 2302 433 2358 vestimenta
463 2302 690 2358 illorum
749 2316 857 2356 non
884 2306 1009 2355 sunt
1061 2304 1322 2354 vetustate
1366 2297 1564 2363 attrita,
1621 2311 1722 2350 nec

109 2391 378 2448 maculata
404 2389 690 2459 sordibus,
722 2396 776 2445 et
813 2404 923 2445 non
981 2394 1098 2444 erat
1124 2387 1181 2443 in
1237 2385 1482 2442 tribubus
1537 2399 1723 2441 eorum

349 2769 1018 2868 DOMINICA
1120 2764 1719 2864 SECUNDA
1820 2764 1957 2856 IN
2061 2757 3165 2877 QUADRAGESIMA.

1368 2988 1761 3057 Secundum
1804 2983 2230 3052 Matthaum.

206 3233 228 3257 ιι
262 3210 532 3284 Egressus
555 3210 711 3265 Iesus
754 3206 972 3265 secessit
1016 3205 1073 3262 in
1098 3212 1278 3276 partes
1322 3202 1445 3276 Tyri
1475 3211 1530 3258 et
1577 3201 1733 3259 Sido-
1759 3204 1808 3269 C
1840 3198 1942 3254 sibi
1970 3195 2267 3254 contrarius
2319 3194 2608 3284 videretur,
2639 3209 2764 3284 cum
2821 3193 3044 3251 dixisset
3075 3214 3088 3251 :
3130 3215 3153 3250 ι
3185 3197 3247 3251 In
3286 3197 3431 3254 viam

139 3298 232 3353 nis.
264 3283 332 3355 Et
362 3315 492 3356 ecce
552 3297 749 3354 mulier
776 3298 1083 3352 Chananaaa
1136 3294 1373 3367 gentilis,
1422 3292 1740 3363 Syro—Phle-
1850 3288 2091 3360 gentium
2121 3302 2190 3340 ne
2218 3283 2456 3339 abieritis
2486 3283 2709 3351 (Matth.
2742 3284 2825 3354 x).
2866 3305 2889 3332 υ
2914 3284 2980 3339 Et
3007 3299 3073 3339 ne
3103 3285 3441 3341 occasionem

142 3396 276 3451 mssa
302 3413 533 3469 genere,
561 3394 819 3451 ειωωιίι
849 3392 1036 3450 (ηοω,
1067 3411 1080 3448 ε
1113 3410 1126 3447 ε
1159 3391 1411 3446 Miserere
1437 3389 1564 3458 mei,
1622 3389 1741 3443 Do-
1851 3376 2001 3431 daret
2039 3371 2536 3438 calumniatoribus,
2595 3371 2889 3443 perfectam
2935 3372 3160 3428 salutem
3198 3374 3443 3446 gentium

144 3492 303 3558 mine,
331 3493 410 3549 ﬁli
439 3492 652 3550 David.
710 3491 842 3547 Filia
870 3506 994 3545 mea
1022 3489 1164 3543 male
1193 3504 1226 3544 a
1253 3486 1524 3544 daemonio
1568 3501 1739 3542 vexa-
1850 3468 2275 3558 P95W0500i9_
2332 3467 2581 3558 tempori
2642 3483 2941 3522 ι’θδθῖνθηδ·
2979 3468 3111 3558 -ΡΓο-
3141 3469 3445 3558 διιξῦᾼᾶῠέἘᾷ

147 3586 244 3649 tur,
273 3553 376 3638 ac.
411 3581 644 3654 (Matth.
682 3584 800 3650 xv).
830 3601 853 3628 ι.
887 3578 1176 3634 Chananaai
1216 3585 1384 3632 terras
1437 3576 1493 3630 in
1548 3574 1739 3644 quibus

1851 3557 2098 3627 discipuli
2128 3555 2395 3629 rogabant
2438 3553 2736 3609 nescientes
2777 3555 3029 3625 mysteria
3082 3556 3301 3612 Domini
3357 3556 3446 3612 vel

150 3643 329 3726 Iudaea
347 3643 431 3727 est
457 3643 819 3728 incoluerunt.
870 3667 975 3737 Qui
995 3668 1081 3722 vel
1110 3666 1254 3722 bello
1282 3643 1605 3735 consumpti,
1656 3662 1742 3717 vel
1852 3646 2221 3737 misericordia
2267 3644 2545 3712 οοηπηοίί»
2595 3643 2682 3699 νει
2727 3643 3128 3715 importunitate
3183 3645 3301 3715 eius
3356 3662 3447 3703 θα·

150 3755 333 3815 inloca
353 3761 535 3817 vicina
574 3758 822 3828 dispersi,
862 3757 950 3813 vel
980 3757 1036 3811 in
1078 3755 1390 3811 servitutem
1436 3751 1743 3808 conditione
1851 3754 1969 3793 τεΓο
1998 3736 2292 3807 Cupientes.

151 3853 473 3912 devictorum
523 3854 773 3925 subjecti,
803 3869 1003 3909 nomen
1033 3860 1212 3907 tamen
1248 3851 1363 3906 sine
1393 3849 1563 3921 patria
1615 3848 1742 3902 sede

150 3941 542 4002 circumferunt.
578 3945 659 4000 Ex
680 3944 771 3998 illa
826 3958 957 4015 ergo
986 3941 1318 4010 dispersione
1360 3940 1499 3994 inter
1551 3944 1745 3994 cetera

152 4041 384 4115 contigit,
417 4043 570 4114 quod
600 4045 717 4098 haec
740 4041 1047 4097 Chananaea
1068 4055 1188 4109 quae
1216 4046 1296 4092 est
1307 4034 1747 4108 Syro-Phoenissa

156 4143 363 4200 genere,
392 4132 483 4189 hic
512 4138 599 4188 est
627 4146 694 4186 ex
745 4129 892 4201 Syris
926 4136 979 4184 et
1026 4126 1367 4185 thnicibus
1423 4132 1557 4180 orta.
1609 4124 1748 4179 Gen-

157 4224 253 4280 tilis
276 4227 455 4299 itaque
506 4235 609 4295 est,
670 4233 724 4282 et
745 4226 790 4281 si
843 4224 1043 4281 Judmis
1090 4223 1319 4279 admista
1354 4221 1745 4292 proselytorum

159 4310 377 4372 iormam
427 4317 704 4391 praeferat.
763 4313 950 4370 Merito
1008 4327 1243 4383 namque
1298 4309 1630 4367 existimatur
1676 4323 1744 4363 ex

161 4398 271 4473 lege
290 4407 613 4475 cognovisse
669 4402 813 4474 quod
858 4401 1125 4458 Christum
1155 4399 1520 4456 etDominum
1569 4405 1622 4454 et
1647 4398 1751 4452 Da-

162 4487 246 4544 vid
264 4490 453 4549 Filium
482 4492 790 4553 conﬁtetur.
830 4491 1027 4563 Typice
1083 4496 1263 4546 autem
1319 4485 1586 4561 signiﬁcat
1630 4486 1743 4541 Ec-

1929 3857 1951 3886 ι
1976 3835 2129 3889 Iesus
2157 3841 2336 3889 autem
2377 3832 2711 3903 respondens
2757 3832 2866 3888 ait:
2899 3832 3022 3888 Non
3078 3848 3196 3887 sum
3252 3832 3447 3889 missus

1854 3924 1954 3978 nisi
1976 3923 2043 3978 ad
2073 3938 2204 3979 oves
2223 3938 2344 3991 quae
2367 3920 2638 3991 perierant
2664 3920 2856 3977 domus
2882 3921 3074 3976 Israel.
3117 3943 3139 3969 ιι
3162 3922 3281 3977 Hoc
3315 3922 3452 3977 dixit

1854 4012 1999 4084 quod
2027 4012 2261 4080 primum
2293 4011 2491 4065 missus
2515 4010 2585 4064 sit
2625 4009 2694 4065 ad
2724 4010 2907 4078 Israel,
2938 4025 3098 4080 quem
3155 4011 3446 4084 negligen-

1855 4108 1962 4157 tem
1994 4100 2349 4173 Evangelium
2396 4098 2713 4155 dimissurus
2758 4106 2874 4154 erat
2916 4105 2971 4154 et
3016 4098 3333 4155 transiturus
3376 4098 3447 4156 ad

1893 4206 2061 4254 entes.

1893 4216 2061 4254 entes.

1853 4216 1891 4272 ε
1930 4321 1952 4347 .
1986 4300 2053 4353 At
2109 4296 2203 4352 illa
2232 4294 2381 4350 venit
2426 4302 2481 4352 et
2532 4294 2777 4351 adoravit
2847 4309 2969 4351 eum
3016 4294 3200 4352 dicens
3256 4314 3270 4352 :
3327 4296 3449 4354 Do-

1856 4386 2023 4456 mine,
2043 4386 2243 4457 adjuva
2261 4383 2492 4453 me.Qui
2524 4384 2693 4440 dixit:
2725 4384 2855 4441 Sine
2882 4384 3032 4455 prius
3055 4383 3236 4440 satiari
3285 4383 3446 4443 ﬁlios.

1854 4475 1980 4531 Non
2015 4481 2093 4529 est
2140 4474 2287 4529 enim
2333 4473 2539 4529 bonum
2596 4488 2810 4528 sumere
2865 4488 3063 4544 panem
3106 4471 3340 4529 ﬁliorum
3395 4482 3452 4531 et

166 4575 368 4636 clesiam
396 4582 464 4640 de
490 4581 766 4658 gentibus,
820 4596 939 4651 quae
969 4593 1067 4651 pro
1111 4576 1223 4634 ﬁlia
1265 4584 1442 4649 rogat,
1472 4591 1595 4632 cum
1650 4590 1748 4648 pro
1778 4575 1830 4637 D
1860 4573 2072 4629 mittere
2101 4569 2354 4629 canibus.
2390 4591 2414 4621 ι
2439 4570 2568 4626 Tale
2595 4576 2677 4625 est
2703 4569 2848 4640 quod
2879 4570 3026 4625 dicit.
3058 4569 3315 4658 Futurum
3370 4580 3453 4628 est

166 4665 432 4727 animabus
491 4668 737 4728 nondum
812 4666 1155 4724 credentibus
1214 4681 1462 4736 superate
1534 4663 1749 4736 pietatis

167 4753 574 4817 misericordiam
604 4757 868 4830 supplicat
911 4763 970 4811 ut
999 4772 1031 4811 a
1062 4753 1341 4810 fraudibus
1395 4752 1596 4810 diaboli
1643 4751 1749 4807 sol-

169 4851 363 4902 Ventur.
409 4850 576 4918 Bene,
656 4846 816 4918 juxta
889 4845 1200 4900 Mattheum
1271 4842 1340 4898 de
1409 4840 1607 4897 ﬁnibus
1640 4841 1751 4895 suis

176 4943 372 5002 egTessa
400 4937 518 5006 fuit,
544 4943 597 4993 et
618 4933 777 5005 juxta
805 4934 1042 4989 Marcum
1080 4932 1149 4987 ad
1172 4931 1338 5002 pedes
1366 4929 1583 4987 Domini
1636 4944 1751 5001 pro-

177 5017 292 5074 cidit
316 5024 499 5089 (Marc.
534 5025 657 5092 vn),
688 5030 747 5078 ut
764 5038 830 5078 ex
861 5029 1087 5091 utroque
1132 5019 1416 5092 colligatur
1431 5018 1646 5089 quando
1674 5017 1751 5071 illi

179 5116 305 5163 recte
331 5127 424 5183 pro
452 5111 756 5169 errantibus
779 5115 934 5165 orant
988 5107 1079 5179 qui
1108 5107 1312 5180 priscas
1366 5124 1477 5162 suae
1513 5104 1753 5176 perﬁdia

181 5199 464 5257 mansiones
489 5201 818 5271 relinquunt,
879 5206 932 5254 et
951 5196 1005 5251 in
1035 5196 1331 5253 Ecclesiam
1362 5213 1419 5251 se
1474 5195 1564 5267 pia
1592 5196 1756 5251 devo-

185 5281 313 5342 tione
337 5293 677 5347 transferunt.

251 5395 272 5421 ι
302 5374 448 5434 Iesus
465 5388 647 5437 autem
686 5393 794 5433 non
840 5375 1117 5448 respondit
1169 5374 1220 5431 ei
1250 5374 1493 5432 verbum.
1544 5374 1612 5427 Et
1660 5387 1756 5427 ac-

193 5460 414 5523 cedentes
438 5467 686 5540 discipuli
707 5465 825 5535 ejus
871 5463 1140 5537 rogabant
1178 5479 1300 5518 eum
1350 5462 1622 5517 dicentes:
1655 5459 1757 5515 Di-

193 5548 326 5607 mitte
350 5570 481 5626 eam,
516 5557 645 5627 quia
690 5555 888 5609 clamat
913 5561 1036 5624 post
1090 5568 1189 5608 nos
1224 5572 1247 5604 ι
1290 5553 1413 5607 Post
1469 5547 1759 5605 ambulan-

200 5640 293 5692 ἴδω
315 5639 594 5702 Dominum
632 5642 827 5698 mulier
880 5642 1185 5698 Chananzea
1232 5638 1628 5711 deprecatorias
1674 5652 1764 5692 vo-

1852 4669 1989 4718 utet
2013 4677 2113 4718 vos
2165 4667 2356 4731 gentes
2410 4659 2638 4714 salutem
2685 4657 3111 4727 consequamini,
3171 4659 3267 4714 sed
3305 4658 3452 4730 prius

1855 4758 2067 4824 Oportet
2093 4750 2285 4805 saltem
2314 4748 2525 4819 aliquos
2554 4747 2789 4815 Judaeos,
2820 4747 2911 4817 qui
2940 4746 3160 4817 antiqua
3187 4748 3453 4805 electione

1855 4848 1951 4904 ﬁlii
1980 4848 2079 4904 Dei
2121 4846 2488 4913 nominantur,
2522 4861 2662 4917 pane
2709 4843 2831 4900 coeli
2885 4842 3052 4911 reﬁci,
3099 4852 3155 4899 et
3205 4844 3283 4901 sic
3337 4853 3454 4903 tan-

1858 4937 1982 4993 dem
2012 4936 2403 5010 gentibusvits:
2458 4934 2659 5006 pabula
2707 4932 3015 4989 ministrari.
3065 4933 3239 4989 Canes
3272 4933 3454 4992 dicun-

1862 5035 1945 5082 tur
1973 5025 2166 5081 ethnici
2205 5033 2426 5097 propter
2454 5022 2839 5090 idololatriam,
2875 5021 2963 5092 qui
3007 5022 3121 5077 esui
3176 5025 3456 5096 sanguinis

1862 5115 2026 5170 dediti
2074 5122 2127 5168 et
2161 5112 2515 5167 cadaveribus
2570 5119 2923 5180 mortuorum,
2984 5109 3225 5169 feruntur
3250 5112 3306 5166 in
3361 5129 3457 5169 ra-

1861 5204 2029 5259 biem.
2060 5202 2105 5257 Ο
2136 5201 2272 5256 mira
2292 5200 2574 5256 conversio
2600 5202 2612 5255 l
2645 5198 2930 5269 Quondam
2961 5200 3125 5255 Israel
3154 5207 3270 5256 erat
3296 5200 3456 5271 ﬁlius,

1864 5303 1961 5343 nos
2017 5301 2194 5341 canes.
2248 5284 2316 5339 Et
2371 5291 2559 5355 postea
2604 5282 2804 5338 dictum
2845 5290 2925 5337 est
2969 5282 3036 5337 de
3092 5299 3157 5339 eo
3200 5303 3212 5340 :
3250 5306 3272 5333 α
3334 5286 3459 5343 Cir.

1865 5374 2251 5433 cumdederunt
2278 5389 2365 5427 me
2386 5388 2547 5427 canes
2576 5371 2727 5426 multi
2756 5372 2925 5441 (Pral,
2950 5374 3084 5442 xu).
3123 5396 3146 5422 ι

1941 5488 1964 5513 α
1998 5468 2063 5518 At
2119 5462 2210 5517 illa
2236 5461 2375 5517 dixit
2432 5480 2444 5515 :
2505 5460 2702 5527 Etiam,
2736 5460 2965 5515 Domine
2998 5480 3011 5515 :
3062 5477 3186 5515 nam
3214 5469 3267 5518 et
3285 5463 3465 5521 catelli

1868 5552 2032 5608 edunt
2079 5551 2148 5607 de
2193 5550 2347 5605 micis
2376 5564 2496 5620 quae
2543 5548 2740 5604 cadunt
2784 5548 2852 5604 de
2900 5566 3085 5604 mensa
3122 5550 3467 5610 dominorum

1868 5657 2113 5697 suorum.
2163 5662 2185 5688 ιι
2223 5640 2423 5695 Sensus
2460 5645 2539 5693 est
2570 5657 2582 5693 :
2618 5639 2791 5704 Certe,
2853 5637 3103 5707 Domine,
3154 5656 3340 5697 verum
3391 5651 3471 5699 est

204 5734 278 5777 (κω
301 5732 493 5806 emittit,
514 5741 571 5791 et
594 5732 743 5804 prius
780 5732 838 5786 in
857 5730 1024 5786 domo
1050 5730 1121 5785 ad
1161 5729 1326 5801 pedes
1354 5730 1470 5798 ejus
1510 5726 1759 5798 procidit,
1871 5728 2016 5800 quod
2046 5727 2198 5796 dicis,
2231 5742 2341 5782 non
2379 5744 2495 5782 esse
2523 5726 2726 5782 bonum
2757 5742 2953 5797 panem
2978 5724 3211 5783 ﬁliorum
3262 5729 3471 5786 mittere
3498 5734 3503 5737 ⁴

205 5814 460 5878 “illum
495 5826 908 5879 commemorat.
933 5818 1093 5889 Quod
1122 5825 1300 5874 autem
1348 5816 1611 5873 Dominus
1653 5829 1764 5870 non
1872 5812 2120 5881 canibus,
2144 5812 2239 5867 sed
2269 5811 2393 5867 ideo
2440 5828 2550 5867 non
2604 5810 2801 5866 desisto
2825 5812 3033 5881 precari
3080 5818 3226 5868 tuam
3256 5813 3474 5870 miseri-

210 5908 448 5975 l‘espondit
473 5911 525 5969 ei
555 5925 669 5966 non
696 5907 798 5963 fuit
823 5908 893 5965 de
918 5907 1207 5979 supercilio
1235 5905 1524 5980 superbiae,
1573 5901 1669 5959 sed
1695 5918 1767 5960 ne
1878 5901 2141 5969 cordiam,
2175 5916 2336 5971 quam
2384 5900 2519 5956 mihi
2549 5899 2841 5959 secundum
2869 5900 3272 5958 similitudinem
3319 5901 3477 5974 panis

489 6009 760 6075 Paxaea.
805 6004 1045 6073 CLVII.
3148 5997 3229 6062 28
