  <div class='ocr_page' id='page_1' title='image "/cluster/home/n/w/nwhite01/storage/ocr_20150623/156-157/uc1.31175010662024/1079.png"; bbox 0 0 3924 6396; ppageno 0'>
   <div class='ocr_carea' id='block_1_1' title="bbox 467 417 575 473">
    <p class='ocr_par' dir='ltr' id='par_1_1' title="bbox 467 417 575 473">
     <span class='ocr_line' id='line_1_1' title="bbox 467 417 575 473; baseline -0.019 0"><span class='ocrx_word' id='word_1_1' title='bbox 467 417 575 473; x_wconf 73' lang='lat'><strong>876</strong></span> 
     </span>
    </p>
   </div>
   <div class='ocr_carea' id='block_1_2' title="bbox 481 621 2080 700">
    <p class='ocr_par' dir='ltr' id='par_1_2' title="bbox 481 621 2080 700">
     <span class='ocr_line' id='line_1_2' title="bbox 481 621 2080 700; baseline -0.006 -14"><span class='ocrx_word' id='word_1_2' title='bbox 481 631 680 700; x_wconf 76' lang='lat' dir='ltr'><strong>etiam,</strong></span> <span class='ocrx_word' id='word_1_3' title='bbox 712 629 766 684; x_wconf 90' lang='lat' dir='ltr'><strong>id</strong></span> <span class='ocrx_word' id='word_1_4' title='bbox 795 636 877 683; x_wconf 89' lang='lat' dir='ltr'><strong>est</strong></span> <span class='ocrx_word' id='word_1_5' title='bbox 931 635 1076 684; x_wconf 89' lang='lat' dir='ltr'><strong>certe</strong></span> <span class='ocrx_word' id='word_1_6' title='bbox 1124 625 1303 682; x_wconf 80' lang='lat' dir='ltr'><strong>catelli</strong></span> <span class='ocrx_word' id='word_1_7' title='bbox 1349 624 1516 679; x_wconf 89' lang='lat' dir='ltr'><strong>edunt</strong></span> <span class='ocrx_word' id='word_1_8' title='bbox 1539 623 1607 678; x_wconf 91' lang='lat' dir='ltr'><strong>de</strong></span> <span class='ocrx_word' id='word_1_9' title='bbox 1628 623 1801 678; x_wconf 87' lang='lat' dir='ltr'><strong>micis.</strong></span> <span class='ocrx_word' id='word_1_10' title='bbox 1831 622 1981 695; x_wconf 78' lang='lat' dir='ltr'><strong>Ergo</strong></span> <span class='ocrx_word' id='word_1_11' title='bbox 2034 621 2080 676; x_wconf 90' lang='lat' dir='ltr'><strong>si</strong></span> 
     </span>
    </p>
   </div>
   <div class='ocr_carea' id='block_1_3' title="bbox 489 711 2081 789">
    <p class='ocr_par' dir='ltr' id='par_1_3' title="bbox 489 711 2081 789">
     <span class='ocr_line' id='line_1_3' title="bbox 489 711 2081 789; baseline -0.006 -16"><span class='ocrx_word' id='word_1_12' title='bbox 489 734 611 773; x_wconf 80' lang='lat' dir='ltr'><strong>sum</strong></span> <span class='ocrx_word' id='word_1_13' title='bbox 641 716 867 789; x_wconf 83' lang='lat' dir='ltr'><strong>indigna</strong></span> <span class='ocrx_word' id='word_1_14' title='bbox 894 716 980 772; x_wconf 91' lang='lat' dir='ltr'><strong>cui</strong></span> <span class='ocrx_word' id='word_1_15' title='bbox 1017 716 1286 788; x_wconf 85' lang='lat' dir='ltr'><strong>integrum</strong></span> <span class='ocrx_word' id='word_1_16' title='bbox 1343 727 1539 784; x_wconf 87' lang='lat' dir='ltr'><strong>panem</strong></span> <span class='ocrx_word' id='word_1_17' title='bbox 1569 712 1833 782; x_wconf 65' lang='lat' dir='ltr'><strong>prmbeas,</strong></span> <span class='ocrx_word' id='word_1_18' title='bbox 1889 711 2081 766; x_wconf 97' lang='lat' dir='ltr'><strong>saltem</strong></span> 
     </span>
    </p>
   </div>
   <div class='ocr_carea' id='block_1_4' title="bbox 480 799 2082 872">
    <p class='ocr_par' dir='ltr' id='par_1_4' title="bbox 480 799 2082 872">
     <span class='ocr_line' id='line_1_4' title="bbox 480 799 2082 872; baseline -0.005 -10"><span class='ocrx_word' id='word_1_19' title='bbox 480 809 550 862; x_wconf 91' lang='lat' dir='ltr'><strong>da</strong></span> <span class='ocrx_word' id='word_1_20' title='bbox 569 805 703 861; x_wconf 92' lang='lat' dir='ltr'><strong>mihi</strong></span> <span class='ocrx_word' id='word_1_21' title='bbox 731 804 855 862; x_wconf 63' lang='lat' dir='ltr'><strong>ﬁlim</strong></span> <span class='ocrx_word' id='word_1_22' title='bbox 903 820 1042 860; x_wconf 64' lang='lat' dir='ltr'><strong>mea:</strong></span> <span class='ocrx_word' id='word_1_23' title='bbox 1071 803 1378 869; x_wconf 77' lang='lat' dir='ltr'><strong>sanitatem,</strong></span> <span class='ocrx_word' id='word_1_24' title='bbox 1429 801 1580 872; x_wconf 89' lang='lat' dir='ltr'><strong>quasi</strong></span> <span class='ocrx_word' id='word_1_25' title='bbox 1610 799 1808 856; x_wconf 86' lang='lat' dir='ltr'><strong>micam</strong></span> <span class='ocrx_word' id='word_1_26' title='bbox 1858 813 2082 869; x_wconf 90' lang='lat' dir='ltr'><strong>compa-</strong></span> 
     </span>
    </p>
   </div>
   <div class='ocr_carea' id='block_1_5' title="bbox 478 887 2080 960">
    <p class='ocr_par' dir='ltr' id='par_1_5' title="bbox 478 887 2080 960">
     <span class='ocr_line' id='line_1_5' title="bbox 478 887 2080 960; baseline -0.006 -9"><span class='ocrx_word' id='word_1_27' title='bbox 478 895 685 952; x_wconf 80' lang='lat' dir='ltr'><strong>ratione</strong></span> <span class='ocrx_word' id='word_1_28' title='bbox 719 894 1010 949; x_wconf 90' lang='lat' dir='ltr'><strong>multorum</strong></span> <span class='ocrx_word' id='word_1_29' title='bbox 1066 891 1398 948; x_wconf 89' lang='lat' dir='ltr'><strong>mirabilium</strong></span> <span class='ocrx_word' id='word_1_30' title='bbox 1446 905 1568 960; x_wconf 70' lang='lat' dir='ltr'><strong>qua:</strong></span> <span class='ocrx_word' id='word_1_31' title='bbox 1607 889 1800 944; x_wconf 83' lang='lat' dir='ltr'><strong>fecisti.</strong></span> <span class='ocrx_word' id='word_1_32' title='bbox 1859 887 2080 958; x_wconf 76' lang='lat' dir='ltr'><strong>Mystice</strong></span> 
     </span>
    </p>
   </div>
   <div class='ocr_carea' id='block_1_6' title="bbox 479 977 2077 1054">
    <p class='ocr_par' dir='ltr' id='par_1_6' title="bbox 479 977 2077 1054">
     <span class='ocr_line' id='line_1_6' title="bbox 479 977 2077 1054; baseline -0.006 -15"><span class='ocrx_word' id='word_1_33' title='bbox 479 1000 667 1039; x_wconf 89' lang='lat' dir='ltr'><strong>mensa</strong></span> <span class='ocrx_word' id='word_1_34' title='bbox 689 990 768 1037; x_wconf 90' lang='lat' dir='ltr'><strong>est</strong></span> <span class='ocrx_word' id='word_1_35' title='bbox 797 981 1074 1054; x_wconf 83' lang='lat' dir='ltr'><strong>Scriptura</strong></span> <span class='ocrx_word' id='word_1_36' title='bbox 1126 997 1298 1049; x_wconf 89' lang='lat' dir='ltr'><strong>sacra,</strong></span> <span class='ocrx_word' id='word_1_37' title='bbox 1357 995 1556 1050; x_wconf 88' lang='lat' dir='ltr'><strong>panem</strong></span> <span class='ocrx_word' id='word_1_38' title='bbox 1579 978 1706 1034; x_wconf 66' lang='lat' dir='ltr'><strong>vitae</strong></span> <span class='ocrx_word' id='word_1_39' title='bbox 1751 977 2077 1032; x_wconf 87' lang='lat' dir='ltr'><strong>ministrans.</strong></span> 
     </span>
    </p>
   </div>
   <div class='ocr_carea' id='block_1_7' title="bbox 482 1067 2080 1138">
    <p class='ocr_par' dir='ltr' id='par_1_7' title="bbox 482 1067 2080 1138">
     <span class='ocr_line' id='line_1_7' title="bbox 482 1067 2080 1138; baseline -0.005 -10"><span class='ocrx_word' id='word_1_40' title='bbox 482 1072 618 1128; x_wconf 78' lang='lat' dir='ltr'><strong>Hinc</strong></span> <span class='ocrx_word' id='word_1_41' title='bbox 667 1070 911 1126; x_wconf 81' lang='lat' dir='ltr'><strong>Ecclesia</strong></span> <span class='ocrx_word' id='word_1_42' title='bbox 955 1069 1132 1124; x_wconf 88' lang='lat' dir='ltr'><strong>dicit:</strong></span> <span class='ocrx_word' id='word_1_43' title='bbox 1170 1092 1194 1119; x_wconf 71' lang='grc' dir='ltr'>α</span> <span class='ocrx_word' id='word_1_44' title='bbox 1247 1067 1452 1124; x_wconf 83' lang='lat' dir='ltr'><strong>Parasti</strong></span> <span class='ocrx_word' id='word_1_45' title='bbox 1499 1068 1557 1122; x_wconf 87' lang='lat' dir='ltr'><strong>in</strong></span> <span class='ocrx_word' id='word_1_46' title='bbox 1610 1073 1900 1138; x_wconf 89' lang='lat' dir='ltr'><strong>conspectu</strong></span> <span class='ocrx_word' id='word_1_47' title='bbox 1954 1079 2080 1120; x_wconf 89' lang='lat' dir='ltr'><strong>meo</strong></span> 
     </span>
    </p>
   </div>
   <div class='ocr_carea' id='block_1_8' title="bbox 482 1154 2082 1230">
    <p class='ocr_par' dir='ltr' id='par_1_8' title="bbox 482 1154 2082 1230">
     <span class='ocr_line' id='line_1_8' title="bbox 482 1154 2082 1230; baseline -0.005 -14"><span class='ocrx_word' id='word_1_48' title='bbox 482 1175 724 1216; x_wconf 89' lang='lat' dir='ltr'><strong>mensam</strong></span> <span class='ocrx_word' id='word_1_49' title='bbox 755 1159 935 1230; x_wconf 73' lang='lat' dir='ltr'><strong>(Psal.</strong></span> <span class='ocrx_word' id='word_1_50' title='bbox 977 1159 1148 1226; x_wconf 78' lang='lat' dir='ltr'><strong>xm).</strong></span> <span class='ocrx_word' id='word_1_51' title='bbox 1177 1178 1200 1208; x_wconf 73' lang='grc' dir='ltr'><strong>ι</strong></span> <span class='ocrx_word' id='word_1_52' title='bbox 1228 1157 1384 1213; x_wconf 64' lang='lat' dir='ltr'><strong>Mica:</strong></span> <span class='ocrx_word' id='word_1_53' title='bbox 1411 1163 1536 1211; x_wconf 90' lang='lat' dir='ltr'><strong>sunt</strong></span> <span class='ocrx_word' id='word_1_54' title='bbox 1576 1156 1785 1211; x_wconf 89' lang='lat' dir='ltr'><strong>interna</strong></span> <span class='ocrx_word' id='word_1_55' title='bbox 1831 1154 2082 1226; x_wconf 85' lang='lat' dir='ltr'><strong>mysteria</strong></span> 
     </span>
    </p>
   </div>
   <div class='ocr_carea' id='block_1_9' title="bbox 483 1241 2079 1321">
    <p class='ocr_par' dir='ltr' id='par_1_9' title="bbox 483 1241 2079 1321">
     <span class='ocr_line' id='line_1_9' title="bbox 483 1241 2079 1321; baseline -0.006 -16"><span class='ocrx_word' id='word_1_56' title='bbox 483 1249 903 1321; x_wconf 87' lang='lat' dir='ltr'><strong>Scripturarum,</strong></span> <span class='ocrx_word' id='word_1_57' title='bbox 973 1247 1172 1318; x_wconf 82' lang='lat' dir='ltr'><strong>quibus</strong></span> <span class='ocrx_word' id='word_1_58' title='bbox 1235 1245 1518 1300; x_wconf 82' lang='lat' dir='ltr'><strong>humilium</strong></span> <span class='ocrx_word' id='word_1_59' title='bbox 1601 1243 1766 1300; x_wconf 87' lang='lat' dir='ltr'><strong>corda</strong></span> <span class='ocrx_word' id='word_1_60' title='bbox 1823 1241 2079 1298; x_wconf 88' lang='lat' dir='ltr'><strong>reﬁciun-</strong></span> 
     </span>
    </p>
   </div>
   <div class='ocr_carea' id='block_1_10' title="bbox 483 1331 2078 1408">
    <p class='ocr_par' dir='ltr' id='par_1_10' title="bbox 483 1331 2078 1408">
     <span class='ocr_line' id='line_1_10' title="bbox 483 1331 2078 1408; baseline -0.004 -14"><span class='ocrx_word' id='word_1_61' title='bbox 483 1347 584 1405; x_wconf 90' lang='lat' dir='ltr'><strong>tur,</strong></span> <span class='ocrx_word' id='word_1_62' title='bbox 611 1339 768 1408; x_wconf 82' lang='lat' dir='ltr'><strong>juxta</strong></span> <span class='ocrx_word' id='word_1_63' title='bbox 791 1335 924 1392; x_wconf 91' lang='lat' dir='ltr'><strong>illud</strong></span> <span class='ocrx_word' id='word_1_64' title='bbox 957 1354 969 1391; x_wconf 93' lang='lat'>:</span> <span class='ocrx_word' id='word_1_65' title='bbox 1007 1357 1031 1385; x_wconf 75' lang='grc' dir='ltr'><em>α</em></span> <span class='ocrx_word' id='word_1_66' title='bbox 1067 1335 1247 1406; x_wconf 79' lang='lat' dir='ltr'><strong>Adipe</strong></span> <span class='ocrx_word' id='word_1_67' title='bbox 1299 1333 1553 1389; x_wconf 76' lang='lat' dir='ltr'><strong>frumenti</strong></span> <span class='ocrx_word' id='word_1_68' title='bbox 1607 1333 1765 1388; x_wconf 84' lang='lat' dir='ltr'><strong>satiat</strong></span> <span class='ocrx_word' id='word_1_69' title='bbox 1807 1340 1858 1388; x_wconf 91' lang='lat' dir='ltr'><strong>te</strong></span> <span class='ocrx_word' id='word_1_70' title='bbox 1905 1331 2078 1403; x_wconf 73' lang='lat' dir='ltr'><strong>(Prai.</strong></span> 
     </span>
    </p>
   </div>
   <div class='ocr_carea' id='block_1_11' title="bbox 483 1419 2080 1497">
    <p class='ocr_par' dir='ltr' id='par_1_11' title="bbox 483 1419 2080 1497">
     <span class='ocr_line' id='line_1_11' title="bbox 483 1419 2080 1497; baseline -0.004 -15"><span class='ocrx_word' id='word_1_71' title='bbox 483 1429 708 1497; x_wconf 72' lang='lat' dir='ltr'><strong>cxnvu).</strong></span> <span class='ocrx_word' id='word_1_72' title='bbox 740 1448 762 1475; x_wconf 74' lang='grc' dir='ltr'>ι</span> <span class='ocrx_word' id='word_1_73' title='bbox 787 1426 910 1481; x_wconf 88' lang='lat' dir='ltr'><strong>Non</strong></span> <span class='ocrx_word' id='word_1_74' title='bbox 939 1439 1072 1496; x_wconf 86' lang='lat' dir='ltr'><strong>ergo</strong></span> <span class='ocrx_word' id='word_1_75' title='bbox 1095 1432 1300 1479; x_wconf 81' lang='lat' dir='ltr'><strong>crustas</strong></span> <span class='ocrx_word' id='word_1_76' title='bbox 1338 1422 1502 1478; x_wconf 86' lang='lat' dir='ltr'><strong>edunt</strong></span> <span class='ocrx_word' id='word_1_77' title='bbox 1530 1421 1728 1490; x_wconf 80' lang='lat' dir='ltr'><strong>catelli,</strong></span> <span class='ocrx_word' id='word_1_78' title='bbox 1785 1421 1910 1490; x_wconf 86' lang='lat' dir='ltr'><strong>quia</strong></span> <span class='ocrx_word' id='word_1_79' title='bbox 1939 1419 2080 1476; x_wconf 86' lang='lat' dir='ltr'><strong>versi</strong></span> 
     </span>
    </p>
   </div>
   <div class='ocr_carea' id='block_1_12' title="bbox 485 1508 2082 1586">
    <p class='ocr_par' dir='ltr' id='par_1_12' title="bbox 485 1508 2082 1586">
     <span class='ocr_line' id='line_1_12' title="bbox 485 1508 2082 1586; baseline -0.006 -14"><span class='ocrx_word' id='word_1_80' title='bbox 485 1516 554 1573; x_wconf 85' lang='lat' dir='ltr'><strong>ad</strong></span> <span class='ocrx_word' id='word_1_81' title='bbox 585 1514 747 1570; x_wconf 91' lang='lat' dir='ltr'><strong>ﬁdem</strong></span> <span class='ocrx_word' id='word_1_82' title='bbox 789 1513 857 1569; x_wconf 91' lang='lat' dir='ltr'><strong>de</strong></span> <span class='ocrx_word' id='word_1_83' title='bbox 888 1513 1143 1586; x_wconf 82' lang='lat' dir='ltr'><strong>gentibus</strong></span> <span class='ocrx_word' id='word_1_84' title='bbox 1187 1527 1299 1567; x_wconf 89' lang='lat' dir='ltr'><strong>non</strong></span> <span class='ocrx_word' id='word_1_85' title='bbox 1345 1511 1536 1566; x_wconf 64' lang='lat' dir='ltr'><strong>litterae</strong></span> <span class='ocrx_word' id='word_1_86' title='bbox 1571 1508 1930 1580; x_wconf 91' lang='lat' dir='ltr'><strong>superﬁciem,</strong></span> <span class='ocrx_word' id='word_1_87' title='bbox 1988 1508 2082 1564; x_wconf 89' lang='lat' dir='ltr'><strong>sed</strong></span> 
     </span>
    </p>
   </div>
   <div class='ocr_carea' id='block_1_13' title="bbox 485 1596 2084 1674">
    <p class='ocr_par' dir='ltr' id='par_1_13' title="bbox 485 1596 2084 1674">
     <span class='ocr_line' id='line_1_13' title="bbox 485 1596 2084 1674; baseline -0.006 -15"><span class='ocrx_word' id='word_1_88' title='bbox 485 1602 822 1674; x_wconf 89' lang='lat' dir='ltr'><strong>spiritualem</strong></span> <span class='ocrx_word' id='word_1_89' title='bbox 862 1601 1159 1672; x_wconf 87' lang='lat' dir='ltr'><strong>requirunt,</strong></span> <span class='ocrx_word' id='word_1_90' title='bbox 1190 1599 1504 1666; x_wconf 86' lang='lat' dir='ltr'><strong>medullam,</strong></span> <span class='ocrx_word' id='word_1_91' title='bbox 1537 1606 1589 1654; x_wconf 90' lang='lat' dir='ltr'><strong>et</strong></span> <span class='ocrx_word' id='word_1_92' title='bbox 1618 1599 1723 1653; x_wconf 80' lang='lat' dir='ltr'><strong>hoc</strong></span> <span class='ocrx_word' id='word_1_93' title='bbox 1749 1596 1850 1652; x_wconf 87' lang='lat' dir='ltr'><strong>sub</strong></span> <span class='ocrx_word' id='word_1_94' title='bbox 1895 1611 2084 1652; x_wconf 88' lang='lat' dir='ltr'><strong>mensa</strong></span> 
     </span>
    </p>
   </div>
   <div class='ocr_carea' id='block_1_14' title="bbox 485 1683 2083 1757">
    <p class='ocr_par' dir='ltr' id='par_1_14' title="bbox 485 1683 2083 1757">
     <span class='ocr_line' id='line_1_14' title="bbox 485 1683 2083 1757; baseline -0.006 -9"><span class='ocrx_word' id='word_1_95' title='bbox 485 1691 850 1757; x_wconf 86' lang='lat' dir='ltr'><strong>dominorum,</strong></span> <span class='ocrx_word' id='word_1_96' title='bbox 885 1689 1014 1745; x_wconf 90' lang='lat' dir='ltr'><strong>dum</strong></span> <span class='ocrx_word' id='word_1_97' title='bbox 1045 1688 1227 1744; x_wconf 82' lang='lat' dir='ltr'><strong>verbis</strong></span> <span class='ocrx_word' id='word_1_98' title='bbox 1255 1687 1391 1743; x_wconf 87' lang='lat' dir='ltr'><strong>sacri</strong></span> <span class='ocrx_word' id='word_1_99' title='bbox 1421 1687 1620 1757; x_wconf 85' lang='lat' dir='ltr'><strong>eloquii</strong></span> <span class='ocrx_word' id='word_1_100' title='bbox 1657 1685 1932 1741; x_wconf 83' lang='lat' dir='ltr'><strong>humiliter</strong></span> <span class='ocrx_word' id='word_1_101' title='bbox 1957 1683 2083 1738; x_wconf 85' lang='lat' dir='ltr'><strong>sub-</strong></span> 
     </span>
    </p>
   </div>
   <div class='ocr_carea' id='block_1_15' title="bbox 481 1773 2082 1848">
    <p class='ocr_par' dir='ltr' id='par_1_15' title="bbox 481 1773 2082 1848">
     <span class='ocr_line' id='line_1_15' title="bbox 481 1773 2082 1848; baseline -0.005 -12"><span class='ocrx_word' id='word_1_102' title='bbox 481 1780 579 1836; x_wconf 91' lang='lat' dir='ltr'><strong>diti</strong></span> <span class='ocrx_word' id='word_1_103' title='bbox 599 1778 781 1836; x_wconf 82' lang='lat' dir='ltr'><strong>ofﬁcia</strong></span> <span class='ocrx_word' id='word_1_104' title='bbox 808 1779 988 1835; x_wconf 88' lang='lat' dir='ltr'><strong>cordis</strong></span> <span class='ocrx_word' id='word_1_105' title='bbox 1015 1785 1070 1833; x_wconf 90' lang='lat' dir='ltr'><strong>et</strong></span> <span class='ocrx_word' id='word_1_106' title='bbox 1095 1776 1338 1848; x_wconf 90' lang='lat' dir='ltr'><strong>corporis</strong></span> <span class='ocrx_word' id='word_1_107' title='bbox 1363 1783 1674 1848; x_wconf 87' lang='lat' dir='ltr'><strong>supponunt</strong></span> <span class='ocrx_word' id='word_1_108' title='bbox 1709 1774 1777 1830; x_wconf 92' lang='lat' dir='ltr'><strong>ad</strong></span> <span class='ocrx_word' id='word_1_109' title='bbox 1806 1773 2082 1844; x_wconf 84' lang='lat' dir='ltr'><strong>implenda</strong></span> 
     </span>
    </p>
   </div>
   <div class='ocr_carea' id='block_1_16' title="bbox 480 1862 2162 1949">
    <p class='ocr_par' dir='ltr' id='par_1_16' title="bbox 480 1862 2162 1949">
     <span class='ocr_line' id='line_1_16' title="bbox 480 1862 2162 1949; baseline -0.01 -21"><span class='ocrx_word' id='word_1_110' title='bbox 480 1876 774 1943; x_wconf 67' lang='lat' dir='ltr'><strong>precepts.</strong></span> <span class='ocrx_word' id='word_1_111' title='bbox 808 1868 904 1923; x_wconf 86' lang='lat' dir='ltr'><strong>Vel</strong></span> <span class='ocrx_word' id='word_1_112' title='bbox 936 1866 1152 1923; x_wconf 88' lang='lat' dir='ltr'><strong>Domini</strong></span> <span class='ocrx_word' id='word_1_113' title='bbox 1180 1881 1384 1920; x_wconf 75' lang='lat' dir='ltr'><strong>mensae</strong></span> <span class='ocrx_word' id='word_1_114' title='bbox 1412 1872 1635 1934; x_wconf 90' lang='lat' dir='ltr'><strong>possunt</strong></span> <span class='ocrx_word' id='word_1_115' title='bbox 1652 1863 1879 1936; x_wconf 84' lang='lat' dir='ltr'><strong>intelligi</strong></span> <span class='ocrx_word' id='word_1_116' title='bbox 1937 1862 2079 1917; x_wconf 75' lang='lat' dir='ltr'><strong>Scﬁ-</strong></span> <span class='ocrx_word' id='word_1_117' title='bbox 2107 1887 2162 1949; x_wconf 84' lang='lat' dir='ltr'>B</span> 
     </span>
    </p>
   </div>
   <div class='ocr_carea' id='block_1_17' title="bbox 479 1951 2081 2031">
    <p class='ocr_par' dir='ltr' id='par_1_17' title="bbox 479 1951 2081 2031">
     <span class='ocr_line' id='line_1_17' title="bbox 479 1951 2081 2031; baseline -0.006 -16"><span class='ocrx_word' id='word_1_118' title='bbox 479 1967 757 2031; x_wconf 88' lang='lat' dir='ltr'><strong>pturarum</strong></span> <span class='ocrx_word' id='word_1_119' title='bbox 787 1955 1176 2028; x_wconf 88' lang='lat' dir='ltr'><strong>compositores</strong></span> <span class='ocrx_word' id='word_1_120' title='bbox 1216 1971 1312 2010; x_wconf 92' lang='lat' dir='ltr'><strong>seu</strong></span> <span class='ocrx_word' id='word_1_121' title='bbox 1341 1954 1685 2025; x_wconf 88' lang='lat' dir='ltr'><strong>interpretes.</strong></span> <span class='ocrx_word' id='word_1_122' title='bbox 1747 1953 1816 2008; x_wconf 79' lang='lat' dir='ltr'><strong>Et</strong></span> <span class='ocrx_word' id='word_1_123' title='bbox 1843 1959 1970 2007; x_wconf 91' lang='lat' dir='ltr'><strong>tunc</strong></span> <span class='ocrx_word' id='word_1_124' title='bbox 2007 1951 2081 2006; x_wconf 85' lang='lat' dir='ltr'><strong>ait</strong></span> 
     </span>
    </p>
   </div>
   <div class='ocr_carea' id='block_1_18' title="bbox 483 2049 610 2104">
    <p class='ocr_par' dir='ltr' id='par_1_18' title="bbox 483 2049 610 2104">
     <span class='ocr_line' id='line_1_18' title="bbox 483 2049 610 2104; baseline 0 0"><span class='ocrx_word' id='word_1_125' title='bbox 483 2049 561 2104; x_wconf 90' lang='lat' dir='ltr'><strong>illi</strong></span> <span class='ocrx_word' id='word_1_126' title='bbox 597 2066 610 2104; x_wconf 90' lang='lat'><strong>:</strong></span> 
     </span>
    </p>
   </div>
   <div class='ocr_carea' id='block_1_19' title="bbox 560 2127 2084 2206">
    <p class='ocr_par' dir='ltr' id='par_1_19' title="bbox 560 2127 2084 2206">
     <span class='ocr_line' id='line_1_19' title="bbox 560 2127 2084 2206; baseline -0.003 -20"><span class='ocrx_word' id='word_1_127' title='bbox 560 2159 584 2186; x_wconf 68' lang='grc' dir='ltr'><em>α</em></span> <span class='ocrx_word' id='word_1_128' title='bbox 610 2134 658 2192; x_wconf 93' lang='grc' dir='ltr'>Ο</span> <span class='ocrx_word' id='word_1_129' title='bbox 688 2134 901 2201; x_wconf 86' lang='lat' dir='ltr'><strong>mulier,</strong></span> <span class='ocrx_word' id='word_1_130' title='bbox 931 2149 1133 2206; x_wconf 84' lang='lat' dir='ltr'><strong>magna</strong></span> <span class='ocrx_word' id='word_1_131' title='bbox 1171 2140 1247 2188; x_wconf 88' lang='lat' dir='ltr'><strong>est</strong></span> <span class='ocrx_word' id='word_1_132' title='bbox 1290 2130 1424 2186; x_wconf 88' lang='lat' dir='ltr'><strong>ﬁdes</strong></span> <span class='ocrx_word' id='word_1_133' title='bbox 1469 2137 1585 2186; x_wconf 87' lang='lat' dir='ltr'><strong>tua.</strong></span> <span class='ocrx_word' id='word_1_134' title='bbox 1651 2129 1769 2186; x_wconf 87' lang='lat' dir='ltr'><strong>Fiat</strong></span> <span class='ocrx_word' id='word_1_135' title='bbox 1823 2127 1918 2184; x_wconf 89' lang='lat' dir='ltr'><strong>tibi</strong></span> <span class='ocrx_word' id='word_1_136' title='bbox 1945 2128 2084 2182; x_wconf 84' lang='lat' dir='ltr'><strong>sicut</strong></span> 
     </span>
    </p>
   </div>
   <div class='ocr_carea' id='block_1_20' title="bbox 481 2217 2083 2292">
    <p class='ocr_par' dir='ltr' id='par_1_20' title="bbox 481 2217 2083 2292">
     <span class='ocr_line' id='line_1_20' title="bbox 481 2217 2083 2292; baseline -0.006 -12"><span class='ocrx_word' id='word_1_137' title='bbox 481 2225 584 2280; x_wconf 91' lang='lat' dir='ltr'><strong>vis.</strong></span> <span class='ocrx_word' id='word_1_138' title='bbox 619 2225 686 2280; x_wconf 87' lang='lat' dir='ltr'><strong>Et</strong></span> <span class='ocrx_word' id='word_1_139' title='bbox 703 2231 892 2280; x_wconf 86' lang='lat' dir='ltr'><strong>sanata</strong></span> <span class='ocrx_word' id='word_1_140' title='bbox 918 2230 996 2278; x_wconf 90' lang='lat' dir='ltr'><strong>est</strong></span> <span class='ocrx_word' id='word_1_141' title='bbox 1022 2221 1133 2278; x_wconf 89' lang='lat' dir='ltr'><strong>ﬁlia</strong></span> <span class='ocrx_word' id='word_1_142' title='bbox 1171 2221 1290 2292; x_wconf 84' lang='lat' dir='ltr'><strong>ejus</strong></span> <span class='ocrx_word' id='word_1_143' title='bbox 1317 2237 1385 2276; x_wconf 84' lang='lat' dir='ltr'><strong>ex</strong></span> <span class='ocrx_word' id='word_1_144' title='bbox 1441 2221 1533 2275; x_wconf 86' lang='lat' dir='ltr'><strong>illa</strong></span> <span class='ocrx_word' id='word_1_145' title='bbox 1562 2221 1715 2275; x_wconf 84' lang='lat' dir='ltr'><strong>hora.</strong></span> <span class='ocrx_word' id='word_1_146' title='bbox 1743 2241 1767 2267; x_wconf 78' lang='grc' dir='ltr'>ι</span> <span class='ocrx_word' id='word_1_147' title='bbox 1804 2217 1916 2274; x_wconf 88' lang='lat' dir='ltr'><strong>Sub</strong></span> <span class='ocrx_word' id='word_1_148' title='bbox 1962 2232 2083 2289; x_wconf 87' lang='lat' dir='ltr'><strong>per-</strong></span> 
     </span>
    </p>
   </div>
   <div class='ocr_carea' id='block_1_21' title="bbox 479 2306 2077 2381">
    <p class='ocr_par' dir='ltr' id='par_1_21' title="bbox 479 2306 2077 2381">
     <span class='ocr_line' id='line_1_21' title="bbox 479 2306 2077 2381; baseline -0.007 -11"><span class='ocrx_word' id='word_1_149' title='bbox 479 2330 615 2370; x_wconf 90' lang='lat' dir='ltr'><strong>sona</strong></span> <span class='ocrx_word' id='word_1_150' title='bbox 659 2312 902 2368; x_wconf 88' lang='lat' dir='ltr'><strong>mulieris</strong></span> <span class='ocrx_word' id='word_1_151' title='bbox 957 2310 1328 2366; x_wconf 88' lang='lat' dir='ltr'><strong>Chananitidis</strong></span> <span class='ocrx_word' id='word_1_152' title='bbox 1378 2324 1579 2381; x_wconf 87' lang='lat' dir='ltr'><strong>magna</strong></span> <span class='ocrx_word' id='word_1_153' title='bbox 1625 2307 1760 2362; x_wconf 91' lang='lat' dir='ltr'><strong>ﬁdes</strong></span> <span class='ocrx_word' id='word_1_154' title='bbox 1805 2306 2077 2373; x_wconf 70' lang='lat' dir='ltr'><strong>Ecclesiae,</strong></span> 
     </span>
    </p>
   </div>
   <div class='ocr_carea' id='block_1_22' title="bbox 483 2398 2082 2476">
    <p class='ocr_par' dir='ltr' id='par_1_22' title="bbox 483 2398 2082 2476">
     <span class='ocr_line' id='line_1_22' title="bbox 483 2398 2082 2476; baseline -0.006 -18"><span class='ocrx_word' id='word_1_155' title='bbox 483 2418 687 2476; x_wconf 83' lang='lat' dir='ltr'><strong>magna</strong></span> <span class='ocrx_word' id='word_1_156' title='bbox 716 2401 978 2474; x_wconf 86' lang='lat' dir='ltr'><strong>patientia</strong></span> <span class='ocrx_word' id='word_1_157' title='bbox 1005 2407 1059 2454; x_wconf 92' lang='lat' dir='ltr'><strong>et</strong></span> <span class='ocrx_word' id='word_1_158' title='bbox 1086 2399 1360 2454; x_wconf 88' lang='lat' dir='ltr'><strong>humilitas</strong></span> <span class='ocrx_word' id='word_1_159' title='bbox 1401 2398 1742 2468; x_wconf 71' lang='lat' dir='ltr'><strong>praedicatur,</strong></span> <span class='ocrx_word' id='word_1_160' title='bbox 1793 2411 1915 2466; x_wconf 77' lang='lat' dir='ltr'><strong>quae</strong></span> <span class='ocrx_word' id='word_1_161' title='bbox 1969 2411 2082 2450; x_wconf 88' lang='lat' dir='ltr'><strong>cre-</strong></span> 
     </span>
    </p>
   </div>
   <div class='ocr_carea' id='block_1_23' title="bbox 480 2486 2082 2561">
    <p class='ocr_par' dir='ltr' id='par_1_23' title="bbox 480 2486 2082 2561">
     <span class='ocr_line' id='line_1_23' title="bbox 480 2486 2082 2561; baseline -0.006 -15"><span class='ocrx_word' id='word_1_162' title='bbox 480 2492 619 2546; x_wconf 86' lang='lat' dir='ltr'><strong>didit</strong></span> <span class='ocrx_word' id='word_1_163' title='bbox 646 2507 805 2561; x_wconf 89' lang='lat' dir='ltr'><strong>posse</strong></span> <span class='ocrx_word' id='word_1_164' title='bbox 833 2488 1011 2545; x_wconf 87' lang='lat' dir='ltr'><strong>sanari</strong></span> <span class='ocrx_word' id='word_1_165' title='bbox 1041 2486 1230 2554; x_wconf 87' lang='lat' dir='ltr'><strong>ﬁliam,</strong></span> <span class='ocrx_word' id='word_1_166' title='bbox 1276 2495 1329 2543; x_wconf 91' lang='lat' dir='ltr'><strong>et</strong></span> <span class='ocrx_word' id='word_1_167' title='bbox 1365 2487 1522 2542; x_wconf 87' lang='lat' dir='ltr'><strong>toties</strong></span> <span class='ocrx_word' id='word_1_168' title='bbox 1574 2493 1884 2556; x_wconf 85' lang='lat' dir='ltr'><strong>contempta</strong></span> <span class='ocrx_word' id='word_1_169' title='bbox 1925 2499 2082 2555; x_wconf 87' lang='lat' dir='ltr'><strong>passa</strong></span> 
     </span>
    </p>
   </div>
   <div class='ocr_carea' id='block_1_24' title="bbox 479 2575 2081 2650">
    <p class='ocr_par' dir='ltr' id='par_1_24' title="bbox 479 2575 2081 2650">
     <span class='ocr_line' id='line_1_24' title="bbox 479 2575 2081 2650; baseline -0.006 -14"><span class='ocrx_word' id='word_1_170' title='bbox 479 2580 645 2636; x_wconf 89' lang='lat' dir='ltr'><strong>estin</strong></span> <span class='ocrx_word' id='word_1_171' title='bbox 678 2578 929 2650; x_wconf 89' lang='lat' dir='ltr'><strong>precibus</strong></span> <span class='ocrx_word' id='word_1_172' title='bbox 971 2593 1336 2648; x_wconf 84' lang='lat' dir='ltr'><strong>perseverare,</strong></span> <span class='ocrx_word' id='word_1_173' title='bbox 1395 2582 1450 2630; x_wconf 91' lang='lat' dir='ltr'><strong>et</strong></span> <span class='ocrx_word' id='word_1_174' title='bbox 1504 2575 1802 2629; x_wconf 90' lang='lat' dir='ltr'><strong>humilitate</strong></span> <span class='ocrx_word' id='word_1_175' title='bbox 1859 2589 1916 2626; x_wconf 86' lang='lat' dir='ltr'><strong>se</strong></span> <span class='ocrx_word' id='word_1_176' title='bbox 1971 2588 2081 2627; x_wconf 88' lang='lat' dir='ltr'><strong>non</strong></span> 
     </span>
    </p>
   </div>
   <div class='ocr_carea' id='block_1_25' title="bbox 477 2661 2082 2735">
    <p class='ocr_par' dir='ltr' id='par_1_25' title="bbox 477 2661 2082 2735">
     <span class='ocr_line' id='line_1_25' title="bbox 477 2661 2082 2735; baseline -0.005 -11"><span class='ocrx_word' id='word_1_177' title='bbox 477 2667 723 2735; x_wconf 85' lang='lat' dir='ltr'><strong>canibus,</strong></span> <span class='ocrx_word' id='word_1_178' title='bbox 764 2665 860 2721; x_wconf 91' lang='lat' dir='ltr'><strong>sed</strong></span> <span class='ocrx_word' id='word_1_179' title='bbox 915 2665 1107 2722; x_wconf 85' lang='lat' dir='ltr'><strong>catulis</strong></span> <span class='ocrx_word' id='word_1_180' title='bbox 1153 2663 1508 2734; x_wconf 87' lang='lat' dir='ltr'><strong>comparavit.</strong></span> <span class='ocrx_word' id='word_1_181' title='bbox 1552 2661 1895 2733; x_wconf 86' lang='lat' dir='ltr'><strong>Quapropter</strong></span> <span class='ocrx_word' id='word_1_182' title='bbox 1949 2661 2082 2716; x_wconf 88' lang='lat' dir='ltr'><strong>libe-</strong></span> 
     </span>
    </p>
   </div>
   <div class='ocr_carea' id='block_1_26' title="bbox 476 2749 2080 2822">
    <p class='ocr_par' dir='ltr' id='par_1_26' title="bbox 476 2749 2080 2822">
     <span class='ocr_line' id='line_1_26' title="bbox 476 2749 2080 2822; baseline -0.005 -10"><span class='ocrx_word' id='word_1_183' title='bbox 476 2765 594 2812; x_wconf 89' lang='lat' dir='ltr'><strong>rata</strong></span> <span class='ocrx_word' id='word_1_184' title='bbox 651 2763 730 2810; x_wconf 90' lang='lat' dir='ltr'><strong>est</strong></span> <span class='ocrx_word' id='word_1_185' title='bbox 778 2753 909 2810; x_wconf 91' lang='lat' dir='ltr'><strong>ﬁlia.</strong></span> <span class='ocrx_word' id='word_1_186' title='bbox 969 2754 1074 2810; x_wconf 86' lang='lat' dir='ltr'><strong>Ubi</strong></span> <span class='ocrx_word' id='word_1_187' title='bbox 1127 2753 1288 2808; x_wconf 86' lang='lat' dir='ltr'><strong>datur</strong></span> <span class='ocrx_word' id='word_1_188' title='bbox 1323 2752 1633 2822; x_wconf 72' lang='lat' dir='ltr'><strong>exsinplum</strong></span> <span class='ocrx_word' id='word_1_189' title='bbox 1677 2749 2080 2807; x_wconf 83' lang='lat' dir='ltr'><strong>cathcchizandt</strong></span> 
     </span>
    </p>
   </div>
   <div class='ocr_carea' id='block_1_27' title="bbox 479 2838 2082 2914">
    <p class='ocr_par' dir='ltr' id='par_1_27' title="bbox 479 2838 2082 2914">
     <span class='ocr_line' id='line_1_27' title="bbox 479 2838 2082 2914; baseline -0.005 -14"><span class='ocrx_word' id='word_1_190' title='bbox 479 2841 862 2914; x_wconf 85' lang='lat' dir='ltr'><strong>etbaptizandi</strong></span> <span class='ocrx_word' id='word_1_191' title='bbox 909 2842 1160 2909; x_wconf 80' lang='lat' dir='ltr'><strong>infantes,</strong></span> <span class='ocrx_word' id='word_1_192' title='bbox 1192 2841 1283 2911; x_wconf 91' lang='lat' dir='ltr'><strong>qui</strong></span> <span class='ocrx_word' id='word_1_193' title='bbox 1339 2857 1437 2912; x_wconf 87' lang='lat' dir='ltr'><strong>per</strong></span> <span class='ocrx_word' id='word_1_194' title='bbox 1464 2839 1626 2895; x_wconf 86' lang='lat' dir='ltr'><strong>ﬁdem</strong></span> <span class='ocrx_word' id='word_1_195' title='bbox 1683 2845 1736 2894; x_wconf 90' lang='lat' dir='ltr'><strong>et</strong></span> <span class='ocrx_word' id='word_1_196' title='bbox 1787 2838 2082 2894; x_wconf 81' lang='lat' dir='ltr'><strong>confessio-</strong></span> 
     </span>
    </p>
   </div>
   <div class='ocr_carea' id='block_1_28' title="bbox 477 2927 2076 3003">
    <p class='ocr_par' dir='ltr' id='par_1_28' title="bbox 477 2927 2076 3003">
     <span class='ocr_line' id='line_1_28' title="bbox 477 2927 2076 3003; baseline -0.006 -14"><span class='ocrx_word' id='word_1_197' title='bbox 477 2951 604 2989; x_wconf 90' lang='lat' dir='ltr'><strong>nem</strong></span> <span class='ocrx_word' id='word_1_198' title='bbox 652 2940 936 3003; x_wconf 90' lang='lat' dir='ltr'><strong>parentum</strong></span> <span class='ocrx_word' id='word_1_199' title='bbox 997 2931 1295 2985; x_wconf 87' lang='lat' dir='ltr'><strong>liberantur</strong></span> <span class='ocrx_word' id='word_1_200' title='bbox 1337 2932 1394 2984; x_wconf 92' lang='lat' dir='ltr'><strong>in</strong></span> <span class='ocrx_word' id='word_1_201' title='bbox 1443 2928 1715 3000; x_wconf 88' lang='lat' dir='ltr'><strong>baptismo</strong></span> <span class='ocrx_word' id='word_1_202' title='bbox 1767 2943 1800 2983; x_wconf 89' lang='lat' dir='ltr'><strong>a</strong></span> <span class='ocrx_word' id='word_1_203' title='bbox 1837 2927 2076 2982; x_wconf 86' lang='lat' dir='ltr'><strong>diabolo.</strong></span> 
     </span>
    </p>
   </div>
   <div class='ocr_carea' id='block_1_29' title="bbox 474 3013 2076 3091">
    <p class='ocr_par' dir='ltr' id='par_1_29' title="bbox 474 3013 2076 3091">
     <span class='ocr_line' id='line_1_29' title="bbox 474 3013 2076 3091; baseline -0.005 -15"><span class='ocrx_word' id='word_1_204' title='bbox 474 3021 636 3091; x_wconf 87' lang='lat' dir='ltr'><strong>Quod</strong></span> <span class='ocrx_word' id='word_1_205' title='bbox 681 3028 861 3076; x_wconf 89' lang='lat' dir='ltr'><strong>autem</strong></span> <span class='ocrx_word' id='word_1_206' title='bbox 893 3019 1158 3074; x_wconf 88' lang='lat' dir='ltr'><strong>Dominus</strong></span> <span class='ocrx_word' id='word_1_207' title='bbox 1185 3034 1412 3088; x_wconf 90' lang='lat' dir='ltr'><strong>puerum</strong></span> <span class='ocrx_word' id='word_1_208' title='bbox 1441 3015 1770 3072; x_wconf 89' lang='lat' dir='ltr'><strong>centurionis</strong></span> <span class='ocrx_word' id='word_1_209' title='bbox 1816 3023 1870 3070; x_wconf 92' lang='lat' dir='ltr'><strong>et</strong></span> <span class='ocrx_word' id='word_1_210' title='bbox 1908 3013 2076 3070; x_wconf 90' lang='lat' dir='ltr'><strong>ﬁliam</strong></span> 
     </span>
    </p>
   </div>
   <div class='ocr_carea' id='block_1_30' title="bbox 473 3103 2081 3177">
    <p class='ocr_par' dir='ltr' id='par_1_30' title="bbox 473 3103 2081 3177">
     <span class='ocr_line' id='line_1_30' title="bbox 473 3103 2081 3177; baseline -0.007 -10"><span class='ocrx_word' id='word_1_211' title='bbox 473 3112 818 3177; x_wconf 64' lang='lat' dir='ltr'><strong>Chananeus,</strong></span> <span class='ocrx_word' id='word_1_212' title='bbox 843 3124 952 3164; x_wconf 87' lang='lat' dir='ltr'><strong>non</strong></span> <span class='ocrx_word' id='word_1_213' title='bbox 975 3107 1196 3162; x_wconf 87' lang='lat' dir='ltr'><strong>veniens</strong></span> <span class='ocrx_word' id='word_1_214' title='bbox 1217 3106 1284 3163; x_wconf 89' lang='lat' dir='ltr'><strong>ad</strong></span> <span class='ocrx_word' id='word_1_215' title='bbox 1313 3123 1406 3162; x_wconf 74' lang='lat' dir='ltr'><strong>eos</strong></span> <span class='ocrx_word' id='word_1_216' title='bbox 1432 3113 1603 3172; x_wconf 87' lang='lat' dir='ltr'><strong>sanat,</strong></span> <span class='ocrx_word' id='word_1_217' title='bbox 1635 3103 1904 3177; x_wconf 82' lang='lat' dir='ltr'><strong>signiﬁcat</strong></span> <span class='ocrx_word' id='word_1_218' title='bbox 1949 3119 2081 3176; x_wconf 89' lang='lat' dir='ltr'><strong>gen-</strong></span> 
     </span>
    </p>
   </div>
   <div class='ocr_carea' id='block_1_31' title="bbox 475 3192 2154 3306">
    <p class='ocr_par' dir='ltr' id='par_1_31' title="bbox 475 3192 2154 3306">
     <span class='ocr_line' id='line_1_31' title="bbox 475 3192 2154 3306; baseline -0.005 -52"><span class='ocrx_word' id='word_1_219' title='bbox 475 3208 573 3268; x_wconf 90' lang='lat' dir='ltr'><strong>tes,</strong></span> <span class='ocrx_word' id='word_1_220' title='bbox 635 3198 705 3254; x_wconf 88' lang='lat' dir='ltr'><strong>ad</strong></span> <span class='ocrx_word' id='word_1_221' title='bbox 752 3214 887 3269; x_wconf 88' lang='lat' dir='ltr'><strong>quas</strong></span> <span class='ocrx_word' id='word_1_222' title='bbox 915 3196 1222 3306; x_wconf 56' lang='lat' dir='ltr'><strong>nonLvenit,</strong></span> <span class='ocrx_word' id='word_1_223' title='bbox 1256 3211 1354 3266; x_wconf 88' lang='lat' dir='ltr'><strong>per</strong></span> <span class='ocrx_word' id='word_1_224' title='bbox 1405 3194 1780 3266; x_wconf 68' lang='lat' dir='ltr'><strong>paenitentiam</strong></span> <span class='ocrx_word' id='word_1_225' title='bbox 1828 3192 2074 3264; x_wconf 85' lang='lat' dir='ltr'><strong>corporis</strong></span> <span class='ocrx_word' id='word_1_226' title='bbox 2103 3235 2154 3306; x_wconf 67' lang='grc' dir='ltr'>Ο</span> 
     </span>
    </p>
   </div>
   <div class='ocr_carea' id='block_1_32' title="bbox 473 3285 1358 3358">
    <p class='ocr_par' dir='ltr' id='par_1_32' title="bbox 473 3285 1358 3358">
     <span class='ocr_line' id='line_1_32' title="bbox 473 3285 1358 3358; baseline -0.007 -12"><span class='ocrx_word' id='word_1_227' title='bbox 473 3288 764 3346; x_wconf 85' lang='lat' dir='ltr'><strong>salvandas</strong></span> <span class='ocrx_word' id='word_1_228' title='bbox 792 3303 893 3358; x_wconf 85' lang='lat' dir='ltr'><strong>per</strong></span> <span class='ocrx_word' id='word_1_229' title='bbox 921 3285 1148 3344; x_wconf 80' lang='lat' dir='ltr'><strong>verbum</strong></span> <span class='ocrx_word' id='word_1_230' title='bbox 1179 3300 1358 3342; x_wconf 83' lang='lat' dir='ltr'><strong>suum.</strong></span> 
     </span>
    </p>
   </div>
   <div class='ocr_carea' id='block_1_33' title="bbox 779 3427 1765 3489">
    <p class='ocr_par' dir='ltr' id='par_1_33' title="bbox 779 3427 1765 3489">
     <span class='ocr_line' id='line_1_33' title="bbox 779 3427 1765 3489; baseline -0.005 0"><span class='ocrx_word' id='word_1_231' title='bbox 779 3430 1018 3489; x_wconf 82' lang='lat' dir='ltr'><strong>SERMO</strong></span> <span class='ocrx_word' id='word_1_232' title='bbox 1054 3429 1148 3486; x_wconf 83' lang='lat' dir='ltr'><strong>DE</strong></span> <span class='ocrx_word' id='word_1_233' title='bbox 1183 3427 1431 3488; x_wconf 81' lang='lat' dir='ltr'><strong>TRIBUS</strong></span> <span class='ocrx_word' id='word_1_234' title='bbox 1471 3427 1765 3486; x_wconf 87' lang='lat' dir='ltr'><strong>OSCULIS</strong></span> 
     </span>
    </p>
   </div>
   <div class='ocr_carea' id='block_1_34' title="bbox 474 3539 2079 3603">
    <p class='ocr_par' dir='ltr' id='par_1_34' title="bbox 474 3539 2079 3603">
     <span class='ocr_line' id='line_1_34' title="bbox 474 3539 2079 3603; baseline -0.006 -14"><span class='ocrx_word' id='word_1_235' title='bbox 474 3543 682 3603; x_wconf 63' lang='lat' dir='ltr'><strong>PBDUI,</strong></span> <span class='ocrx_word' id='word_1_236' title='bbox 723 3543 982 3600; x_wconf 63' lang='lat' dir='ltr'><strong>IANUUU,</strong></span> <span class='ocrx_word' id='word_1_237' title='bbox 1032 3545 1160 3584; x_wconf 73' lang='grc' dir='ltr'>οιιιε</span> <span class='ocrx_word' id='word_1_238' title='bbox 1199 3544 1272 3584; x_wconf 76' lang='grc' dir='ltr'><strong>ΕΤ</strong></span> <span class='ocrx_word' id='word_1_239' title='bbox 1320 3542 1395 3583; x_wconf 77' lang='lat' dir='ltr'><strong>DB</strong></span> <span class='ocrx_word' id='word_1_240' title='bbox 1443 3541 1602 3582; x_wconf 78' lang='lat' dir='ltr'><strong>LABIO</strong></span> <span class='ocrx_word' id='word_1_241' title='bbox 1652 3539 1958 3582; x_wconf 75' lang='lat' dir='ltr'><strong>SUPEBIORI</strong></span> <span class='ocrx_word' id='word_1_242' title='bbox 2006 3539 2079 3580; x_wconf 76' lang='grc' dir='ltr'><strong>ΒΤ</strong></span> 
     </span>
    </p>
   </div>
   <div class='ocr_carea' id='block_1_35' title="bbox 1109 3641 1426 3683">
    <p class='ocr_par' dir='ltr' id='par_1_35' title="bbox 1109 3641 1426 3683">
     <span class='ocr_line' id='line_1_35' title="bbox 1109 3641 1426 3683; baseline -0.009 0"><span class='ocrx_word' id='word_1_243' title='bbox 1109 3641 1400 3683; x_wconf 70' lang='lat' dir='ltr'><strong>INPEIIOBI</strong></span> <span class='ocrx_word' id='word_1_244' title='bbox 1413 3667 1426 3680; x_wconf 90' lang='lat'><strong>.</strong></span> 
     </span>
    </p>
   </div>
   <div class='ocr_carea' id='block_1_36' title="bbox 551 3759 2082 3834">
    <p class='ocr_par' dir='ltr' id='par_1_36' title="bbox 551 3759 2082 3834">
     <span class='ocr_line' id='line_1_36' title="bbox 551 3759 2082 3834; baseline -0.005 -8"><span class='ocrx_word' id='word_1_245' title='bbox 551 3795 573 3820; x_wconf 76' lang='grc' dir='ltr'>ι</span> <span class='ocrx_word' id='word_1_246' title='bbox 611 3769 900 3826; x_wconf 89' lang='lat' dir='ltr'><strong>Osculetur</strong></span> <span class='ocrx_word' id='word_1_247' title='bbox 947 3785 1034 3824; x_wconf 91' lang='lat' dir='ltr'><strong>me</strong></span> <span class='ocrx_word' id='word_1_248' title='bbox 1065 3767 1249 3824; x_wconf 89' lang='lat' dir='ltr'><strong>osculo</strong></span> <span class='ocrx_word' id='word_1_249' title='bbox 1291 3766 1400 3822; x_wconf 88' lang='lat' dir='ltr'><strong>oris</strong></span> <span class='ocrx_word' id='word_1_250' title='bbox 1446 3765 1527 3820; x_wconf 93' lang='lat' dir='ltr'><strong>sui</strong></span> <span class='ocrx_word' id='word_1_251' title='bbox 1582 3763 1773 3834; x_wconf 78' lang='lat' dir='ltr'><strong>(Cant.</strong></span> <span class='ocrx_word' id='word_1_252' title='bbox 1801 3763 1862 3831; x_wconf 73' lang='lat'><strong>1).</strong></span> <span class='ocrx_word' id='word_1_253' title='bbox 1899 3785 1922 3812; x_wconf 75' lang='grc' dir='ltr'><strong><em>ι</em></strong></span> <span class='ocrx_word' id='word_1_254' title='bbox 1957 3759 2082 3818; x_wconf 85' lang='lat' dir='ltr'><strong>Tria</strong></span> 
     </span>
    </p>
   </div>
   <div class='ocr_carea' id='block_1_37' title="bbox 475 3851 2084 3928">
    <p class='ocr_par' dir='ltr' id='par_1_37' title="bbox 475 3851 2084 3928">
     <span class='ocr_line' id='line_1_37' title="bbox 475 3851 2084 3928; baseline -0.007 -11"><span class='ocrx_word' id='word_1_255' title='bbox 475 3868 600 3917; x_wconf 83' lang='lat' dir='ltr'><strong>sunt</strong></span> <span class='ocrx_word' id='word_1_256' title='bbox 635 3861 823 3916; x_wconf 84' lang='lat' dir='ltr'><strong>oscula</strong></span> <span class='ocrx_word' id='word_1_257' title='bbox 873 3878 886 3915; x_wconf 90' lang='lat'>:</span> <span class='ocrx_word' id='word_1_258' title='bbox 950 3859 1020 3914; x_wconf 90' lang='lat' dir='ltr'><strong>dc</strong></span> <span class='ocrx_word' id='word_1_259' title='bbox 1049 3857 1245 3928; x_wconf 89' lang='lat' dir='ltr'><strong>quibus</strong></span> <span class='ocrx_word' id='word_1_260' title='bbox 1290 3853 1584 3911; x_wconf 88' lang='lat' dir='ltr'><strong>videndum</strong></span> <span class='ocrx_word' id='word_1_261' title='bbox 1627 3860 1710 3908; x_wconf 89' lang='lat' dir='ltr'><strong>est</strong></span> <span class='ocrx_word' id='word_1_262' title='bbox 1736 3851 1880 3908; x_wconf 83' lang='lat' dir='ltr'><strong>unde</strong></span> <span class='ocrx_word' id='word_1_263' title='bbox 1913 3852 2084 3906; x_wconf 74' lang='lat' dir='ltr'><strong>nomi~</strong></span> 
     </span>
    </p>
   </div>
   <div class='ocr_carea' id='block_1_38' title="bbox 475 3941 2080 4017">
    <p class='ocr_par' dir='ltr' id='par_1_38' title="bbox 475 3941 2080 4017">
     <span class='ocr_line' id='line_1_38' title="bbox 475 3941 2080 4017; baseline -0.007 -11"><span class='ocrx_word' id='word_1_264' title='bbox 475 3956 687 4017; x_wconf 83' lang='lat' dir='ltr'><strong>nentur,</strong></span> <span class='ocrx_word' id='word_1_265' title='bbox 729 3947 874 4004; x_wconf 87' lang='lat' dir='ltr'><strong>unde</strong></span> <span class='ocrx_word' id='word_1_266' title='bbox 929 3953 1228 4012; x_wconf 85' lang='lat' dir='ltr'><strong>sumantur,</strong></span> <span class='ocrx_word' id='word_1_267' title='bbox 1281 3943 1401 4014; x_wconf 86' lang='lat' dir='ltr'><strong>quis</strong></span> <span class='ocrx_word' id='word_1_268' title='bbox 1486 3942 1688 3997; x_wconf 82' lang='lat' dir='ltr'><strong>fructus</strong></span> <span class='ocrx_word' id='word_1_269' title='bbox 1753 3941 1879 3996; x_wconf 74' lang='lat' dir='ltr'><strong>inde</strong></span> <span class='ocrx_word' id='word_1_270' title='bbox 1949 3955 2080 4011; x_wconf 86' lang='lat' dir='ltr'><strong>per-</strong></span> 
     </span>
    </p>
   </div>
   <div class='ocr_carea' id='block_1_39' title="bbox 475 4029 2082 4109">
    <p class='ocr_par' dir='ltr' id='par_1_39' title="bbox 475 4029 2082 4109">
     <span class='ocr_line' id='line_1_39' title="bbox 475 4029 2082 4109; baseline -0.007 -15"><span class='ocrx_word' id='word_1_271' title='bbox 475 4039 678 4105; x_wconf 82' lang='lat' dir='ltr'><strong>veniat,</strong></span> <span class='ocrx_word' id='word_1_272' title='bbox 731 4037 930 4109; x_wconf 84' lang='lat' dir='ltr'><strong>quibus</strong></span> <span class='ocrx_word' id='word_1_273' title='bbox 974 4034 1223 4107; x_wconf 83' lang='lat' dir='ltr'><strong>personis</strong></span> <span class='ocrx_word' id='word_1_274' title='bbox 1267 4033 1354 4089; x_wconf 93' lang='lat' dir='ltr'><strong>vel</strong></span> <span class='ocrx_word' id='word_1_275' title='bbox 1411 4031 1617 4086; x_wconf 89' lang='lat' dir='ltr'><strong>meritis</strong></span> <span class='ocrx_word' id='word_1_276' title='bbox 1661 4029 2082 4100; x_wconf 80' lang='lat' dir='ltr'><strong>unumquodque</strong></span> 
     </span>
    </p>
   </div>
   <div class='ocr_carea' id='block_1_40' title="bbox 477 4127 2081 4210">
    <p class='ocr_par' dir='ltr' id='par_1_40' title="bbox 477 4127 2081 4210">
     <span class='ocr_line' id='line_1_40' title="bbox 477 4127 2081 4210; baseline -0.009 -15"><span class='ocrx_word' id='word_1_277' title='bbox 477 4143 760 4210; x_wconf 78' lang='lat' dir='ltr'><strong>congruat.</strong></span> <span class='ocrx_word' id='word_1_278' title='bbox 793 4134 1030 4189; x_wconf 78' lang='lat' dir='ltr'><strong>Primum</strong></span> <span class='ocrx_word' id='word_1_279' title='bbox 1071 4139 1296 4187; x_wconf 85' lang='lat' dir='ltr'><strong>vocatur</strong></span> <span class='ocrx_word' id='word_1_280' title='bbox 1357 4127 1787 4200; x_wconf 85' lang='lat' dir='ltr'><strong>prepitiatorium</strong></span> <span class='ocrx_word' id='word_1_281' title='bbox 1846 4127 1934 4184; x_wconf 87' lang='lat' dir='ltr'><strong>vel</strong></span> <span class='ocrx_word' id='word_1_282' title='bbox 1989 4139 2081 4182; x_wconf 88' lang='lat' dir='ltr'><strong>re-</strong></span> 
     </span>
    </p>
   </div>
   <div class='ocr_carea' id='block_1_41' title="bbox 477 4215 2085 4290">
    <p class='ocr_par' dir='ltr' id='par_1_41' title="bbox 477 4215 2085 4290">
     <span class='ocr_line' id='line_1_41' title="bbox 477 4215 2085 4290; baseline -0.006 -8"><span class='ocrx_word' id='word_1_283' title='bbox 477 4224 926 4290; x_wconf 90' lang='lat' dir='ltr'><strong>conciliatorium,</strong></span> <span class='ocrx_word' id='word_1_284' title='bbox 1001 4220 1296 4277; x_wconf 89' lang='lat' dir='ltr'><strong>secundum</strong></span> <span class='ocrx_word' id='word_1_285' title='bbox 1365 4216 1800 4290; x_wconf 90' lang='lat' dir='ltr'><strong>promeritorium</strong></span> <span class='ocrx_word' id='word_1_286' title='bbox 1850 4215 1939 4273; x_wconf 89' lang='lat' dir='ltr'><strong>vel</strong></span> <span class='ocrx_word' id='word_1_287' title='bbox 1999 4232 2085 4272; x_wconf 82' lang='lat' dir='ltr'><strong>re-</strong></span> 
     </span>
    </p>
   </div>
   <div class='ocr_carea' id='block_1_42' title="bbox 479 4315 2081 4388">
    <p class='ocr_par' dir='ltr' id='par_1_42' title="bbox 479 4315 2081 4388">
     <span class='ocr_line' id='line_1_42' title="bbox 479 4315 2081 4388; baseline -0.006 -8"><span class='ocrx_word' id='word_1_288' title='bbox 479 4321 924 4386; x_wconf 83' lang='lat' dir='ltr'><strong>muneratorium,</strong></span> <span class='ocrx_word' id='word_1_289' title='bbox 983 4319 1196 4374; x_wconf 67' lang='lat' dir='ltr'><strong>tertium</strong></span> <span class='ocrx_word' id='word_1_290' title='bbox 1279 4317 1522 4374; x_wconf 79' lang='lat' dir='ltr'><strong>divinum</strong></span> <span class='ocrx_word' id='word_1_291' title='bbox 1579 4316 1667 4372; x_wconf 89' lang='lat' dir='ltr'><strong>vel</strong></span> <span class='ocrx_word' id='word_1_292' title='bbox 1738 4315 2081 4388; x_wconf 77' lang='lat' dir='ltr'><strong>contempla-</strong></span> 
     </span>
    </p>
   </div>
   <div class='ocr_carea' id='block_1_43' title="bbox 478 4405 2084 4476">
    <p class='ocr_par' dir='ltr' id='par_1_43' title="bbox 478 4405 2084 4476">
     <span class='ocr_line' id='line_1_43' title="bbox 478 4405 2084 4476; baseline -0.006 -6"><span class='ocrx_word' id='word_1_293' title='bbox 478 4413 693 4471; x_wconf 85' lang='lat' dir='ltr'><strong>torium.</strong></span> <span class='ocrx_word' id='word_1_294' title='bbox 745 4410 983 4465; x_wconf 82' lang='lat' dir='ltr'><strong>Primum</strong></span> <span class='ocrx_word' id='word_1_295' title='bbox 1035 4407 1265 4464; x_wconf 80' lang='lat' dir='ltr'><strong>sumitur</strong></span> <span class='ocrx_word' id='word_1_296' title='bbox 1317 4407 1387 4462; x_wconf 84' lang='lat' dir='ltr'><strong>ad</strong></span> <span class='ocrx_word' id='word_1_297' title='bbox 1454 4405 1640 4476; x_wconf 81' lang='lat' dir='ltr'><strong>pedes,</strong></span> <span class='ocrx_word' id='word_1_298' title='bbox 1689 4405 1984 4461; x_wconf 86' lang='lat' dir='ltr'><strong>secundum</strong></span> <span class='ocrx_word' id='word_1_299' title='bbox 2013 4405 2084 4460; x_wconf 89' lang='lat' dir='ltr'><strong>ad</strong></span> 
     </span>
    </p>
   </div>
   <div class='ocr_carea' id='block_1_44' title="bbox 477 4495 2084 4569">
    <p class='ocr_par' dir='ltr' id='par_1_44' title="bbox 477 4495 2084 4569">
     <span class='ocr_line' id='line_1_44' title="bbox 477 4495 2084 4569; baseline -0.006 -10"><span class='ocrx_word' id='word_1_300' title='bbox 477 4517 690 4569; x_wconf 77' lang='lat' dir='ltr'><strong>manus,</strong></span> <span class='ocrx_word' id='word_1_301' title='bbox 747 4499 962 4556; x_wconf 87' lang='lat' dir='ltr'><strong>tertium</strong></span> <span class='ocrx_word' id='word_1_302' title='bbox 1009 4497 1080 4553; x_wconf 84' lang='lat' dir='ltr'><strong>ad</strong></span> <span class='ocrx_word' id='word_1_303' title='bbox 1133 4511 1214 4552; x_wconf 89' lang='lat' dir='ltr'><strong>os.</strong></span> <span class='ocrx_word' id='word_1_304' title='bbox 1278 4496 1513 4551; x_wconf 87' lang='lat' dir='ltr'><strong>Primum</strong></span> <span class='ocrx_word' id='word_1_305' title='bbox 1559 4495 1814 4550; x_wconf 80' lang='lat' dir='ltr'><strong>convenit</strong></span> <span class='ocrx_word' id='word_1_306' title='bbox 1849 4495 2084 4550; x_wconf 83' lang='lat' dir='ltr'><strong>rationa-</strong></span> 
     </span>
    </p>
   </div>
   <div class='ocr_carea' id='block_1_45' title="bbox 474 4583 2159 4672">
    <p class='ocr_par' dir='ltr' id='par_1_45' title="bbox 474 4583 2159 4672">
     <span class='ocr_line' id='line_1_45' title="bbox 474 4583 2159 4672; baseline -0.005 -24"><span class='ocrx_word' id='word_1_307' title='bbox 474 4591 655 4649; x_wconf 88' lang='lat' dir='ltr'><strong>biliter</strong></span> <span class='ocrx_word' id='word_1_308' title='bbox 680 4587 1084 4661; x_wconf 72' lang='lat' dir='ltr'><strong>pmnitentibus,</strong></span> <span class='ocrx_word' id='word_1_309' title='bbox 1143 4594 1198 4642; x_wconf 91' lang='lat' dir='ltr'><strong>et</strong></span> <span class='ocrx_word' id='word_1_310' title='bbox 1225 4585 1531 4657; x_wconf 85' lang='lat' dir='ltr'><strong>ingratiam</strong></span> <span class='ocrx_word' id='word_1_311' title='bbox 1590 4584 1687 4640; x_wconf 82' lang='lat' dir='ltr'><strong>Dei</strong></span> <span class='ocrx_word' id='word_1_312' title='bbox 1736 4583 1914 4640; x_wconf 62' lang='lat' dir='ltr'><strong>redire</strong></span> <span class='ocrx_word' id='word_1_313' title='bbox 1967 4599 2075 4640; x_wconf 82' lang='lat' dir='ltr'><strong>vo-</strong></span> <span class='ocrx_word' id='word_1_314' title='bbox 2103 4607 2159 4672; x_wconf 73' lang='grc' dir='ltr'><strong>Ι)</strong></span> 
     </span>
    </p>
   </div>
   <div class='ocr_carea' id='block_1_46' title="bbox 475 4673 2084 4746">
    <p class='ocr_par' dir='ltr' id='par_1_46' title="bbox 475 4673 2084 4746">
     <span class='ocr_line' id='line_1_46' title="bbox 475 4673 2084 4746; baseline -0.005 -10"><span class='ocrx_word' id='word_1_315' title='bbox 475 4681 728 4738; x_wconf 82' lang='lat' dir='ltr'><strong>lentibus.</strong></span> <span class='ocrx_word' id='word_1_316' title='bbox 769 4677 940 4735; x_wconf 84' lang='lat' dir='ltr'><strong>Pedes</strong></span> <span class='ocrx_word' id='word_1_317' title='bbox 983 4675 1202 4734; x_wconf 84' lang='lat' dir='ltr'><strong>Domini</strong></span> <span class='ocrx_word' id='word_1_318' title='bbox 1277 4674 1473 4746; x_wconf 78' lang='lat' dir='ltr'><strong>quibus</strong></span> <span class='ocrx_word' id='word_1_319' title='bbox 1528 4673 1805 4729; x_wconf 75' lang='lat' dir='ltr'><strong>osculandi</strong></span> <span class='ocrx_word' id='word_1_320' title='bbox 1848 4674 2084 4730; x_wconf 82' lang='lat' dir='ltr'><strong>reconci.</strong></span> 
     </span>
    </p>
   </div>
   <div class='ocr_carea' id='block_1_47' title="bbox 473 4769 2088 4842">
    <p class='ocr_par' dir='ltr' id='par_1_47' title="bbox 473 4769 2088 4842">
     <span class='ocr_line' id='line_1_47' title="bbox 473 4769 2088 4842; baseline -0.006 -7"><span class='ocrx_word' id='word_1_321' title='bbox 473 4777 658 4838; x_wconf 75' lang='lat' dir='ltr'><strong>lianda</strong></span> <span class='ocrx_word' id='word_1_322' title='bbox 693 4783 818 4832; x_wconf 88' lang='lat' dir='ltr'><strong>sunt</strong></span> <span class='ocrx_word' id='word_1_323' title='bbox 877 4773 1249 4830; x_wconf 64' lang='lat' dir='ltr'><strong>misericordia</strong></span> <span class='ocrx_word' id='word_1_324' title='bbox 1312 4779 1368 4826; x_wconf 91' lang='lat' dir='ltr'><strong>et</strong></span> <span class='ocrx_word' id='word_1_325' title='bbox 1406 4769 1694 4842; x_wconf 85' lang='lat' dir='ltr'><strong>judicium,</strong></span> <span class='ocrx_word' id='word_1_326' title='bbox 1751 4785 1876 4840; x_wconf 65' lang='lat' dir='ltr'><strong>quas</strong></span> <span class='ocrx_word' id='word_1_327' title='bbox 1943 4770 2088 4826; x_wconf 85' lang='lat' dir='ltr'><strong>incu-</strong></span> 
     </span>
    </p>
   </div>
   <div class='ocr_carea' id='block_1_48' title="bbox 475 4869 2082 4945">
    <p class='ocr_par' dir='ltr' id='par_1_48' title="bbox 475 4869 2082 4945">
     <span class='ocr_line' id='line_1_48' title="bbox 475 4869 2082 4945; baseline -0.007 -11"><span class='ocrx_word' id='word_1_328' title='bbox 475 4878 613 4934; x_wconf 89' lang='lat' dir='ltr'><strong>tiunt</strong></span> <span class='ocrx_word' id='word_1_329' title='bbox 639 4874 846 4932; x_wconf 89' lang='lat' dir='ltr'><strong>homini</strong></span> <span class='ocrx_word' id='word_1_330' title='bbox 875 4888 1028 4945; x_wconf 88' lang='lat' dir='ltr'><strong>spem</strong></span> <span class='ocrx_word' id='word_1_331' title='bbox 1059 4879 1114 4927; x_wconf 91' lang='lat' dir='ltr'><strong>et</strong></span> <span class='ocrx_word' id='word_1_332' title='bbox 1159 4871 1434 4938; x_wconf 83' lang='lat' dir='ltr'><strong>timorem,</strong></span> <span class='ocrx_word' id='word_1_333' title='bbox 1467 4885 1534 4924; x_wconf 87' lang='lat' dir='ltr'><strong>ne</strong></span> <span class='ocrx_word' id='word_1_334' title='bbox 1580 4869 1668 4924; x_wconf 84' lang='lat' dir='ltr'><strong>vel</strong></span> <span class='ocrx_word' id='word_1_335' title='bbox 1707 4869 2082 4940; x_wconf 63' lang='lat' dir='ltr'><strong>paenitentiam</strong></span> 
     </span>
    </p>
   </div>
   <div class='ocr_carea' id='block_1_49' title="bbox 479 4965 2087 5047">
    <p class='ocr_par' dir='ltr' id='par_1_49' title="bbox 479 4965 2087 5047">
     <span class='ocr_line' id='line_1_49' title="bbox 479 4965 2087 5047; baseline -0.006 -16"><span class='ocrx_word' id='word_1_336' title='bbox 479 4975 722 5047; x_wconf 83' lang='lat' dir='ltr'><strong>negligat</strong></span> <span class='ocrx_word' id='word_1_337' title='bbox 747 4987 848 5043; x_wconf 90' lang='lat' dir='ltr'><strong>per</strong></span> <span class='ocrx_word' id='word_1_338' title='bbox 883 4968 1388 5042; x_wconf 64' lang='lat' dir='ltr'><strong>praesumptionem,</strong></span> <span class='ocrx_word' id='word_1_339' title='bbox 1445 4967 1618 5023; x_wconf 88' lang='lat' dir='ltr'><strong>solam</strong></span> <span class='ocrx_word' id='word_1_340' title='bbox 1666 4965 1948 5022; x_wconf 86' lang='lat' dir='ltr'><strong>attendens</strong></span> <span class='ocrx_word' id='word_1_341' title='bbox 1991 4967 2087 5021; x_wconf 88' lang='lat' dir='ltr'><strong>mi-</strong></span> 
     </span>
    </p>
   </div>
   <div class='ocr_carea' id='block_1_50' title="bbox 476 5055 2084 5130">
    <p class='ocr_par' dir='ltr' id='par_1_50' title="bbox 476 5055 2084 5130">
     <span class='ocr_line' id='line_1_50' title="bbox 476 5055 2084 5130; baseline -0.007 -9"><span class='ocrx_word' id='word_1_342' title='bbox 476 5063 848 5130; x_wconf 82' lang='lat' dir='ltr'><strong>sericordiam,</strong></span> <span class='ocrx_word' id='word_1_343' title='bbox 871 5061 1169 5116; x_wconf 88' lang='lat' dir='ltr'><strong>secundum</strong></span> <span class='ocrx_word' id='word_1_344' title='bbox 1202 5058 1370 5112; x_wconf 89' lang='lat' dir='ltr'><strong>illud:</strong></span> <span class='ocrx_word' id='word_1_345' title='bbox 1409 5079 1432 5106; x_wconf 74' lang='grc' dir='ltr'><strong><em>υ</em></strong></span> <span class='ocrx_word' id='word_1_346' title='bbox 1467 5055 1836 5112; x_wconf 77' lang='lat' dir='ltr'><strong>Misericordia</strong></span> <span class='ocrx_word' id='word_1_347' title='bbox 1867 5055 2084 5112; x_wconf 88' lang='lat' dir='ltr'><strong>Domini</strong></span> 
     </span>
    </p>
   </div>
   <div class='ocr_carea' id='block_1_51' title="bbox 479 5156 2084 5238">
    <p class='ocr_par' dir='ltr' id='par_1_51' title="bbox 479 5156 2084 5238">
     <span class='ocr_line' id='line_1_51' title="bbox 479 5156 2084 5238; baseline -0.006 -18"><span class='ocrx_word' id='word_1_348' title='bbox 479 5165 639 5238; x_wconf 73' lang='lat' dir='ltr'><strong>piens</strong></span> <span class='ocrx_word' id='word_1_349' title='bbox 667 5171 747 5218; x_wconf 92' lang='lat' dir='ltr'><strong>est</strong></span> <span class='ocrx_word' id='word_1_350' title='bbox 767 5169 909 5216; x_wconf 83' lang='lat' dir='ltr'><strong>terra</strong></span> <span class='ocrx_word' id='word_1_351' title='bbox 943 5157 1122 5232; x_wconf 78' lang='lat' dir='ltr'><strong>(Pral.</strong></span> <span class='ocrx_word' id='word_1_352' title='bbox 1172 5159 1360 5226; x_wconf 75' lang='lat' dir='ltr'><strong>xxxn)</strong></span> <span class='ocrx_word' id='word_1_353' title='bbox 1395 5171 1410 5227; x_wconf 89' lang='lat'><strong>;</strong></span> <span class='ocrx_word' id='word_1_354' title='bbox 1449 5179 1472 5206; x_wconf 70' lang='grc' dir='ltr'><strong>ι»</strong></span> <span class='ocrx_word' id='word_1_355' title='bbox 1508 5163 1559 5211; x_wconf 92' lang='lat' dir='ltr'><strong>et</strong></span> <span class='ocrx_word' id='word_1_356' title='bbox 1592 5173 1605 5212; x_wconf 87' lang='lat'><strong>:</strong></span> <span class='ocrx_word' id='word_1_357' title='bbox 1636 5178 1658 5204; x_wconf 77' lang='grc' dir='ltr'><strong><em>α</em></strong></span> <span class='ocrx_word' id='word_1_358' title='bbox 1717 5156 2084 5212; x_wconf 80' lang='lat' dir='ltr'><strong>Miserationes</strong></span> 
     </span>
    </p>
   </div>
   <div class='ocr_carea' id='block_1_52' title="bbox 478 5252 2082 5334">
    <p class='ocr_par' dir='ltr' id='par_1_52' title="bbox 478 5252 2082 5334">
     <span class='ocr_line' id='line_1_52' title="bbox 478 5252 2082 5334; baseline -0.007 -15"><span class='ocrx_word' id='word_1_359' title='bbox 478 5263 597 5334; x_wconf 86' lang='lat' dir='ltr'><strong>ejus</strong></span> <span class='ocrx_word' id='word_1_360' title='bbox 629 5276 794 5333; x_wconf 87' lang='lat' dir='ltr'><strong>super</strong></span> <span class='ocrx_word' id='word_1_361' title='bbox 829 5256 1014 5314; x_wconf 82' lang='lat' dir='ltr'><strong>omnia</strong></span> <span class='ocrx_word' id='word_1_362' title='bbox 1075 5271 1242 5326; x_wconf 84' lang='lat' dir='ltr'><strong>opera</strong></span> <span class='ocrx_word' id='word_1_363' title='bbox 1297 5253 1416 5324; x_wconf 88' lang='lat' dir='ltr'><strong>ejus</strong></span> <span class='ocrx_word' id='word_1_364' title='bbox 1449 5254 1624 5325; x_wconf 79' lang='lat' dir='ltr'><strong>(Pral.</strong></span> <span class='ocrx_word' id='word_1_365' title='bbox 1677 5253 1880 5325; x_wconf 78' lang='lat' dir='ltr'><strong>cxuv),</strong></span> <span class='ocrx_word' id='word_1_366' title='bbox 1927 5277 1950 5300; x_wconf 67' lang='grc' dir='ltr'><strong>κ</strong></span> <span class='ocrx_word' id='word_1_367' title='bbox 1994 5252 2082 5309; x_wconf 85' lang='lat' dir='ltr'><strong>vel</strong></span> 
     </span>
    </p>
   </div>
   <div class='ocr_carea' id='block_1_53' title="bbox 477 5351 2080 5428">
    <p class='ocr_par' dir='ltr' id='par_1_53' title="bbox 477 5351 2080 5428">
     <span class='ocr_line' id='line_1_53' title="bbox 477 5351 2080 5428; baseline -0.007 -12"><span class='ocrx_word' id='word_1_368' title='bbox 477 5360 780 5416; x_wconf 86' lang='lat' dir='ltr'><strong>indurescat</strong></span> <span class='ocrx_word' id='word_1_369' title='bbox 821 5358 875 5412; x_wconf 91' lang='lat' dir='ltr'><strong>in</strong></span> <span class='ocrx_word' id='word_1_370' title='bbox 915 5354 1368 5428; x_wconf 84' lang='lat' dir='ltr'><strong>desperationem,</strong></span> <span class='ocrx_word' id='word_1_371' title='bbox 1413 5353 1583 5408; x_wconf 87' lang='lat' dir='ltr'><strong>solam</strong></span> <span class='ocrx_word' id='word_1_372' title='bbox 1632 5368 1864 5422; x_wconf 84' lang='lat' dir='ltr'><strong>pensans</strong></span> <span class='ocrx_word' id='word_1_373' title='bbox 1911 5351 2080 5422; x_wconf 87' lang='lat' dir='ltr'><strong>justi-</strong></span> 
     </span>
    </p>
   </div>
   <div class='ocr_carea' id='block_1_54' title="bbox 480 5447 2079 5523">
    <p class='ocr_par' dir='ltr' id='par_1_54' title="bbox 480 5447 2079 5523">
     <span class='ocr_line' id='line_1_54' title="bbox 480 5447 2079 5523; baseline -0.004 -13"><span class='ocrx_word' id='word_1_374' title='bbox 480 5453 942 5523; x_wconf 86' lang='lat' dir='ltr'><strong>tiam,secundum</strong></span> <span class='ocrx_word' id='word_1_375' title='bbox 975 5450 1105 5506; x_wconf 90' lang='lat' dir='ltr'><strong>illud</strong></span> <span class='ocrx_word' id='word_1_376' title='bbox 1137 5470 1148 5508; x_wconf 87' lang='lat'><strong>:</strong></span> <span class='ocrx_word' id='word_1_377' title='bbox 1180 5474 1202 5498; x_wconf 75' lang='grc' dir='ltr'><strong>σε</strong></span> <span class='ocrx_word' id='word_1_378' title='bbox 1238 5447 1372 5518; x_wconf 89' lang='lat' dir='ltr'><strong>Quis</strong></span> <span class='ocrx_word' id='word_1_379' title='bbox 1428 5448 1580 5504; x_wconf 80' lang='lat' dir='ltr'><strong>novit</strong></span> <span class='ocrx_word' id='word_1_380' title='bbox 1609 5455 1928 5520; x_wconf 80' lang='lat' dir='ltr'><strong>potestatem</strong></span> <span class='ocrx_word' id='word_1_381' title='bbox 1984 5447 2079 5503; x_wconf 73' lang='lat' dir='ltr'><strong>ira:</strong></span> 
     </span>
    </p>
   </div>
   <div class='ocr_carea' id='block_1_55' title="bbox 481 5536 2078 5615">
    <p class='ocr_par' dir='ltr' id='par_1_55' title="bbox 481 5536 2078 5615">
     <span class='ocr_line' id='line_1_55' title="bbox 481 5536 2078 5615; baseline -0.006 -15"><span class='ocrx_word' id='word_1_382' title='bbox 481 5552 604 5610; x_wconf 70' lang='lat' dir='ltr'><strong>tuae,</strong></span> <span class='ocrx_word' id='word_1_383' title='bbox 655 5552 704 5599; x_wconf 89' lang='lat' dir='ltr'><strong>et</strong></span> <span class='ocrx_word' id='word_1_384' title='bbox 736 5559 848 5615; x_wconf 66' lang='lat' dir='ltr'><strong>prae</strong></span> <span class='ocrx_word' id='word_1_385' title='bbox 905 5543 1096 5596; x_wconf 86' lang='lat' dir='ltr'><strong>timore</strong></span> <span class='ocrx_word' id='word_1_386' title='bbox 1144 5548 1257 5608; x_wconf 93' lang='lat' dir='ltr'><strong>tuo,</strong></span> <span class='ocrx_word' id='word_1_387' title='bbox 1307 5540 1444 5594; x_wconf 89' lang='lat' dir='ltr'><strong>iram</strong></span> <span class='ocrx_word' id='word_1_388' title='bbox 1485 5546 1631 5594; x_wconf 86' lang='lat' dir='ltr'><strong>tuam</strong></span> <span class='ocrx_word' id='word_1_389' title='bbox 1682 5536 2078 5592; x_wconf 81' lang='lat' dir='ltr'><strong>dinumerare?</strong></span> 
     </span>
    </p>
   </div>
   <div class='ocr_carea' id='block_1_56' title="bbox 476 5625 2080 5703">
    <p class='ocr_par' dir='ltr' id='par_1_56' title="bbox 476 5625 2080 5703">
     <span class='ocr_line' id='line_1_56' title="bbox 476 5625 2080 5703; baseline -0.005 -15"><span class='ocrx_word' id='word_1_390' title='bbox 476 5632 658 5703; x_wconf 80' lang='lat' dir='ltr'><strong>(Psal.</strong></span> <span class='ocrx_word' id='word_1_391' title='bbox 696 5633 953 5702; x_wconf 70' lang='lat' dir='ltr'><strong>Lxxmx.)</strong></span> <span class='ocrx_word' id='word_1_392' title='bbox 977 5653 998 5678; x_wconf 77' lang='grc' dir='ltr'><strong>ιι</strong></span> <span class='ocrx_word' id='word_1_393' title='bbox 1035 5628 1141 5685; x_wconf 84' lang='lat' dir='ltr'><strong>Sed</strong></span> <span class='ocrx_word' id='word_1_394' title='bbox 1177 5635 1461 5698; x_wconf 86' lang='lat' dir='ltr'><strong>utrumque</strong></span> <span class='ocrx_word' id='word_1_395' title='bbox 1490 5626 1685 5697; x_wconf 88' lang='lat' dir='ltr'><strong>pedem</strong></span> <span class='ocrx_word' id='word_1_396' title='bbox 1739 5625 2080 5682; x_wconf 84' lang='lat' dir='ltr'><strong>deosculetur</strong></span> 
     </span>
    </p>
   </div>
   <div class='ocr_carea' id='block_1_57' title="bbox 479 5723 2075 5802">
    <p class='ocr_par' dir='ltr' id='par_1_57' title="bbox 479 5723 2075 5802">
     <span class='ocr_line' id='line_1_57' title="bbox 479 5723 2075 5802; baseline -0.005 -17"><span class='ocrx_word' id='word_1_397' title='bbox 479 5730 664 5787; x_wconf 85' lang='lat' dir='ltr'><strong>dicens</strong></span> <span class='ocrx_word' id='word_1_398' title='bbox 691 5747 812 5786; x_wconf 84' lang='lat' dir='ltr'><strong>cum</strong></span> <span class='ocrx_word' id='word_1_399' title='bbox 846 5730 1146 5802; x_wconf 78' lang='lat' dir='ltr'><strong>preplieta:</strong></span> <span class='ocrx_word' id='word_1_400' title='bbox 1180 5751 1201 5774; x_wconf 77' lang='grc' dir='ltr'>ι</span> <span class='ocrx_word' id='word_1_401' title='bbox 1239 5725 1660 5782; x_wconf 83' lang='lat' dir='ltr'><strong>Misericordiam</strong></span> <span class='ocrx_word' id='word_1_402' title='bbox 1703 5733 1755 5780; x_wconf 87' lang='lat' dir='ltr'><strong>et</strong></span> <span class='ocrx_word' id='word_1_403' title='bbox 1805 5723 2075 5793; x_wconf 83' lang='lat' dir='ltr'><strong>judicium</strong></span> 
     </span>
    </p>
   </div>
   <div class='ocr_carea' id='block_1_58' title="bbox 478 5819 2074 5894">
    <p class='ocr_par' dir='ltr' id='par_1_58' title="bbox 478 5819 2074 5894">
     <span class='ocr_line' id='line_1_58' title="bbox 478 5819 2074 5894; baseline -0.006 -10"><span class='ocrx_word' id='word_1_404' title='bbox 478 5827 710 5884; x_wconf 84' lang='lat' dir='ltr'><strong>cantabo</strong></span> <span class='ocrx_word' id='word_1_405' title='bbox 732 5827 847 5894; x_wconf 89' lang='lat' dir='ltr'><strong>tibi,</strong></span> <span class='ocrx_word' id='word_1_406' title='bbox 881 5825 1114 5882; x_wconf 85' lang='lat' dir='ltr'><strong>Domine</strong></span> <span class='ocrx_word' id='word_1_407' title='bbox 1142 5825 1318 5892; x_wconf 72' lang='lat' dir='ltr'><strong>(Paci.</strong></span> <span class='ocrx_word' id='word_1_408' title='bbox 1347 5825 1422 5894; x_wconf 81' lang='grc' dir='ltr'><strong>ο),</strong></span> <span class='ocrx_word' id='word_1_409' title='bbox 1463 5845 1486 5871; x_wconf 76' lang='grc' dir='ltr'>ι</span> <span class='ocrx_word' id='word_1_410' title='bbox 1521 5829 1574 5877; x_wconf 90' lang='lat' dir='ltr'><strong>et</strong></span> <span class='ocrx_word' id='word_1_411' title='bbox 1604 5844 1628 5872; x_wconf 74' lang='grc' dir='ltr'><strong><em>α</em></strong></span> <span class='ocrx_word' id='word_1_412' title='bbox 1666 5821 1941 5877; x_wconf 69' lang='lat' dir='ltr'><strong>Universm</strong></span> <span class='ocrx_word' id='word_1_413' title='bbox 1965 5819 2074 5875; x_wconf 71' lang='lat' dir='ltr'><strong>vim</strong></span> 
     </span>
    </p>
   </div>
   <div class='ocr_carea' id='block_1_59' title="bbox 479 5907 2072 5982">
    <p class='ocr_par' dir='ltr' id='par_1_59' title="bbox 479 5907 2072 5982">
     <span class='ocr_line' id='line_1_59' title="bbox 479 5907 2072 5982; baseline -0.006 -10"><span class='ocrx_word' id='word_1_414' title='bbox 479 5913 697 5972; x_wconf 84' lang='lat' dir='ltr'><strong>Domini</strong></span> <span class='ocrx_word' id='word_1_415' title='bbox 735 5911 1106 5970; x_wconf 85' lang='lat' dir='ltr'><strong>misericordia</strong></span> <span class='ocrx_word' id='word_1_416' title='bbox 1157 5919 1209 5968; x_wconf 89' lang='lat' dir='ltr'><strong>et</strong></span> <span class='ocrx_word' id='word_1_417' title='bbox 1230 5910 1429 5970; x_wconf 83' lang='lat' dir='ltr'><strong>veritas</strong></span> <span class='ocrx_word' id='word_1_418' title='bbox 1480 5909 1660 5982; x_wconf 78' lang='lat' dir='ltr'><strong>(Pral.</strong></span> <span class='ocrx_word' id='word_1_419' title='bbox 1690 5908 1871 5978; x_wconf 75' lang='lat' dir='ltr'><strong>xxiv).</strong></span> <span class='ocrx_word' id='word_1_420' title='bbox 1907 5929 1930 5957; x_wconf 81' lang='grc' dir='ltr'>ι</span> <span class='ocrx_word' id='word_1_421' title='bbox 1989 5907 2072 5962; x_wconf 76' lang='lat' dir='ltr'><strong>De</strong></span> 
     </span>
    </p>
   </div>
   <div class='ocr_carea' id='block_1_60' title="bbox 1619 397 3792 495">
    <p class='ocr_par' dir='ltr' id='par_1_60' title="bbox 1619 397 3792 495">
     <span class='ocr_line' id='line_1_60' title="bbox 1619 397 3792 495; baseline 0.001 -31"><span class='ocrx_word' id='word_1_422' title='bbox 1619 397 1956 466; x_wconf 77' lang='lat' dir='ltr'><strong>WERNEm</strong></span> <span class='ocrx_word' id='word_1_423' title='bbox 1994 403 2286 466; x_wconf 76' lang='lat' dir='ltr'><strong>ABBATIS</strong></span> <span class='ocrx_word' id='word_1_424' title='bbox 2325 407 2382 465; x_wconf 84' lang='lat' dir='ltr'><strong>s.</strong></span> <span class='ocrx_word' id='word_1_425' title='bbox 2424 404 2642 465; x_wconf 75' lang='lat' dir='ltr'><strong>BLASll</strong></span> <span class='ocrx_word' id='word_1_426' title='bbox 3219 487 3230 495; x_wconf 87' lang='lat'>_</span> <span class='ocrx_word' id='word_1_427' title='bbox 3682 412 3792 467; x_wconf 77' lang='lat'><strong>876</strong></span> 
     </span>
    </p>
   </div>
   <div class='ocr_carea' id='block_1_61' title="bbox 480 531 2754 606">
    <p class='ocr_par' dir='ltr' id='par_1_61' title="bbox 480 531 2754 606">
     <span class='ocr_line' id='line_1_61' title="bbox 480 531 2754 606; baseline -0.003 -10"><span class='ocrx_word' id='word_1_428' title='bbox 480 548 535 596; x_wconf 90' lang='lat' dir='ltr'><strong>et</strong></span> <span class='ocrx_word' id='word_1_429' title='bbox 562 555 754 597; x_wconf 86' lang='lat' dir='ltr'><strong>canum</strong></span> <span class='ocrx_word' id='word_1_430' title='bbox 804 538 1187 596; x_wconf 87' lang='lat' dir='ltr'><strong>convenienter</strong></span> <span class='ocrx_word' id='word_1_431' title='bbox 1231 535 1410 592; x_wconf 86' lang='lat' dir='ltr'><strong>facere</strong></span> <span class='ocrx_word' id='word_1_432' title='bbox 1467 541 1656 606; x_wconf 88' lang='lat' dir='ltr'><strong>potes;</strong></span> <span class='ocrx_word' id='word_1_433' title='bbox 1688 549 1815 590; x_wconf 87' lang='lat' dir='ltr'><strong>nam</strong></span> <span class='ocrx_word' id='word_1_434' title='bbox 1871 537 1930 590; x_wconf 77' lang='lat' dir='ltr'><strong>et</strong></span> <span class='ocrx_word' id='word_1_435' title='bbox 1973 547 2072 604; x_wconf 89' lang='lat' dir='ltr'><strong>pro</strong></span> <span class='ocrx_word' id='word_1_436' title='bbox 2103 537 2155 598; x_wconf 78' lang='grc' dir='ltr'><strong>Α</strong></span> <span class='ocrx_word' id='word_1_437' title='bbox 2183 531 2267 589; x_wconf 88' lang='lat' dir='ltr'><strong>his</strong></span> <span class='ocrx_word' id='word_1_438' title='bbox 2285 533 2515 603; x_wconf 90' lang='lat' dir='ltr'><strong>pedibus</strong></span> <span class='ocrx_word' id='word_1_439' title='bbox 2561 533 2754 590; x_wconf 89' lang='lat' dir='ltr'><strong>dicitur</strong></span> 
     </span>
    </p>
   </div>
   <div class='ocr_carea' id='block_1_62' title="bbox 2815 531 3792 593">
    <p class='ocr_par' dir='ltr' id='par_1_62' title="bbox 2815 531 3792 593">
     <span class='ocr_line' id='line_1_62' title="bbox 2815 531 3792 593; baseline 0.003 -4"><span class='ocrx_word' id='word_1_440' title='bbox 2815 553 2826 589; x_wconf 95' lang='lat'><strong>:</strong></span> <span class='ocrx_word' id='word_1_441' title='bbox 2884 557 2907 582; x_wconf 77' lang='grc' dir='ltr'><em>υ</em></span> <span class='ocrx_word' id='word_1_442' title='bbox 2961 531 3021 590; x_wconf 86' lang='lat' dir='ltr'><strong>In</strong></span> <span class='ocrx_word' id='word_1_443' title='bbox 3049 533 3182 590; x_wconf 86' lang='lat' dir='ltr'><strong>mari</strong></span> <span class='ocrx_word' id='word_1_444' title='bbox 3212 535 3298 590; x_wconf 85' lang='lat' dir='ltr'><strong>via</strong></span> <span class='ocrx_word' id='word_1_445' title='bbox 3345 541 3433 591; x_wconf 85' lang='lat' dir='ltr'><strong>tua</strong></span> <span class='ocrx_word' id='word_1_446' title='bbox 3471 543 3527 591; x_wconf 90' lang='lat' dir='ltr'><strong>et</strong></span> <span class='ocrx_word' id='word_1_447' title='bbox 3567 537 3792 593; x_wconf 67' lang='lat' dir='ltr'><strong>semim</strong></span> 
     </span>
    </p>
   </div>
   <div class='ocr_carea' id='block_1_63' title="bbox 2190 621 3793 694">
    <p class='ocr_par' dir='ltr' id='par_1_63' title="bbox 2190 621 3793 694">
     <span class='ocr_line' id='line_1_63' title="bbox 2190 621 3793 694; baseline 0.003 -17"><span class='ocrx_word' id='word_1_448' title='bbox 2190 628 2293 678; x_wconf 59' lang='lat' dir='ltr'><strong>tua:</strong></span> <span class='ocrx_word' id='word_1_449' title='bbox 2313 621 2366 676; x_wconf 93' lang='lat' dir='ltr'><strong>in</strong></span> <span class='ocrx_word' id='word_1_450' title='bbox 2383 622 2536 694; x_wconf 91' lang='lat' dir='ltr'><strong>aquis</strong></span> <span class='ocrx_word' id='word_1_451' title='bbox 2565 622 2745 678; x_wconf 88' lang='lat' dir='ltr'><strong>multis</strong></span> <span class='ocrx_word' id='word_1_452' title='bbox 2773 623 2950 693; x_wconf 76' lang='lat' dir='ltr'><strong>(Psal.</strong></span> <span class='ocrx_word' id='word_1_453' title='bbox 2984 625 3192 694; x_wconf 75' lang='lat' dir='ltr'><strong>um).</strong></span> <span class='ocrx_word' id='word_1_454' title='bbox 3228 646 3250 672; x_wconf 73' lang='grc' dir='ltr'><strong>υ</strong></span> <span class='ocrx_word' id='word_1_455' title='bbox 3285 624 3356 679; x_wconf 91' lang='lat' dir='ltr'><strong>Et</strong></span> <span class='ocrx_word' id='word_1_456' title='bbox 3383 623 3544 680; x_wconf 85' lang='lat' dir='ltr'><strong>alibi:</strong></span> <span class='ocrx_word' id='word_1_457' title='bbox 3582 648 3604 674; x_wconf 79' lang='grc' dir='ltr'>ι</span> <span class='ocrx_word' id='word_1_458' title='bbox 3633 625 3793 682; x_wconf 70' lang='grc' dir='ltr'><strong>Δᾶο-</strong></span> 
     </span>
    </p>
   </div>
   <div class='ocr_carea' id='block_1_64' title="bbox 2187 719 3784 793">
    <p class='ocr_par' dir='ltr' id='par_1_64' title="bbox 2187 719 3784 793">
     <span class='ocr_line' id='line_1_64' title="bbox 2187 719 3784 793; baseline 0.003 -18"><span class='ocrx_word' id='word_1_459' title='bbox 2187 719 2426 777; x_wconf 86' lang='lat' dir='ltr'><strong>ravimus</strong></span> <span class='ocrx_word' id='word_1_460' title='bbox 2465 721 2518 775; x_wconf 91' lang='lat' dir='ltr'><strong>in</strong></span> <span class='ocrx_word' id='word_1_461' title='bbox 2567 720 2708 788; x_wconf 92' lang='lat' dir='ltr'><strong>loco,</strong></span> <span class='ocrx_word' id='word_1_462' title='bbox 2756 720 2850 776; x_wconf 90' lang='lat' dir='ltr'><strong>ubi</strong></span> <span class='ocrx_word' id='word_1_463' title='bbox 2896 728 3156 778; x_wconf 89' lang='lat' dir='ltr'><strong>steterunt</strong></span> <span class='ocrx_word' id='word_1_464' title='bbox 3189 721 3355 792; x_wconf 88' lang='lat' dir='ltr'><strong>pedes</strong></span> <span class='ocrx_word' id='word_1_465' title='bbox 3407 721 3528 792; x_wconf 80' lang='lat' dir='ltr'><strong>ejus</strong></span> <span class='ocrx_word' id='word_1_466' title='bbox 3580 722 3784 793; x_wconf 73' lang='grc' dir='ltr'><strong>(Ρεοι.</strong></span> 
     </span>
    </p>
   </div>
   <div class='ocr_carea' id='block_1_65' title="bbox 2187 809 3794 882">
    <p class='ocr_par' dir='ltr' id='par_1_65' title="bbox 2187 809 3794 882">
     <span class='ocr_line' id='line_1_65' title="bbox 2187 809 3794 882; baseline 0.004 -18"><span class='ocrx_word' id='word_1_467' title='bbox 2187 813 2394 881; x_wconf 74' lang='lat' dir='ltr'><strong>cxxxr).</strong></span> <span class='ocrx_word' id='word_1_468' title='bbox 2431 833 2454 859; x_wconf 75' lang='grc' dir='ltr'><strong><em>ι</em></strong></span> <span class='ocrx_word' id='word_1_469' title='bbox 2486 809 2582 864; x_wconf 85' lang='lat' dir='ltr'><strong>His</strong></span> <span class='ocrx_word' id='word_1_470' title='bbox 2618 809 2847 882; x_wconf 89' lang='lat' dir='ltr'><strong>pedibus</strong></span> <span class='ocrx_word' id='word_1_471' title='bbox 2891 810 3040 866; x_wconf 90' lang='lat' dir='ltr'><strong>venit</strong></span> <span class='ocrx_word' id='word_1_472' title='bbox 3085 811 3322 866; x_wconf 85' lang='lat' dir='ltr'><strong>Christus</strong></span> <span class='ocrx_word' id='word_1_473' title='bbox 3351 811 3422 868; x_wconf 88' lang='lat' dir='ltr'><strong>ad</strong></span> <span class='ocrx_word' id='word_1_474' title='bbox 3455 827 3573 868; x_wconf 87' lang='lat' dir='ltr'><strong>nos.</strong></span> <span class='ocrx_word' id='word_1_475' title='bbox 3623 811 3794 870; x_wconf 77' lang='lat' dir='ltr'><strong>Unde</strong></span> 
     </span>
    </p>
   </div>
   <div class='ocr_carea' id='block_1_66' title="bbox 2187 897 3794 957">
    <p class='ocr_par' dir='ltr' id='par_1_66' title="bbox 2187 897 3794 957">
     <span class='ocr_line' id='line_1_66' title="bbox 2187 897 3794 957; baseline 0.003 -6"><span class='ocrx_word' id='word_1_476' title='bbox 2187 897 2380 954; x_wconf 84' lang='lat' dir='ltr'><strong>dicitur</strong></span> <span class='ocrx_word' id='word_1_477' title='bbox 2411 915 2425 953; x_wconf 90' lang='lat'><strong>:</strong></span> <span class='ocrx_word' id='word_1_478' title='bbox 2463 922 2485 947; x_wconf 78' lang='grc' dir='ltr'>ι</span> <span class='ocrx_word' id='word_1_479' title='bbox 2521 897 2890 955; x_wconf 74' lang='lat' dir='ltr'><strong>Misericordia</strong></span> <span class='ocrx_word' id='word_1_480' title='bbox 2940 905 2994 954; x_wconf 90' lang='lat' dir='ltr'><strong>et</strong></span> <span class='ocrx_word' id='word_1_481' title='bbox 3027 899 3223 957; x_wconf 86' lang='lat' dir='ltr'><strong>veritas</strong></span> <span class='ocrx_word' id='word_1_482' title='bbox 3267 899 3624 956; x_wconf 86' lang='lat' dir='ltr'><strong>obviaverunt</strong></span> <span class='ocrx_word' id='word_1_483' title='bbox 3681 901 3794 956; x_wconf 79' lang='lat' dir='ltr'><strong>sibi</strong></span> 
     </span>
    </p>
   </div>
   <div class='ocr_carea' id='block_1_67' title="bbox 2187 983 3796 1057">
    <p class='ocr_par' dir='ltr' id='par_1_67' title="bbox 2187 983 3796 1057">
     <span class='ocr_line' id='line_1_67' title="bbox 2187 983 3796 1057; baseline 0.001 -13"><span class='ocrx_word' id='word_1_484' title='bbox 2187 989 2363 1056; x_wconf 77' lang='lat' dir='ltr'><strong>(Psal.</strong></span> <span class='ocrx_word' id='word_1_485' title='bbox 2399 988 2646 1056; x_wconf 77' lang='lat' dir='ltr'><strong>Lxxxrv).</strong></span> <span class='ocrx_word' id='word_1_486' title='bbox 2679 1010 2702 1036; x_wconf 72' lang='grc' dir='ltr'>ι</span> <span class='ocrx_word' id='word_1_487' title='bbox 2728 983 2950 1042; x_wconf 87' lang='lat' dir='ltr'><strong>Fructus</strong></span> <span class='ocrx_word' id='word_1_488' title='bbox 2976 987 3137 1057; x_wconf 78' lang='lat' dir='ltr'><strong>huius</strong></span> <span class='ocrx_word' id='word_1_489' title='bbox 3190 987 3359 1044; x_wconf 90' lang='lat' dir='ltr'><strong>osculi</strong></span> <span class='ocrx_word' id='word_1_490' title='bbox 3399 987 3650 1044; x_wconf 85' lang='lat' dir='ltr'><strong>remissio</strong></span> <span class='ocrx_word' id='word_1_491' title='bbox 3707 995 3796 1045; x_wconf 82' lang='lat' dir='ltr'><strong>est</strong></span> 
     </span>
    </p>
   </div>
   <div class='ocr_carea' id='block_1_68' title="bbox 2189 1075 3791 1149">
    <p class='ocr_par' dir='ltr' id='par_1_68' title="bbox 2189 1075 3791 1149">
     <span class='ocr_line' id='line_1_68' title="bbox 2189 1075 3791 1149; baseline 0.001 -18"><span class='ocrx_word' id='word_1_492' title='bbox 2189 1083 2550 1149; x_wconf 87' lang='lat' dir='ltr'><strong>peccatorum.</strong></span> <span class='ocrx_word' id='word_1_493' title='bbox 2611 1075 2767 1132; x_wconf 85' lang='lat' dir='ltr'><strong>Hunc</strong></span> <span class='ocrx_word' id='word_1_494' title='bbox 2821 1076 3164 1148; x_wconf 80' lang='lat' dir='ltr'><strong>consequitur</strong></span> <span class='ocrx_word' id='word_1_495' title='bbox 3207 1075 3342 1132; x_wconf 84' lang='lat' dir='ltr'><strong>civis</strong></span> <span class='ocrx_word' id='word_1_496' title='bbox 3410 1077 3492 1132; x_wconf 85' lang='lat' dir='ltr'><strong>sui</strong></span> <span class='ocrx_word' id='word_1_497' title='bbox 3545 1075 3791 1145; x_wconf 82' lang='lat' dir='ltr'><strong>adulter,</strong></span> 
     </span>
    </p>
   </div>
   <div class='ocr_carea' id='block_1_69' title="bbox 2189 1171 3790 1246">
    <p class='ocr_par' dir='ltr' id='par_1_69' title="bbox 2189 1171 3790 1246">
     <span class='ocr_line' id='line_1_69' title="bbox 2189 1171 3790 1246; baseline -0.001 -16"><span class='ocrx_word' id='word_1_498' title='bbox 2189 1173 2434 1246; x_wconf 87' lang='lat' dir='ltr'><strong>proditor</strong></span> <span class='ocrx_word' id='word_1_499' title='bbox 2467 1181 2525 1229; x_wconf 93' lang='lat' dir='ltr'><strong>et</strong></span> <span class='ocrx_word' id='word_1_500' title='bbox 2559 1171 2831 1230; x_wconf 88' lang='lat' dir='ltr'><strong>homicida</strong></span> <span class='ocrx_word' id='word_1_501' title='bbox 2910 1171 3106 1242; x_wconf 88' lang='lat' dir='ltr'><strong>David,</strong></span> <span class='ocrx_word' id='word_1_502' title='bbox 3159 1173 3248 1229; x_wconf 89' lang='lat' dir='ltr'><strong>cui</strong></span> <span class='ocrx_word' id='word_1_503' title='bbox 3319 1173 3454 1230; x_wconf 81' lang='lat' dir='ltr'><strong>dixit</strong></span> <span class='ocrx_word' id='word_1_504' title='bbox 3497 1173 3719 1230; x_wconf 73' lang='lat' dir='ltr'><strong>Notium</strong></span> <span class='ocrx_word' id='word_1_505' title='bbox 3773 1191 3790 1228; x_wconf 90' lang='lat'><strong>:</strong></span> 
     </span>
    </p>
   </div>
   <div class='ocr_carea' id='block_1_70' title="bbox 2192 1261 3786 1335">
    <p class='ocr_par' dir='ltr' id='par_1_70' title="bbox 2192 1261 3786 1335">
     <span class='ocr_line' id='line_1_70' title="bbox 2192 1261 3786 1335; baseline 0 -22"><span class='ocrx_word' id='word_1_506' title='bbox 2192 1284 2214 1313; x_wconf 79' lang='grc' dir='ltr'>ι</span> <span class='ocrx_word' id='word_1_507' title='bbox 2249 1261 2540 1318; x_wconf 85' lang='lat' dir='ltr'><strong>Transtulit</strong></span> <span class='ocrx_word' id='word_1_508' title='bbox 2573 1262 2719 1318; x_wconf 88' lang='lat' dir='ltr'><strong>Deus</strong></span> <span class='ocrx_word' id='word_1_509' title='bbox 2760 1268 3042 1334; x_wconf 86' lang='lat' dir='ltr'><strong>peccatum</strong></span> <span class='ocrx_word' id='word_1_510' title='bbox 3100 1269 3247 1318; x_wconf 88' lang='lat' dir='ltr'><strong>tuum</strong></span> <span class='ocrx_word' id='word_1_511' title='bbox 3282 1261 3388 1334; x_wconf 81' lang='grc' dir='ltr'><em>(ιιι</em></span> <span class='ocrx_word' id='word_1_512' title='bbox 3411 1263 3538 1335; x_wconf 75' lang='lat' dir='ltr'><strong>Reg.</strong></span> <span class='ocrx_word' id='word_1_513' title='bbox 3582 1264 3720 1334; x_wconf 78' lang='grc' dir='ltr'><strong>ιιι).</strong></span> <span class='ocrx_word' id='word_1_514' title='bbox 3757 1285 3786 1312; x_wconf 72' lang='grc' dir='ltr'>ι</span> 
     </span>
    </p>
   </div>
   <div class='ocr_carea' id='block_1_71' title="bbox 2187 1357 3792 1430">
    <p class='ocr_par' dir='ltr' id='par_1_71' title="bbox 2187 1357 3792 1430">
     <span class='ocr_line' id='line_1_71' title="bbox 2187 1357 3792 1430; baseline -0.001 -14"><span class='ocrx_word' id='word_1_515' title='bbox 2187 1360 2242 1416; x_wconf 93' lang='lat' dir='ltr'><strong>Si</strong></span> <span class='ocrx_word' id='word_1_516' title='bbox 2293 1359 2406 1416; x_wconf 92' lang='lat' dir='ltr'><strong>Deo</strong></span> <span class='ocrx_word' id='word_1_517' title='bbox 2460 1359 2629 1430; x_wconf 86' lang='lat' dir='ltr'><strong>pedes</strong></span> <span class='ocrx_word' id='word_1_518' title='bbox 2685 1359 2954 1416; x_wconf 87' lang='lat' dir='ltr'><strong>osculatus</strong></span> <span class='ocrx_word' id='word_1_519' title='bbox 2980 1367 3060 1414; x_wconf 90' lang='lat' dir='ltr'><strong>est</strong></span> <span class='ocrx_word' id='word_1_520' title='bbox 3093 1357 3429 1429; x_wconf 81' lang='lat' dir='ltr'><strong>publicanus,</strong></span> <span class='ocrx_word' id='word_1_521' title='bbox 3487 1359 3578 1430; x_wconf 89' lang='lat' dir='ltr'><strong>qui</strong></span> <span class='ocrx_word' id='word_1_522' title='bbox 3617 1359 3792 1415; x_wconf 87' lang='lat' dir='ltr'><strong>rediit</strong></span> 
     </span>
    </p>
   </div>
   <div class='ocr_carea' id='block_1_72' title="bbox 2190 1446 3791 1521">
    <p class='ocr_par' dir='ltr' id='par_1_72' title="bbox 2190 1446 3791 1521">
     <span class='ocr_line' id='line_1_72' title="bbox 2190 1446 3791 1521; baseline 0 -17"><span class='ocrx_word' id='word_1_523' title='bbox 2190 1448 2244 1504; x_wconf 91' lang='lat' dir='ltr'><strong>in</strong></span> <span class='ocrx_word' id='word_1_524' title='bbox 2291 1449 2512 1504; x_wconf 90' lang='lat' dir='ltr'><strong>domum</strong></span> <span class='ocrx_word' id='word_1_525' title='bbox 2547 1463 2699 1503; x_wconf 88' lang='lat' dir='ltr'><strong>suam</strong></span> <span class='ocrx_word' id='word_1_526' title='bbox 2751 1446 3090 1520; x_wconf 88' lang='lat' dir='ltr'><strong>justiﬁcatus.</strong></span> <span class='ocrx_word' id='word_1_527' title='bbox 3151 1447 3277 1504; x_wconf 68' lang='lat' dir='ltr'><strong>Hinc</strong></span> <span class='ocrx_word' id='word_1_528' title='bbox 3333 1447 3560 1521; x_wconf 81' lang='lat' dir='ltr'><strong>vestigia</strong></span> <span class='ocrx_word' id='word_1_529' title='bbox 3611 1448 3791 1504; x_wconf 81' lang='lat' dir='ltr'><strong>felici-</strong></span> 
     </span>
    </p>
   </div>
   <div class='ocr_carea' id='block_1_73' title="bbox 2188 1543 3792 1617">
    <p class='ocr_par' dir='ltr' id='par_1_73' title="bbox 2188 1543 3792 1617">
     <span class='ocr_line' id='line_1_73' title="bbox 2188 1543 3792 1617; baseline 0.001 -19"><span class='ocrx_word' id='word_1_530' title='bbox 2188 1551 2260 1600; x_wconf 80' lang='lat' dir='ltr'><strong>ter</strong></span> <span class='ocrx_word' id='word_1_531' title='bbox 2353 1543 2663 1602; x_wconf 87' lang='lat' dir='ltr'><strong>deosculata</strong></span> <span class='ocrx_word' id='word_1_532' title='bbox 2719 1552 2797 1600; x_wconf 85' lang='lat' dir='ltr'><strong>est</strong></span> <span class='ocrx_word' id='word_1_533' title='bbox 2865 1544 3190 1617; x_wconf 71' lang='lat' dir='ltr'><strong>Ethiopissa</strong></span> <span class='ocrx_word' id='word_1_534' title='bbox 3259 1545 3353 1600; x_wconf 77' lang='lat' dir='ltr'><strong>illa</strong></span> <span class='ocrx_word' id='word_1_535' title='bbox 3423 1545 3792 1601; x_wconf 74' lang='lat' dir='ltr'><strong>famosisa‘ma</strong></span> 
     </span>
    </p>
   </div>
   <div class='ocr_carea' id='block_1_74' title="bbox 2189 1631 3790 1706">
    <p class='ocr_par' dir='ltr' id='par_1_74' title="bbox 2189 1631 3790 1706">
     <span class='ocr_line' id='line_1_74' title="bbox 2189 1631 3790 1706; baseline 0 -18"><span class='ocrx_word' id='word_1_536' title='bbox 2189 1633 2357 1689; x_wconf 80' lang='lat' dir='ltr'><strong>Maria</strong></span> <span class='ocrx_word' id='word_1_537' title='bbox 2405 1633 2750 1706; x_wconf 81' lang='lat' dir='ltr'><strong>Magdaleua,</strong></span> <span class='ocrx_word' id='word_1_538' title='bbox 2813 1631 2882 1689; x_wconf 88' lang='lat' dir='ltr'><strong>de</strong></span> <span class='ocrx_word' id='word_1_539' title='bbox 2929 1649 3038 1704; x_wconf 86' lang='lat' dir='ltr'><strong>qua</strong></span> <span class='ocrx_word' id='word_1_540' title='bbox 3093 1633 3252 1704; x_wconf 81' lang='lat' dir='ltr'><strong>ejecit</strong></span> <span class='ocrx_word' id='word_1_541' title='bbox 3291 1641 3346 1688; x_wconf 93' lang='lat' dir='ltr'><strong>et</strong></span> <span class='ocrx_word' id='word_1_542' title='bbox 3393 1633 3546 1690; x_wconf 78' lang='lat' dir='ltr'><strong>Jesus</strong></span> <span class='ocrx_word' id='word_1_543' title='bbox 3571 1641 3790 1706; x_wconf 81' lang='lat' dir='ltr'><strong>septem</strong></span> 
     </span>
    </p>
   </div>
   <div class='ocr_carea' id='block_1_75' title="bbox 2189 1729 3788 1801">
    <p class='ocr_par' dir='ltr' id='par_1_75' title="bbox 2189 1729 3788 1801">
     <span class='ocr_line' id='line_1_75' title="bbox 2189 1729 3788 1801; baseline 0.001 -16"><span class='ocrx_word' id='word_1_544' title='bbox 2189 1731 2479 1796; x_wconf 74' lang='lat' dir='ltr'><strong>dmmouia,</strong></span> <span class='ocrx_word' id='word_1_545' title='bbox 2511 1731 2598 1786; x_wconf 88' lang='lat' dir='ltr'><strong>cui</strong></span> <span class='ocrx_word' id='word_1_546' title='bbox 2635 1737 2693 1785; x_wconf 91' lang='lat' dir='ltr'><strong>et</strong></span> <span class='ocrx_word' id='word_1_547' title='bbox 2725 1729 2904 1785; x_wconf 80' lang='lat' dir='ltr'><strong>dixit:</strong></span> <span class='ocrx_word' id='word_1_548' title='bbox 2942 1753 2966 1778; x_wconf 76' lang='grc' dir='ltr'>ι</span> <span class='ocrx_word' id='word_1_549' title='bbox 2999 1731 3362 1786; x_wconf 82' lang='lat' dir='ltr'><strong>Remittuntur</strong></span> <span class='ocrx_word' id='word_1_550' title='bbox 3413 1731 3504 1786; x_wconf 90' lang='lat' dir='ltr'><strong>tibi</strong></span> <span class='ocrx_word' id='word_1_551' title='bbox 3559 1737 3788 1801; x_wconf 77' lang='lat' dir='ltr'><strong>peccata</strong></span> 
     </span>
    </p>
   </div>
   <div class='ocr_carea' id='block_1_76' title="bbox 2187 1817 3788 1891">
    <p class='ocr_par' dir='ltr' id='par_1_76' title="bbox 2187 1817 3788 1891">
     <span class='ocr_line' id='line_1_76' title="bbox 2187 1817 3788 1891; baseline -0.001 -17"><span class='ocrx_word' id='word_1_552' title='bbox 2187 1821 2352 1891; x_wconf 86' lang='lat' dir='ltr'><strong>(Luc.</strong></span> <span class='ocrx_word' id='word_1_553' title='bbox 2392 1819 2509 1889; x_wconf 82' lang='lat' dir='ltr'><strong>vn).</strong></span> <span class='ocrx_word' id='word_1_554' title='bbox 2546 1841 2568 1868; x_wconf 78' lang='grc' dir='ltr'><strong>η</strong></span> <span class='ocrx_word' id='word_1_555' title='bbox 2605 1819 2668 1872; x_wconf 87' lang='lat' dir='ltr'><strong>ln</strong></span> <span class='ocrx_word' id='word_1_556' title='bbox 2693 1817 2850 1888; x_wconf 89' lang='lat' dir='ltr'><strong>cujus</strong></span> <span class='ocrx_word' id='word_1_557' title='bbox 2894 1833 3124 1890; x_wconf 86' lang='lat' dir='ltr'><strong>persona</strong></span> <span class='ocrx_word' id='word_1_558' title='bbox 3177 1818 3371 1874; x_wconf 90' lang='lat' dir='ltr'><strong>dicitur</strong></span> <span class='ocrx_word' id='word_1_559' title='bbox 3425 1818 3479 1874; x_wconf 91' lang='lat' dir='ltr'><strong>in</strong></span> <span class='ocrx_word' id='word_1_560' title='bbox 3506 1819 3746 1875; x_wconf 87' lang='lat' dir='ltr'><strong>Canticis</strong></span> <span class='ocrx_word' id='word_1_561' title='bbox 3769 1839 3788 1872; x_wconf 89' lang='lat'><strong><em>:</em></strong></span> 
     </span>
    </p>
   </div>
   <div class='ocr_carea' id='block_1_77' title="bbox 2195 1905 3788 1982">
    <p class='ocr_par' dir='ltr' id='par_1_77' title="bbox 2195 1905 3788 1982">
     <span class='ocr_line' id='line_1_77' title="bbox 2195 1905 3788 1982; baseline 0.001 -19"><span class='ocrx_word' id='word_1_562' title='bbox 2195 1931 2217 1957; x_wconf 80' lang='grc' dir='ltr'>ι</span> <span class='ocrx_word' id='word_1_563' title='bbox 2246 1908 2418 1981; x_wconf 86' lang='lat' dir='ltr'><strong>Nigra</strong></span> <span class='ocrx_word' id='word_1_564' title='bbox 2457 1924 2578 1963; x_wconf 90' lang='lat' dir='ltr'><strong>sum</strong></span> <span class='ocrx_word' id='word_1_565' title='bbox 2612 1929 2636 1956; x_wconf 77' lang='grc' dir='ltr'><strong><em>ι</em></strong></span> <span class='ocrx_word' id='word_1_566' title='bbox 2689 1922 2791 1978; x_wconf 89' lang='lat' dir='ltr'><strong>per</strong></span> <span class='ocrx_word' id='word_1_567' title='bbox 2843 1905 3079 1979; x_wconf 82' lang='lat' dir='ltr'><strong>culpam,</strong></span> <span class='ocrx_word' id='word_1_568' title='bbox 3115 1930 3139 1956; x_wconf 74' lang='grc' dir='ltr'><strong>α</strong></span> <span class='ocrx_word' id='word_1_569' title='bbox 3177 1907 3411 1964; x_wconf 75' lang='lat' dir='ltr'><strong>formosa</strong></span> <span class='ocrx_word' id='word_1_570' title='bbox 3444 1929 3466 1957; x_wconf 73' lang='grc' dir='ltr'><em>η</em></span> <span class='ocrx_word' id='word_1_571' title='bbox 3501 1924 3600 1980; x_wconf 88' lang='lat' dir='ltr'><strong>per</strong></span> <span class='ocrx_word' id='word_1_572' title='bbox 3651 1923 3788 1982; x_wconf 80' lang='lat' dir='ltr'><strong>gra-</strong></span> 
     </span>
    </p>
   </div>
   <div class='ocr_carea' id='block_1_78' title="bbox 2191 2006 3788 2080">
    <p class='ocr_par' dir='ltr' id='par_1_78' title="bbox 2191 2006 3788 2080">
     <span class='ocr_line' id='line_1_78' title="bbox 2191 2006 3788 2080; baseline -0.001 -18"><span class='ocrx_word' id='word_1_573' title='bbox 2191 2008 2322 2063; x_wconf 86' lang='lat' dir='ltr'><strong>tiam</strong></span> <span class='ocrx_word' id='word_1_574' title='bbox 2377 2008 2576 2078; x_wconf 74' lang='lat' dir='ltr'><strong>(Cant.</strong></span> <span class='ocrx_word' id='word_1_575' title='bbox 2662 2009 2725 2075; x_wconf 84' lang='grc' dir='ltr'><strong>ι).</strong></span> <span class='ocrx_word' id='word_1_576' title='bbox 2790 2007 2851 2062; x_wconf 80' lang='lat' dir='ltr'><strong>In</strong></span> <span class='ocrx_word' id='word_1_577' title='bbox 2900 2006 2985 2062; x_wconf 82' lang='lat' dir='ltr'><strong>his</strong></span> <span class='ocrx_word' id='word_1_578' title='bbox 3030 2007 3225 2062; x_wconf 87' lang='lat' dir='ltr'><strong>osculis</strong></span> <span class='ocrx_word' id='word_1_579' title='bbox 3277 2006 3369 2062; x_wconf 90' lang='lat' dir='ltr'><strong>ubi</strong></span> <span class='ocrx_word' id='word_1_580' title='bbox 3414 2007 3643 2080; x_wconf 76' lang='lat' dir='ltr'><strong>gratiam</strong></span> <span class='ocrx_word' id='word_1_581' title='bbox 3688 2022 3788 2077; x_wconf 87' lang='lat' dir='ltr'><strong>po-</strong></span> 
     </span>
    </p>
   </div>
   <div class='ocr_carea' id='block_1_79' title="bbox 2190 2095 3783 2166">
    <p class='ocr_par' dir='ltr' id='par_1_79' title="bbox 2190 2095 3783 2166">
     <span class='ocr_line' id='line_1_79' title="bbox 2190 2095 3783 2166; baseline -0.001 -15"><span class='ocrx_word' id='word_1_582' title='bbox 2190 2097 2396 2152; x_wconf 89' lang='lat' dir='ltr'><strong>suimus</strong></span> <span class='ocrx_word' id='word_1_583' title='bbox 2449 2105 2502 2150; x_wconf 89' lang='lat' dir='ltr'><strong>et</strong></span> <span class='ocrx_word' id='word_1_584' title='bbox 2549 2095 2922 2151; x_wconf 88' lang='lat' dir='ltr'><strong>consimilibus</strong></span> <span class='ocrx_word' id='word_1_585' title='bbox 2975 2103 3246 2166; x_wconf 90' lang='lat' dir='ltr'><strong>ponuntur</strong></span> <span class='ocrx_word' id='word_1_586' title='bbox 3301 2095 3507 2151; x_wconf 90' lang='lat' dir='ltr'><strong>inimici</strong></span> <span class='ocrx_word' id='word_1_587' title='bbox 3563 2095 3783 2151; x_wconf 87' lang='lat' dir='ltr'><strong>Domini</strong></span> 
     </span>
    </p>
   </div>
   <div class='ocr_carea' id='block_1_80' title="bbox 2189 2183 3781 2256">
    <p class='ocr_par' dir='ltr' id='par_1_80' title="bbox 2189 2183 3781 2256">
     <span class='ocr_line' id='line_1_80' title="bbox 2189 2183 3781 2256; baseline -0.001 -16"><span class='ocrx_word' id='word_1_588' title='bbox 2189 2185 2484 2241; x_wconf 86' lang='lat' dir='ltr'><strong>scabellum</strong></span> <span class='ocrx_word' id='word_1_589' title='bbox 2510 2184 2708 2256; x_wconf 90' lang='lat' dir='ltr'><strong>pedum</strong></span> <span class='ocrx_word' id='word_1_590' title='bbox 2763 2183 2906 2254; x_wconf 89' lang='lat' dir='ltr'><strong>ejus.</strong></span> <span class='ocrx_word' id='word_1_591' title='bbox 2973 2184 3161 2239; x_wconf 78' lang='lat' dir='ltr'><strong>Manus</strong></span> <span class='ocrx_word' id='word_1_592' title='bbox 3206 2183 3424 2239; x_wconf 88' lang='lat' dir='ltr'><strong>Domini</strong></span> <span class='ocrx_word' id='word_1_593' title='bbox 3477 2191 3599 2240; x_wconf 91' lang='lat' dir='ltr'><strong>sunt</strong></span> <span class='ocrx_word' id='word_1_594' title='bbox 3651 2200 3781 2239; x_wconf 81' lang='lat' dir='ltr'><strong>mu—</strong></span> 
     </span>
    </p>
   </div>
   <div class='ocr_carea' id='block_1_81' title="bbox 2190 2271 3784 2343">
    <p class='ocr_par' dir='ltr' id='par_1_81' title="bbox 2190 2271 3784 2343">
     <span class='ocr_line' id='line_1_81' title="bbox 2190 2271 3784 2343; baseline -0.001 -14"><span class='ocrx_word' id='word_1_595' title='bbox 2190 2273 2464 2330; x_wconf 80' lang='lat' dir='ltr'><strong>niticentia</strong></span> <span class='ocrx_word' id='word_1_596' title='bbox 2492 2281 2546 2329; x_wconf 91' lang='lat' dir='ltr'><strong>et</strong></span> <span class='ocrx_word' id='word_1_597' title='bbox 2574 2271 2955 2329; x_wconf 88' lang='lat' dir='ltr'><strong>benevolentia</strong></span> <span class='ocrx_word' id='word_1_598' title='bbox 2971 2273 3025 2327; x_wconf 90' lang='lat' dir='ltr'><strong>in</strong></span> <span class='ocrx_word' id='word_1_599' title='bbox 3044 2273 3239 2343; x_wconf 86' lang='lat' dir='ltr'><strong>quibus</strong></span> <span class='ocrx_word' id='word_1_600' title='bbox 3267 2271 3784 2329; x_wconf 69' lang='lat' dir='ltr'><strong>abomnibusdiﬁert</strong></span> 
     </span>
    </p>
   </div>
   <div class='ocr_carea' id='block_1_82' title="bbox 2189 2361 3782 2434">
    <p class='ocr_par' dir='ltr' id='par_1_82' title="bbox 2189 2361 3782 2434">
     <span class='ocr_line' id='line_1_82' title="bbox 2189 2361 3782 2434; baseline -0.001 -16"><span class='ocrx_word' id='word_1_601' title='bbox 2189 2363 2354 2430; x_wconf 88' lang='lat' dir='ltr'><strong>Deus,</strong></span> <span class='ocrx_word' id='word_1_602' title='bbox 2387 2363 2740 2418; x_wconf 83' lang='lat' dir='ltr'><strong>excellentem</strong></span> <span class='ocrx_word' id='word_1_603' title='bbox 2785 2361 2990 2418; x_wconf 84' lang='lat' dir='ltr'><strong>habens</strong></span> <span class='ocrx_word' id='word_1_604' title='bbox 3045 2377 3144 2434; x_wconf 88' lang='lat' dir='ltr'><strong>pro</strong></span> <span class='ocrx_word' id='word_1_605' title='bbox 3190 2361 3440 2418; x_wconf 86' lang='lat' dir='ltr'><strong>omnibus</strong></span> <span class='ocrx_word' id='word_1_606' title='bbox 3487 2363 3699 2434; x_wconf 85' lang='lat' dir='ltr'><strong>copiam</strong></span> <span class='ocrx_word' id='word_1_607' title='bbox 3729 2367 3782 2417; x_wconf 90' lang='lat' dir='ltr'><strong>et</strong></span> 
     </span>
    </p>
   </div>
   <div class='ocr_carea' id='block_1_83' title="bbox 2189 2458 3783 2532">
    <p class='ocr_par' dir='ltr' id='par_1_83' title="bbox 2189 2458 3783 2532">
     <span class='ocr_line' id='line_1_83' title="bbox 2189 2458 3783 2532; baseline -0.001 -17"><span class='ocrx_word' id='word_1_608' title='bbox 2189 2459 2624 2515; x_wconf 88' lang='lat' dir='ltr'><strong>liberalissimam</strong></span> <span class='ocrx_word' id='word_1_609' title='bbox 2673 2459 3007 2515; x_wconf 89' lang='lat' dir='ltr'><strong>voluntatem</strong></span> <span class='ocrx_word' id='word_1_610' title='bbox 3059 2459 3352 2532; x_wconf 80' lang='lat' dir='ltr'><strong>largiendi.</strong></span> <span class='ocrx_word' id='word_1_611' title='bbox 3414 2459 3493 2514; x_wconf 92' lang='lat' dir='ltr'><strong>De</strong></span> <span class='ocrx_word' id='word_1_612' title='bbox 3544 2458 3783 2514; x_wconf 88' lang='lat' dir='ltr'><strong>benevo-</strong></span> 
     </span>
    </p>
   </div>
   <div class='ocr_carea' id='block_1_84' title="bbox 2191 2547 3777 2619">
    <p class='ocr_par' dir='ltr' id='par_1_84' title="bbox 2191 2547 3777 2619">
     <span class='ocr_line' id='line_1_84' title="bbox 2191 2547 3777 2619; baseline -0.001 -16"><span class='ocrx_word' id='word_1_613' title='bbox 2191 2549 2356 2605; x_wconf 87' lang='lat' dir='ltr'><strong>lentia</strong></span> <span class='ocrx_word' id='word_1_614' title='bbox 2403 2548 2520 2618; x_wconf 87' lang='lat' dir='ltr'><strong>ejus</strong></span> <span class='ocrx_word' id='word_1_615' title='bbox 2567 2549 2696 2603; x_wconf 91' lang='lat' dir='ltr'><strong>dicit</strong></span> <span class='ocrx_word' id='word_1_616' title='bbox 2734 2548 3022 2619; x_wconf 84' lang='lat' dir='ltr'><strong>Apostolus</strong></span> <span class='ocrx_word' id='word_1_617' title='bbox 3055 2567 3066 2603; x_wconf 93' lang='lat'>:</span> <span class='ocrx_word' id='word_1_618' title='bbox 3099 2547 3202 2618; x_wconf 92' lang='lat' dir='ltr'><strong>Qui</strong></span> <span class='ocrx_word' id='word_1_619' title='bbox 3260 2547 3371 2603; x_wconf 81' lang='lat' dir='ltr'><strong>vult</strong></span> <span class='ocrx_word' id='word_1_620' title='bbox 3424 2563 3615 2604; x_wconf 87' lang='lat' dir='ltr'><strong>omnes</strong></span> <span class='ocrx_word' id='word_1_621' title='bbox 3665 2547 3777 2603; x_wconf 83' lang='lat' dir='ltr'><strong>sai-</strong></span> 
     </span>
    </p>
   </div>
   <div class='ocr_carea' id='block_1_85' title="bbox 2189 2635 3779 2708">
    <p class='ocr_par' dir='ltr' id='par_1_85' title="bbox 2189 2635 3779 2708">
     <span class='ocr_line' id='line_1_85' title="bbox 2189 2635 3779 2708; baseline 0 -16"><span class='ocrx_word' id='word_1_622' title='bbox 2189 2655 2288 2693; x_wconf 88' lang='lat' dir='ltr'><strong>vos</strong></span> <span class='ocrx_word' id='word_1_623' title='bbox 2308 2637 2422 2693; x_wconf 89' lang='lat' dir='ltr'><strong>ﬁeri</strong></span> <span class='ocrx_word' id='word_1_624' title='bbox 2457 2638 2506 2706; x_wconf 87' lang='lat' dir='ltr'><strong>(I</strong></span> <span class='ocrx_word' id='word_1_625' title='bbox 2555 2639 2691 2694; x_wconf 82' lang='lat' dir='ltr'><strong>Tim.</strong></span> <span class='ocrx_word' id='word_1_626' title='bbox 2750 2641 2838 2707; x_wconf 85' lang='grc' dir='ltr'><strong>ιι).</strong></span> <span class='ocrx_word' id='word_1_627' title='bbox 2884 2661 2906 2686; x_wconf 77' lang='grc' dir='ltr'><strong><em>ι</em></strong></span> <span class='ocrx_word' id='word_1_628' title='bbox 2944 2638 3021 2692; x_wconf 93' lang='lat' dir='ltr'><strong>De</strong></span> <span class='ocrx_word' id='word_1_629' title='bbox 3071 2635 3433 2692; x_wconf 88' lang='lat' dir='ltr'><strong>muniﬁcentia</strong></span> <span class='ocrx_word' id='word_1_630' title='bbox 3486 2636 3614 2692; x_wconf 89' lang='lat' dir='ltr'><strong>dicit</strong></span> <span class='ocrx_word' id='word_1_631' title='bbox 3663 2653 3779 2708; x_wconf 91' lang='lat' dir='ltr'><strong>pro-</strong></span> 
     </span>
    </p>
   </div>
   <div class='ocr_carea' id='block_1_86' title="bbox 2191 2725 3780 2798">
    <p class='ocr_par' dir='ltr' id='par_1_86' title="bbox 2191 2725 3780 2798">
     <span class='ocr_line' id='line_1_86' title="bbox 2191 2725 3780 2798; baseline -0.001 -16"><span class='ocrx_word' id='word_1_632' title='bbox 2191 2730 2354 2798; x_wconf 84' lang='lat' dir='ltr'><strong>pheta</strong></span> <span class='ocrx_word' id='word_1_633' title='bbox 2384 2744 2400 2782; x_wconf 86' lang='lat'><strong>:</strong></span> <span class='ocrx_word' id='word_1_634' title='bbox 2431 2748 2458 2774; x_wconf 74' lang='grc' dir='ltr'><strong>ε</strong></span> <span class='ocrx_word' id='word_1_635' title='bbox 2495 2727 2692 2796; x_wconf 81' lang='lat' dir='ltr'><strong>Apcris</strong></span> <span class='ocrx_word' id='word_1_636' title='bbox 2717 2733 2776 2782; x_wconf 88' lang='lat' dir='ltr'><strong>tu</strong></span> <span class='ocrx_word' id='word_1_637' title='bbox 2801 2741 3020 2781; x_wconf 86' lang='lat' dir='ltr'><strong>manum</strong></span> <span class='ocrx_word' id='word_1_638' title='bbox 3041 2725 3480 2795; x_wconf 69' lang='lat' dir='ltr'><strong>tuatu,ctimplcs</strong></span> <span class='ocrx_word' id='word_1_639' title='bbox 3497 2741 3657 2781; x_wconf 66' lang='lat' dir='ltr'><strong>cunne</strong></span> <span class='ocrx_word' id='word_1_640' title='bbox 3670 2725 3780 2780; x_wconf 82' lang='lat' dir='ltr'><strong>ani-</strong></span> 
     </span>
    </p>
   </div>
   <div class='ocr_carea' id='block_1_87' title="bbox 2191 2813 3776 2885">
    <p class='ocr_par' dir='ltr' id='par_1_87' title="bbox 2191 2813 3776 2885">
     <span class='ocr_line' id='line_1_87' title="bbox 2191 2813 3776 2885; baseline 0 -15"><span class='ocrx_word' id='word_1_641' title='bbox 2191 2817 2297 2870; x_wconf 87' lang='lat' dir='ltr'><strong>mal</strong></span> <span class='ocrx_word' id='word_1_642' title='bbox 2320 2813 2693 2870; x_wconf 87' lang='lat' dir='ltr'><strong>benedictione</strong></span> <span class='ocrx_word' id='word_1_643' title='bbox 2723 2813 2900 2885; x_wconf 78' lang='lat' dir='ltr'><strong>(Psal.</strong></span> <span class='ocrx_word' id='word_1_644' title='bbox 2926 2818 3137 2885; x_wconf 68' lang='lat' dir='ltr'><strong>CXLIV).</strong></span> <span class='ocrx_word' id='word_1_645' title='bbox 3177 2839 3198 2862; x_wconf 70' lang='grc' dir='ltr'><strong><em>ο</em></strong></span> <span class='ocrx_word' id='word_1_646' title='bbox 3233 2813 3278 2871; x_wconf 94' lang='grc' dir='ltr'>Ο</span> <span class='ocrx_word' id='word_1_647' title='bbox 3308 2813 3625 2870; x_wconf 91' lang='lat' dir='ltr'><strong>medicibilis</strong></span> <span class='ocrx_word' id='word_1_648' title='bbox 3665 2813 3776 2870; x_wconf 85' lang='lat' dir='ltr'><strong>lar-</strong></span> 
     </span>
    </p>
   </div>
   <div class='ocr_carea' id='block_1_88' title="bbox 2189 2911 3776 2986">
    <p class='ocr_par' dir='ltr' id='par_1_88' title="bbox 2189 2911 3776 2986">
     <span class='ocr_line' id='line_1_88' title="bbox 2189 2911 3776 2986; baseline 0.001 -20"><span class='ocrx_word' id='word_1_649' title='bbox 2189 2914 2330 2986; x_wconf 83' lang='lat' dir='ltr'><strong>gitas</strong></span> <span class='ocrx_word' id='word_1_650' title='bbox 2373 2920 2428 2968; x_wconf 93' lang='lat' dir='ltr'><strong>et</strong></span> <span class='ocrx_word' id='word_1_651' title='bbox 2482 2912 2776 2968; x_wconf 90' lang='lat' dir='ltr'><strong>liberalitas</strong></span> <span class='ocrx_word' id='word_1_652' title='bbox 2807 2913 2821 2966; x_wconf 93' lang='lat' dir='ltr'><strong>l</strong></span> <span class='ocrx_word' id='word_1_653' title='bbox 2855 2920 2914 2968; x_wconf 92' lang='lat' dir='ltr'><strong>ut</strong></span> <span class='ocrx_word' id='word_1_654' title='bbox 2974 2912 3055 2968; x_wconf 93' lang='lat' dir='ltr'><strong>sol</strong></span> <span class='ocrx_word' id='word_1_655' title='bbox 3109 2912 3346 2981; x_wconf 90' lang='lat' dir='ltr'><strong>irradiat,</strong></span> <span class='ocrx_word' id='word_1_656' title='bbox 3399 2921 3456 2968; x_wconf 90' lang='lat' dir='ltr'><strong>ut</strong></span> <span class='ocrx_word' id='word_1_657' title='bbox 3507 2927 3596 2968; x_wconf 87' lang='lat' dir='ltr'><strong>ros</strong></span> <span class='ocrx_word' id='word_1_658' title='bbox 3645 2911 3776 2968; x_wconf 90' lang='lat' dir='ltr'><strong>irro-</strong></span> 
     </span>
    </p>
   </div>
   <div class='ocr_carea' id='block_1_89' title="bbox 2188 3009 3776 3084">
    <p class='ocr_par' dir='ltr' id='par_1_89' title="bbox 2188 3009 3776 3084">
     <span class='ocr_line' id='line_1_89' title="bbox 2188 3009 3776 3084; baseline 0 -18"><span class='ocrx_word' id='word_1_659' title='bbox 2188 3019 2288 3078; x_wconf 89' lang='lat' dir='ltr'><strong>rat,</strong></span> <span class='ocrx_word' id='word_1_660' title='bbox 2335 3019 2395 3066; x_wconf 91' lang='lat' dir='ltr'><strong>ut</strong></span> <span class='ocrx_word' id='word_1_661' title='bbox 2447 3010 2570 3066; x_wconf 86' lang='lat' dir='ltr'><strong>fons</strong></span> <span class='ocrx_word' id='word_1_662' title='bbox 2625 3010 2794 3083; x_wconf 78' lang='lat' dir='ltr'><strong>gratis</strong></span> <span class='ocrx_word' id='word_1_663' title='bbox 2849 3010 3056 3084; x_wconf 85' lang='lat' dir='ltr'><strong>irrigat,</strong></span> <span class='ocrx_word' id='word_1_664' title='bbox 3103 3011 3194 3081; x_wconf 92' lang='lat' dir='ltr'><strong>qui</strong></span> <span class='ocrx_word' id='word_1_665' title='bbox 3241 3011 3376 3083; x_wconf 91' lang='lat' dir='ltr'><strong>pluit</strong></span> <span class='ocrx_word' id='word_1_666' title='bbox 3426 3025 3587 3082; x_wconf 90' lang='lat' dir='ltr'><strong>super</strong></span> <span class='ocrx_word' id='word_1_667' title='bbox 3605 3009 3776 3080; x_wconf 81' lang='lat' dir='ltr'><strong>justas</strong></span> 
     </span>
    </p>
   </div>
   <div class='ocr_carea' id='block_1_90' title="bbox 2189 3097 3771 3170">
    <p class='ocr_par' dir='ltr' id='par_1_90' title="bbox 2189 3097 3771 3170">
     <span class='ocr_line' id='line_1_90' title="bbox 2189 3097 3771 3170; baseline 0 -16"><span class='ocrx_word' id='word_1_668' title='bbox 2189 3107 2241 3154; x_wconf 88' lang='lat' dir='ltr'><strong>et</strong></span> <span class='ocrx_word' id='word_1_669' title='bbox 2271 3099 2518 3170; x_wconf 82' lang='lat' dir='ltr'><strong>injustos.</strong></span> <span class='ocrx_word' id='word_1_670' title='bbox 2585 3101 2708 3155; x_wconf 87' lang='lat' dir='ltr'><strong>Non</strong></span> <span class='ocrx_word' id='word_1_671' title='bbox 2755 3097 2952 3154; x_wconf 80' lang='lat' dir='ltr'><strong>sulﬁcit</strong></span> <span class='ocrx_word' id='word_1_672' title='bbox 2998 3098 3164 3170; x_wconf 89' lang='lat' dir='ltr'><strong>pedes</strong></span> <span class='ocrx_word' id='word_1_673' title='bbox 3210 3099 3429 3154; x_wconf 89' lang='lat' dir='ltr'><strong>Domini</strong></span> <span class='ocrx_word' id='word_1_674' title='bbox 3481 3097 3771 3154; x_wconf 85' lang='lat' dir='ltr'><strong>deosculari</strong></span> 
     </span>
    </p>
   </div>
   <div class='ocr_carea' id='block_1_91' title="bbox 2189 3191 3774 3266">
    <p class='ocr_par' dir='ltr' id='par_1_91' title="bbox 2189 3191 3774 3266">
     <span class='ocr_line' id='line_1_91' title="bbox 2189 3191 3774 3266; baseline -0.002 -14"><span class='ocrx_word' id='word_1_675' title='bbox 2189 3214 2221 3252; x_wconf 85' lang='lat' dir='ltr'><strong>a</strong></span> <span class='ocrx_word' id='word_1_676' title='bbox 2275 3197 2434 3252; x_wconf 81' lang='lat' dir='ltr'><strong>malis</strong></span> <span class='ocrx_word' id='word_1_677' title='bbox 2479 3193 2762 3266; x_wconf 88' lang='lat' dir='ltr'><strong>cessando,</strong></span> <span class='ocrx_word' id='word_1_678' title='bbox 2818 3194 2921 3250; x_wconf 89' lang='lat' dir='ltr'><strong>nisi</strong></span> <span class='ocrx_word' id='word_1_679' title='bbox 2977 3203 3031 3252; x_wconf 88' lang='lat' dir='ltr'><strong>et</strong></span> <span class='ocrx_word' id='word_1_680' title='bbox 3093 3195 3397 3251; x_wconf 89' lang='lat' dir='ltr'><strong>osculemur</strong></span> <span class='ocrx_word' id='word_1_681' title='bbox 3441 3209 3629 3250; x_wconf 89' lang='lat' dir='ltr'><strong>manus</strong></span> <span class='ocrx_word' id='word_1_682' title='bbox 3660 3191 3774 3266; x_wconf 87' lang='lat' dir='ltr'><strong>ejus</strong></span> 
     </span>
    </p>
   </div>
   <div class='ocr_carea' id='block_1_92' title="bbox 2185 3283 3773 3358">
    <p class='ocr_par' dir='ltr' id='par_1_92' title="bbox 2185 3283 3773 3358">
     <span class='ocr_line' id='line_1_92' title="bbox 2185 3283 3773 3358; baseline -0.003 -16"><span class='ocrx_word' id='word_1_683' title='bbox 2185 3286 2323 3342; x_wconf 84' lang='lat' dir='ltr'><strong>bene</strong></span> <span class='ocrx_word' id='word_1_684' title='bbox 2355 3284 2738 3358; x_wconf 90' lang='lat' dir='ltr'><strong>promerendo.</strong></span> <span class='ocrx_word' id='word_1_685' title='bbox 2778 3283 2931 3342; x_wconf 89' lang='lat' dir='ltr'><strong>Unde</strong></span> <span class='ocrx_word' id='word_1_686' title='bbox 2959 3283 3090 3340; x_wconf 84' lang='lat' dir='ltr'><strong>dicit</strong></span> <span class='ocrx_word' id='word_1_687' title='bbox 3138 3283 3422 3340; x_wconf 87' lang='lat' dir='ltr'><strong>Psalmista</strong></span> <span class='ocrx_word' id='word_1_688' title='bbox 3451 3301 3466 3340; x_wconf 88' lang='lat'><strong>:</strong></span> <span class='ocrx_word' id='word_1_689' title='bbox 3503 3306 3525 3333; x_wconf 68' lang='grc' dir='ltr'><strong>κ</strong></span> <span class='ocrx_word' id='word_1_690' title='bbox 3559 3283 3773 3339; x_wconf 85' lang='lat' dir='ltr'><strong>Declina</strong></span> 
     </span>
    </p>
   </div>
   <div class='ocr_carea' id='block_1_93' title="bbox 2187 3379 3765 3453">
    <p class='ocr_par' dir='ltr' id='par_1_93' title="bbox 2187 3379 3765 3453">
     <span class='ocr_line' id='line_1_93' title="bbox 2187 3379 3765 3453; baseline -0.003 -13"><span class='ocrx_word' id='word_1_691' title='bbox 2187 3401 2219 3440; x_wconf 90' lang='lat' dir='ltr'><strong>a</strong></span> <span class='ocrx_word' id='word_1_692' title='bbox 2246 3385 2392 3440; x_wconf 86' lang='lat' dir='ltr'><strong>male</strong></span> <span class='ocrx_word' id='word_1_693' title='bbox 2411 3391 2466 3440; x_wconf 90' lang='lat' dir='ltr'><strong>et</strong></span> <span class='ocrx_word' id='word_1_694' title='bbox 2497 3405 2518 3432; x_wconf 72' lang='grc' dir='ltr'><strong>ι»</strong></span> <span class='ocrx_word' id='word_1_695' title='bbox 2537 3389 2930 3452; x_wconf 83' lang='lat' dir='ltr'><strong>consequenter</strong></span> <span class='ocrx_word' id='word_1_696' title='bbox 2953 3400 2984 3433; x_wconf 70' lang='grc' dir='ltr'>ι</span> <span class='ocrx_word' id='word_1_697' title='bbox 3017 3379 3104 3436; x_wconf 76' lang='lat' dir='ltr'><strong>fac</strong></span> <span class='ocrx_word' id='word_1_698' title='bbox 3115 3379 3318 3437; x_wconf 89' lang='lat' dir='ltr'><strong>bonum</strong></span> <span class='ocrx_word' id='word_1_699' title='bbox 3338 3382 3510 3453; x_wconf 77' lang='lat' dir='ltr'><strong>(Psal.</strong></span> <span class='ocrx_word' id='word_1_700' title='bbox 3526 3384 3722 3452; x_wconf 73' lang='lat' dir='ltr'><strong>xxxvi).</strong></span> <span class='ocrx_word' id='word_1_701' title='bbox 3742 3403 3765 3431; x_wconf 76' lang='grc' dir='ltr'><strong>υ</strong></span> 
     </span>
    </p>
   </div>
   <div class='ocr_carea' id='block_1_94' title="bbox 2187 3467 3771 3544">
    <p class='ocr_par' dir='ltr' id='par_1_94' title="bbox 2187 3467 3771 3544">
     <span class='ocr_line' id='line_1_94' title="bbox 2187 3467 3771 3544; baseline -0.003 -15"><span class='ocrx_word' id='word_1_702' title='bbox 2187 3475 2253 3529; x_wconf 88' lang='lat' dir='ltr'><strong>Et</strong></span> <span class='ocrx_word' id='word_1_703' title='bbox 2272 3474 2438 3530; x_wconf 81' lang='lat' dir='ltr'><strong>Isaias</strong></span> <span class='ocrx_word' id='word_1_704' title='bbox 2465 3491 2484 3530; x_wconf 94' lang='lat'><strong><em>:</em></strong></span> <span class='ocrx_word' id='word_1_705' title='bbox 2525 3492 2548 3521; x_wconf 74' lang='grc' dir='ltr'><strong>σε</strong></span> <span class='ocrx_word' id='word_1_706' title='bbox 2581 3471 2852 3542; x_wconf 87' lang='lat' dir='ltr'><strong>Quiescite</strong></span> <span class='ocrx_word' id='word_1_707' title='bbox 2878 3485 3041 3544; x_wconf 82' lang='lat' dir='ltr'><strong>agere</strong></span> <span class='ocrx_word' id='word_1_708' title='bbox 3097 3485 3349 3542; x_wconf 80' lang='lat' dir='ltr'><strong>perverse</strong></span> <span class='ocrx_word' id='word_1_709' title='bbox 3396 3492 3419 3517; x_wconf 88' lang='lat'><strong>»</strong></span> <span class='ocrx_word' id='word_1_710' title='bbox 3479 3477 3534 3526; x_wconf 88' lang='lat' dir='ltr'><strong>et</strong></span> <span class='ocrx_word' id='word_1_711' title='bbox 3585 3467 3771 3528; x_wconf 86' lang='lat' dir='ltr'><strong>deinde</strong></span> 
     </span>
    </p>
   </div>
   <div class='ocr_carea' id='block_1_95' title="bbox 2194 3559 3768 3632">
    <p class='ocr_par' dir='ltr' id='par_1_95' title="bbox 2194 3559 3768 3632">
     <span class='ocr_line' id='line_1_95' title="bbox 2194 3559 3768 3632; baseline -0.003 -13"><span class='ocrx_word' id='word_1_712' title='bbox 2194 3587 2216 3613; x_wconf 89' lang='lat'><strong>«</strong></span> <span class='ocrx_word' id='word_1_713' title='bbox 2242 3563 2441 3619; x_wconf 85' lang='lat' dir='ltr'><strong>Discite</strong></span> <span class='ocrx_word' id='word_1_714' title='bbox 2469 3561 2612 3617; x_wconf 85' lang='lat' dir='ltr'><strong>bene</strong></span> <span class='ocrx_word' id='word_1_715' title='bbox 2650 3560 2828 3616; x_wconf 83' lang='lat' dir='ltr'><strong>facere</strong></span> <span class='ocrx_word' id='word_1_716' title='bbox 2858 3561 2970 3629; x_wconf 71' lang='lat' dir='ltr'><strong>(Ira</strong></span> <span class='ocrx_word' id='word_1_717' title='bbox 2998 3565 3063 3627; x_wconf 76' lang='grc' dir='ltr'><strong>ι).</strong></span> <span class='ocrx_word' id='word_1_718' title='bbox 3101 3581 3124 3608; x_wconf 71' lang='grc' dir='ltr'><strong>ι»</strong></span> <span class='ocrx_word' id='word_1_719' title='bbox 3147 3559 3598 3632; x_wconf 78' lang='lat' dir='ltr'><strong>Etcstcongrnus</strong></span> <span class='ocrx_word' id='word_1_720' title='bbox 3622 3559 3768 3626; x_wconf 87' lang='lat' dir='ltr'><strong>ordo,</strong></span> 
     </span>
    </p>
   </div>
   <div class='ocr_carea' id='block_1_96' title="bbox 2189 3646 3771 3718">
    <p class='ocr_par' dir='ltr' id='par_1_96' title="bbox 2189 3646 3771 3718">
     <span class='ocr_line' id='line_1_96' title="bbox 2189 3646 3771 3718; baseline -0.004 -10"><span class='ocrx_word' id='word_1_721' title='bbox 2189 3659 2246 3708; x_wconf 87' lang='lat' dir='ltr'><strong>ut</strong></span> <span class='ocrx_word' id='word_1_722' title='bbox 2296 3667 2422 3708; x_wconf 87' lang='lat' dir='ltr'><strong>cum</strong></span> <span class='ocrx_word' id='word_1_723' title='bbox 2477 3650 2696 3706; x_wconf 84' lang='lat' dir='ltr'><strong>Domini</strong></span> <span class='ocrx_word' id='word_1_724' title='bbox 2769 3649 2851 3704; x_wconf 91' lang='lat' dir='ltr'><strong>sui</strong></span> <span class='ocrx_word' id='word_1_725' title='bbox 2895 3647 3158 3705; x_wconf 69' lang='lat' dir='ltr'><strong>cﬁ’ensam</strong></span> <span class='ocrx_word' id='word_1_726' title='bbox 3213 3647 3451 3715; x_wconf 89' lang='lat' dir='ltr'><strong>incurrit,</strong></span> <span class='ocrx_word' id='word_1_727' title='bbox 3501 3647 3570 3704; x_wconf 83' lang='lat' dir='ltr'><strong>ad</strong></span> <span class='ocrx_word' id='word_1_728' title='bbox 3609 3646 3771 3718; x_wconf 85' lang='lat' dir='ltr'><strong>pedes</strong></span> 
     </span>
    </p>
   </div>
   <div class='ocr_carea' id='block_1_97' title="bbox 2189 3745 3769 3820">
    <p class='ocr_par' dir='ltr' id='par_1_97' title="bbox 2189 3745 3769 3820">
     <span class='ocr_line' id='line_1_97' title="bbox 2189 3745 3769 3820; baseline -0.003 -15"><span class='ocrx_word' id='word_1_729' title='bbox 2189 3749 2308 3820; x_wconf 90' lang='lat' dir='ltr'><strong>ejus</strong></span> <span class='ocrx_word' id='word_1_730' title='bbox 2370 3747 2634 3819; x_wconf 85' lang='lat' dir='ltr'><strong>procidat,</strong></span> <span class='ocrx_word' id='word_1_731' title='bbox 2703 3746 2987 3817; x_wconf 78' lang='lat' dir='ltr'><strong>ploratque</strong></span> <span class='ocrx_word' id='word_1_732' title='bbox 3041 3761 3222 3802; x_wconf 87' lang='lat' dir='ltr'><strong>coram</strong></span> <span class='ocrx_word' id='word_1_733' title='bbox 3279 3745 3510 3802; x_wconf 88' lang='lat' dir='ltr'><strong>Domino</strong></span> <span class='ocrx_word' id='word_1_734' title='bbox 3565 3745 3652 3817; x_wconf 87' lang='lat' dir='ltr'><strong>qui</strong></span> <span class='ocrx_word' id='word_1_735' title='bbox 3697 3745 3769 3800; x_wconf 80' lang='lat' dir='ltr'><strong>fe-</strong></span> 
     </span>
    </p>
   </div>
   <div class='ocr_carea' id='block_1_98' title="bbox 2189 3843 3770 3918">
    <p class='ocr_par' dir='ltr' id='par_1_98' title="bbox 2189 3843 3770 3918">
     <span class='ocr_line' id='line_1_98' title="bbox 2189 3843 3770 3918; baseline -0.002 -14"><span class='ocrx_word' id='word_1_736' title='bbox 2189 3849 2262 3904; x_wconf 91' lang='lat' dir='ltr'><strong>cit</strong></span> <span class='ocrx_word' id='word_1_737' title='bbox 2289 3863 2412 3904; x_wconf 88' lang='lat' dir='ltr'><strong>eum</strong></span> <span class='ocrx_word' id='word_1_738' title='bbox 2447 3861 2461 3914; x_wconf 89' lang='lat'><strong>;</strong></span> <span class='ocrx_word' id='word_1_739' title='bbox 2493 3853 2780 3917; x_wconf 89' lang='lat' dir='ltr'><strong>postquam</strong></span> <span class='ocrx_word' id='word_1_740' title='bbox 2833 3843 3055 3900; x_wconf 87' lang='lat' dir='ltr'><strong>Domini</strong></span> <span class='ocrx_word' id='word_1_741' title='bbox 3108 3843 3340 3918; x_wconf 84' lang='lat' dir='ltr'><strong>gratiam</strong></span> <span class='ocrx_word' id='word_1_742' title='bbox 3385 3845 3644 3914; x_wconf 88' lang='lat' dir='ltr'><strong>habuerit,</strong></span> <span class='ocrx_word' id='word_1_743' title='bbox 3695 3859 3770 3901; x_wconf 74' lang='lat' dir='ltr'><strong>tc-</strong></span> 
     </span>
    </p>
   </div>
   <div class='ocr_carea' id='block_1_99' title="bbox 2190 3932 3766 4007">
    <p class='ocr_par' dir='ltr' id='par_1_99' title="bbox 2190 3932 3766 4007">
     <span class='ocr_line' id='line_1_99' title="bbox 2190 3932 3766 4007; baseline -0.004 -13"><span class='ocrx_word' id='word_1_744' title='bbox 2190 3937 2348 3995; x_wconf 87' lang='lat' dir='ltr'><strong>cedat</strong></span> <span class='ocrx_word' id='word_1_745' title='bbox 2388 3944 2448 3992; x_wconf 90' lang='lat' dir='ltr'><strong>et</strong></span> <span class='ocrx_word' id='word_1_746' title='bbox 2490 3935 2794 3992; x_wconf 78' lang='lat' dir='ltr'><strong>subserviat</strong></span> <span class='ocrx_word' id='word_1_747' title='bbox 2864 3932 3116 3990; x_wconf 86' lang='lat' dir='ltr'><strong>manibus</strong></span> <span class='ocrx_word' id='word_1_748' title='bbox 3183 3933 3532 4007; x_wconf 82' lang='lat' dir='ltr'><strong>porrigenda,</strong></span> <span class='ocrx_word' id='word_1_749' title='bbox 3587 3932 3766 3991; x_wconf 86' lang='lat' dir='ltr'><strong>Christi</strong></span> 
     </span>
    </p>
   </div>
   <div class='ocr_carea' id='block_1_100' title="bbox 2191 4031 3767 4105">
    <p class='ocr_par' dir='ltr' id='par_1_100' title="bbox 2191 4031 3767 4105">
     <span class='ocr_line' id='line_1_100' title="bbox 2191 4031 3767 4105; baseline -0.003 -12"><span class='ocrx_word' id='word_1_750' title='bbox 2191 4035 2448 4093; x_wconf 89' lang='lat' dir='ltr'><strong>ministris</strong></span> <span class='ocrx_word' id='word_1_751' title='bbox 2501 4032 2906 4100; x_wconf 83' lang='lat' dir='ltr'><strong>subserviendo,</strong></span> <span class='ocrx_word' id='word_1_752' title='bbox 2967 4041 3021 4088; x_wconf 89' lang='lat' dir='ltr'><strong>et</strong></span> <span class='ocrx_word' id='word_1_753' title='bbox 3073 4031 3151 4089; x_wconf 85' lang='lat' dir='ltr'><strong>sic</strong></span> <span class='ocrx_word' id='word_1_754' title='bbox 3203 4047 3302 4105; x_wconf 90' lang='lat' dir='ltr'><strong>pro</strong></span> <span class='ocrx_word' id='word_1_755' title='bbox 3359 4033 3561 4090; x_wconf 89' lang='lat' dir='ltr'><strong>meritis</strong></span> <span class='ocrx_word' id='word_1_756' title='bbox 3609 4033 3767 4090; x_wconf 85' lang='lat' dir='ltr'><strong>dona-</strong></span> 
     </span>
    </p>
   </div>
   <div class='ocr_carea' id='block_1_101' title="bbox 2191 4129 3768 4205">
    <p class='ocr_par' dir='ltr' id='par_1_101' title="bbox 2191 4129 3768 4205">
     <span class='ocr_line' id='line_1_101' title="bbox 2191 4129 3768 4205; baseline -0.004 -13"><span class='ocrx_word' id='word_1_757' title='bbox 2191 4135 2353 4203; x_wconf 88' lang='lat' dir='ltr'><strong>bitur,</strong></span> <span class='ocrx_word' id='word_1_758' title='bbox 2399 4131 2676 4205; x_wconf 81' lang='lat' dir='ltr'><strong>accipicns</strong></span> <span class='ocrx_word' id='word_1_759' title='bbox 2727 4129 3159 4188; x_wconf 86' lang='lat' dir='ltr'><strong>benedictionem</strong></span> <span class='ocrx_word' id='word_1_760' title='bbox 3217 4147 3249 4187; x_wconf 89' lang='lat' dir='ltr'><strong>a</strong></span> <span class='ocrx_word' id='word_1_761' title='bbox 3285 4131 3540 4198; x_wconf 90' lang='lat' dir='ltr'><strong>Domino,</strong></span> <span class='ocrx_word' id='word_1_762' title='bbox 3593 4139 3644 4187; x_wconf 91' lang='lat' dir='ltr'><strong>et</strong></span> <span class='ocrx_word' id='word_1_763' title='bbox 3675 4130 3768 4186; x_wconf 90' lang='lat' dir='ltr'><strong>mi-</strong></span> 
     </span>
    </p>
   </div>
   <div class='ocr_carea' id='block_1_102' title="bbox 2191 4217 3768 4280">
    <p class='ocr_par' dir='ltr' id='par_1_102' title="bbox 2191 4217 3768 4280">
     <span class='ocr_line' id='line_1_102' title="bbox 2191 4217 3768 4280; baseline -0.004 0"><span class='ocrx_word' id='word_1_764' title='bbox 2191 4223 2538 4280; x_wconf 87' lang='lat' dir='ltr'><strong>sericordiam</strong></span> <span class='ocrx_word' id='word_1_765' title='bbox 2584 4237 2618 4278; x_wconf 87' lang='lat' dir='ltr'><strong>a</strong></span> <span class='ocrx_word' id='word_1_766' title='bbox 2667 4219 2781 4276; x_wconf 86' lang='lat' dir='ltr'><strong>Dec</strong></span> <span class='ocrx_word' id='word_1_767' title='bbox 2827 4219 3046 4276; x_wconf 84' lang='lat' dir='ltr'><strong>salutari</strong></span> <span class='ocrx_word' id='word_1_768' title='bbox 3117 4234 3234 4275; x_wconf 91' lang='lat' dir='ltr'><strong>suo.</strong></span> <span class='ocrx_word' id='word_1_769' title='bbox 3301 4217 3454 4276; x_wconf 87' lang='lat' dir='ltr'><strong>Unde</strong></span> <span class='ocrx_word' id='word_1_770' title='bbox 3475 4227 3529 4275; x_wconf 93' lang='lat' dir='ltr'><strong>et</strong></span> <span class='ocrx_word' id='word_1_771' title='bbox 3583 4219 3768 4276; x_wconf 78' lang='lat' dir='ltr'><strong>fructus</strong></span> 
     </span>
    </p>
   </div>
   <div class='ocr_carea' id='block_1_103' title="bbox 2194 4308 3757 4384">
    <p class='ocr_par' dir='ltr' id='par_1_103' title="bbox 2194 4308 3757 4384">
     <span class='ocr_line' id='line_1_103' title="bbox 2194 4308 3757 4384; baseline -0.003 -15"><span class='ocrx_word' id='word_1_772' title='bbox 2194 4313 2354 4384; x_wconf 87' lang='lat' dir='ltr'><strong>hujus</strong></span> <span class='ocrx_word' id='word_1_773' title='bbox 2408 4311 2577 4368; x_wconf 80' lang='lat' dir='ltr'><strong>osculi</strong></span> <span class='ocrx_word' id='word_1_774' title='bbox 2633 4318 2715 4366; x_wconf 85' lang='lat' dir='ltr'><strong>est</strong></span> <span class='ocrx_word' id='word_1_775' title='bbox 2757 4309 3053 4381; x_wconf 79' lang='lat' dir='ltr'><strong>profectus,</strong></span> <span class='ocrx_word' id='word_1_776' title='bbox 3094 4314 3146 4363; x_wconf 89' lang='lat' dir='ltr'><strong>et</strong></span> <span class='ocrx_word' id='word_1_777' title='bbox 3201 4308 3420 4365; x_wconf 88' lang='lat' dir='ltr'><strong>collatio</strong></span> <span class='ocrx_word' id='word_1_778' title='bbox 3494 4309 3757 4366; x_wconf 80' lang='lat' dir='ltr'><strong>virtutum.</strong></span> 
     </span>
    </p>
   </div>
   <div class='ocr_carea' id='block_1_104' title="bbox 2196 4405 3766 4478">
    <p class='ocr_par' dir='ltr' id='par_1_104' title="bbox 2196 4405 3766 4478">
     <span class='ocr_line' id='line_1_104' title="bbox 2196 4405 3766 4478; baseline -0.002 -11"><span class='ocrx_word' id='word_1_779' title='bbox 2196 4413 2320 4468; x_wconf 82' lang='lat' dir='ltr'><strong>Post</strong></span> <span class='ocrx_word' id='word_1_780' title='bbox 2345 4409 2456 4466; x_wconf 83' lang='lat' dir='ltr'><strong>duo</strong></span> <span class='ocrx_word' id='word_1_781' title='bbox 2513 4408 2698 4465; x_wconf 87' lang='lat' dir='ltr'><strong>oscula</strong></span> <span class='ocrx_word' id='word_1_782' title='bbox 2753 4405 2809 4462; x_wconf 88' lang='lat' dir='ltr'><strong>in</strong></span> <span class='ocrx_word' id='word_1_783' title='bbox 2882 4405 3077 4478; x_wconf 86' lang='lat' dir='ltr'><strong>quibus</strong></span> <span class='ocrx_word' id='word_1_784' title='bbox 3124 4412 3204 4463; x_wconf 91' lang='lat' dir='ltr'><strong>est</strong></span> <span class='ocrx_word' id='word_1_785' title='bbox 3247 4405 3531 4462; x_wconf 86' lang='lat' dir='ltr'><strong>criminum</strong></span> <span class='ocrx_word' id='word_1_786' title='bbox 3585 4406 3766 4464; x_wconf 84' lang='lat' dir='ltr'><strong>condo-</strong></span> 
     </span>
    </p>
   </div>
   <div class='ocr_carea' id='block_1_105' title="bbox 2193 4495 3763 4561">
    <p class='ocr_par' dir='ltr' id='par_1_105' title="bbox 2193 4495 3763 4561">
     <span class='ocr_line' id='line_1_105' title="bbox 2193 4495 3763 4561; baseline -0.003 -5"><span class='ocrx_word' id='word_1_787' title='bbox 2193 4500 2340 4556; x_wconf 87' lang='lat' dir='ltr'><strong>natio</strong></span> <span class='ocrx_word' id='word_1_788' title='bbox 2403 4505 2463 4555; x_wconf 83' lang='lat' dir='ltr'><strong>et</strong></span> <span class='ocrx_word' id='word_1_789' title='bbox 2533 4505 2849 4554; x_wconf 77' lang='lat' dir='ltr'><strong>meritorum</strong></span> <span class='ocrx_word' id='word_1_790' title='bbox 2899 4495 3136 4561; x_wconf 82' lang='lat' dir='ltr'><strong>collatio,</strong></span> <span class='ocrx_word' id='word_1_791' title='bbox 3198 4501 3361 4552; x_wconf 91' lang='lat' dir='ltr'><strong>restat</strong></span> <span class='ocrx_word' id='word_1_792' title='bbox 3407 4495 3615 4554; x_wconf 89' lang='lat' dir='ltr'><strong>illorum</strong></span> <span class='ocrx_word' id='word_1_793' title='bbox 3663 4503 3763 4552; x_wconf 64' lang='lat' dir='ltr'><strong>tero</strong></span> 
     </span>
    </p>
   </div>
   <div class='ocr_carea' id='block_1_106' title="bbox 2196 4581 3764 4658">
    <p class='ocr_par' dir='ltr' id='par_1_106' title="bbox 2196 4581 3764 4658">
     <span class='ocr_line' id='line_1_106' title="bbox 2196 4581 3764 4658; baseline -0.003 -13"><span class='ocrx_word' id='word_1_794' title='bbox 2196 4590 2326 4646; x_wconf 83' lang='lat' dir='ltr'><strong>tium</strong></span> <span class='ocrx_word' id='word_1_795' title='bbox 2350 4595 2402 4645; x_wconf 91' lang='lat' dir='ltr'><strong>et</strong></span> <span class='ocrx_word' id='word_1_796' title='bbox 2439 4585 2596 4644; x_wconf 79' lang='lat' dir='ltr'><strong>dulce</strong></span> <span class='ocrx_word' id='word_1_797' title='bbox 2621 4585 2732 4642; x_wconf 86' lang='lat' dir='ltr'><strong>oris</strong></span> <span class='ocrx_word' id='word_1_798' title='bbox 2773 4583 3036 4644; x_wconf 81' lang='lat' dir='ltr'><strong>osculum.</strong></span> <span class='ocrx_word' id='word_1_799' title='bbox 3087 4583 3177 4640; x_wconf 81' lang='lat' dir='ltr'><strong>ubi</strong></span> <span class='ocrx_word' id='word_1_800' title='bbox 3203 4581 3349 4640; x_wconf 70' lang='lat' dir='ltr'><strong>felici</strong></span> <span class='ocrx_word' id='word_1_801' title='bbox 3404 4585 3598 4641; x_wconf 66' lang='lat' dir='ltr'><strong>animae</strong></span> <span class='ocrx_word' id='word_1_802' title='bbox 3635 4601 3764 4658; x_wconf 76' lang='lat' dir='ltr'><strong>pne-</strong></span> 
     </span>
    </p>
   </div>
   <div class='ocr_carea' id='block_1_107' title="bbox 2193 4661 3764 4757">
    <p class='ocr_par' dir='ltr' id='par_1_107' title="bbox 2193 4661 3764 4757">
     <span class='ocr_line' id='line_1_107' title="bbox 2193 4661 3764 4757; baseline -0.002 -15"><span class='ocrx_word' id='word_1_803' title='bbox 2193 4693 2350 4742; x_wconf 77' lang='lat' dir='ltr'><strong>statui</strong></span> <span class='ocrx_word' id='word_1_804' title='bbox 2377 4682 2624 4757; x_wconf 84' lang='lat' dir='ltr'><strong>jucunda</strong></span> <span class='ocrx_word' id='word_1_805' title='bbox 2651 4681 2850 4739; x_wconf 65' lang='lat' dir='ltr'><strong>divinae</strong></span> <span class='ocrx_word' id='word_1_806' title='bbox 2910 4679 3066 4738; x_wconf 86' lang='lat' dir='ltr'><strong>faciei</strong></span> <span class='ocrx_word' id='word_1_807' title='bbox 3112 4661 3514 4754; x_wconf 78' lang='lat' dir='ltr'><strong>contemplatio.</strong></span> <span class='ocrx_word' id='word_1_808' title='bbox 3572 4681 3644 4739; x_wconf 88' lang='lat' dir='ltr'><strong>De</strong></span> <span class='ocrx_word' id='word_1_809' title='bbox 3669 4698 3764 4754; x_wconf 79' lang='lat' dir='ltr'><strong>qua</strong></span> 
     </span>
    </p>
   </div>
   <div class='ocr_carea' id='block_1_108' title="bbox 2193 4767 3762 4831">
    <p class='ocr_par' dir='ltr' id='par_1_108' title="bbox 2193 4767 3762 4831">
     <span class='ocr_line' id='line_1_108' title="bbox 2193 4767 3762 4831; baseline -0.001 -1"><span class='ocrx_word' id='word_1_810' title='bbox 2193 4775 2390 4831; x_wconf 87' lang='lat' dir='ltr'><strong>dicitur</strong></span> <span class='ocrx_word' id='word_1_811' title='bbox 2419 4792 2431 4829; x_wconf 90' lang='lat'>:</span> <span class='ocrx_word' id='word_1_812' title='bbox 2471 4796 2493 4821; x_wconf 90' lang='lat'><strong>«</strong></span> <span class='ocrx_word' id='word_1_813' title='bbox 2524 4771 2812 4830; x_wconf 86' lang='lat' dir='ltr'><strong>Osculetur</strong></span> <span class='ocrx_word' id='word_1_814' title='bbox 2867 4787 2954 4827; x_wconf 90' lang='lat' dir='ltr'><strong>me</strong></span> <span class='ocrx_word' id='word_1_815' title='bbox 2973 4769 3158 4828; x_wconf 90' lang='lat' dir='ltr'><strong>osculo</strong></span> <span class='ocrx_word' id='word_1_816' title='bbox 3213 4769 3321 4825; x_wconf 86' lang='lat' dir='ltr'><strong>oris</strong></span> <span class='ocrx_word' id='word_1_817' title='bbox 3349 4767 3450 4826; x_wconf 89' lang='lat' dir='ltr'><strong>sui.</strong></span> <span class='ocrx_word' id='word_1_818' title='bbox 3487 4792 3508 4818; x_wconf 77' lang='grc' dir='ltr'>ιι</span> <span class='ocrx_word' id='word_1_819' title='bbox 3570 4769 3640 4828; x_wconf 88' lang='lat' dir='ltr'><strong>Os</strong></span> <span class='ocrx_word' id='word_1_820' title='bbox 3671 4771 3762 4827; x_wconf 88' lang='lat' dir='ltr'><strong>Dei</strong></span> 
     </span>
    </p>
   </div>
   <div class='ocr_carea' id='block_1_109' title="bbox 2195 4855 3764 4932">
    <p class='ocr_par' dir='ltr' id='par_1_109' title="bbox 2195 4855 3764 4932">
     <span class='ocr_line' id='line_1_109' title="bbox 2195 4855 3764 4932; baseline -0.003 -11"><span class='ocrx_word' id='word_1_821' title='bbox 2195 4873 2276 4920; x_wconf 90' lang='lat' dir='ltr'><strong>est</strong></span> <span class='ocrx_word' id='word_1_822' title='bbox 2320 4861 2581 4929; x_wconf 75' lang='lat' dir='ltr'><strong>Verbum,</strong></span> <span class='ocrx_word' id='word_1_823' title='bbox 2641 4861 2740 4916; x_wconf 91' lang='lat' dir='ltr'><strong>Dei</strong></span> <span class='ocrx_word' id='word_1_824' title='bbox 2793 4855 2986 4916; x_wconf 79' lang='lat' dir='ltr'><strong>Filius.</strong></span> <span class='ocrx_word' id='word_1_825' title='bbox 3049 4857 3203 4916; x_wconf 88' lang='lat' dir='ltr'><strong>Unde</strong></span> <span class='ocrx_word' id='word_1_826' title='bbox 3243 4859 3512 4932; x_wconf 83' lang='lat' dir='ltr'><strong>propheta</strong></span> <span class='ocrx_word' id='word_1_827' title='bbox 3567 4875 3580 4914; x_wconf 88' lang='lat'><strong>:</strong></span> <span class='ocrx_word' id='word_1_828' title='bbox 3639 4857 3764 4917; x_wconf 89' lang='lat' dir='ltr'><strong>«Os</strong></span> 
     </span>
    </p>
   </div>
   <div class='ocr_carea' id='block_1_110' title="bbox 2195 4947 3762 5026">
    <p class='ocr_par' dir='ltr' id='par_1_110' title="bbox 2195 4947 3762 5026">
     <span class='ocr_line' id='line_1_110' title="bbox 2195 4947 3762 5026; baseline -0.004 -17"><span class='ocrx_word' id='word_1_829' title='bbox 2195 4955 2314 5026; x_wconf 89' lang='lat' dir='ltr'><strong>ejus</strong></span> <span class='ocrx_word' id='word_1_830' title='bbox 2370 4952 2440 5009; x_wconf 89' lang='lat' dir='ltr'><strong>ad</strong></span> <span class='ocrx_word' id='word_1_831' title='bbox 2497 4949 2832 5006; x_wconf 89' lang='lat' dir='ltr'><strong>iracundiam</strong></span> <span class='ocrx_word' id='word_1_832' title='bbox 2863 4947 3282 5019; x_wconf 86' lang='lat' dir='ltr'><strong>provocavimus</strong></span> <span class='ocrx_word' id='word_1_833' title='bbox 3328 4947 3558 5022; x_wconf 77' lang='lat' dir='ltr'><strong>(&#39;Thren.</strong></span> <span class='ocrx_word' id='word_1_834' title='bbox 3585 4951 3640 5020; x_wconf 83' lang='grc' dir='ltr'><strong>ι),</strong></span> <span class='ocrx_word' id='word_1_835' title='bbox 3672 4949 3762 5004; x_wconf 65' lang='lat' dir='ltr'><strong>sin</strong></span> 
     </span>
    </p>
   </div>
   <div class='ocr_carea' id='block_1_111' title="bbox 2194 5043 3762 5122">
    <p class='ocr_par' dir='ltr' id='par_1_111' title="bbox 2194 5043 3762 5122">
     <span class='ocr_line' id='line_1_111' title="bbox 2194 5043 3762 5122; baseline -0.003 -16"><span class='ocrx_word' id='word_1_836' title='bbox 2194 5067 2301 5122; x_wconf 90' lang='lat' dir='ltr'><strong>quo</strong></span> <span class='ocrx_word' id='word_1_837' title='bbox 2322 5049 2508 5107; x_wconf 89' lang='lat' dir='ltr'><strong>omnia</strong></span> <span class='ocrx_word' id='word_1_838' title='bbox 2560 5047 2784 5115; x_wconf 89' lang='lat' dir='ltr'><strong>creavit,</strong></span> <span class='ocrx_word' id='word_1_839' title='bbox 2841 5047 2980 5102; x_wconf 89' lang='lat' dir='ltr'><strong>sicut</strong></span> <span class='ocrx_word' id='word_1_840' title='bbox 3032 5043 3226 5102; x_wconf 90' lang='lat' dir='ltr'><strong>dicitur</strong></span> <span class='ocrx_word' id='word_1_841' title='bbox 3271 5063 3285 5104; x_wconf 91' lang='lat'><strong>:</strong></span> <span class='ocrx_word' id='word_1_842' title='bbox 3345 5069 3368 5096; x_wconf 73' lang='grc' dir='ltr'>α</span> <span class='ocrx_word' id='word_1_843' title='bbox 3399 5046 3520 5119; x_wconf 86' lang='lat' dir='ltr'><strong>Ipse</strong></span> <span class='ocrx_word' id='word_1_844' title='bbox 3573 5046 3762 5103; x_wconf 83' lang='lat' dir='ltr'><strong>dixitet</strong></span> 
     </span>
    </p>
   </div>
   <div class='ocr_carea' id='block_1_112' title="bbox 2196 5135 3762 5208">
    <p class='ocr_par' dir='ltr' id='par_1_112' title="bbox 2196 5135 3762 5208">
     <span class='ocr_line' id='line_1_112' title="bbox 2196 5135 3762 5208; baseline -0.003 -12"><span class='ocrx_word' id='word_1_845' title='bbox 2196 5141 2336 5196; x_wconf 83' lang='lat' dir='ltr'><strong>facta</strong></span> <span class='ocrx_word' id='word_1_846' title='bbox 2377 5147 2500 5195; x_wconf 88' lang='lat' dir='ltr'><strong>sunt</strong></span> <span class='ocrx_word' id='word_1_847' title='bbox 2528 5138 2700 5208; x_wconf 76' lang='lat' dir='ltr'><strong>(Psal.</strong></span> <span class='ocrx_word' id='word_1_848' title='bbox 2749 5149 2979 5206; x_wconf 69' lang='lat' dir='ltr'><strong>.cxnvm;</strong></span> <span class='ocrx_word' id='word_1_849' title='bbox 3012 5157 3036 5185; x_wconf 76' lang='grc' dir='ltr'><strong><em>ι</em></strong></span> <span class='ocrx_word' id='word_1_850' title='bbox 3070 5143 3124 5191; x_wconf 93' lang='lat' dir='ltr'><strong>et</strong></span> <span class='ocrx_word' id='word_1_851' title='bbox 3155 5152 3169 5190; x_wconf 89' lang='lat'>:</span> <span class='ocrx_word' id='word_1_852' title='bbox 3205 5159 3228 5186; x_wconf 79' lang='grc' dir='ltr'>α</span> <span class='ocrx_word' id='word_1_853' title='bbox 3255 5135 3441 5192; x_wconf 85' lang='lat' dir='ltr'><strong>Semel</strong></span> <span class='ocrx_word' id='word_1_854' title='bbox 3475 5135 3668 5192; x_wconf 87' lang='lat' dir='ltr'><strong>locutus</strong></span> <span class='ocrx_word' id='word_1_855' title='bbox 3691 5143 3762 5191; x_wconf 84' lang='lat' dir='ltr'><strong>est</strong></span> 
     </span>
    </p>
   </div>
   <div class='ocr_carea' id='block_1_113' title="bbox 2192 5231 3756 5308">
    <p class='ocr_par' dir='ltr' id='par_1_113' title="bbox 2192 5231 3756 5308">
     <span class='ocr_line' id='line_1_113' title="bbox 2192 5231 3756 5308; baseline -0.004 -13"><span class='ocrx_word' id='word_1_856' title='bbox 2192 5239 2336 5294; x_wconf 91' lang='lat' dir='ltr'><strong>Deus</strong></span> <span class='ocrx_word' id='word_1_857' title='bbox 2363 5237 2540 5308; x_wconf 80' lang='lat' dir='ltr'><strong>(Psal.</strong></span> <span class='ocrx_word' id='word_1_858' title='bbox 2571 5234 2726 5302; x_wconf 77' lang='lat' dir='ltr'><strong>LXI):</strong></span> <span class='ocrx_word' id='word_1_859' title='bbox 2763 5257 2785 5283; x_wconf 74' lang='grc' dir='ltr'><strong><em>ιι</em></strong></span> <span class='ocrx_word' id='word_1_860' title='bbox 2821 5233 2912 5305; x_wconf 89' lang='lat' dir='ltr'><strong>qui</strong></span> <span class='ocrx_word' id='word_1_861' title='bbox 2939 5241 2992 5289; x_wconf 92' lang='lat' dir='ltr'><strong>et</strong></span> <span class='ocrx_word' id='word_1_862' title='bbox 3021 5233 3178 5288; x_wconf 89' lang='lat' dir='ltr'><strong>nobis</strong></span> <span class='ocrx_word' id='word_1_863' title='bbox 3195 5232 3401 5289; x_wconf 85' lang='lat' dir='ltr'><strong>locutus</strong></span> <span class='ocrx_word' id='word_1_864' title='bbox 3443 5240 3540 5302; x_wconf 82' lang='lat' dir='ltr'><strong>est,</strong></span> <span class='ocrx_word' id='word_1_865' title='bbox 3570 5231 3756 5303; x_wconf 55' lang='lat' dir='ltr'><strong>qundo</strong></span> 
     </span>
    </p>
   </div>
   <div class='ocr_carea' id='block_1_114' title="bbox 2192 5329 3755 5406">
    <p class='ocr_par' dir='ltr' id='par_1_114' title="bbox 2192 5329 3755 5406">
     <span class='ocr_line' id='line_1_114' title="bbox 2192 5329 3755 5406; baseline -0.003 -15"><span class='ocrx_word' id='word_1_866' title='bbox 2192 5334 2400 5406; x_wconf 87' lang='lat' dir='ltr'><strong>paterni</strong></span> <span class='ocrx_word' id='word_1_867' title='bbox 2455 5332 2634 5389; x_wconf 89' lang='lat' dir='ltr'><strong>cordis</strong></span> <span class='ocrx_word' id='word_1_868' title='bbox 2683 5347 2882 5388; x_wconf 76' lang='lat' dir='ltr'><strong>arcam</strong></span> <span class='ocrx_word' id='word_1_869' title='bbox 2945 5330 3173 5402; x_wconf 84' lang='lat' dir='ltr'><strong>aperuit.</strong></span> <span class='ocrx_word' id='word_1_870' title='bbox 3223 5332 3286 5386; x_wconf 90' lang='lat' dir='ltr'><strong>ln</strong></span> <span class='ocrx_word' id='word_1_871' title='bbox 3331 5329 3577 5387; x_wconf 65' lang='lat' dir='ltr'><strong>Manis</strong></span> <span class='ocrx_word' id='word_1_872' title='bbox 3619 5329 3755 5386; x_wconf 73' lang='lat' dir='ltr'><strong>rebus</strong></span> 
     </span>
    </p>
   </div>
   <div class='ocr_carea' id='block_1_115' title="bbox 2189 5419 3756 5492">
    <p class='ocr_par' dir='ltr' id='par_1_115' title="bbox 2189 5419 3756 5492">
     <span class='ocr_line' id='line_1_115' title="bbox 2189 5419 3756 5492; baseline -0.003 -13"><span class='ocrx_word' id='word_1_873' title='bbox 2189 5425 2328 5480; x_wconf 88' lang='lat' dir='ltr'><strong>adeo</strong></span> <span class='ocrx_word' id='word_1_874' title='bbox 2360 5423 2508 5480; x_wconf 91' lang='lat' dir='ltr'><strong>nulla</strong></span> <span class='ocrx_word' id='word_1_875' title='bbox 2533 5438 2622 5478; x_wconf 90' lang='lat' dir='ltr'><strong>res</strong></span> <span class='ocrx_word' id='word_1_876' title='bbox 2649 5421 2822 5476; x_wconf 88' lang='lat' dir='ltr'><strong>dulcis</strong></span> <span class='ocrx_word' id='word_1_877' title='bbox 2848 5427 2928 5477; x_wconf 88' lang='lat' dir='ltr'><strong>est</strong></span> <span class='ocrx_word' id='word_1_878' title='bbox 2955 5428 3015 5476; x_wconf 85' lang='lat' dir='ltr'><strong>ut</strong></span> <span class='ocrx_word' id='word_1_879' title='bbox 3039 5435 3199 5475; x_wconf 87' lang='lat' dir='ltr'><strong>amor</strong></span> <span class='ocrx_word' id='word_1_880' title='bbox 3223 5419 3362 5476; x_wconf 78' lang='lat' dir='ltr'><strong>inter</strong></span> <span class='ocrx_word' id='word_1_881' title='bbox 3385 5431 3665 5492; x_wconf 75' lang='lat' dir='ltr'><strong>sppaisum</strong></span> <span class='ocrx_word' id='word_1_882' title='bbox 3709 5426 3756 5475; x_wconf 88' lang='lat' dir='ltr'><strong>et</strong></span> 
     </span>
    </p>
   </div>
   <div class='ocr_carea' id='block_1_116' title="bbox 2187 5507 3752 5584">
    <p class='ocr_par' dir='ltr' id='par_1_116' title="bbox 2187 5507 3752 5584">
     <span class='ocr_line' id='line_1_116' title="bbox 2187 5507 3752 5584; baseline -0.003 -16"><span class='ocrx_word' id='word_1_883' title='bbox 2187 5529 2464 5584; x_wconf 87' lang='lat' dir='ltr'><strong>sponsam,</strong></span> <span class='ocrx_word' id='word_1_884' title='bbox 2513 5511 2640 5582; x_wconf 89' lang='lat' dir='ltr'><strong>quia</strong></span> <span class='ocrx_word' id='word_1_885' title='bbox 2695 5517 2920 5582; x_wconf 84' lang='lat' dir='ltr'><strong>propter</strong></span> <span class='ocrx_word' id='word_1_886' title='bbox 2959 5510 3105 5564; x_wconf 78' lang='lat' dir='ltr'><strong>hunc</strong></span> <span class='ocrx_word' id='word_1_887' title='bbox 3151 5507 3262 5565; x_wconf 83' lang='lat' dir='ltr'><strong>duo</strong></span> <span class='ocrx_word' id='word_1_888' title='bbox 3315 5523 3424 5564; x_wconf 78' lang='lat' dir='ltr'><strong>una</strong></span> <span class='ocrx_word' id='word_1_889' title='bbox 3479 5524 3602 5566; x_wconf 86' lang='lat' dir='ltr'><strong>caro</strong></span> <span class='ocrx_word' id='word_1_890' title='bbox 3648 5507 3752 5564; x_wconf 78' lang='lat' dir='ltr'><strong>ofﬁ-</strong></span> 
     </span>
    </p>
   </div>
   <div class='ocr_carea' id='block_1_117' title="bbox 2186 5605 3748 5678">
    <p class='ocr_par' dir='ltr' id='par_1_117' title="bbox 2186 5605 3748 5678">
     <span class='ocr_line' id='line_1_117' title="bbox 2186 5605 3748 5678; baseline -0.003 -12"><span class='ocrx_word' id='word_1_891' title='bbox 2186 5611 2416 5667; x_wconf 89' lang='lat' dir='ltr'><strong>ciuntur.</strong></span> <span class='ocrx_word' id='word_1_892' title='bbox 2467 5609 2728 5664; x_wconf 87' lang='lat' dir='ltr'><strong>Similiter</strong></span> <span class='ocrx_word' id='word_1_893' title='bbox 2780 5607 2929 5663; x_wconf 84' lang='lat' dir='ltr'><strong>nulla</strong></span> <span class='ocrx_word' id='word_1_894' title='bbox 2971 5605 3281 5676; x_wconf 81' lang='lat' dir='ltr'><strong>conjunctio</strong></span> <span class='ocrx_word' id='word_1_895' title='bbox 3311 5605 3620 5678; x_wconf 71' lang='lat' dir='ltr'><strong>intciligilr</strong></span> <span class='ocrx_word' id='word_1_896' title='bbox 3655 5611 3748 5662; x_wconf 64' lang='lat' dir='ltr'><strong>In</strong></span> 
     </span>
    </p>
   </div>
   <div class='ocr_carea' id='block_1_118' title="bbox 2185 5701 3748 5777">
    <p class='ocr_par' dir='ltr' id='par_1_118' title="bbox 2185 5701 3748 5777">
     <span class='ocr_line' id='line_1_118' title="bbox 2185 5701 3748 5777; baseline -0.004 -13"><span class='ocrx_word' id='word_1_897' title='bbox 2185 5708 2444 5774; x_wconf 82' lang='lat' dir='ltr'><strong>districta,</strong></span> <span class='ocrx_word' id='word_1_898' title='bbox 2475 5713 2531 5762; x_wconf 90' lang='lat' dir='ltr'><strong>et</strong></span> <span class='ocrx_word' id='word_1_899' title='bbox 2575 5706 2656 5762; x_wconf 89' lang='lat' dir='ltr'><strong>sic</strong></span> <span class='ocrx_word' id='word_1_900' title='bbox 2712 5705 2987 5777; x_wconf 80' lang='lat' dir='ltr'><strong>proxima,</strong></span> <span class='ocrx_word' id='word_1_901' title='bbox 3041 5711 3104 5759; x_wconf 86' lang='lat' dir='ltr'><strong>ut</strong></span> <span class='ocrx_word' id='word_1_902' title='bbox 3126 5703 3344 5775; x_wconf 85' lang='lat' dir='ltr'><strong>spiritus</strong></span> <span class='ocrx_word' id='word_1_903' title='bbox 3393 5701 3556 5760; x_wconf 66' lang='lat' dir='ltr'><strong>creati</strong></span> <span class='ocrx_word' id='word_1_904' title='bbox 3584 5712 3633 5758; x_wconf 84' lang='lat' dir='ltr'><strong>et</strong></span> <span class='ocrx_word' id='word_1_905' title='bbox 3667 5705 3748 5758; x_wconf 80' lang='lat' dir='ltr'><strong>in-</strong></span> 
     </span>
    </p>
   </div>
   <div class='ocr_carea' id='block_1_119' title="bbox 2183 5799 3737 5876">
    <p class='ocr_par' dir='ltr' id='par_1_119' title="bbox 2183 5799 3737 5876">
     <span class='ocr_line' id='line_1_119' title="bbox 2183 5799 3737 5876; baseline -0.005 -12"><span class='ocrx_word' id='word_1_906' title='bbox 2183 5806 2368 5873; x_wconf 81' lang='lat' dir='ltr'><strong>creati,</strong></span> <span class='ocrx_word' id='word_1_907' title='bbox 2419 5805 2549 5876; x_wconf 74' lang='lat' dir='ltr'><strong>quia</strong></span> <span class='ocrx_word' id='word_1_908' title='bbox 2598 5804 2675 5860; x_wconf 76' lang='lat' dir='ltr'><strong>ibi</strong></span> <span class='ocrx_word' id='word_1_909' title='bbox 2720 5803 3034 5860; x_wconf 69' lang='lat' dir='ltr'><strong>«ie-duobus</strong></span> <span class='ocrx_word' id='word_1_910' title='bbox 3073 5815 3213 5859; x_wconf 88' lang='lat' dir='ltr'><strong>unus</strong></span> <span class='ocrx_word' id='word_1_911' title='bbox 3253 5801 3472 5876; x_wconf 76' lang='lat' dir='ltr'><strong>spin‘tns</strong></span> <span class='ocrx_word' id='word_1_912' title='bbox 3517 5799 3737 5859; x_wconf 68' lang='lat' dir='ltr'><strong>efﬁcitur.</strong></span> 
     </span>
    </p>
   </div>
   <div class='ocr_carea' id='block_1_120' title="bbox 2183 5895 3743 5978">
    <p class='ocr_par' dir='ltr' id='par_1_120' title="bbox 2183 5895 3743 5978">
     <span class='ocr_line' id='line_1_120' title="bbox 2183 5895 3743 5978; baseline -0.002 -16"><span class='ocrx_word' id='word_1_913' title='bbox 2183 5905 2395 5978; x_wconf 84' lang='lat' dir='ltr'><strong>Sponsa</strong></span> <span class='ocrx_word' id='word_1_914' title='bbox 2448 5902 2628 5975; x_wconf 73' lang='lat' dir='ltr'><strong>itaque</strong></span> <span class='ocrx_word' id='word_1_915' title='bbox 2685 5915 2873 5960; x_wconf 79' lang='lat' dir='ltr'><strong>amore</strong></span> <span class='ocrx_word' id='word_1_916' title='bbox 2921 5901 3213 5975; x_wconf 77' lang='lat' dir='ltr'><strong>languens,</strong></span> <span class='ocrx_word' id='word_1_917' title='bbox 3267 5915 3526 5974; x_wconf 86' lang='lat' dir='ltr'><strong>sponsum</strong></span> <span class='ocrx_word' id='word_1_918' title='bbox 3591 5895 3743 5959; x_wconf 76' lang='lat' dir='ltr'><strong>sitiens</strong></span> 
     </span>
    </p>
   </div>
  </div>
