3956 6426
88 362 183 414 ς201

1300 357 1667 413 MORALIUM
1709 359 1776 413 IN
1817 358 2115 416 GENESIN
2158 359 2291 416 LIB.
2334 361 2451 417 VII.

3523 368 3628 423 202

83 490 311 546 caeleste
362 490 567 546 anima
625 488 983 559 resipiscens,
1032 487 1169 544 boni
1212 488 1401 558 operis
1448 488 1664 543 semine
1695 488 1812 545 hu-
1850 493 1891 546 A
1924 489 2217 546 Abraham
2248 491 2512 556 moritur,
2548 506 2680 547 cum
2718 490 3037 550 intellectus
3064 506 3099 549 a
3142 494 3255 551 Deo
3288 494 3621 563 dirimitur;

83 580 393 636 manitatis
440 594 645 636 casum
712 578 981 649 contegit.
1038 579 1242 634 Annus
1293 577 1623 649 cujuspiam
1675 578 1811 633 boni

88 669 363 739 perfectio
413 668 779 740 intelligitur.
846 668 936 724 Uti
994 667 1146 723 enim
1205 681 1395 723 annus
1451 667 1674 735 diebus,
1733 668 1812 723 sic

87 773 344 829 quaque
387 759 579 815 virtus
626 757 1059 829 cogitationum,
1112 756 1491 823 locutionum,
1540 771 1811 827 operum-

87 862 201 917 que
234 848 475 917 piorum
520 847 698 918 fulget
740 846 1083 916 adnisibus;
1132 846 1188 901 in
1240 846 1347 902 hac
1387 846 1583 916 itaque
1622 847 1809 903 virtu-

89 944 213 992 tum
262 936 633 1006 plenitudine
708 936 1016 1005 centuplum
1078 938 1310 1002 invenit,
1377 935 1519 991 dum
1583 942 1810 991 aeterna

92 1026 589 1091 remunerationis
629 1039 916 1081 summam
961 1025 1082 1096 jam
1150 1032 1339 1081 mente
1394 1039 1654 1096 prasaga
1701 1040 1811 1080 ex-

90 1124 415 1185 spectatam
446 1116 686 1171 ﬁdeliter
716 1115 949 1185 colligit.
1005 1113 1371 1170 Benedicitur
1418 1116 1615 1185 itaque
1648 1114 1812 1184 spiri-

92 1204 238 1260 tuali
286 1204 511 1260 scilicet
557 1203 879 1260 substantia
909 1209 1342 1273 augmentatur,
1400 1202 1807 1273 locupletatur,

90 1293 183 1349 sed
234 1301 458 1361 tamen,
513 1301 577 1349 ut
627 1307 747 1348 sua
801 1305 1025 1362 semper
1076 1290 1401 1363 fragilitatis
1461 1291 1806 1360 meminerit,

92 1382 246 1436 homo
307 1381 547 1437 dicitur.
594 1380 884 1446 Pro/ieiens
921 1394 1058 1450 ergo
1105 1379 1340 1448 virtute,
1373 1386 1537 1448 atque
1565 1396 1807 1435 succres-

91 1485 210 1524 cens
268 1484 374 1539 spe
437 1469 500 1535 it,
547 1469 599 1524 id
651 1476 735 1525 est
786 1469 1066 1525 desiderio
1120 1468 1377 1524 tenditur
1414 1468 1488 1524 ad
1534 1469 1808 1525 bravium

89 1558 415 1614 vocationis
459 1571 726 1629 superna
772 1557 1000 1627 (Philip.
1051 1572 1141 1625 lli,
1197 1558 1309 1629 t4),
1350 1557 1531 1613 donec
1578 1556 1809 1613 inﬁmas

89 1646 320 1703 evincat
369 1647 715 1717 cupiditates
770 1646 1087 1702 sanctitatis
1144 1645 1564 1717 magnitudine.
1630 1647 1809 1701 Habet

89 1738 486 1805 possessionem
524 1739 704 1790 ovium
750 1741 802 1789 et
848 1740 1236 1804 armentorum,
1288 1734 1426 1790 dum
1488 1742 1543 1790 et
1601 1742 1808 1790 actua-

1920 579 2018 635 alii
2052 580 2229 650 putei,
2285 596 2430 650 quos
2463 581 2758 636 abstrusos
2806 582 2968 637 Isaac
3009 582 3167 651 fodit,
3218 584 3321 640 Dei
3375 586 3624 656 cognitio

1920 668 2274 739 scientiaque
2309 683 2680 739 quarumque
2730 678 3033 738 Virtutum,
3071 685 3101 726 e
3151 673 3365 742 quibus
3392 673 3623 730 vitalem

1917 754 2205 811 sumimus
2279 757 2518 825 undam,
2576 756 3003 829 intelliguntur,
3067 759 3171 830 qui
3228 775 3329 830 per
3386 762 3626 818 rationis

1917 843 2198 901 defectum
2234 859 2268 900 a
2315 846 2676 902 damonibus
2720 848 2880 903 obice
2910 849 3257 904 terrenitatis
3289 849 3620 920 opplentur,

1918 934 2016 989 sed
2047 934 2116 989 ad
2150 949 2404 1005 superna
2444 936 2658 1006 gaudia
2697 936 2890 991 animo
2920 937 3257 1006 respirante,
3301 939 3623 1008 spirituali-

1921 1020 2030 1077 bus
2059 1022 2285 1089 studiis,
2321 1023 2424 1094 qui
2457 1024 2688 1092 rationi,
2750 1030 2889 1079 I05
2922 1039 3054 1081 vero
3104 1026 3316 1083 scilicet
3355 1028 3619 1096 Abraha,

1920 1109 2267 1177 inserviunt,
2317 1113 2607 1180 exhausti,
2663 1113 3022 1169 discretionis
3079 1115 3291 1171 sedula
3342 1131 3484 1172 cura
3532 1118 3624 1173 de-

1917 1199 2184 1271 plentur;
2220 1201 2321 1257 hos
2364 1201 2557 1256 iisdem
2586 1202 2913 1268 nominibus,
2958 1204 3155 1271 quibus
3202 1209 3252 1258 et
3298 1208 3423 1258 ante
3462 1211 3624 1274 pater

1918 1288 2186 1358 appellat,
2218 1290 2357 1346 dum
2393 1290 2447 1344 in
2486 1297 2707 1346 tantum
2766 1291 3086 1346 sanctitatis
3132 1293 3287 1361 apud
3338 1293 3518 1349 Deum
3566 1302 3622 1351 et

1920 1377 2178 1433 homines
2210 1378 2478 1448 opinione
2518 1394 2636 1434 sese
2680 1378 2997 1449 insigniens
3030 1380 3380 1451 magniﬁcat,
3425 1397 3621 1453 quan-

1918 1473 2041 1522 tum
2076 1467 2365 1523 subtilitas
2412 1467 2593 1538 ipsius
2636 1468 2877 1524 rationis
2928 1470 3046 1525 ﬁeri
3080 1470 3281 1526 debere
3312 1471 3507 1527 dictat.
3548 1473 3621 1527 In

1919 1560 2154 1610 torrente
2165 1564 2357 1612 autem
2372 1556 2642 1623 fodimus,
2657 1571 2789 1613 cum
2808 1557 3273 1615 transibilitatem
3290 1560 3466 1630 hujus
3485 1569 3621 1617 tem-

1918 1644 2236 1713 poralitatis
2248 1644 2606 1711 discutimus,
2631 1645 2823 1715 ibique
2844 1663 3045 1714 aquam
3064 1650 3246 1701 vivam
3269 1648 3618 1715 invenimus,

1920 1732 2080 1802 quia,
2106 1733 2309 1788 mundi
2332 1733 2735 1803 perpendenda
2754 1748 3088 1803 excursum,
3115 1735 3324 1792 fontem
3347 1751 3516 1807 aqua
3536 1751 3622 1792 sa-

91 1800 230 1879 lium
263 1832 319 1881 et
363 1824 948 1893 contemplativorum
981 1800 1260 1879 bonorum
1297 1824 1419 1879 sine
1467 1823 1657 1879 laudis
1696 1824 1804 1879 hu-
1848 1800 1889 1854 Β
1921 1800 2111 1877 lientis
2142 1821 2198 1876 in
2230 1800 2406 1877 vitam
2440 1800 2711 1878 aternatn
2757 1822 2935 1894 (Joan.
2966 1839 3040 1891 ιν,
3074 1800 3174 1891 ν14)
3206 1800 3470 1881 ειιίῐὶοθὶο
3512 1840 3619 1883 no-

95 1928 278 1970 mana
333 1913 776 1984 participatione
826 1912 1045 1969 obtinet
1100 1912 1606 1983 multiplicitatem.
1663 1912 1810 1969 Oves

96 2002 369 2073 lanigera
449 2010 505 2058 et
551 2001 833 2072 simplices
885 2016 1019 2059 cum
1075 2002 1208 2067 sint,
1263 2001 1540 2057 humilem
1593 2001 1806 2057 beneﬁ-

98 2091 294 2147 centia
346 2091 588 2163 signant
652 2098 866 2147 actum.
939 2094 1233 2158 Armenta,
1304 2090 1470 2146 fortia
1516 2089 1808 2161 religionis

98 2194 286 2249 opera,
340 2195 479 2251 qua
528 2187 583 2236 et
634 2178 1110 2249 contemplatores
1148 2180 1455 2236 sublevant
1511 2179 1583 2234 ad
1610 2178 1809 2234 divina

99 2269 346 2325 videnda
379 2270 557 2336 viros,
598 2269 930 2338 accipimus.
967 2269 1208 2324 Familia
1243 2283 1277 2324 a
1307 2269 1631 2337 famulando
1661 2268 1807 2324 dici-

100 2364 219 2424 tur;
253 2359 495 2425 familia
515 2358 710 2428 itaque
733 2357 923 2425 habet,
966 2359 1291 2428 plurimum,
1342 2358 1442 2428 qui
1484 2364 1807 2428 quantum-

101 2460 329 2518 cunque
377 2446 614 2503 culmen
671 2446 923 2518 attigerit
978 2447 1281 2514 virtutum,
1336 2447 1566 2503 turbam
1614 2454 1807 2503 tamen

104 2534 266 2605 (licet,
297 2536 486 2593 velint
514 2535 721 2604 nolint,
748 2536 956 2591 rationi
987 2535 1364 2607 famulentur)
1387 2536 1603 2607 patitur
1646 2536 1807 2607 cogi-

108 2626 412 2682 tationum.

169 2715 341 2771 Vens.
381 2717 471 2780 l5,
510 2717 593 2783 l6,
630 2715 713 2769 l7.
754 2743 827 2755 —
872 2714 948 2770 0b
1002 2714 1097 2769 hoc
1144 2713 1449 2770 invidentes
1501 2714 1805 2783 Palaestini,

104 2818 273 2858 omnes
297 2808 497 2874 puteos
521 2845 536 2871 ,
577 2818 709 2872 quos
728 2804 983 2871 foderant
1012 2805 1157 2858 servi
1177 2806 1361 2873 patris
1406 2806 1495 2858 sui
1524 2803 1808 2859 Abraham

106 2894 192 2947 illo
232 2900 473 2964 tempore
519 2894 911 2961 obstruserunt,
962 2895 1241 2964 implentes
1286 2895 1444 2948 humo
1477 2897 1536 2947 in
1596 2898 1807 2948 tantum

106 2988 163 3036 ut
190 2985 306 3051 ipse
353 2982 671 3037 Abimelech
710 2982 910 3036 diceret
960 2982 1034 3036 ad
1076 2984 1270 3037 Isaac:
1316 2982 1513 3036 Recede
1568 2998 1603 3037 a
1632 2983 1804 3049 nobis,

1919 1910 2006 1965 bis
2034 1911 2106 1966 ad
2136 1910 2376 1982 gloriam
2401 1919 2723 1981 contempto
2746 1912 3108 1982 prasentium
3134 1913 3302 1970 ﬂuxu
3334 1915 3616 1971 videmus.

1988 1999 2159 2056 Vsus.
2186 2002 2276 2067 20,
2310 2003 2398 2068 2|,
2426 2002 2514 2054 22.
2550 2030 2615 2039 ‹-
2638 2001 2743 2056 Sed
2771 2006 2821 2055 et
2841 2001 2923 2054 ibi
2940 2002 3191 2071 jurgium
3208 2005 3321 2070 fuit
3336 2010 3621 2073 pastorum

1919 2089 2134 2145 Gerara
2197 2089 2487 2144 adversum
2544 2095 2789 2159 pastores
2847 2088 3031 2157 Isaac,
3109 2092 3437 2148 dicentium:
3516 2096 3622 2150 No-

1916 2184 2032 2232 stra
2070 2182 2150 2232 est
2192 2194 2359 2248 aqua.
2420 2179 2773 2245 Quamobrem
2814 2195 3003 2233 nomen
3048 2184 3220 2249 putei,
3270 2198 3338 2236 ea:
3383 2198 3445 2237 eo
3476 2184 3622 2251 quod

1916 2267 2208 2334 acciderat,
2253 2274 2461 2322 vocavit
2511 2269 2870 2324 Calumniam.
2930 2270 3201 2324 Foderunt
3239 2276 3290 2325 et
3329 2273 3520 2338 alium,
3570 2279 3621 2326 et

1909 2372 2014 2427 pro
2043 2358 2136 2411 illo
2169 2372 2379 2425 quoque
2416 2359 2593 2411 rimati
2633 2364 2778 2424 sunt,
2812 2360 3218 2427 appellavitque
3256 2376 3374 2415 eum
3414 2362 3620 2416 Inimi-

1915 2448 2091 2501 citias.
2152 2448 2431 2512 Profectus
2479 2446 2606 2499 inde
2655 2446 2801 2513 fodit
2865 2449 3037 2501 alium
3080 2454 3302 2517 puteum
3358 2466 3462 2520 pro
3515 2467 3620 2521 quo

1914 2551 2020 2589 non
2047 2534 2452 2589 contenderunt.
2500 2536 2756 2591 Pastorcs
2786 2536 3008 2591 Gerara
3051 2551 3254 2593 sensus
3304 2539 3622 2609 accipimus

1915 2625 2108 2681 carnis
2132 2632 2363 2691 nostra,
2405 2625 2507 2695 qui
2555 2638 2659 2680 nos
2707 2625 3143 2681 sorbitiunculis
3189 2628 3483 2685 sacularis
3527 2644 3622 2699 pa-

1915 2722 2098 2770 scunt
2133 2713 2404 2770 lascivia.
2457 2716 2705 2769 Pastores
2750 2716 2924 2782 Isaac,
2957 2723 3148 2771 motus
3188 2724 3324 2773 sunt
3364 2726 3621 2774 contem-

1916 2803 2135 2874 plativi,
2192 2803 2294 2874 qui
2338 2802 2677 2859 defectiones
2720 2803 3005 2873 spirituali
3036 2803 3305 2861 alimento
3353 2807 3621 2864 reﬁciunt

1917 2891 2116 2948 animi.
2159 2892 2431 2950 Carnalia
2467 2906 2602 2962 ergo
2653 2892 2932 2949 adversus
2979 2894 3304 2962 spiritualia
3348 2896 3617 2967 jurgant,

1917 2981 2118 3036 dicunt
2165 2980 2319 3051 quod
2367 2986 2555 3035 nostra
2610 2986 2688 3035 est
2727 2996 2893 3050 aqua,
2935 2982 3075 3037 dum
3120 2983 3398 3040 suadetur
3428 2985 3502 3041 ab
3534 2985 3622 3041 his

112 3074 359 3141 quoniam
394 3073 673 3141 potentior
709 3074 886 3127 nostri
911 3073 1094 3138 factus
1125 3086 1179 3125 es
1226 3071 1404 3126 valde.
1436 3071 1517 3125 Et
1553 3072 1644 3125 ille
1691 3071 1803 3125 dis-
1847 3105 1889 3160 Β
1918 3067 2072 3137 quod
2102 3068 2395 3123 saecularis
2423 3067 2707 3137 spirituali
2756 3069 2991 3124 omnino
3048 3071 3384 3139 pramineat
3435 3072 3619 3128 scien-

110 3160 287 3215 cedens
314 3166 377 3215 ut
423 3164 631 3216 veniret
674 3161 749 3214 ad
797 3164 1083 3215 torrentem
1136 3161 1371 3226 Gerara,
1431 3160 1809 3229 habitaretque

111 3250 200 3317 ibi,
231 3250 543 3318 Palastini,
593 3250 694 3321 qui
720 3257 776 3306 et
823 3248 1153 3317 Philistbai,
1203 3250 1306 3320 qui
1350 3249 1598 3320 potione,
1640 3249 1695 3304 id
1726 3256 1809 3307 est

113 3340 402 3409 superﬂuo
433 3340 653 3395 haustu
696 3338 981 3409 superbia
1032 3339 1317 3404 cadentes,
1364 3338 1575 3395 scilicet
1605 3338 1809 3393 damo-

115 3440 207 3483 nes
258 3428 690 3499 intelliguntur,
762 3427 833 3484 ob
890 3427 1103 3484 divina
1151 3427 1316 3483 nobis
1372 3426 1573 3498 gratia
1631 3427 1808 3483 uber-

114 3522 275 3573 tatem
309 3518 656 3584 invidentes,
686 3525 887 3587 puteos
928 3517 1261 3587 capacitatis
1289 3531 1356 3573 ac
1398 3515 1804 3587 intelligentia,

116 3620 252 3675 quos
298 3608 599 3675 memoria,
656 3607 945 3675 voluntas,
999 3609 1055 3662 et
1080 3605 1320 3663 affectus
1347 3613 1402 3662 et
1447 3605 1635 3661 cateri
1664 3606 1806 3661 inte-

116 3697 283 3753 riores
311 3704 505 3753 motus
538 3696 745 3752 anima
794 3696 947 3752 servi
999 3696 1245 3766 profecto
1276 3694 1515 3751 rationis
1543 3694 1810 3751 detractis

118 3786 324 3843 inertia
374 3786 712 3851 ruderibus,
764 3792 1131 3856 paraverant,
1177 3793 1417 3840 terrena
1447 3783 1810 3855 cogitationis

118 3874 265 3930 humo
288 3875 570 3942 obruunt,
597 3882 651 3930 et
678 3874 955 3943 foramen,
988 3888 1105 3945 quo
1152 3887 1445 3944 aquarum
1487 3872 1809 3929 viventium

120 3964 468 4032 profunditas
526 3963 849 4034 attingitur,
910 3962 1287 4019 subtilitatem
1333 3962 1545 4017 scilicet
1592 3961 1810 4032 ingenii

120 4066 381 4109 curarum
413 4050 666 4109 molibus
695 4052 1023 4109 obstruunt.
1058 4053 1123 4107 In
1171 4058 1398 4107 tantum
1430 4051 1579 4106 livor
1604 4051 1810 4106 damo-

121 4153 252 4196 num
278 4140 664 4209 excandescit,
714 4147 779 4196 ut
808 4154 909 4210 per
938 4139 1284 4205 Abimelech,
1318 4138 1585 4209 iniquum
1619 4138 1813 4195 videli-

124 4236 204 4284 cet
233 4231 567 4302 quempiam
610 4229 681 4285 ad
730 4229 942 4286 diaboli
991 4229 1172 4299 patris
1230 4227 1514 4284 malorum
1564 4242 1809 4299 regnum

125 4318 511 4388 pertinentem,
561 4319 824 4391 religioso
870 4318 1044 4375 alicui
1090 4327 1281 4389 aperte
1325 4319 1557 4375 dicant:
1606 4319 1813 4373 Recede

125 4421 158 4459 a
182 4408 348 4477 nobis,
380 4410 523 4480 quia
569 4412 841 4479 potentior
890 4411 1065 4464 nostri
1092 4410 1275 4475 factus
1313 4423 1365 4463 es
1404 4408 1583 4476 valde,
1620 4407 1675 4463 id
1707 4415 1812 4477 est,

125 4495 169 4549 si
196 4498 529 4554 excellentia
574 4498 708 4554 vita
756 4512 861 4553 nos
932 4511 1273 4567 exsuperas,
1331 4496 1481 4553 inter
1526 4510 1648 4564 nos,
1710 4495 1810 4567 qui

128 4586 322 4642 sacqu
374 4587 572 4643 adhuc
616 4585 989 4652 deservimus,
1048 4600 1119 4642 ne
1150 4599 1446 4656 appareas,
1484 4585 1581 4642 sed
1612 4584 1811 4655 procul

130 4687 160 4728 a
182 4676 339 4733 nobis
365 4686 421 4734 et
458 4676 691 4748 egregie
733 4676 865 4732 vive
909 4682 972 4733 ut
1002 4675 1257 4732 simulas.
1288 4675 1535 4731 Torrens
1573 4675 1809 4741 Gerara,

129 4763 463 4829 volubilitas,
524 4772 579 4821 et
635 4764 880 4836 impetus
928 4772 1013 4821 est
1075 4764 1347 4820 humana
1399 4764 1551 4831 vita,
1601 4763 1815 4819 scilicet

132 4851 558 4924 propinquantis
606 4854 844 4910 advena
884 4853 957 4910 ad
987 4854 1300 4910 terminum
1340 4851 1815 4923 peregrinationis

133 4951 258 4996 sua.
281 4940 399 5009 Quo
427 4957 570 5014 ergo
599 4943 784 5015 magis
816 4942 948 5014 pius
990 4942 1205 5013 aliquis
1252 4941 1592 4997 molestatur
1631 4954 1666 4995 a
1707 4955 1815 4997 cu-

135 5027 267 5096 pidis
321 5030 635 5088 mundialis
678 5032 894 5103 gloria,
950 5046 1016 5087 eo
1063 5030 1315 5102 amplius
1371 5029 1694 5087 concitatur
1743 5029 1816 5085 ad

137 5113 626 5177 consideratione‘m
686 5120 978 5177 labilitatis
1035 5128 1299 5189 terrena,
1338 5126 1393 5176 et
1442 5118 1501 5174 in
1533 5118 1641 5174 hoc
1684 5132 1815 5189 pro-

139 5214 316 5275 spectu
353 5209 475 5281 ﬁgit
505 5216 721 5265 statum
742 5209 947 5265 mentis
978 5223 1124 5265 sua.

202 5293 360 5353 Vens.
400 5301 487 5368 18,
556 5295 639 5351 19.
688 5326 762 5339 -
806 5300 1147 5368 Rursumque
1207 5295 1354 5364 fodit
1400 5296 1536 5351 alios
1606 5298 1817 5365 puteos,

143 5398 259 5452 quos
284 5387 536 5453 foderant
566 5390 712 5441 servi
734 5389 917 5456 patris
946 5388 1036 5442 sui
1080 5386 1381 5452 Abraham,
1436 5389 1487 5439 et
1523 5399 1654 5455 quos
1693 5384 1821 5438 olim

142 5472 225 5527 illo
277 5482 478 5533 mortuo
544 5475 915 5531 obstruserant
969 5476 1346 5539 Philisthiim;
1413 5474 1822 5543 appellavitque

147 5577 221 5616 eos
272 5566 454 5622 iisdem
504 5566 833 5635 nominibus,
884 5567 1080 5635 quibus
1130 5570 1256 5620 ante
1297 5568 1599 5618 vocaverat.
1652 5562 1821 5617 Fode-

148 5660 356 5726 runtque
411 5661 468 5713 in
546 5662 797 5726 torrente,
864 5661 914 5711 et
981 5658 1295 5726 repererunt
1360 5668 1562 5722 aquam
1616 5652 1818 5705 vivam.

473 5749 753 5814 PATROL.
805 5747 1012 5814 CLVI.

1918 3155 2015 3223 tia,
2041 3155 2211 3226 cujus
2241 3156 2296 3210 in
2330 3165 2601 3226 promptu
2632 3163 2716 3212 est
2748 3155 2952 3227 gloria.
2987 3157 3325 3229 Nomenque
3360 3164 3518 3230 putei
3546 3177 3619 3218 ex

1916 3251 2129 3301 eventu
2171 3252 2337 3300 vocat
2383 3246 2743 3310 Calumniam,
2798 3244 2937 3300 dum
2979 3259 3052 3301 ex
3098 3260 3166 3301 ea
3215 3247 3614 3320 intelligentia,

1918 3344 2050 3401 qua
2091 3345 2165 3386 ex
2194 3336 2443 3387 torrente
2476 3330 2730 3387 discusso
2788 3330 3098 3402 colligitur,
3136 3332 3377 3403 insignis
3413 3344 3618 3393 contra

1919 3426 2174 3489 pastores
2220 3419 2447 3475 Gerara
2497 3420 2791 3475 calumnia
2841 3420 3128 3477 interioris
3176 3422 3426 3478 hominis
3472 3439 3621 3481 nun-

1919 3523 2098 3580 quam
2127 3509 2386 3564 desitura
2436 3516 2715 3565 movetur.
2776 3508 2953 3578 Alter,
2987 3510 3085 3580 qui
3137 3510 3350 3568 foditur
3388 3521 3617 3584 puteus,

1919 3611 2096 3654 sacra
2148 3597 2571 3668 pradicationis
2610 3597 2951 3669 intelligitur
2999 3599 3207 3669 virtus,
3259 3615 3414 3672 qua,
3469 3603 3621 3660 vires

1918 3701 1992 3743 ex
2024 3688 2288 3743 torrentis
2316 3686 2632 3742 defossione
2671 3693 2726 3742 et
2756 3695 2895 3757 potu
2922 3688 3117 3744 vitalis
3164 3703 3333 3760 aqua
3362 3705 3617 3762 sumens,

1920 3783 2078 3832 tanto
2102 3777 2307 3846 purius
2319 3775 2447 3831 aliis
2468 3775 2739 3846 propinat
2754 3784 2973 3847 quanto
2988 3776 3126 3833 fonti
3139 3778 3390 3836 vicinius
3410 3781 3618 3853 instat;

1920 3879 2023 3935 pro
2044 3866 2151 3921 hoc
2180 3879 2413 3935 quoque
2442 3865 2731 3929 rixantur,
2756 3865 2897 3935 quia
2918 3865 3060 3922 bene
3091 3866 3460 3938 loquentibus
3488 3885 3619 3940 pro-

1920 3954 2060 4025 pria
2107 3954 2347 4010 actionis
2385 3953 2690 4009 inﬁrmitas
2718 3954 2763 4008 si
2817 3954 3015 4025 aliqua
3044 3954 3116 4010 sit
3147 3956 3298 4013 illico
3327 3958 3617 4029 objicitur.

1991 4043 2257 4114 Appellat
2297 4044 2454 4099 hunc
2511 4044 2849 4110 inimicitias,
2911 4058 3015 4099 nec
3064 4044 3399 4115 incongrue,
3457 4048 3618 4118 quia,

1916 4133 2089 4204 juxta
2136 4141 2384 4203 poetam,
2430 4133 2535 4189 hoc
2589 4140 2841 4203 tempore
2886 4155 2905 4181 ι
2968 4133 3163 4190 odium
3216 4137 3368 4205 parit
3411 4138 3623 4195 veritas

1922 4224 2066 4292 (Ter.
2112 4222 2299 4276 Andr.
2357 4222 2405 4289 Ι,
2469 4222 2586 4291 41).
2664 4244 2683 4269 ι
2742 4222 2902 4279 Unde
2960 4238 3186 4279 necesse
3232 4232 3315 4280 est
3377 4232 3438 4281 ut
3489 4225 3620 4284 inde

1921 4311 2339 4383 proficiscatur,
2376 4311 2429 4367 id
2474 4319 2575 4379 est,
2628 4311 2698 4366 ad
2734 4311 3023 4367 meliorem
3056 4312 3187 4368 vita
3225 4320 3439 4370 statum
3484 4329 3622 4385 pro-

1846 4412 1889 4468 ι)
1925 4408 2244 4468 moveatur,
2319 4407 2375 4456 et
2450 4407 2690 4469 puteum
2751 4399 2945 4467 fodiat,
3018 4402 3225 4472 egestis
3280 4401 3493 4459 scilicet
3551 4404 3623 4460 ab

1919 4489 2114 4546 animo
2167 4488 2409 4545 terrenis
2456 4486 2776 4556 aﬁectibus,
2810 4503 2927 4544 non
2978 4489 3037 4544 in
3067 4490 3369 4560 superﬁcie
3400 4491 3625 4563 cogita-

1919 4577 2109 4645 tionis,
2144 4576 2593 4649 imaginationis,
2635 4584 2736 4632 aut
2786 4576 3067 4633 forastica
3108 4579 3363 4649 visionis,
3414 4581 3513 4637 sed
3566 4582 3625 4639 in

1920 4667 2124 4724 intimo
2197 4665 2680 4737 intelligibilitatis
2743 4666 3118 4736 purissimum
3194 4669 3428 4725 vivendi
3493 4670 3626 4727 fon-

1921 4765 2035 4814 tem
2083 4756 2361 4826 requirat.
2407 4755 2556 4811 Ordo
2607 4754 2761 4810 enim
2831 4759 3041 4810 nostra
3109 4757 3352 4813 actionis
3414 4772 3488 4813 ex
3546 4760 3628 4816 in-

1919 4853 2098 4902 terna
2130 4859 2276 4900 vena
2306 4844 2674 4915 progreditur
2718 4842 3136 4913 propositionis,
3182 4845 3334 4900 unde
3364 4848 3627 4917 exempla

1923 4935 2051 4991 aliis
2087 4934 2387 5006 proﬂuunt
2432 4932 2806 4989 eruditionis:
2851 4932 3010 5001 prius
3060 4947 3197 5004 ergo
3260 4942 3470 5004 puteus
3519 4936 3628 4993 do-

1923 5024 2143 5093 ctrina,
2237 5022 2599 5094 postmodum
2686 5021 2901 5079 foditur
2985 5022 3334 5091 operationis
3429 5024 3625 5097 justa,

1925 5114 2027 5186 qui
2103 5113 2337 5170 omnino
2403 5112 2524 5183 jam
2601 5118 2755 5168 caret
2829 5112 3212 5181 contentione,
3280 5113 3421 5185 quia
3487 5115 3631 5172 tales

1924 5202 2280 5273 pracipuam
2320 5201 2704 5258 reverentiam
2756 5200 2938 5257 solent
2991 5200 3224 5270 habere,
3284 5201 3504 5272 quibus
3546 5203 3629 5259 nil

1926 5292 2188 5348 homines
2266 5297 2505 5360 possunt
2573 5289 2851 5361 objicere;
2917 5289 3098 5360 prius,
3181 5290 3443 5361 inquam,
3494 5292 3631 5348 Ani-

1928 5397 2019 5436 ma
2081 5394 2335 5450 namque
2393 5379 2712 5447 laborantis,
2784 5378 2959 5449 juxta
3027 5379 3409 5449 Salomonem,
3474 5382 3631 5437 labo-

1928 5474 2018 5525 rat
2048 5469 2173 5537 sibi,
2224 5470 2359 5538 quia
2402 5468 2663 5539 compulit
2695 5483 2813 5521 eum
2839 5483 2896 5522 os
2935 5482 3092 5523 suum
3131 5468 3330 5539 (Prov.
3370 5485 3485 5537 xvr,
3517 5472 3629 5544 ‘26).

1931 5560 2166 5628 Propter
2205 5556 2458 5613 ofﬁcium
2515 5570 2652 5611 sane
2705 5556 3147 5626 pradicationis,
3193 5572 3266 5614 ne
3314 5559 3634 5628 pradicans

1933 5646 2216 5719 reprobus
2264 5645 2615 5706 inveniatur.
2665 5644 2895 5700 extendi
2930 5646 3240 5703 admodum
3298 5647 3437 5703 solet
3466 5662 3633 5705 exer-

3283 5745 3317 5798 7
