  <div class='ocr_page' id='page_1' title='image "/cluster/home/n/w/nwhite01/storage/ocr_20150623/156-157/uc1.31175010662024/1080.png"; bbox 0 0 3924 6388; ppageno 0'>
   <div class='ocr_carea' id='block_1_1' title="bbox 98 421 3451 488">
    <p class='ocr_par' dir='ltr' id='par_1_1' title="bbox 98 421 3451 488">
     <span class='ocr_line' id='line_1_1' title="bbox 98 421 3451 488; baseline 0.004 -14"><span class='ocrx_word' id='word_1_1' title='bbox 98 421 203 475; x_wconf 84' lang='lat'><strong>877</strong></span> <span class='ocrx_word' id='word_1_2' title='bbox 1090 425 1674 486; x_wconf 81' lang='lat' dir='ltr'><strong>DEFLORATIONES</strong></span> <span class='ocrx_word' id='word_1_3' title='bbox 1713 428 1808 486; x_wconf 90' lang='lat' dir='ltr'><strong>SS.</strong></span> <span class='ocrx_word' id='word_1_4' title='bbox 1853 430 2146 488; x_wconf 77' lang='lat' dir='ltr'><strong>PATRUM.</strong></span> <span class='ocrx_word' id='word_1_5' title='bbox 2180 461 2247 474; x_wconf 90' lang='lat'><strong>-—</strong></span> <span class='ocrx_word' id='word_1_6' title='bbox 2286 433 2412 488; x_wconf 87' lang='lat' dir='ltr'><strong>LIB.</strong></span> <span class='ocrx_word' id='word_1_7' title='bbox 2460 434 2504 488; x_wconf 94' lang='grc' dir='ltr'><strong>Ι.</strong></span> <span class='ocrx_word' id='word_1_8' title='bbox 3349 436 3451 488; x_wconf 86' lang='lat'><strong>878</strong></span> 
     </span>
    </p>
   </div>
   <div class='ocr_carea' id='block_1_2' title="bbox 99 542 3452 629">
    <p class='ocr_par' dir='ltr' id='par_1_2' title="bbox 99 542 3452 629">
     <span class='ocr_line' id='line_1_2' title="bbox 99 542 3452 629; baseline 0.004 -32"><span class='ocrx_word' id='word_1_9' title='bbox 99 542 470 598; x_wconf 77' lang='lat' dir='ltr'><strong>dilectionem</strong></span> <span class='ocrx_word' id='word_1_10' title='bbox 530 560 655 601; x_wconf 89' lang='lat' dir='ltr'><strong>non</strong></span> <span class='ocrx_word' id='word_1_11' title='bbox 719 548 1028 618; x_wconf 73' lang='lat' dir='ltr'><strong>sustinens,</strong></span> <span class='ocrx_word' id='word_1_12' title='bbox 1088 566 1196 606; x_wconf 92' lang='lat' dir='ltr'><strong>non</strong></span> <span class='ocrx_word' id='word_1_13' title='bbox 1252 552 1593 622; x_wconf 80' lang='lat' dir='ltr'><strong>imperative,</strong></span> <span class='ocrx_word' id='word_1_14' title='bbox 1652 555 1744 609; x_wconf 88' lang='lat' dir='ltr'><strong>sed</strong></span> <span class='ocrx_word' id='word_1_15' title='bbox 1774 562 1824 620; x_wconf 85' lang='grc' dir='ltr'>Α</span> <span class='ocrx_word' id='word_1_16' title='bbox 1859 555 3452 629; x_wconf 74' lang='lat' dir='ltr'><strong>naripraevaleat,etexistasapientiagustansdulcedinem</strong></span> 
     </span>
    </p>
   </div>
   <div class='ocr_carea' id='block_1_3' title="bbox 92 631 3455 716">
    <p class='ocr_par' dir='ltr' id='par_1_3' title="bbox 92 631 3455 716">
     <span class='ocr_line' id='line_1_3' title="bbox 92 631 3455 716; baseline 0.004 -29"><span class='ocrx_word' id='word_1_17' title='bbox 92 631 276 687; x_wconf 92' lang='lat' dir='ltr'><strong>votive</strong></span> <span class='ocrx_word' id='word_1_18' title='bbox 303 639 362 688; x_wconf 90' lang='lat' dir='ltr'><strong>et</strong></span> <span class='ocrx_word' id='word_1_19' title='bbox 397 634 688 688; x_wconf 66' lang='lat' dir='ltr'><strong>aestuanti</strong></span> <span class='ocrx_word' id='word_1_20' title='bbox 725 635 998 693; x_wconf 87' lang='lat' dir='ltr'><strong>desiderio</strong></span> <span class='ocrx_word' id='word_1_21' title='bbox 1028 645 1273 708; x_wconf 82' lang='lat' dir='ltr'><strong>exoptat.</strong></span> <span class='ocrx_word' id='word_1_22' title='bbox 1315 641 1470 696; x_wconf 88' lang='lat' dir='ltr'><strong>Unde</strong></span> <span class='ocrx_word' id='word_1_23' title='bbox 1498 649 1551 695; x_wconf 93' lang='lat' dir='ltr'><strong>et</strong></span> <span class='ocrx_word' id='word_1_24' title='bbox 1582 641 1743 697; x_wconf 88' lang='lat' dir='ltr'><strong>dicit:</strong></span> <span class='ocrx_word' id='word_1_25' title='bbox 1857 646 1956 698; x_wconf 90' lang='lat' dir='ltr'><strong>Dei</strong></span> <span class='ocrx_word' id='word_1_26' title='bbox 1989 661 2110 700; x_wconf 94' lang='lat' dir='ltr'><strong>cum</strong></span> <span class='ocrx_word' id='word_1_27' title='bbox 2142 647 2408 716; x_wconf 76' lang='lat' dir='ltr'><strong>propheta</strong></span> <span class='ocrx_word' id='word_1_28' title='bbox 2463 645 2589 700; x_wconf 86' lang='lat' dir='ltr'><strong>dicit</strong></span> <span class='ocrx_word' id='word_1_29' title='bbox 2623 665 2641 711; x_wconf 82' lang='lat'><strong>,-</strong></span> <span class='ocrx_word' id='word_1_30' title='bbox 2678 668 2699 693; x_wconf 74' lang='grc' dir='ltr'>α</span> <span class='ocrx_word' id='word_1_31' title='bbox 2736 645 2967 700; x_wconf 86' lang='lat' dir='ltr'><strong>Gustate</strong></span> <span class='ocrx_word' id='word_1_32' title='bbox 2999 653 3052 700; x_wconf 92' lang='lat' dir='ltr'><strong>et</strong></span> <span class='ocrx_word' id='word_1_33' title='bbox 3077 645 3255 700; x_wconf 86' lang='lat' dir='ltr'><strong>videte</strong></span> <span class='ocrx_word' id='word_1_34' title='bbox 3313 660 3455 716; x_wconf 93' lang='lat' dir='ltr'><strong>quo-</strong></span> 
     </span>
    </p>
   </div>
   <div class='ocr_carea' id='block_1_4' title="bbox 96 720 3454 804">
    <p class='ocr_par' dir='ltr' id='par_1_4' title="bbox 96 720 3454 804">
     <span class='ocr_line' id='line_1_4' title="bbox 96 720 3454 804; baseline 0.004 -29"><span class='ocrx_word' id='word_1_35' title='bbox 96 745 116 768; x_wconf 78' lang='grc' dir='ltr'>ι</span> <span class='ocrx_word' id='word_1_36' title='bbox 155 720 477 776; x_wconf 87' lang='lat' dir='ltr'><strong>Osculetur</strong></span> <span class='ocrx_word' id='word_1_37' title='bbox 523 739 632 778; x_wconf 88' lang='lat' dir='ltr'><strong>me</strong></span> <span class='ocrx_word' id='word_1_38' title='bbox 683 725 880 780; x_wconf 88' lang='lat' dir='ltr'><strong>osculo</strong></span> <span class='ocrx_word' id='word_1_39' title='bbox 936 726 1048 782; x_wconf 89' lang='lat' dir='ltr'><strong>oris</strong></span> <span class='ocrx_word' id='word_1_40' title='bbox 1107 728 1212 782; x_wconf 90' lang='lat' dir='ltr'><strong>sui.</strong></span> <span class='ocrx_word' id='word_1_41' title='bbox 1252 749 1274 778; x_wconf 68' lang='grc' dir='ltr'><strong>ι</strong></span> <span class='ocrx_word' id='word_1_42' title='bbox 1309 729 1429 784; x_wconf 90' lang='lat' dir='ltr'><strong>Duo</strong></span> <span class='ocrx_word' id='word_1_43' title='bbox 1459 738 1582 783; x_wconf 91' lang='lat' dir='ltr'><strong>sunt</strong></span> <span class='ocrx_word' id='word_1_44' title='bbox 1606 729 1748 784; x_wconf 83' lang='lat' dir='ltr'><strong>labia</strong></span> <span class='ocrx_word' id='word_1_45' title='bbox 1855 735 2000 788; x_wconf 89' lang='lat' dir='ltr'><strong>niam</strong></span> <span class='ocrx_word' id='word_1_46' title='bbox 2031 734 2222 788; x_wconf 85' lang='lat' dir='ltr'><strong>suavis</strong></span> <span class='ocrx_word' id='word_1_47' title='bbox 2252 743 2338 788; x_wconf 89' lang='lat' dir='ltr'><strong>est</strong></span> <span class='ocrx_word' id='word_1_48' title='bbox 2369 735 2631 788; x_wconf 90' lang='lat' dir='ltr'><strong>Dominus</strong></span> <span class='ocrx_word' id='word_1_49' title='bbox 2673 736 3068 804; x_wconf 82' lang='lat' dir='ltr'><strong>(Psal.xxxut).</strong></span> <span class='ocrx_word' id='word_1_50' title='bbox 3107 758 3128 781; x_wconf 68' lang='grc' dir='ltr'><strong><em>ω</em></strong></span> <span class='ocrx_word' id='word_1_51' title='bbox 3164 733 3454 804; x_wconf 83' lang='lat' dir='ltr'><strong>Reliquum</strong></span> 
     </span>
    </p>
   </div>
   <div class='ocr_carea' id='block_1_5' title="bbox 92 819 3452 897">
    <p class='ocr_par' dir='ltr' id='par_1_5' title="bbox 92 819 3452 897">
     <span class='ocr_line' id='line_1_5' title="bbox 92 819 3452 897; baseline 0.001 -25"><span class='ocrx_word' id='word_1_52' title='bbox 92 835 362 890; x_wconf 64' lang='lat' dir='ltr'><strong>sponsae:</strong></span> <span class='ocrx_word' id='word_1_53' title='bbox 409 819 646 875; x_wconf 89' lang='lat' dir='ltr'><strong>labium</strong></span> <span class='ocrx_word' id='word_1_54' title='bbox 696 821 923 877; x_wconf 79' lang='lat' dir='ltr'><strong>inferius</strong></span> <span class='ocrx_word' id='word_1_55' title='bbox 988 824 1256 889; x_wconf 83' lang='lat' dir='ltr'><strong>voluntas,</strong></span> <span class='ocrx_word' id='word_1_56' title='bbox 1309 843 1430 895; x_wconf 67' lang='lat' dir='ltr'><strong>quae</strong></span> <span class='ocrx_word' id='word_1_57' title='bbox 1474 828 1746 897; x_wconf 82' lang='lat' dir='ltr'><strong>appetitus</strong></span> <span class='ocrx_word' id='word_1_58' title='bbox 1855 832 1938 877; x_wconf 91' lang='lat' dir='ltr'><strong>est</strong></span> <span class='ocrx_word' id='word_1_59' title='bbox 1969 823 2152 876; x_wconf 87' lang='lat' dir='ltr'><strong>videre</strong></span> <span class='ocrx_word' id='word_1_60' title='bbox 2184 824 2380 892; x_wconf 89' lang='lat' dir='ltr'><strong>quibus</strong></span> <span class='ocrx_word' id='word_1_61' title='bbox 2412 823 2665 893; x_wconf 86' lang='lat' dir='ltr'><strong>personis</strong></span> <span class='ocrx_word' id='word_1_62' title='bbox 2713 823 2765 876; x_wconf 89' lang='lat' dir='ltr'><strong>in</strong></span> <span class='ocrx_word' id='word_1_63' title='bbox 2811 823 3060 879; x_wconf 86' lang='lat' dir='ltr'><strong>Ecclesia</strong></span> <span class='ocrx_word' id='word_1_64' title='bbox 3113 823 3199 877; x_wconf 87' lang='lat' dir='ltr'><strong>vel</strong></span> <span class='ocrx_word' id='word_1_65' title='bbox 3243 822 3452 876; x_wconf 88' lang='lat' dir='ltr'><strong>meritis</strong></span> 
     </span>
    </p>
   </div>
   <div class='ocr_carea' id='block_1_6' title="bbox 91 907 3450 991">
    <p class='ocr_par' dir='ltr' id='par_1_6' title="bbox 91 907 3450 991">
     <span class='ocr_line' id='line_1_6' title="bbox 91 907 3450 991; baseline 0.004 -30"><span class='ocrx_word' id='word_1_66' title='bbox 91 907 333 976; x_wconf 86' lang='lat' dir='ltr'><strong>dicitur;</strong></span> <span class='ocrx_word' id='word_1_67' title='bbox 403 917 465 962; x_wconf 89' lang='lat' dir='ltr'><strong>et</strong></span> <span class='ocrx_word' id='word_1_68' title='bbox 535 911 1014 976; x_wconf 88' lang='lat' dir='ltr'><strong>consensualitas,</strong></span> <span class='ocrx_word' id='word_1_69' title='bbox 1072 930 1231 983; x_wconf 87' lang='lat' dir='ltr'><strong>quam</strong></span> <span class='ocrx_word' id='word_1_70' title='bbox 1280 915 1544 969; x_wconf 83' lang='lat' dir='ltr'><strong>habemus</strong></span> <span class='ocrx_word' id='word_1_71' title='bbox 1591 932 1746 970; x_wconf 89' lang='lat' dir='ltr'><strong>com-</strong></span> <span class='ocrx_word' id='word_1_72' title='bbox 1857 922 1908 974; x_wconf 89' lang='lat' dir='ltr'><strong>in</strong></span> <span class='ocrx_word' id='word_1_73' title='bbox 1938 922 2118 974; x_wconf 89' lang='lat' dir='ltr'><strong>anima</strong></span> <span class='ocrx_word' id='word_1_74' title='bbox 2149 922 2263 975; x_wconf 74' lang='lat' dir='ltr'><strong>haec</strong></span> <span class='ocrx_word' id='word_1_75' title='bbox 2293 920 2509 991; x_wconf 87' lang='lat' dir='ltr'><strong>singula</strong></span> <span class='ocrx_word' id='word_1_76' title='bbox 2538 919 2724 975; x_wconf 89' lang='lat' dir='ltr'><strong>oscula</strong></span> <span class='ocrx_word' id='word_1_77' title='bbox 2755 920 3096 975; x_wconf 87' lang='lat' dir='ltr'><strong>conveniant.</strong></span> <span class='ocrx_word' id='word_1_78' title='bbox 3127 921 3450 976; x_wconf 79' lang='lat' dir='ltr'><strong>Provolutus</strong></span> 
     </span>
    </p>
   </div>
   <div class='ocr_carea' id='block_1_7' title="bbox 87 998 3447 1079">
    <p class='ocr_par' dir='ltr' id='par_1_7' title="bbox 87 998 3447 1079">
     <span class='ocr_line' id='line_1_7' title="bbox 87 998 3447 1079; baseline 0.004 -29"><span class='ocrx_word' id='word_1_79' title='bbox 87 1013 312 1052; x_wconf 87' lang='lat' dir='ltr'><strong>munem</strong></span> <span class='ocrx_word' id='word_1_80' title='bbox 344 1013 484 1052; x_wconf 90' lang='lat' dir='ltr'><strong>cum</strong></span> <span class='ocrx_word' id='word_1_81' title='bbox 524 998 893 1054; x_wconf 80' lang='lat' dir='ltr'><strong>animalibus.</strong></span> <span class='ocrx_word' id='word_1_82' title='bbox 929 1000 1155 1054; x_wconf 87' lang='lat' dir='ltr'><strong>Labium</strong></span> <span class='ocrx_word' id='word_1_83' title='bbox 1189 1003 1440 1072; x_wconf 80' lang='lat' dir='ltr'><strong>superius</strong></span> <span class='ocrx_word' id='word_1_84' title='bbox 1471 1012 1553 1058; x_wconf 91' lang='lat' dir='ltr'><strong>est</strong></span> <span class='ocrx_word' id='word_1_85' title='bbox 1583 1005 1743 1058; x_wconf 86' lang='lat' dir='ltr'><strong>ratio.</strong></span> <span class='ocrx_word' id='word_1_86' title='bbox 1855 1019 1938 1064; x_wconf 82' lang='lat' dir='ltr'><strong>est</strong></span> <span class='ocrx_word' id='word_1_87' title='bbox 1967 1011 2030 1064; x_wconf 80' lang='lat' dir='ltr'><strong>ad</strong></span> <span class='ocrx_word' id='word_1_88' title='bbox 2066 1010 2234 1079; x_wconf 84' lang='lat' dir='ltr'><strong>pedes</strong></span> <span class='ocrx_word' id='word_1_89' title='bbox 2273 1010 2393 1072; x_wconf 87' lang='lat' dir='ltr'><strong>Job,</strong></span> <span class='ocrx_word' id='word_1_90' title='bbox 2446 1009 2641 1063; x_wconf 82' lang='lat' dir='ltr'><strong>radens</strong></span> <span class='ocrx_word' id='word_1_91' title='bbox 2681 1009 2889 1062; x_wconf 84' lang='lat' dir='ltr'><strong>saniem</strong></span> <span class='ocrx_word' id='word_1_92' title='bbox 2922 1017 3081 1075; x_wconf 89' lang='lat' dir='ltr'><strong>testa,</strong></span> <span class='ocrx_word' id='word_1_93' title='bbox 3117 1009 3168 1062; x_wconf 91' lang='lat' dir='ltr'><strong>id</strong></span> <span class='ocrx_word' id='word_1_94' title='bbox 3201 1017 3283 1063; x_wconf 84' lang='lat' dir='ltr'><strong>est</strong></span> <span class='ocrx_word' id='word_1_95' title='bbox 3319 1025 3447 1064; x_wconf 87' lang='lat' dir='ltr'><strong>cor-</strong></span> 
     </span>
    </p>
   </div>
   <div class='ocr_carea' id='block_1_8' title="bbox 88 1087 3448 1168">
    <p class='ocr_par' dir='ltr' id='par_1_8' title="bbox 88 1087 3448 1168">
     <span class='ocr_line' id='line_1_8' title="bbox 88 1087 3448 1168; baseline 0.004 -30"><span class='ocrx_word' id='word_1_96' title='bbox 88 1087 323 1148; x_wconf 86' lang='lat' dir='ltr'><strong>Iterum,</strong></span> <span class='ocrx_word' id='word_1_97' title='bbox 373 1087 495 1141; x_wconf 90' lang='lat' dir='ltr'><strong>duo</strong></span> <span class='ocrx_word' id='word_1_98' title='bbox 567 1095 708 1140; x_wconf 92' lang='lat' dir='ltr'><strong>sunt</strong></span> <span class='ocrx_word' id='word_1_99' title='bbox 760 1087 901 1142; x_wconf 80' lang='lat' dir='ltr'><strong>labia</strong></span> <span class='ocrx_word' id='word_1_100' title='bbox 959 1090 1209 1160; x_wconf 88' lang='lat' dir='ltr'><strong>Sponsi:</strong></span> <span class='ocrx_word' id='word_1_101' title='bbox 1271 1091 1475 1145; x_wconf 91' lang='lat' dir='ltr'><strong>labium</strong></span> <span class='ocrx_word' id='word_1_102' title='bbox 1526 1091 1746 1147; x_wconf 84' lang='lat' dir='ltr'><strong>inferius</strong></span> <span class='ocrx_word' id='word_1_103' title='bbox 1856 1099 2163 1168; x_wconf 88' lang='lat' dir='ltr'><strong>ruptionem</strong></span> <span class='ocrx_word' id='word_1_104' title='bbox 2219 1097 2429 1167; x_wconf 87' lang='lat' dir='ltr'><strong>peccati</strong></span> <span class='ocrx_word' id='word_1_105' title='bbox 2487 1097 2620 1151; x_wconf 83' lang='lat' dir='ltr'><strong>dura</strong></span> <span class='ocrx_word' id='word_1_106' title='bbox 2681 1097 3024 1166; x_wconf 77' lang='lat' dir='ltr'><strong>pumitentia.</strong></span> <span class='ocrx_word' id='word_1_107' title='bbox 3070 1096 3329 1151; x_wconf 85' lang='lat' dir='ltr'><strong>Osculum</strong></span> <span class='ocrx_word' id='word_1_108' title='bbox 3379 1098 3448 1152; x_wconf 86' lang='lat' dir='ltr'><strong>ad</strong></span> 
     </span>
    </p>
   </div>
   <div class='ocr_carea' id='block_1_9' title="bbox 87 1182 3446 1265">
    <p class='ocr_par' dir='ltr' id='par_1_9' title="bbox 87 1182 3446 1265">
     <span class='ocr_line' id='line_1_9' title="bbox 87 1182 3446 1265; baseline 0.004 -29"><span class='ocrx_word' id='word_1_109' title='bbox 87 1182 486 1255; x_wconf 79' lang='lat' dir='ltr'><strong>intelligentia,</strong></span> <span class='ocrx_word' id='word_1_110' title='bbox 523 1184 767 1253; x_wconf 87' lang='lat' dir='ltr'><strong>quando</strong></span> <span class='ocrx_word' id='word_1_111' title='bbox 791 1183 992 1239; x_wconf 88' lang='lat' dir='ltr'><strong>labium</strong></span> <span class='ocrx_word' id='word_1_112' title='bbox 1013 1187 1360 1257; x_wconf 86' lang='lat' dir='ltr'><strong>conjungitur</strong></span> <span class='ocrx_word' id='word_1_113' title='bbox 1382 1188 1749 1254; x_wconf 86' lang='lat' dir='ltr'><strong>voluntati,ut</strong></span> <span class='ocrx_word' id='word_1_114' title='bbox 1854 1211 2048 1249; x_wconf 84' lang='lat' dir='ltr'><strong>manus</strong></span> <span class='ocrx_word' id='word_1_115' title='bbox 2106 1194 2412 1264; x_wconf 82' lang='lat' dir='ltr'><strong>suscipiens</strong></span> <span class='ocrx_word' id='word_1_116' title='bbox 2467 1202 2552 1249; x_wconf 76' lang='lat' dir='ltr'><strong>est</strong></span> <span class='ocrx_word' id='word_1_117' title='bbox 2610 1195 2824 1260; x_wconf 81' lang='lat' dir='ltr'><strong>Esther,</strong></span> <span class='ocrx_word' id='word_1_118' title='bbox 2887 1195 2974 1250; x_wconf 90' lang='lat' dir='ltr'><strong>cui</strong></span> <span class='ocrx_word' id='word_1_119' title='bbox 3030 1194 3095 1248; x_wconf 89' lang='lat' dir='ltr'><strong>ad</strong></span> <span class='ocrx_word' id='word_1_120' title='bbox 3128 1211 3316 1265; x_wconf 81' lang='lat' dir='ltr'><strong>regem</strong></span> <span class='ocrx_word' id='word_1_121' title='bbox 3359 1195 3446 1248; x_wconf 88' lang='lat' dir='ltr'><strong>in-</strong></span> 
     </span>
    </p>
   </div>
   <div class='ocr_carea' id='block_1_10' title="bbox 89 1271 3445 1352">
    <p class='ocr_par' dir='ltr' id='par_1_10' title="bbox 89 1271 3445 1352">
     <span class='ocr_line' id='line_1_10' title="bbox 89 1271 3445 1352; baseline 0.004 -28"><span class='ocrx_word' id='word_1_122' title='bbox 89 1271 375 1343; x_wconf 88' lang='lat' dir='ltr'><strong>intelligat</strong></span> <span class='ocrx_word' id='word_1_123' title='bbox 407 1273 662 1343; x_wconf 89' lang='lat' dir='ltr'><strong>quidem</strong></span> <span class='ocrx_word' id='word_1_124' title='bbox 696 1272 867 1327; x_wconf 88' lang='lat' dir='ltr'><strong>libere</strong></span> <span class='ocrx_word' id='word_1_125' title='bbox 899 1273 1039 1329; x_wconf 89' lang='lat' dir='ltr'><strong>velle</strong></span> <span class='ocrx_word' id='word_1_126' title='bbox 1069 1283 1123 1329; x_wconf 92' lang='lat' dir='ltr'><strong>et</strong></span> <span class='ocrx_word' id='word_1_127' title='bbox 1153 1284 1438 1345; x_wconf 90' lang='lat' dir='ltr'><strong>appetere,</strong></span> <span class='ocrx_word' id='word_1_128' title='bbox 1474 1284 1526 1330; x_wconf 92' lang='lat' dir='ltr'><strong>et</strong></span> <span class='ocrx_word' id='word_1_129' title='bbox 1557 1277 1742 1332; x_wconf 88' lang='lat' dir='ltr'><strong>dicat:</strong></span> <span class='ocrx_word' id='word_1_130' title='bbox 1855 1283 2086 1338; x_wconf 79' lang='lat' dir='ltr'><strong>troeunti</strong></span> <span class='ocrx_word' id='word_1_131' title='bbox 2133 1299 2302 1337; x_wconf 83' lang='lat' dir='ltr'><strong>aurea</strong></span> <span class='ocrx_word' id='word_1_132' title='bbox 2353 1283 2529 1352; x_wconf 80' lang='lat' dir='ltr'><strong>virga,</strong></span> <span class='ocrx_word' id='word_1_133' title='bbox 2590 1282 2645 1337; x_wconf 92' lang='lat' dir='ltr'><strong>id</strong></span> <span class='ocrx_word' id='word_1_134' title='bbox 2704 1291 2785 1337; x_wconf 90' lang='lat' dir='ltr'><strong>est</strong></span> <span class='ocrx_word' id='word_1_135' title='bbox 2833 1283 3021 1337; x_wconf 87' lang='lat' dir='ltr'><strong>divina</strong></span> <span class='ocrx_word' id='word_1_136' title='bbox 3069 1283 3360 1338; x_wconf 89' lang='lat' dir='ltr'><strong>clementia</strong></span> <span class='ocrx_word' id='word_1_137' title='bbox 3391 1289 3445 1337; x_wconf 91' lang='lat' dir='ltr'><strong>et</strong></span> 
     </span>
    </p>
   </div>
   <div class='ocr_carea' id='block_1_11' title="bbox 91 1360 3445 1441">
    <p class='ocr_par' dir='ltr' id='par_1_11' title="bbox 91 1360 3445 1441">
     <span class='ocr_line' id='line_1_11' title="bbox 91 1360 3445 1441; baseline 0.003 -27"><span class='ocrx_word' id='word_1_138' title='bbox 91 1360 250 1415; x_wconf 86' lang='lat' dir='ltr'><strong>Prius</strong></span> <span class='ocrx_word' id='word_1_139' title='bbox 294 1360 622 1432; x_wconf 81' lang='lat' dir='ltr'><strong>cupiebam</strong></span> <span class='ocrx_word' id='word_1_140' title='bbox 680 1361 946 1429; x_wconf 82' lang='lat' dir='ltr'><strong>carnalia,</strong></span> <span class='ocrx_word' id='word_1_141' title='bbox 999 1379 1145 1419; x_wconf 91' lang='lat' dir='ltr'><strong>nunc</strong></span> <span class='ocrx_word' id='word_1_142' title='bbox 1187 1380 1321 1420; x_wconf 87' lang='lat' dir='ltr'><strong>vero</strong></span> <span class='ocrx_word' id='word_1_143' title='bbox 1368 1386 1390 1412; x_wconf 78' lang='grc' dir='ltr'>ι</span> <span class='ocrx_word' id='word_1_144' title='bbox 1437 1365 1747 1436; x_wconf 86' lang='lat' dir='ltr'><strong>concupivit</strong></span> <span class='ocrx_word' id='word_1_145' title='bbox 1853 1373 2110 1427; x_wconf 91' lang='lat' dir='ltr'><strong>virtutum</strong></span> <span class='ocrx_word' id='word_1_146' title='bbox 2185 1371 2455 1441; x_wconf 89' lang='lat' dir='ltr'><strong>promotio</strong></span> <span class='ocrx_word' id='word_1_147' title='bbox 2514 1371 2582 1425; x_wconf 90' lang='lat' dir='ltr'><strong>de</strong></span> <span class='ocrx_word' id='word_1_148' title='bbox 2639 1387 2799 1425; x_wconf 91' lang='lat' dir='ltr'><strong>manu</strong></span> <span class='ocrx_word' id='word_1_149' title='bbox 2867 1370 3100 1426; x_wconf 82' lang='lat' dir='ltr'><strong>benefici</strong></span> <span class='ocrx_word' id='word_1_150' title='bbox 3165 1369 3445 1441; x_wconf 81' lang='lat' dir='ltr'><strong>largitoris</strong></span> 
     </span>
    </p>
   </div>
   <div class='ocr_carea' id='block_1_12' title="bbox 90 1458 3440 1531">
    <p class='ocr_par' dir='ltr' id='par_1_12' title="bbox 90 1458 3440 1531">
     <span class='ocr_line' id='line_1_12' title="bbox 90 1458 3440 1531; baseline 0 -19"><span class='ocrx_word' id='word_1_151' title='bbox 90 1459 273 1512; x_wconf 83' lang='lat' dir='ltr'><strong>anima</strong></span> <span class='ocrx_word' id='word_1_152' title='bbox 306 1476 444 1514; x_wconf 88' lang='lat' dir='ltr'><strong>mea</strong></span> <span class='ocrx_word' id='word_1_153' title='bbox 483 1459 828 1516; x_wconf 85' lang='lat' dir='ltr'><strong>desiderare</strong></span> <span class='ocrx_word' id='word_1_154' title='bbox 878 1460 1288 1530; x_wconf 85' lang='lat' dir='ltr'><strong>justiﬁcationes</strong></span> <span class='ocrx_word' id='word_1_155' title='bbox 1345 1473 1461 1518; x_wconf 91' lang='lat' dir='ltr'><strong>tuas</strong></span> <span class='ocrx_word' id='word_1_156' title='bbox 1503 1463 1558 1518; x_wconf 88' lang='lat' dir='ltr'><strong>in</strong></span> <span class='ocrx_word' id='word_1_157' title='bbox 1598 1464 1746 1520; x_wconf 92' lang='lat' dir='ltr'><strong>omni</strong></span> <span class='ocrx_word' id='word_1_158' title='bbox 1853 1459 2180 1531; x_wconf 84' lang='lat' dir='ltr'><strong>porrigitur.</strong></span> <span class='ocrx_word' id='word_1_159' title='bbox 2216 1460 2540 1530; x_wconf 84' lang='lat' dir='ltr'><strong>Pertingens</strong></span> <span class='ocrx_word' id='word_1_160' title='bbox 2571 1458 2641 1513; x_wconf 85' lang='lat' dir='ltr'><strong>ad</strong></span> <span class='ocrx_word' id='word_1_161' title='bbox 2670 1459 2916 1514; x_wconf 86' lang='lat' dir='ltr'><strong>osculum</strong></span> <span class='ocrx_word' id='word_1_162' title='bbox 2947 1460 3062 1514; x_wconf 88' lang='lat' dir='ltr'><strong>oris</strong></span> <span class='ocrx_word' id='word_1_163' title='bbox 3093 1464 3176 1514; x_wconf 91' lang='lat' dir='ltr'><strong>est</strong></span> <span class='ocrx_word' id='word_1_164' title='bbox 3207 1461 3440 1530; x_wconf 80' lang='lat' dir='ltr'><strong>Moyses,</strong></span> 
     </span>
    </p>
   </div>
   <div class='ocr_carea' id='block_1_13' title="bbox 89 1547 3442 1622">
    <p class='ocr_par' dir='ltr' id='par_1_13' title="bbox 89 1547 3442 1622">
     <span class='ocr_line' id='line_1_13' title="bbox 89 1547 3442 1622; baseline -0.001 -19"><span class='ocrx_word' id='word_1_165' title='bbox 89 1556 344 1619; x_wconf 87' lang='lat' dir='ltr'><strong>tempore</strong></span> <span class='ocrx_word' id='word_1_166' title='bbox 377 1550 584 1618; x_wconf 81' lang='lat' dir='ltr'><strong>(Psal.</strong></span> <span class='ocrx_word' id='word_1_167' title='bbox 632 1547 852 1621; x_wconf 86' lang='lat' dir='ltr'><strong>cxvut).</strong></span> <span class='ocrx_word' id='word_1_168' title='bbox 891 1549 1158 1620; x_wconf 83' lang='lat' dir='ltr'><strong>Superius</strong></span> <span class='ocrx_word' id='word_1_169' title='bbox 1201 1551 1405 1606; x_wconf 88' lang='lat' dir='ltr'><strong>labium</strong></span> <span class='ocrx_word' id='word_1_170' title='bbox 1435 1552 1633 1622; x_wconf 91' lang='lat' dir='ltr'><strong>Sponsi</strong></span> <span class='ocrx_word' id='word_1_171' title='bbox 1663 1566 1746 1612; x_wconf 78' lang='lat' dir='ltr'><strong>est</strong></span> <span class='ocrx_word' id='word_1_172' title='bbox 1853 1549 1946 1621; x_wconf 90' lang='lat' dir='ltr'><strong>qui</strong></span> <span class='ocrx_word' id='word_1_173' title='bbox 1971 1551 2024 1602; x_wconf 90' lang='lat' dir='ltr'><strong>in</strong></span> <span class='ocrx_word' id='word_1_174' title='bbox 2056 1557 2239 1603; x_wconf 91' lang='lat' dir='ltr'><strong>monte</strong></span> <span class='ocrx_word' id='word_1_175' title='bbox 2269 1564 2392 1604; x_wconf 92' lang='lat' dir='ltr'><strong>cum</strong></span> <span class='ocrx_word' id='word_1_176' title='bbox 2453 1547 2693 1602; x_wconf 90' lang='lat' dir='ltr'><strong>Domino</strong></span> <span class='ocrx_word' id='word_1_177' title='bbox 2747 1556 3136 1612; x_wconf 88' lang='lat' dir='ltr'><strong>commoratur,</strong></span> <span class='ocrx_word' id='word_1_178' title='bbox 3169 1555 3221 1603; x_wconf 91' lang='lat' dir='ltr'><strong>et</strong></span> <span class='ocrx_word' id='word_1_179' title='bbox 3247 1562 3342 1602; x_wconf 91' lang='lat' dir='ltr'><strong>ore</strong></span> <span class='ocrx_word' id='word_1_180' title='bbox 3371 1547 3442 1600; x_wconf 89' lang='lat' dir='ltr'><strong>ad</strong></span> 
     </span>
    </p>
   </div>
   <div class='ocr_carea' id='block_1_14' title="bbox 87 1644 1742 1719">
    <p class='ocr_par' dir='ltr' id='par_1_14' title="bbox 87 1644 1742 1719">
     <span class='ocr_line' id='line_1_14' title="bbox 87 1644 1742 1719; baseline 0.003 -22"><span class='ocrx_word' id='word_1_181' title='bbox 87 1644 388 1715; x_wconf 82' lang='lat' dir='ltr'><strong>sapientia,</strong></span> <span class='ocrx_word' id='word_1_182' title='bbox 424 1661 616 1716; x_wconf 84' lang='lat' dir='ltr'><strong>quam</strong></span> <span class='ocrx_word' id='word_1_183' title='bbox 684 1645 861 1718; x_wconf 91' lang='lat' dir='ltr'><strong>tangit</strong></span> <span class='ocrx_word' id='word_1_184' title='bbox 917 1647 1056 1702; x_wconf 88' lang='lat' dir='ltr'><strong>ratio</strong></span> <span class='ocrx_word' id='word_1_185' title='bbox 1087 1655 1145 1702; x_wconf 90' lang='lat' dir='ltr'><strong>ut</strong></span> <span class='ocrx_word' id='word_1_186' title='bbox 1173 1646 1310 1702; x_wconf 85' lang='lat' dir='ltr'><strong>nihil</strong></span> <span class='ocrx_word' id='word_1_187' title='bbox 1342 1656 1541 1719; x_wconf 66' lang='lat' dir='ltr'><strong>printer</strong></span> <span class='ocrx_word' id='word_1_188' title='bbox 1566 1649 1742 1703; x_wconf 92' lang='lat' dir='ltr'><strong>Deum</strong></span> 
     </span>
    </p>
   </div>
   <div class='ocr_carea' id='block_1_15' title="bbox 90 1732 1743 1808">
    <p class='ocr_par' dir='ltr' id='par_1_15' title="bbox 90 1732 1743 1808">
     <span class='ocr_line' id='line_1_15' title="bbox 90 1732 1743 1808; baseline 0.001 -20"><span class='ocrx_word' id='word_1_189' title='bbox 90 1732 297 1806; x_wconf 87' lang='lat' dir='ltr'><strong>sapiat,</strong></span> <span class='ocrx_word' id='word_1_190' title='bbox 351 1733 574 1807; x_wconf 86' lang='lat' dir='ltr'><strong>sicque</strong></span> <span class='ocrx_word' id='word_1_191' title='bbox 627 1751 754 1790; x_wconf 85' lang='lat' dir='ltr'><strong>suae</strong></span> <span class='ocrx_word' id='word_1_192' title='bbox 801 1734 1140 1792; x_wconf 85' lang='lat' dir='ltr'><strong>sensualitati</strong></span> <span class='ocrx_word' id='word_1_193' title='bbox 1194 1753 1438 1808; x_wconf 71' lang='lat' dir='ltr'><strong>praeesse</strong></span> <span class='ocrx_word' id='word_1_194' title='bbox 1481 1744 1534 1793; x_wconf 87' lang='lat' dir='ltr'><strong>et</strong></span> <span class='ocrx_word' id='word_1_195' title='bbox 1563 1735 1743 1793; x_wconf 85' lang='lat' dir='ltr'><strong>domi-</strong></span> 
     </span>
    </p>
   </div>
   <div class='ocr_carea' id='block_1_16' title="bbox 1199 2141 1832 2238">
    <p class='ocr_par' dir='ltr' id='par_1_16' title="bbox 1199 2141 1832 2238">
     <span class='ocr_line' id='line_1_16' title="bbox 1199 2141 1832 2238; baseline 0.002 -5"><span class='ocrx_word' id='word_1_196' title='bbox 1199 2141 1832 2238; x_wconf 82' lang='lat' dir='ltr'><strong>DOMINICA</strong></span> 
     </span>
    </p>
   </div>
   <div class='ocr_carea' id='block_1_17' title="bbox 1853 1644 3443 1717">
    <p class='ocr_par' dir='ltr' id='par_1_17' title="bbox 1853 1644 3443 1717">
     <span class='ocr_line' id='line_1_17' title="bbox 1853 1644 3443 1717; baseline -0.003 -16"><span class='ocrx_word' id='word_1_197' title='bbox 1853 1662 1914 1701; x_wconf 91' lang='lat' dir='ltr'><strong>os</strong></span> <span class='ocrx_word' id='word_1_198' title='bbox 1943 1645 2212 1717; x_wconf 87' lang='lat' dir='ltr'><strong>loquitur,</strong></span> <span class='ocrx_word' id='word_1_199' title='bbox 2275 1645 2362 1700; x_wconf 92' lang='lat' dir='ltr'><strong>vel</strong></span> <span class='ocrx_word' id='word_1_200' title='bbox 2421 1644 2613 1710; x_wconf 87' lang='lat' dir='ltr'><strong>Maria,</strong></span> <span class='ocrx_word' id='word_1_201' title='bbox 2667 1663 2788 1717; x_wconf 66' lang='lat' dir='ltr'><strong>quae</strong></span> <span class='ocrx_word' id='word_1_202' title='bbox 2841 1647 3062 1702; x_wconf 89' lang='lat' dir='ltr'><strong>verbum</strong></span> <span class='ocrx_word' id='word_1_203' title='bbox 3095 1661 3156 1700; x_wconf 83' lang='lat' dir='ltr'><strong>ex</strong></span> <span class='ocrx_word' id='word_1_204' title='bbox 3190 1659 3284 1700; x_wconf 92' lang='lat' dir='ltr'><strong>ore</strong></span> <span class='ocrx_word' id='word_1_205' title='bbox 3311 1645 3443 1698; x_wconf 83' lang='lat' dir='ltr'><strong>Jesu</strong></span> 
     </span>
    </p>
   </div>
   <div class='ocr_carea' id='block_1_18' title="bbox 1853 1733 2684 1805">
    <p class='ocr_par' dir='ltr' id='par_1_18' title="bbox 1853 1733 2684 1805">
     <span class='ocr_line' id='line_1_18' title="bbox 1853 1733 2684 1805; baseline 0 -15"><span class='ocrx_word' id='word_1_206' title='bbox 1853 1749 1987 1791; x_wconf 90' lang='lat' dir='ltr'><strong>aure</strong></span> <span class='ocrx_word' id='word_1_207' title='bbox 2017 1734 2223 1791; x_wconf 87' lang='lat' dir='ltr'><strong>intenta</strong></span> <span class='ocrx_word' id='word_1_208' title='bbox 2246 1734 2434 1790; x_wconf 88' lang='lat' dir='ltr'><strong>audire</strong></span> <span class='ocrx_word' id='word_1_209' title='bbox 2464 1733 2684 1805; x_wconf 81' lang='lat' dir='ltr'><strong>expetit.</strong></span> 
     </span>
    </p>
   </div>
   <div class='ocr_carea' id='block_1_19' title="bbox 1937 2140 2467 2232">
    <p class='ocr_par' dir='ltr' id='par_1_19' title="bbox 1937 2140 2467 2232">
     <span class='ocr_line' id='line_1_19' title="bbox 1937 2140 2467 2232; baseline -0.004 0"><span class='ocrx_word' id='word_1_210' title='bbox 1937 2140 2467 2232; x_wconf 80' lang='lat' dir='ltr'><strong>TERTIA.</strong></span> 
     </span>
    </p>
   </div>
   <div class='ocr_carea' id='block_1_20' title="bbox 1449 2337 2150 2405">
    <p class='ocr_par' dir='ltr' id='par_1_20' title="bbox 1449 2337 2150 2405">
     <span class='ocr_line' id='line_1_20' title="bbox 1449 2337 2150 2405; baseline -0.01 0"><span class='ocrx_word' id='word_1_211' title='bbox 1449 2337 1843 2405; x_wconf 89' lang='lat' dir='ltr'><strong>Secundum</strong></span> <span class='ocrx_word' id='word_1_212' title='bbox 1885 2339 2150 2405; x_wconf 89' lang='lat' dir='ltr'><strong>Lucam.</strong></span> 
     </span>
    </p>
   </div>
   <div class='ocr_carea' id='block_1_21' title="bbox 181 2547 3439 2624">
    <p class='ocr_par' dir='ltr' id='par_1_21' title="bbox 181 2547 3439 2624">
     <span class='ocr_line' id='line_1_21' title="bbox 181 2547 3439 2624; baseline 0.002 -20"><span class='ocrx_word' id='word_1_213' title='bbox 181 2573 202 2598; x_wconf 75' lang='grc' dir='ltr'>ι</span> <span class='ocrx_word' id='word_1_214' title='bbox 238 2550 380 2605; x_wconf 83' lang='lat' dir='ltr'><strong>Erat</strong></span> <span class='ocrx_word' id='word_1_215' title='bbox 418 2549 598 2606; x_wconf 81' lang='lat' dir='ltr'><strong>Jesus</strong></span> <span class='ocrx_word' id='word_1_216' title='bbox 657 2547 890 2618; x_wconf 89' lang='lat' dir='ltr'><strong>ejiciens</strong></span> <span class='ocrx_word' id='word_1_217' title='bbox 937 2548 1289 2616; x_wconf 70' lang='lat' dir='ltr'><strong>daemonium,</strong></span> <span class='ocrx_word' id='word_1_218' title='bbox 1353 2557 1407 2606; x_wconf 86' lang='lat' dir='ltr'><strong>et</strong></span> <span class='ocrx_word' id='word_1_219' title='bbox 1456 2556 1575 2606; x_wconf 89' lang='lat' dir='ltr'><strong>erat</strong></span> <span class='ocrx_word' id='word_1_220' title='bbox 1605 2551 1738 2607; x_wconf 88' lang='lat' dir='ltr'><strong>illud</strong></span> <span class='ocrx_word' id='word_1_221' title='bbox 1767 2557 1820 2616; x_wconf 92' lang='lat' dir='ltr'><strong>B</strong></span> <span class='ocrx_word' id='word_1_222' title='bbox 1853 2552 1964 2608; x_wconf 86' lang='lat' dir='ltr'><strong>eis.</strong></span> <span class='ocrx_word' id='word_1_223' title='bbox 2011 2575 2032 2600; x_wconf 84' lang='grc' dir='ltr'><strong>‹ι</strong></span> <span class='ocrx_word' id='word_1_224' title='bbox 2069 2551 2246 2607; x_wconf 89' lang='lat' dir='ltr'><strong>Omne</strong></span> <span class='ocrx_word' id='word_1_225' title='bbox 2295 2565 2528 2624; x_wconf 90' lang='lat' dir='ltr'><strong>regnum</strong></span> <span class='ocrx_word' id='word_1_226' title='bbox 2584 2549 2640 2604; x_wconf 88' lang='lat' dir='ltr'><strong>in</strong></span> <span class='ocrx_word' id='word_1_227' title='bbox 2697 2550 2937 2621; x_wconf 86' lang='lat' dir='ltr'><strong>seipsum</strong></span> <span class='ocrx_word' id='word_1_228' title='bbox 2992 2549 3229 2607; x_wconf 85' lang='lat' dir='ltr'><strong>divisum</strong></span> <span class='ocrx_word' id='word_1_229' title='bbox 3271 2551 3439 2609; x_wconf 87' lang='lat' dir='ltr'><strong>deso-</strong></span> 
     </span>
    </p>
   </div>
   <div class='ocr_carea' id='block_1_22' title="bbox 111 2636 1743 2707">
    <p class='ocr_par' dir='ltr' id='par_1_22' title="bbox 111 2636 1743 2707">
     <span class='ocr_line' id='line_1_22' title="bbox 111 2636 1743 2707; baseline 0.002 -17"><span class='ocrx_word' id='word_1_230' title='bbox 111 2646 355 2693; x_wconf 89' lang='lat' dir='ltr'><strong>mutum.</strong></span> <span class='ocrx_word' id='word_1_231' title='bbox 401 2639 475 2693; x_wconf 87' lang='lat' dir='ltr'><strong>Et</strong></span> <span class='ocrx_word' id='word_1_232' title='bbox 508 2653 642 2694; x_wconf 88' lang='lat' dir='ltr'><strong>cum</strong></span> <span class='ocrx_word' id='word_1_233' title='bbox 691 2636 947 2707; x_wconf 88' lang='lat' dir='ltr'><strong>ejecisset</strong></span> <span class='ocrx_word' id='word_1_234' title='bbox 1002 2638 1356 2706; x_wconf 64' lang='lat' dir='ltr'><strong>demonium,</strong></span> <span class='ocrx_word' id='word_1_235' title='bbox 1416 2638 1629 2694; x_wconf 89' lang='lat' dir='ltr'><strong>locutus</strong></span> <span class='ocrx_word' id='word_1_236' title='bbox 1659 2647 1743 2696; x_wconf 89' lang='lat' dir='ltr'><strong>est</strong></span> 
     </span>
    </p>
   </div>
   <div class='ocr_carea' id='block_1_23' title="bbox 110 2727 1741 2800">
    <p class='ocr_par' dir='ltr' id='par_1_23' title="bbox 110 2727 1741 2800">
     <span class='ocr_line' id='line_1_23' title="bbox 110 2727 1741 2800; baseline -0.001 -17"><span class='ocrx_word' id='word_1_237' title='bbox 110 2737 320 2794; x_wconf 87' lang='lat' dir='ltr'><strong>mutus,</strong></span> <span class='ocrx_word' id='word_1_238' title='bbox 347 2735 403 2783; x_wconf 91' lang='lat' dir='ltr'><strong>et</strong></span> <span class='ocrx_word' id='word_1_239' title='bbox 437 2727 734 2782; x_wconf 61' lang='lat' dir='ltr'><strong>admirata</strong></span> <span class='ocrx_word' id='word_1_240' title='bbox 781 2734 906 2781; x_wconf 89' lang='lat' dir='ltr'><strong>sunt</strong></span> <span class='ocrx_word' id='word_1_241' title='bbox 965 2727 1136 2782; x_wconf 68' lang='lat' dir='ltr'><strong>turbas</strong></span> <span class='ocrx_word' id='word_1_242' title='bbox 1165 2727 1449 2782; x_wconf 86' lang='lat' dir='ltr'><strong>dicentes:</strong></span> <span class='ocrx_word' id='word_1_243' title='bbox 1482 2727 1741 2800; x_wconf 88' lang='lat' dir='ltr'><strong>Nunquid</strong></span> 
     </span>
    </p>
   </div>
   <div class='ocr_carea' id='block_1_24' title="bbox 108 2814 1742 2888">
    <p class='ocr_par' dir='ltr' id='par_1_24' title="bbox 108 2814 1742 2888">
     <span class='ocr_line' id='line_1_24' title="bbox 108 2814 1742 2888; baseline 0 -17"><span class='ocrx_word' id='word_1_244' title='bbox 108 2818 364 2888; x_wconf 87' lang='lat' dir='ltr'><strong>apparuit</strong></span> <span class='ocrx_word' id='word_1_245' title='bbox 398 2816 486 2871; x_wconf 90' lang='lat' dir='ltr'><strong>sic</strong></span> <span class='ocrx_word' id='word_1_246' title='bbox 547 2815 602 2870; x_wconf 91' lang='lat' dir='ltr'><strong>in</strong></span> <span class='ocrx_word' id='word_1_247' title='bbox 652 2815 840 2869; x_wconf 86' lang='lat' dir='ltr'><strong>Israel.</strong></span> <span class='ocrx_word' id='word_1_248' title='bbox 899 2815 1155 2887; x_wconf 89' lang='lat' dir='ltr'><strong>Nunquid</strong></span> <span class='ocrx_word' id='word_1_249' title='bbox 1207 2815 1309 2870; x_wconf 88' lang='lat' dir='ltr'><strong>iste</strong></span> <span class='ocrx_word' id='word_1_250' title='bbox 1353 2824 1434 2870; x_wconf 90' lang='lat' dir='ltr'><strong>est</strong></span> <span class='ocrx_word' id='word_1_251' title='bbox 1463 2814 1604 2871; x_wconf 87' lang='lat' dir='ltr'><strong>filius</strong></span> <span class='ocrx_word' id='word_1_252' title='bbox 1633 2817 1742 2872; x_wconf 89' lang='lat' dir='ltr'><strong>Da-</strong></span> 
     </span>
    </p>
   </div>
   <div class='ocr_carea' id='block_1_25' title="bbox 111 2912 1738 2985">
    <p class='ocr_par' dir='ltr' id='par_1_25' title="bbox 111 2912 1738 2985">
     <span class='ocr_line' id='line_1_25' title="bbox 111 2912 1738 2985; baseline 0.001 -16"><span class='ocrx_word' id='word_1_253' title='bbox 111 2915 222 2981; x_wconf 90' lang='lat' dir='ltr'><strong>vid,</strong></span> <span class='ocrx_word' id='word_1_254' title='bbox 255 2922 366 2970; x_wconf 91' lang='lat' dir='ltr'><strong>etc.</strong></span> <span class='ocrx_word' id='word_1_255' title='bbox 403 2913 592 2985; x_wconf 85' lang='lat' dir='ltr'><strong>(Luc.</strong></span> <span class='ocrx_word' id='word_1_256' title='bbox 635 2912 711 2981; x_wconf 76' lang='grc' dir='ltr'><strong>χι)</strong></span> <span class='ocrx_word' id='word_1_257' title='bbox 745 2913 764 2964; x_wconf 72' lang='lat'><strong><em>2</em></strong></span> <span class='ocrx_word' id='word_1_258' title='bbox 795 2936 816 2959; x_wconf 71' lang='grc' dir='ltr'><strong><em>η</em></strong></span> <span class='ocrx_word' id='word_1_259' title='bbox 869 2913 952 2968; x_wconf 86' lang='lat' dir='ltr'><strong>Ac</strong></span> <span class='ocrx_word' id='word_1_260' title='bbox 995 2913 1040 2966; x_wconf 89' lang='lat' dir='ltr'><strong>si</strong></span> <span class='ocrx_word' id='word_1_261' title='bbox 1083 2913 1268 2970; x_wconf 86' lang='lat' dir='ltr'><strong>dicant</strong></span> <span class='ocrx_word' id='word_1_262' title='bbox 1299 2914 1469 2969; x_wconf 67' lang='lat' dir='ltr'><strong>turbae</strong></span> <span class='ocrx_word' id='word_1_263' title='bbox 1500 2912 1690 2970; x_wconf 85' lang='lat' dir='ltr'><strong>ﬁdeles</strong></span> <span class='ocrx_word' id='word_1_264' title='bbox 1725 2933 1738 2970; x_wconf 92' lang='lat'>:</span> 
     </span>
    </p>
   </div>
   <div class='ocr_carea' id='block_1_26' title="bbox 115 2999 1741 3070">
    <p class='ocr_par' dir='ltr' id='par_1_26' title="bbox 115 2999 1741 3070">
     <span class='ocr_line' id='line_1_26' title="bbox 115 2999 1741 3070; baseline 0.001 -14"><span class='ocrx_word' id='word_1_265' title='bbox 115 3003 239 3058; x_wconf 86' lang='lat' dir='ltr'><strong>Non</strong></span> <span class='ocrx_word' id='word_1_266' title='bbox 299 3011 522 3056; x_wconf 86' lang='lat' dir='ltr'><strong>tantum</strong></span> <span class='ocrx_word' id='word_1_267' title='bbox 582 3009 670 3056; x_wconf 88' lang='lat' dir='ltr'><strong>est</strong></span> <span class='ocrx_word' id='word_1_268' title='bbox 723 2999 866 3055; x_wconf 86' lang='lat' dir='ltr'><strong>ﬁlius</strong></span> <span class='ocrx_word' id='word_1_269' title='bbox 923 3002 1096 3056; x_wconf 85' lang='lat' dir='ltr'><strong>David</strong></span> <span class='ocrx_word' id='word_1_270' title='bbox 1139 3002 1265 3070; x_wconf 91' lang='lat' dir='ltr'><strong>iste,</strong></span> <span class='ocrx_word' id='word_1_271' title='bbox 1327 3002 1423 3057; x_wconf 89' lang='lat' dir='ltr'><strong>sed</strong></span> <span class='ocrx_word' id='word_1_272' title='bbox 1454 3003 1615 3057; x_wconf 91' lang='lat' dir='ltr'><strong>etiam</strong></span> <span class='ocrx_word' id='word_1_273' title='bbox 1647 3003 1741 3057; x_wconf 86' lang='lat' dir='ltr'><strong>Fi-</strong></span> 
     </span>
    </p>
   </div>
   <div class='ocr_carea' id='block_1_27' title="bbox 115 3090 1740 3162">
    <p class='ocr_par' dir='ltr' id='par_1_27' title="bbox 115 3090 1740 3162">
     <span class='ocr_line' id='line_1_27' title="bbox 115 3090 1740 3162; baseline 0 -17"><span class='ocrx_word' id='word_1_274' title='bbox 115 3091 220 3146; x_wconf 89' lang='lat' dir='ltr'><strong>lius</strong></span> <span class='ocrx_word' id='word_1_275' title='bbox 278 3091 418 3147; x_wconf 90' lang='lat' dir='ltr'><strong>Dei.</strong></span> <span class='ocrx_word' id='word_1_276' title='bbox 489 3093 558 3145; x_wconf 87' lang='lat' dir='ltr'><strong>In</strong></span> <span class='ocrx_word' id='word_1_277' title='bbox 619 3090 810 3146; x_wconf 74' lang='lat' dir='ltr'><strong>Grazco</strong></span> <span class='ocrx_word' id='word_1_278' title='bbox 865 3090 1059 3145; x_wconf 88' lang='lat' dir='ltr'><strong>melius</strong></span> <span class='ocrx_word' id='word_1_279' title='bbox 1115 3097 1272 3146; x_wconf 91' lang='lat' dir='ltr'><strong>sonat</strong></span> <span class='ocrx_word' id='word_1_280' title='bbox 1296 3091 1533 3162; x_wconf 59' lang='lat' dir='ltr'><strong>:surdum</strong></span> <span class='ocrx_word' id='word_1_281' title='bbox 1578 3107 1740 3162; x_wconf 88' lang='lat' dir='ltr'><strong>quam</strong></span> 
     </span>
    </p>
   </div>
   <div class='ocr_carea' id='block_1_28' title="bbox 121 3178 1742 3250">
    <p class='ocr_par' dir='ltr' id='par_1_28' title="bbox 121 3178 1742 3250">
     <span class='ocr_line' id='line_1_28' title="bbox 121 3178 1742 3250; baseline 0.001 -15"><span class='ocrx_word' id='word_1_282' title='bbox 121 3189 369 3244; x_wconf 90' lang='lat' dir='ltr'><strong>mutum;</strong></span> <span class='ocrx_word' id='word_1_283' title='bbox 433 3180 540 3234; x_wconf 91' lang='lat' dir='ltr'><strong>sed</strong></span> <span class='ocrx_word' id='word_1_284' title='bbox 616 3178 902 3246; x_wconf 83' lang='lat' dir='ltr'><strong>Scriptura</strong></span> <span class='ocrx_word' id='word_1_285' title='bbox 975 3179 1210 3234; x_wconf 92' lang='lat' dir='ltr'><strong>alterum</strong></span> <span class='ocrx_word' id='word_1_286' title='bbox 1267 3179 1462 3250; x_wconf 89' lang='lat' dir='ltr'><strong>accipit</strong></span> <span class='ocrx_word' id='word_1_287' title='bbox 1517 3180 1742 3237; x_wconf 78' lang='lat' dir='ltr'><strong>indiffe-</strong></span> 
     </span>
    </p>
   </div>
   <div class='ocr_carea' id='block_1_29' title="bbox 117 3275 1746 3350">
    <p class='ocr_par' dir='ltr' id='par_1_29' title="bbox 117 3275 1746 3350">
     <span class='ocr_line' id='line_1_29' title="bbox 117 3275 1746 3350; baseline 0.002 -19"><span class='ocrx_word' id='word_1_288' title='bbox 117 3287 304 3334; x_wconf 89' lang='lat' dir='ltr'><strong>renter</strong></span> <span class='ocrx_word' id='word_1_289' title='bbox 334 3294 444 3350; x_wconf 93' lang='lat' dir='ltr'><strong>pro</strong></span> <span class='ocrx_word' id='word_1_290' title='bbox 476 3278 672 3332; x_wconf 89' lang='lat' dir='ltr'><strong>altero.</strong></span> <span class='ocrx_word' id='word_1_291' title='bbox 713 3275 968 3347; x_wconf 84' lang='lat' dir='ltr'><strong>Egressis</strong></span> <span class='ocrx_word' id='word_1_292' title='bbox 997 3284 1197 3341; x_wconf 86' lang='lat' dir='ltr'><strong>autem,</strong></span> <span class='ocrx_word' id='word_1_293' title='bbox 1235 3277 1502 3332; x_wconf 89' lang='lat' dir='ltr'><strong>subaudis</strong></span> <span class='ocrx_word' id='word_1_294' title='bbox 1535 3278 1603 3332; x_wconf 85' lang='lat' dir='ltr'><strong>de</strong></span> <span class='ocrx_word' id='word_1_295' title='bbox 1636 3279 1746 3334; x_wconf 89' lang='lat' dir='ltr'><strong>hoc</strong></span> 
     </span>
    </p>
   </div>
   <div class='ocr_carea' id='block_1_30' title="bbox 120 3364 1739 3437">
    <p class='ocr_par' dir='ltr' id='par_1_30' title="bbox 120 3364 1739 3437">
     <span class='ocr_line' id='line_1_30' title="bbox 120 3364 1739 3437; baseline 0.001 -18"><span class='ocrx_word' id='word_1_296' title='bbox 120 3367 343 3434; x_wconf 67' lang='lat' dir='ltr'><strong>saeculo,</strong></span> <span class='ocrx_word' id='word_1_297' title='bbox 406 3367 734 3422; x_wconf 90' lang='lat' dir='ltr'><strong>obtulerunt</strong></span> <span class='ocrx_word' id='word_1_298' title='bbox 789 3364 1022 3420; x_wconf 86' lang='lat' dir='ltr'><strong>Domino</strong></span> <span class='ocrx_word' id='word_1_299' title='bbox 1077 3364 1468 3435; x_wconf 83' lang='lat' dir='ltr'><strong>praedicatores</strong></span> <span class='ocrx_word' id='word_1_300' title='bbox 1511 3374 1739 3437; x_wconf 89' lang='lat' dir='ltr'><strong>mutum,</strong></span> 
     </span>
    </p>
   </div>
   <div class='ocr_carea' id='block_1_31' title="bbox 121 3453 1741 3526">
    <p class='ocr_par' dir='ltr' id='par_1_31' title="bbox 121 3453 1741 3526">
     <span class='ocr_line' id='line_1_31' title="bbox 121 3453 1741 3526; baseline 0.001 -17"><span class='ocrx_word' id='word_1_301' title='bbox 121 3455 332 3510; x_wconf 83' lang='lat' dir='ltr'><strong>scilicet</strong></span> <span class='ocrx_word' id='word_1_302' title='bbox 363 3453 644 3526; x_wconf 89' lang='lat' dir='ltr'><strong>populum</strong></span> <span class='ocrx_word' id='word_1_303' title='bbox 693 3461 920 3519; x_wconf 89' lang='lat' dir='ltr'><strong>mutum,</strong></span> <span class='ocrx_word' id='word_1_304' title='bbox 983 3453 1075 3524; x_wconf 86' lang='lat' dir='ltr'><strong>qui</strong></span> <span class='ocrx_word' id='word_1_305' title='bbox 1132 3453 1268 3508; x_wconf 88' lang='lat' dir='ltr'><strong>nihil</strong></span> <span class='ocrx_word' id='word_1_306' title='bbox 1301 3454 1479 3510; x_wconf 86' lang='lat' dir='ltr'><strong>adhuc</strong></span> <span class='ocrx_word' id='word_1_307' title='bbox 1507 3463 1627 3510; x_wconf 89' lang='lat' dir='ltr'><strong>erat</strong></span> <span class='ocrx_word' id='word_1_308' title='bbox 1656 3455 1741 3510; x_wconf 91' lang='lat' dir='ltr'><strong>lo-</strong></span> 
     </span>
    </p>
   </div>
   <div class='ocr_carea' id='block_1_32' title="bbox 121 3541 1742 3616">
    <p class='ocr_par' dir='ltr' id='par_1_32' title="bbox 121 3541 1742 3616">
     <span class='ocr_line' id='line_1_32' title="bbox 121 3541 1742 3616; baseline -0.001 -17"><span class='ocrx_word' id='word_1_309' title='bbox 121 3553 282 3600; x_wconf 89' lang='lat' dir='ltr'><strong>cutus</strong></span> <span class='ocrx_word' id='word_1_310' title='bbox 313 3545 386 3599; x_wconf 92' lang='lat' dir='ltr'><strong>de</strong></span> <span class='ocrx_word' id='word_1_311' title='bbox 417 3542 612 3616; x_wconf 82' lang='lat' dir='ltr'><strong>gloria</strong></span> <span class='ocrx_word' id='word_1_312' title='bbox 642 3541 761 3608; x_wconf 89' lang='lat' dir='ltr'><strong>Dei,</strong></span> <span class='ocrx_word' id='word_1_313' title='bbox 796 3541 944 3613; x_wconf 88' lang='lat' dir='ltr'><strong>quod</strong></span> <span class='ocrx_word' id='word_1_314' title='bbox 971 3557 1080 3596; x_wconf 92' lang='lat' dir='ltr'><strong>non</strong></span> <span class='ocrx_word' id='word_1_315' title='bbox 1111 3542 1382 3598; x_wconf 89' lang='lat' dir='ltr'><strong>habuerat</strong></span> <span class='ocrx_word' id='word_1_316' title='bbox 1411 3543 1742 3614; x_wconf 63' lang='lat' dir='ltr'><strong>praedicato-</strong></span> 
     </span>
    </p>
   </div>
   <div class='ocr_carea' id='block_1_33' title="bbox 122 3639 1742 3714">
    <p class='ocr_par' dir='ltr' id='par_1_33' title="bbox 122 3639 1742 3714">
     <span class='ocr_line' id='line_1_33' title="bbox 122 3639 1742 3714; baseline -0.001 -17"><span class='ocrx_word' id='word_1_317' title='bbox 122 3659 230 3698; x_wconf 87' lang='lat' dir='ltr'><strong>res.</strong></span> <span class='ocrx_word' id='word_1_318' title='bbox 263 3642 369 3698; x_wconf 86' lang='lat' dir='ltr'><strong>Hic</strong></span> <span class='ocrx_word' id='word_1_319' title='bbox 398 3640 648 3714; x_wconf 89' lang='lat' dir='ltr'><strong>populus</strong></span> <span class='ocrx_word' id='word_1_320' title='bbox 703 3639 1023 3712; x_wconf 75' lang='lat' dir='ltr'><strong>intelligitur</strong></span> <span class='ocrx_word' id='word_1_321' title='bbox 1078 3639 1246 3696; x_wconf 88' lang='lat' dir='ltr'><strong>fuisse</strong></span> <span class='ocrx_word' id='word_1_322' title='bbox 1305 3641 1375 3695; x_wconf 90' lang='lat' dir='ltr'><strong>de</strong></span> <span class='ocrx_word' id='word_1_323' title='bbox 1433 3640 1742 3713; x_wconf 73' lang='lat' dir='ltr'><strong>gentibus:</strong></span> 
     </span>
    </p>
   </div>
   <div class='ocr_carea' id='block_1_34' title="bbox 128 3728 1745 3802">
    <p class='ocr_par' dir='ltr' id='par_1_34' title="bbox 128 3728 1745 3802">
     <span class='ocr_line' id='line_1_34' title="bbox 128 3728 1745 3802; baseline -0.002 -16"><span class='ocrx_word' id='word_1_324' title='bbox 128 3731 271 3787; x_wconf 90' lang='lat' dir='ltr'><strong>unde</strong></span> <span class='ocrx_word' id='word_1_325' title='bbox 300 3740 357 3786; x_wconf 92' lang='lat' dir='ltr'><strong>et</strong></span> <span class='ocrx_word' id='word_1_326' title='bbox 387 3730 651 3802; x_wconf 88' lang='lat' dir='ltr'><strong>sequitur</strong></span> <span class='ocrx_word' id='word_1_327' title='bbox 704 3728 988 3784; x_wconf 90' lang='lat' dir='ltr'><strong>admiratio</strong></span> <span class='ocrx_word' id='word_1_328' title='bbox 1044 3729 1328 3783; x_wconf 90' lang='lat' dir='ltr'><strong>turbarum</strong></span> <span class='ocrx_word' id='word_1_329' title='bbox 1376 3729 1447 3784; x_wconf 90' lang='lat' dir='ltr'><strong>de</strong></span> <span class='ocrx_word' id='word_1_330' title='bbox 1488 3729 1623 3800; x_wconf 90' lang='lat' dir='ltr'><strong>ipsis</strong></span> <span class='ocrx_word' id='word_1_331' title='bbox 1653 3729 1745 3785; x_wconf 89' lang='lat' dir='ltr'><strong>di-</strong></span> 
     </span>
    </p>
   </div>
   <div class='ocr_carea' id='block_1_35' title="bbox 129 3816 1741 3889">
    <p class='ocr_par' dir='ltr' id='par_1_35' title="bbox 129 3816 1741 3889">
     <span class='ocr_line' id='line_1_35' title="bbox 129 3816 1741 3889; baseline -0.001 -14"><span class='ocrx_word' id='word_1_332' title='bbox 129 3821 383 3876; x_wconf 88' lang='lat' dir='ltr'><strong>centibus</strong></span> <span class='ocrx_word' id='word_1_333' title='bbox 436 3833 727 3889; x_wconf 90' lang='lat' dir='ltr'><strong>nunquam</strong></span> <span class='ocrx_word' id='word_1_334' title='bbox 786 3816 869 3874; x_wconf 91' lang='lat' dir='ltr'><strong>sic</strong></span> <span class='ocrx_word' id='word_1_335' title='bbox 923 3817 1246 3889; x_wconf 88' lang='lat' dir='ltr'><strong>apparuisse</strong></span> <span class='ocrx_word' id='word_1_336' title='bbox 1277 3817 1328 3871; x_wconf 92' lang='lat' dir='ltr'><strong>in</strong></span> <span class='ocrx_word' id='word_1_337' title='bbox 1352 3818 1545 3884; x_wconf 89' lang='lat' dir='ltr'><strong>Israel,</strong></span> <span class='ocrx_word' id='word_1_338' title='bbox 1587 3819 1741 3874; x_wconf 89' lang='lat' dir='ltr'><strong>scili-</strong></span> 
     </span>
    </p>
   </div>
   <div class='ocr_carea' id='block_1_36' title="bbox 1849 2638 3437 2707">
    <p class='ocr_par' dir='ltr' id='par_1_36' title="bbox 1849 2638 3437 2707">
     <span class='ocr_line' id='line_1_36' title="bbox 1849 2638 3437 2707; baseline -0.002 -13"><span class='ocrx_word' id='word_1_339' title='bbox 1849 2640 2069 2707; x_wconf 89' lang='lat' dir='ltr'><strong>labitur,</strong></span> <span class='ocrx_word' id='word_1_340' title='bbox 2105 2647 2159 2695; x_wconf 90' lang='lat' dir='ltr'><strong>et</strong></span> <span class='ocrx_word' id='word_1_341' title='bbox 2188 2639 2384 2695; x_wconf 92' lang='lat' dir='ltr'><strong>domus</strong></span> <span class='ocrx_word' id='word_1_342' title='bbox 2428 2638 2599 2694; x_wconf 88' lang='lat' dir='ltr'><strong>divisa</strong></span> <span class='ocrx_word' id='word_1_343' title='bbox 2641 2639 2920 2694; x_wconf 88' lang='lat' dir='ltr'><strong>adversus</strong></span> <span class='ocrx_word' id='word_1_344' title='bbox 2951 2655 3010 2694; x_wconf 90' lang='lat' dir='ltr'><strong>se</strong></span> <span class='ocrx_word' id='word_1_345' title='bbox 3043 2654 3152 2695; x_wconf 90' lang='lat' dir='ltr'><strong>non</strong></span> <span class='ocrx_word' id='word_1_346' title='bbox 3180 2641 3370 2695; x_wconf 87' lang='lat' dir='ltr'><strong>stabit.</strong></span> <span class='ocrx_word' id='word_1_347' title='bbox 3415 2664 3437 2691; x_wconf 67' lang='grc' dir='ltr'><strong>ο</strong></span> 
     </span>
    </p>
   </div>
   <div class='ocr_carea' id='block_1_37' title="bbox 1848 2727 3442 2800">
    <p class='ocr_par' dir='ltr' id='par_1_37' title="bbox 1848 2727 3442 2800">
     <span class='ocr_line' id='line_1_37' title="bbox 1848 2727 3442 2800; baseline 0.002 -17"><span class='ocrx_word' id='word_1_348' title='bbox 1848 2729 1930 2783; x_wconf 81' lang='lat' dir='ltr'><strong>Ad</strong></span> <span class='ocrx_word' id='word_1_349' title='bbox 1960 2727 2330 2800; x_wconf 84' lang='lat' dir='ltr'><strong>cogitationes</strong></span> <span class='ocrx_word' id='word_1_350' title='bbox 2388 2727 2788 2782; x_wconf 67' lang='lat' dir='ltr'><strong>Pharisaeorum</strong></span> <span class='ocrx_word' id='word_1_351' title='bbox 2845 2727 3134 2799; x_wconf 89' lang='lat' dir='ltr'><strong>respondit</strong></span> <span class='ocrx_word' id='word_1_352' title='bbox 3162 2736 3219 2783; x_wconf 91' lang='lat' dir='ltr'><strong>ut</strong></span> <span class='ocrx_word' id='word_1_353' title='bbox 3248 2729 3333 2784; x_wconf 91' lang='lat' dir='ltr'><strong>vel</strong></span> <span class='ocrx_word' id='word_1_354' title='bbox 3359 2729 3442 2786; x_wconf 86' lang='lat' dir='ltr'><strong>sic</strong></span> 
     </span>
    </p>
   </div>
   <div class='ocr_carea' id='block_1_38' title="bbox 1849 2815 3442 2888">
    <p class='ocr_par' dir='ltr' id='par_1_38' title="bbox 1849 2815 3442 2888">
     <span class='ocr_line' id='line_1_38' title="bbox 1849 2815 3442 2888; baseline 0 -15"><span class='ocrx_word' id='word_1_355' title='bbox 1849 2817 2311 2888; x_wconf 88' lang='lat' dir='ltr'><strong>compellerentur</strong></span> <span class='ocrx_word' id='word_1_356' title='bbox 2348 2817 2600 2872; x_wconf 88' lang='lat' dir='ltr'><strong>credere.</strong></span> <span class='ocrx_word' id='word_1_357' title='bbox 2646 2816 2808 2871; x_wconf 86' lang='lat' dir='ltr'><strong>Juxta</strong></span> <span class='ocrx_word' id='word_1_358' title='bbox 2836 2815 3075 2872; x_wconf 88' lang='lat' dir='ltr'><strong>litteram</strong></span> <span class='ocrx_word' id='word_1_359' title='bbox 3115 2823 3264 2887; x_wconf 84' lang='lat' dir='ltr'><strong>patet</strong></span> <span class='ocrx_word' id='word_1_360' title='bbox 3295 2817 3442 2888; x_wconf 89' lang='lat' dir='ltr'><strong>quod</strong></span> 
     </span>
    </p>
   </div>
   <div class='ocr_carea' id='block_1_39' title="bbox 1849 2910 3443 2987">
    <p class='ocr_par' dir='ltr' id='par_1_39' title="bbox 1849 2910 3443 2987">
     <span class='ocr_line' id='line_1_39' title="bbox 1849 2910 3443 2987; baseline 0.001 -17"><span class='ocrx_word' id='word_1_361' title='bbox 1849 2930 2008 2970; x_wconf 90' lang='lat' dir='ltr'><strong>omne</strong></span> <span class='ocrx_word' id='word_1_362' title='bbox 2065 2930 2304 2987; x_wconf 81' lang='lat' dir='ltr'><strong>regnum</strong></span> <span class='ocrx_word' id='word_1_363' title='bbox 2363 2913 2595 2968; x_wconf 91' lang='lat' dir='ltr'><strong>solidum</strong></span> <span class='ocrx_word' id='word_1_364' title='bbox 2654 2920 2707 2967; x_wconf 91' lang='lat' dir='ltr'><strong>et</strong></span> <span class='ocrx_word' id='word_1_365' title='bbox 2753 2910 2986 2980; x_wconf 88' lang='lat' dir='ltr'><strong>ﬁrmum,</strong></span> <span class='ocrx_word' id='word_1_366' title='bbox 3033 2914 3079 2968; x_wconf 91' lang='lat' dir='ltr'><strong>si</strong></span> <span class='ocrx_word' id='word_1_367' title='bbox 3124 2930 3223 2985; x_wconf 91' lang='lat' dir='ltr'><strong>per</strong></span> <span class='ocrx_word' id='word_1_368' title='bbox 3263 2921 3443 2986; x_wconf 87' lang='lat' dir='ltr'><strong>partes</strong></span> 
     </span>
    </p>
   </div>
   <div class='ocr_carea' id='block_1_40' title="bbox 1849 3001 3444 3073">
    <p class='ocr_par' dir='ltr' id='par_1_40' title="bbox 1849 3001 3444 3073">
     <span class='ocr_line' id='line_1_40' title="bbox 1849 3001 3444 3073; baseline -0.001 -15"><span class='ocrx_word' id='word_1_369' title='bbox 1849 3004 2127 3071; x_wconf 87' lang='lat' dir='ltr'><strong>dividitur,</strong></span> <span class='ocrx_word' id='word_1_370' title='bbox 2180 3019 2303 3058; x_wconf 91' lang='lat' dir='ltr'><strong>cum</strong></span> <span class='ocrx_word' id='word_1_371' title='bbox 2345 3001 2437 3056; x_wconf 86' lang='lat' dir='ltr'><strong>alii</strong></span> <span class='ocrx_word' id='word_1_372' title='bbox 2472 3002 2541 3056; x_wconf 92' lang='lat' dir='ltr'><strong>ab</strong></span> <span class='ocrx_word' id='word_1_373' title='bbox 2570 3001 2692 3056; x_wconf 88' lang='lat' dir='ltr'><strong>aliis</strong></span> <span class='ocrx_word' id='word_1_374' title='bbox 2734 3002 2819 3056; x_wconf 86' lang='lat' dir='ltr'><strong>vel</strong></span> <span class='ocrx_word' id='word_1_375' title='bbox 2869 3002 3168 3073; x_wconf 91' lang='lat' dir='ltr'><strong>puniuntur</strong></span> <span class='ocrx_word' id='word_1_376' title='bbox 3197 3003 3281 3058; x_wconf 90' lang='lat' dir='ltr'><strong>vel</strong></span> <span class='ocrx_word' id='word_1_377' title='bbox 3312 3018 3444 3073; x_wconf 90' lang='lat' dir='ltr'><strong>per-</strong></span> 
     </span>
    </p>
   </div>
   <div class='ocr_carea' id='block_1_41' title="bbox 1849 3089 3441 3166">
    <p class='ocr_par' dir='ltr' id='par_1_41' title="bbox 1849 3089 3441 3166">
     <span class='ocr_line' id='line_1_41' title="bbox 1849 3089 3441 3166; baseline -0.002 -18"><span class='ocrx_word' id='word_1_378' title='bbox 1849 3093 2108 3160; x_wconf 89' lang='lat' dir='ltr'><strong>imuntur,</strong></span> <span class='ocrx_word' id='word_1_379' title='bbox 2167 3091 2221 3145; x_wconf 91' lang='lat' dir='ltr'><strong>in</strong></span> <span class='ocrx_word' id='word_1_380' title='bbox 2281 3090 2632 3145; x_wconf 89' lang='lat' dir='ltr'><strong>solitudinem</strong></span> <span class='ocrx_word' id='word_1_381' title='bbox 2683 3089 2967 3161; x_wconf 84' lang='lat' dir='ltr'><strong>redigitur,</strong></span> <span class='ocrx_word' id='word_1_382' title='bbox 3027 3099 3313 3166; x_wconf 82' lang='lat' dir='ltr'><strong>vacuatum</strong></span> <span class='ocrx_word' id='word_1_383' title='bbox 3369 3091 3441 3145; x_wconf 90' lang='lat' dir='ltr'><strong>ab</strong></span> 
     </span>
    </p>
   </div>
   <div class='ocr_carea' id='block_1_42' title="bbox 1848 3187 3440 3260">
    <p class='ocr_par' dir='ltr' id='par_1_42' title="bbox 1848 3187 3440 3260">
     <span class='ocr_line' id='line_1_42' title="bbox 1848 3187 3440 3260; baseline -0.002 -14"><span class='ocrx_word' id='word_1_384' title='bbox 1848 3190 2266 3246; x_wconf 87' lang='lat' dir='ltr'><strong>habitatoribus.</strong></span> <span class='ocrx_word' id='word_1_385' title='bbox 2309 3188 2518 3246; x_wconf 89' lang='lat' dir='ltr'><strong>Cadere</strong></span> <span class='ocrx_word' id='word_1_386' title='bbox 2549 3203 2766 3260; x_wconf 90' lang='lat' dir='ltr'><strong>quoque</strong></span> <span class='ocrx_word' id='word_1_387' title='bbox 2815 3187 2955 3242; x_wconf 90' lang='lat' dir='ltr'><strong>ratio</strong></span> <span class='ocrx_word' id='word_1_388' title='bbox 2987 3197 3068 3242; x_wconf 89' lang='lat' dir='ltr'><strong>est</strong></span> <span class='ocrx_word' id='word_1_389' title='bbox 3097 3189 3292 3243; x_wconf 91' lang='lat' dir='ltr'><strong>domus</strong></span> <span class='ocrx_word' id='word_1_390' title='bbox 3318 3187 3440 3243; x_wconf 84' lang='lat' dir='ltr'><strong>sive</strong></span> 
     </span>
    </p>
   </div>
   <div class='ocr_carea' id='block_1_43' title="bbox 1850 3276 3442 3346">
    <p class='ocr_par' dir='ltr' id='par_1_43' title="bbox 1850 3276 3442 3346">
     <span class='ocr_line' id='line_1_43' title="bbox 1850 3276 3442 3346; baseline -0.003 -10"><span class='ocrx_word' id='word_1_391' title='bbox 1850 3279 2058 3336; x_wconf 88' lang='lat' dir='ltr'><strong>civitas.</strong></span> <span class='ocrx_word' id='word_1_392' title='bbox 2099 3278 2257 3346; x_wconf 83' lang='lat' dir='ltr'><strong>Quod</strong></span> <span class='ocrx_word' id='word_1_393' title='bbox 2315 3278 2598 3332; x_wconf 69' lang='lat' dir='ltr'><strong>Mattbzeus</strong></span> <span class='ocrx_word' id='word_1_394' title='bbox 2660 3276 2832 3346; x_wconf 89' lang='lat' dir='ltr'><strong>ponit.</strong></span> <span class='ocrx_word' id='word_1_395' title='bbox 2866 3276 3166 3331; x_wconf 90' lang='lat' dir='ltr'><strong>Concordia</strong></span> <span class='ocrx_word' id='word_1_396' title='bbox 3193 3291 3442 3346; x_wconf 87' lang='lat' dir='ltr'><strong>namque</strong></span> 
     </span>
    </p>
   </div>
   <div class='ocr_carea' id='block_1_44' title="bbox 1847 3364 3434 3438">
    <p class='ocr_par' dir='ltr' id='par_1_44' title="bbox 1847 3364 3434 3438">
     <span class='ocr_line' id='line_1_44' title="bbox 1847 3364 3434 3438; baseline -0.002 -16"><span class='ocrx_word' id='word_1_397' title='bbox 1847 3383 2031 3438; x_wconf 76' lang='lat' dir='ltr'><strong>parvae</strong></span> <span class='ocrx_word' id='word_1_398' title='bbox 2061 3384 2156 3422; x_wconf 89' lang='lat' dir='ltr'><strong>res</strong></span> <span class='ocrx_word' id='word_1_399' title='bbox 2186 3374 2464 3432; x_wconf 90' lang='lat' dir='ltr'><strong>crescunt;</strong></span> <span class='ocrx_word' id='word_1_400' title='bbox 2498 3365 2774 3420; x_wconf 83' lang='lat' dir='ltr'><strong>discordia</strong></span> <span class='ocrx_word' id='word_1_401' title='bbox 2817 3364 3050 3420; x_wconf 87' lang='lat' dir='ltr'><strong>maxime</strong></span> <span class='ocrx_word' id='word_1_402' title='bbox 3097 3364 3434 3420; x_wconf 91' lang='lat' dir='ltr'><strong>dilabuntur.</strong></span> 
     </span>
    </p>
   </div>
   <div class='ocr_carea' id='block_1_45' title="bbox 1848 3451 3433 3527">
    <p class='ocr_par' dir='ltr' id='par_1_45' title="bbox 1848 3451 3433 3527">
     <span class='ocr_line' id='line_1_45' title="bbox 1848 3451 3433 3527; baseline -0.003 -15"><span class='ocrx_word' id='word_1_403' title='bbox 1848 3456 1967 3527; x_wconf 79' lang='lat' dir='ltr'><strong>Qun</strong></span> <span class='ocrx_word' id='word_1_404' title='bbox 1997 3464 2184 3512; x_wconf 89' lang='lat' dir='ltr'><strong>autem</strong></span> <span class='ocrx_word' id='word_1_405' title='bbox 2215 3457 2330 3511; x_wconf 71' lang='lat' dir='ltr'><strong>haec</strong></span> <span class='ocrx_word' id='word_1_406' title='bbox 2379 3453 2734 3524; x_wconf 90' lang='lat' dir='ltr'><strong>spiritualiter</strong></span> <span class='ocrx_word' id='word_1_407' title='bbox 2777 3451 3142 3520; x_wconf 89' lang='lat' dir='ltr'><strong>attendantur,</strong></span> <span class='ocrx_word' id='word_1_408' title='bbox 3176 3453 3433 3524; x_wconf 84' lang='lat' dir='ltr'><strong>exponit.</strong></span> 
     </span>
    </p>
   </div>
   <div class='ocr_carea' id='block_1_46' title="bbox 1922 3550 3437 3622">
    <p class='ocr_par' dir='ltr' id='par_1_46' title="bbox 1922 3550 3437 3622">
     <span class='ocr_line' id='line_1_46' title="bbox 1922 3550 3437 3622; baseline 0.002 -18"><span class='ocrx_word' id='word_1_409' title='bbox 1922 3576 1944 3604; x_wconf 80' lang='grc' dir='ltr'>ι</span> <span class='ocrx_word' id='word_1_410' title='bbox 1979 3555 2036 3610; x_wconf 91' lang='lat' dir='ltr'><strong>Si</strong></span> <span class='ocrx_word' id='word_1_411' title='bbox 2078 3562 2258 3609; x_wconf 85' lang='lat' dir='ltr'><strong>autem</strong></span> <span class='ocrx_word' id='word_1_412' title='bbox 2291 3561 2345 3608; x_wconf 92' lang='lat' dir='ltr'><strong>et</strong></span> <span class='ocrx_word' id='word_1_413' title='bbox 2372 3552 2600 3607; x_wconf 87' lang='lat' dir='ltr'><strong>Satanas</strong></span> <span class='ocrx_word' id='word_1_414' title='bbox 2655 3551 2711 3605; x_wconf 91' lang='lat' dir='ltr'><strong>in</strong></span> <span class='ocrx_word' id='word_1_415' title='bbox 2769 3551 3014 3622; x_wconf 88' lang='lat' dir='ltr'><strong>seipsum</strong></span> <span class='ocrx_word' id='word_1_416' title='bbox 3069 3550 3276 3608; x_wconf 87' lang='lat' dir='ltr'><strong>divisus</strong></span> <span class='ocrx_word' id='word_1_417' title='bbox 3331 3560 3437 3618; x_wconf 90' lang='lat' dir='ltr'><strong>est,</strong></span> 
     </span>
    </p>
   </div>
   <div class='ocr_carea' id='block_1_47' title="bbox 1849 3639 3441 3716">
    <p class='ocr_par' dir='ltr' id='par_1_47' title="bbox 1849 3639 3441 3716">
     <span class='ocr_line' id='line_1_47' title="bbox 1849 3639 3441 3716; baseline -0.002 -17"><span class='ocrx_word' id='word_1_418' title='bbox 1849 3644 2123 3716; x_wconf 90' lang='lat' dir='ltr'><strong>quomodo</strong></span> <span class='ocrx_word' id='word_1_419' title='bbox 2161 3642 2328 3698; x_wconf 87' lang='lat' dir='ltr'><strong>stabit</strong></span> <span class='ocrx_word' id='word_1_420' title='bbox 2355 3657 2583 3712; x_wconf 87' lang='lat' dir='ltr'><strong>regnum</strong></span> <span class='ocrx_word' id='word_1_421' title='bbox 2614 3639 2812 3710; x_wconf 88' lang='lat' dir='ltr'><strong>ipsius.</strong></span> <span class='ocrx_word' id='word_1_422' title='bbox 2857 3663 2877 3687; x_wconf 74' lang='grc' dir='ltr'><strong><em>η</em></strong></span> <span class='ocrx_word' id='word_1_423' title='bbox 2911 3639 3032 3694; x_wconf 88' lang='lat' dir='ltr'><strong>Non</strong></span> <span class='ocrx_word' id='word_1_424' title='bbox 3063 3648 3242 3711; x_wconf 87' lang='lat' dir='ltr'><strong>potest</strong></span> <span class='ocrx_word' id='word_1_425' title='bbox 3271 3649 3441 3708; x_wconf 86' lang='lat' dir='ltr'><strong>stare,</strong></span> 
     </span>
    </p>
   </div>
   <div class='ocr_carea' id='block_1_48' title="bbox 1850 3736 3445 3809">
    <p class='ocr_par' dir='ltr' id='par_1_48' title="bbox 1850 3736 3445 3809">
     <span class='ocr_line' id='line_1_48' title="bbox 1850 3736 3445 3809; baseline -0.001 -14"><span class='ocrx_word' id='word_1_426' title='bbox 1850 3741 1946 3796; x_wconf 89' lang='lat' dir='ltr'><strong>sed</strong></span> <span class='ocrx_word' id='word_1_427' title='bbox 1977 3741 2139 3796; x_wconf 85' lang='lat' dir='ltr'><strong>ﬁnem</strong></span> <span class='ocrx_word' id='word_1_428' title='bbox 2170 3739 2351 3803; x_wconf 86' lang='lat' dir='ltr'><strong>habet,</strong></span> <span class='ocrx_word' id='word_1_429' title='bbox 2384 3737 2513 3809; x_wconf 86' lang='lat' dir='ltr'><strong>quia</strong></span> <span class='ocrx_word' id='word_1_430' title='bbox 2561 3736 2737 3792; x_wconf 87' lang='lat' dir='ltr'><strong>dicitis</strong></span> <span class='ocrx_word' id='word_1_431' title='bbox 2788 3736 2842 3790; x_wconf 90' lang='lat' dir='ltr'><strong>in</strong></span> <span class='ocrx_word' id='word_1_432' title='bbox 2894 3736 3196 3792; x_wconf 88' lang='lat' dir='ltr'><strong>Beelzebub</strong></span> <span class='ocrx_word' id='word_1_433' title='bbox 3243 3737 3445 3806; x_wconf 85' lang='lat' dir='ltr'><strong>ejicere</strong></span> 
     </span>
    </p>
   </div>
   <div class='ocr_carea' id='block_1_49' title="bbox 1849 3822 3442 3896">
    <p class='ocr_par' dir='ltr' id='par_1_49' title="bbox 1849 3822 3442 3896">
     <span class='ocr_line' id='line_1_49' title="bbox 1849 3822 3442 3896; baseline -0.003 -12"><span class='ocrx_word' id='word_1_434' title='bbox 1849 3845 1937 3884; x_wconf 91' lang='lat' dir='ltr'><strong>me</strong></span> <span class='ocrx_word' id='word_1_435' title='bbox 1957 3826 2249 3884; x_wconf 67' lang='lat' dir='ltr'><strong>daemonia.</strong></span> <span class='ocrx_word' id='word_1_436' title='bbox 2303 3825 2526 3896; x_wconf 84' lang='lat' dir='ltr'><strong>Eligant</strong></span> <span class='ocrx_word' id='word_1_437' title='bbox 2564 3823 2711 3895; x_wconf 90' lang='lat' dir='ltr'><strong>quod</strong></span> <span class='ocrx_word' id='word_1_438' title='bbox 2761 3822 2952 3878; x_wconf 90' lang='lat' dir='ltr'><strong>velint.</strong></span> <span class='ocrx_word' id='word_1_439' title='bbox 2991 3823 3048 3878; x_wconf 90' lang='lat' dir='ltr'><strong>Si</strong></span> <span class='ocrx_word' id='word_1_440' title='bbox 3076 3823 3309 3879; x_wconf 87' lang='lat' dir='ltr'><strong>Satanas</strong></span> <span class='ocrx_word' id='word_1_441' title='bbox 3339 3824 3442 3879; x_wconf 84' lang='lat' dir='ltr'><strong>Sa—</strong></span> 
     </span>
    </p>
   </div>
   <div class='ocr_carea' id='block_1_50' title="bbox 127 3913 3440 3994">
    <p class='ocr_par' dir='ltr' id='par_1_50' title="bbox 127 3913 3440 3994">
     <span class='ocr_line' id='line_1_50' title="bbox 127 3913 3440 3994; baseline 0.001 -20"><span class='ocrx_word' id='word_1_442' title='bbox 127 3927 212 3974; x_wconf 91' lang='lat' dir='ltr'><strong>cet</strong></span> <span class='ocrx_word' id='word_1_443' title='bbox 242 3926 298 3973; x_wconf 90' lang='lat' dir='ltr'><strong>ut</strong></span> <span class='ocrx_word' id='word_1_444' title='bbox 328 3926 410 3975; x_wconf 89' lang='lat' dir='ltr'><strong>tot</strong></span> <span class='ocrx_word' id='word_1_445' title='bbox 449 3918 587 3972; x_wconf 84' lang='lat' dir='ltr'><strong>inde</strong></span> <span class='ocrx_word' id='word_1_446' title='bbox 644 3915 804 3971; x_wconf 89' lang='lat' dir='ltr'><strong>simul</strong></span> <span class='ocrx_word' id='word_1_447' title='bbox 865 3924 1321 3973; x_wconf 88' lang='lat' dir='ltr'><strong>converterentur</strong></span> <span class='ocrx_word' id='word_1_448' title='bbox 1355 3915 1423 3970; x_wconf 90' lang='lat' dir='ltr'><strong>ad</strong></span> <span class='ocrx_word' id='word_1_449' title='bbox 1470 3915 1739 3972; x_wconf 87' lang='lat' dir='ltr'><strong>Christia-</strong></span> <span class='ocrx_word' id='word_1_450' title='bbox 1771 3913 1820 3976; x_wconf 87' lang='lat' dir='ltr'><strong>C</strong></span> <span class='ocrx_word' id='word_1_451' title='bbox 1850 3935 2042 3982; x_wconf 63' lang='lat' dir='ltr'><strong>mnam</strong></span> <span class='ocrx_word' id='word_1_452' title='bbox 2074 3940 2184 3980; x_wconf 89' lang='lat' dir='ltr'><strong>non</strong></span> <span class='ocrx_word' id='word_1_453' title='bbox 2212 3929 2391 3994; x_wconf 82' lang='lat' dir='ltr'><strong>potest</strong></span> <span class='ocrx_word' id='word_1_454' title='bbox 2434 3921 2660 3993; x_wconf 88' lang='lat' dir='ltr'><strong>ejicere,</strong></span> <span class='ocrx_word' id='word_1_455' title='bbox 2711 3920 2846 3975; x_wconf 86' lang='lat' dir='ltr'><strong>nihil</strong></span> <span class='ocrx_word' id='word_1_456' title='bbox 2901 3928 3095 3976; x_wconf 85' lang='lat' dir='ltr'><strong>contra</strong></span> <span class='ocrx_word' id='word_1_457' title='bbox 3138 3921 3440 3976; x_wconf 89' lang='lat' dir='ltr'><strong>Dominum</strong></span> 
     </span>
    </p>
   </div>
   <div class='ocr_carea' id='block_1_51' title="bbox 127 4023 387 4064">
    <p class='ocr_par' dir='ltr' id='par_1_51' title="bbox 127 4023 387 4064">
     <span class='ocr_line' id='line_1_51' title="bbox 127 4023 387 4064; baseline 0.012 -3"><span class='ocrx_word' id='word_1_458' title='bbox 127 4023 387 4064; x_wconf 86' lang='lat' dir='ltr'><strong>utsmum.</strong></span> 
     </span>
    </p>
   </div>
   <div class='ocr_carea' id='block_1_52' title="bbox 202 4105 1736 4178">
    <p class='ocr_par' dir='ltr' id='par_1_52' title="bbox 202 4105 1736 4178">
     <span class='ocr_line' id='line_1_52' title="bbox 202 4105 1736 4178; baseline -0.003 -12"><span class='ocrx_word' id='word_1_459' title='bbox 202 4133 222 4158; x_wconf 79' lang='grc' dir='ltr'><strong>ι</strong></span> <span class='ocrx_word' id='word_1_460' title='bbox 258 4108 533 4166; x_wconf 67' lang='grc' dir='ltr'><strong>Ριιθτὶεωὶ</strong></span> <span class='ocrx_word' id='word_1_461' title='bbox 577 4115 759 4164; x_wconf 89' lang='lat' dir='ltr'><strong>autem</strong></span> <span class='ocrx_word' id='word_1_462' title='bbox 801 4106 1052 4162; x_wconf 88' lang='lat' dir='ltr'><strong>dicebant</strong></span> <span class='ocrx_word' id='word_1_463' title='bbox 1087 4125 1097 4160; x_wconf 94' lang='lat'><strong>:</strong></span> <span class='ocrx_word' id='word_1_464' title='bbox 1133 4106 1193 4160; x_wconf 89' lang='lat' dir='ltr'><strong>In</strong></span> <span class='ocrx_word' id='word_1_465' title='bbox 1235 4105 1548 4161; x_wconf 88' lang='lat' dir='ltr'><strong>Beelzebub</strong></span> <span class='ocrx_word' id='word_1_466' title='bbox 1577 4106 1736 4178; x_wconf 90' lang='lat' dir='ltr'><strong>prin-</strong></span> 
     </span>
    </p>
   </div>
   <div class='ocr_carea' id='block_1_53' title="bbox 130 4195 1734 4270">
    <p class='ocr_par' dir='ltr' id='par_1_53' title="bbox 130 4195 1734 4270">
     <span class='ocr_line' id='line_1_53' title="bbox 130 4195 1734 4270; baseline -0.002 -16"><span class='ocrx_word' id='word_1_467' title='bbox 130 4198 248 4270; x_wconf 91' lang='lat' dir='ltr'><strong>cipe</strong></span> <span class='ocrx_word' id='word_1_468' title='bbox 267 4197 678 4256; x_wconf 64' lang='lat' dir='ltr'><strong>dazmoniorum</strong></span> <span class='ocrx_word' id='word_1_469' title='bbox 712 4197 798 4252; x_wconf 86' lang='lat' dir='ltr'><strong>hic</strong></span> <span class='ocrx_word' id='word_1_470' title='bbox 834 4195 983 4264; x_wconf 88' lang='lat' dir='ltr'><strong>ejicit</strong></span> <span class='ocrx_word' id='word_1_471' title='bbox 1009 4195 1310 4250; x_wconf 56' lang='lat' dir='ltr'><strong>daemones.</strong></span> <span class='ocrx_word' id='word_1_472' title='bbox 1349 4217 1370 4242; x_wconf 73' lang='grc' dir='ltr'><strong>»ι</strong></span> <span class='ocrx_word' id='word_1_473' title='bbox 1404 4195 1600 4250; x_wconf 90' lang='lat' dir='ltr'><strong>Turbis</strong></span> <span class='ocrx_word' id='word_1_474' title='bbox 1629 4195 1734 4250; x_wconf 89' lang='lat' dir='ltr'><strong>mi-</strong></span> 
     </span>
    </p>
   </div>
   <div class='ocr_carea' id='block_1_54' title="bbox 129 4283 1740 4350">
    <p class='ocr_par' dir='ltr' id='par_1_54' title="bbox 129 4283 1740 4350">
     <span class='ocr_line' id='line_1_54' title="bbox 129 4283 1740 4350; baseline -0.001 -10"><span class='ocrx_word' id='word_1_475' title='bbox 129 4303 227 4342; x_wconf 90' lang='lat' dir='ltr'><strong>nus</strong></span> <span class='ocrx_word' id='word_1_476' title='bbox 275 4287 514 4344; x_wconf 84' lang='lat' dir='ltr'><strong>eruditis</strong></span> <span class='ocrx_word' id='word_1_477' title='bbox 569 4285 713 4342; x_wconf 77' lang='lat' dir='ltr'><strong>facta</strong></span> <span class='ocrx_word' id='word_1_478' title='bbox 767 4283 984 4340; x_wconf 91' lang='lat' dir='ltr'><strong>Domini</strong></span> <span class='ocrx_word' id='word_1_479' title='bbox 1040 4283 1385 4350; x_wconf 88' lang='lat' dir='ltr'><strong>mirantibus,</strong></span> <span class='ocrx_word' id='word_1_480' title='bbox 1431 4283 1634 4339; x_wconf 68' lang='lat' dir='ltr'><strong>Scribae</strong></span> <span class='ocrx_word' id='word_1_481' title='bbox 1686 4291 1740 4340; x_wconf 93' lang='lat' dir='ltr'><strong>et</strong></span> 
     </span>
    </p>
   </div>
   <div class='ocr_carea' id='block_1_55' title="bbox 132 4371 1741 4445">
    <p class='ocr_par' dir='ltr' id='par_1_55' title="bbox 132 4371 1741 4445">
     <span class='ocr_line' id='line_1_55' title="bbox 132 4371 1741 4445; baseline -0.002 -16"><span class='ocrx_word' id='word_1_482' title='bbox 132 4376 388 4433; x_wconf 71' lang='lat' dir='ltr'><strong>Pharisaei</strong></span> <span class='ocrx_word' id='word_1_483' title='bbox 420 4375 651 4432; x_wconf 86' lang='lat' dir='ltr'><strong>sinistra</strong></span> <span class='ocrx_word' id='word_1_484' title='bbox 695 4372 1137 4445; x_wconf 85' lang='lat' dir='ltr'><strong>interpretatione</strong></span> <span class='ocrx_word' id='word_1_485' title='bbox 1187 4372 1256 4428; x_wconf 91' lang='lat' dir='ltr'><strong>de</strong></span> <span class='ocrx_word' id='word_1_486' title='bbox 1307 4371 1466 4428; x_wconf 88' lang='lat' dir='ltr'><strong>factis</strong></span> <span class='ocrx_word' id='word_1_487' title='bbox 1517 4371 1741 4427; x_wconf 90' lang='lat' dir='ltr'><strong>Domini</strong></span> 
     </span>
    </p>
   </div>
   <div class='ocr_carea' id='block_1_56' title="bbox 134 4460 1744 4530">
    <p class='ocr_par' dir='ltr' id='par_1_56' title="bbox 134 4460 1744 4530">
     <span class='ocr_line' id='line_1_56' title="bbox 134 4460 1744 4530; baseline -0.003 -11"><span class='ocrx_word' id='word_1_488' title='bbox 134 4465 464 4522; x_wconf 84' lang='lat' dir='ltr'><strong>laborabant</strong></span> <span class='ocrx_word' id='word_1_489' title='bbox 521 4463 874 4520; x_wconf 89' lang='lat' dir='ltr'><strong>attribuentes</strong></span> <span class='ocrx_word' id='word_1_490' title='bbox 930 4461 1188 4517; x_wconf 89' lang='lat' dir='ltr'><strong>miracula</strong></span> <span class='ocrx_word' id='word_1_491' title='bbox 1236 4461 1351 4530; x_wconf 89' lang='lat' dir='ltr'><strong>ejus</strong></span> <span class='ocrx_word' id='word_1_492' title='bbox 1440 4460 1744 4516; x_wconf 89' lang='lat' dir='ltr'><strong>Beelzebub</strong></span> 
     </span>
    </p>
   </div>
   <div class='ocr_carea' id='block_1_57' title="bbox 139 4558 1735 4636">
    <p class='ocr_par' dir='ltr' id='par_1_57' title="bbox 139 4558 1735 4636">
     <span class='ocr_line' id='line_1_57' title="bbox 139 4558 1735 4636; baseline -0.005 -13"><span class='ocrx_word' id='word_1_493' title='bbox 139 4565 283 4636; x_wconf 86' lang='lat' dir='ltr'><strong>quod</strong></span> <span class='ocrx_word' id='word_1_494' title='bbox 309 4566 453 4621; x_wconf 89' lang='lat' dir='ltr'><strong>deus</strong></span> <span class='ocrx_word' id='word_1_495' title='bbox 510 4571 626 4619; x_wconf 87' lang='lat' dir='ltr'><strong>erat</strong></span> <span class='ocrx_word' id='word_1_496' title='bbox 683 4567 956 4618; x_wconf 84' lang='lat' dir='ltr'><strong>Accaron.</strong></span> <span class='ocrx_word' id='word_1_497' title='bbox 1024 4559 1150 4615; x_wconf 92' lang='lat' dir='ltr'><strong>Beel</strong></span> <span class='ocrx_word' id='word_1_498' title='bbox 1180 4559 1299 4630; x_wconf 91' lang='lat' dir='ltr'><strong>ipse</strong></span> <span class='ocrx_word' id='word_1_499' title='bbox 1329 4563 1413 4613; x_wconf 91' lang='lat' dir='ltr'><strong>est</strong></span> <span class='ocrx_word' id='word_1_500' title='bbox 1442 4558 1595 4614; x_wconf 87' lang='lat' dir='ltr'><strong>Baal.</strong></span> <span class='ocrx_word' id='word_1_501' title='bbox 1629 4561 1735 4615; x_wconf 90' lang='lat' dir='ltr'><strong>Ze-</strong></span> 
     </span>
    </p>
   </div>
   <div class='ocr_carea' id='block_1_58' title="bbox 142 4647 1734 4719">
    <p class='ocr_par' dir='ltr' id='par_1_58' title="bbox 142 4647 1734 4719">
     <span class='ocr_line' id='line_1_58' title="bbox 142 4647 1734 4719; baseline -0.003 -12"><span class='ocrx_word' id='word_1_502' title='bbox 142 4652 248 4708; x_wconf 86' lang='lat' dir='ltr'><strong>bub</strong></span> <span class='ocrx_word' id='word_1_503' title='bbox 299 4663 491 4710; x_wconf 89' lang='lat' dir='ltr'><strong>autem</strong></span> <span class='ocrx_word' id='word_1_504' title='bbox 538 4666 733 4709; x_wconf 88' lang='lat' dir='ltr'><strong>musca</strong></span> <span class='ocrx_word' id='word_1_505' title='bbox 778 4657 1022 4706; x_wconf 88' lang='lat' dir='ltr'><strong>vocatur.</strong></span> <span class='ocrx_word' id='word_1_506' title='bbox 1090 4649 1218 4703; x_wconf 67' lang='lat' dir='ltr'><strong>Hazc</strong></span> <span class='ocrx_word' id='word_1_507' title='bbox 1267 4648 1420 4716; x_wconf 84' lang='lat' dir='ltr'><strong>juxta</strong></span> <span class='ocrx_word' id='word_1_508' title='bbox 1478 4647 1734 4719; x_wconf 81' lang='lat' dir='ltr'><strong>quaedam</strong></span> 
     </span>
    </p>
   </div>
   <div class='ocr_carea' id='block_1_59' title="bbox 141 4735 1740 4812">
    <p class='ocr_par' dir='ltr' id='par_1_59' title="bbox 141 4735 1740 4812">
     <span class='ocr_line' id='line_1_59' title="bbox 141 4735 1740 4812; baseline -0.004 -16"><span class='ocrx_word' id='word_1_509' title='bbox 141 4744 406 4800; x_wconf 86' lang='lat' dir='ltr'><strong>mendosa</strong></span> <span class='ocrx_word' id='word_1_510' title='bbox 464 4740 808 4812; x_wconf 83' lang='lat' dir='ltr'><strong>exemplaria,</strong></span> <span class='ocrx_word' id='word_1_511' title='bbox 874 4741 912 4806; x_wconf 86' lang='grc' dir='ltr'><strong>ι,</strong></span> <span class='ocrx_word' id='word_1_512' title='bbox 971 4739 1169 4803; x_wconf 88' lang='lat' dir='ltr'><strong>littera,</strong></span> <span class='ocrx_word' id='word_1_513' title='bbox 1228 4736 1314 4792; x_wconf 88' lang='lat' dir='ltr'><strong>vel</strong></span> <span class='ocrx_word' id='word_1_514' title='bbox 1363 4737 1396 4792; x_wconf 90' lang='lat' dir='ltr'><strong>d</strong></span> <span class='ocrx_word' id='word_1_515' title='bbox 1438 4735 1493 4789; x_wconf 90' lang='lat' dir='ltr'><strong>in</strong></span> <span class='ocrx_word' id='word_1_516' title='bbox 1520 4735 1625 4792; x_wconf 90' lang='lat' dir='ltr'><strong>ﬁne</strong></span> <span class='ocrx_word' id='word_1_517' title='bbox 1655 4752 1740 4812; x_wconf 56' lang='lat' dir='ltr'><strong>est</strong></span> 
     </span>
    </p>
   </div>
   <div class='ocr_carea' id='block_1_60' title="bbox 144 4837 1736 4915">
    <p class='ocr_par' dir='ltr' id='par_1_60' title="bbox 144 4837 1736 4915">
     <span class='ocr_line' id='line_1_60' title="bbox 144 4837 1736 4915; baseline -0.003 -18"><span class='ocrx_word' id='word_1_518' title='bbox 144 4843 374 4898; x_wconf 88' lang='lat' dir='ltr'><strong>nominis</strong></span> <span class='ocrx_word' id='word_1_519' title='bbox 403 4841 666 4915; x_wconf 82' lang='lat' dir='ltr'><strong>legenda.</strong></span> <span class='ocrx_word' id='word_1_520' title='bbox 698 4841 806 4896; x_wconf 91' lang='lat' dir='ltr'><strong>Sed</strong></span> <span class='ocrx_word' id='word_1_521' title='bbox 853 4839 908 4908; x_wconf 90' lang='lat' dir='ltr'><strong>b,</strong></span> <span class='ocrx_word' id='word_1_522' title='bbox 959 4838 1103 4905; x_wconf 91' lang='lat' dir='ltr'><strong>beel,</strong></span> <span class='ocrx_word' id='word_1_523' title='bbox 1146 4837 1339 4905; x_wconf 90' lang='lat' dir='ltr'><strong>zebub,</strong></span> <span class='ocrx_word' id='word_1_524' title='bbox 1373 4844 1462 4892; x_wconf 89' lang='lat' dir='ltr'><strong>aut</strong></span> <span class='ocrx_word' id='word_1_525' title='bbox 1492 4837 1577 4891; x_wconf 86' lang='lat' dir='ltr'><strong>vir</strong></span> <span class='ocrx_word' id='word_1_526' title='bbox 1603 4852 1736 4892; x_wconf 84' lang='lat' dir='ltr'><strong>mu-</strong></span> 
     </span>
    </p>
   </div>
   <div class='ocr_carea' id='block_1_61' title="bbox 147 4926 1735 4995">
    <p class='ocr_par' dir='ltr' id='par_1_61' title="bbox 147 4926 1735 4995">
     <span class='ocr_line' id='line_1_61' title="bbox 147 4926 1735 4995; baseline -0.004 -10"><span class='ocrx_word' id='word_1_527' title='bbox 147 4946 391 4994; x_wconf 79' lang='lat' dir='ltr'><strong>scarum,</strong></span> <span class='ocrx_word' id='word_1_528' title='bbox 429 4933 550 4986; x_wconf 88' lang='lat' dir='ltr'><strong>sive</strong></span> <span class='ocrx_word' id='word_1_529' title='bbox 582 4931 792 4986; x_wconf 81' lang='lat' dir='ltr'><strong>habens</strong></span> <span class='ocrx_word' id='word_1_530' title='bbox 825 4944 1048 4984; x_wconf 78' lang='lat' dir='ltr'><strong>muscas</strong></span> <span class='ocrx_word' id='word_1_531' title='bbox 1077 4928 1478 4995; x_wconf 89' lang='lat' dir='ltr'><strong>interpretatur,</strong></span> <span class='ocrx_word' id='word_1_532' title='bbox 1508 4926 1580 4981; x_wconf 90' lang='lat' dir='ltr'><strong>ob</strong></span> <span class='ocrx_word' id='word_1_533' title='bbox 1610 4940 1735 4980; x_wconf 89' lang='lat' dir='ltr'><strong>sor-</strong></span> 
     </span>
    </p>
   </div>
   <div class='ocr_carea' id='block_1_62' title="bbox 146 5013 1736 5084">
    <p class='ocr_par' dir='ltr' id='par_1_62' title="bbox 146 5013 1736 5084">
     <span class='ocr_line' id='line_1_62' title="bbox 146 5013 1736 5084; baseline -0.004 -10"><span class='ocrx_word' id='word_1_534' title='bbox 146 5019 240 5075; x_wconf 88' lang='lat' dir='ltr'><strong>des</strong></span> <span class='ocrx_word' id='word_1_535' title='bbox 295 5021 554 5076; x_wconf 82' lang='lat' dir='ltr'><strong>videlicet</strong></span> <span class='ocrx_word' id='word_1_536' title='bbox 609 5017 934 5074; x_wconf 89' lang='lat' dir='ltr'><strong>immolatitii</strong></span> <span class='ocrx_word' id='word_1_537' title='bbox 982 5015 1214 5081; x_wconf 89' lang='lat' dir='ltr'><strong>cruoris,</strong></span> <span class='ocrx_word' id='word_1_538' title='bbox 1265 5031 1328 5069; x_wconf 87' lang='lat' dir='ltr'><strong>ex</strong></span> <span class='ocrx_word' id='word_1_539' title='bbox 1377 5013 1534 5083; x_wconf 88' lang='lat' dir='ltr'><strong>cujus</strong></span> <span class='ocrx_word' id='word_1_540' title='bbox 1581 5030 1736 5084; x_wconf 89' lang='lat' dir='ltr'><strong>spur-</strong></span> 
     </span>
    </p>
   </div>
   <div class='ocr_carea' id='block_1_63' title="bbox 145 5111 1732 5186">
    <p class='ocr_par' dir='ltr' id='par_1_63' title="bbox 145 5111 1732 5186">
     <span class='ocr_line' id='line_1_63' title="bbox 145 5111 1732 5186; baseline -0.004 -15"><span class='ocrx_word' id='word_1_541' title='bbox 145 5115 364 5172; x_wconf 90' lang='lat' dir='ltr'><strong>cissimo</strong></span> <span class='ocrx_word' id='word_1_542' title='bbox 392 5117 502 5172; x_wconf 86' lang='lat' dir='ltr'><strong>ritu</strong></span> <span class='ocrx_word' id='word_1_543' title='bbox 530 5115 616 5173; x_wconf 93' lang='lat' dir='ltr'><strong>vel</strong></span> <span class='ocrx_word' id='word_1_544' title='bbox 648 5115 868 5172; x_wconf 88' lang='lat' dir='ltr'><strong>nomine</strong></span> <span class='ocrx_word' id='word_1_545' title='bbox 896 5113 1194 5186; x_wconf 89' lang='lat' dir='ltr'><strong>principem</strong></span> <span class='ocrx_word' id='word_1_546' title='bbox 1223 5111 1614 5166; x_wconf 86' lang='lat' dir='ltr'><strong>daemoniorum</strong></span> <span class='ocrx_word' id='word_1_547' title='bbox 1645 5124 1732 5164; x_wconf 56' lang='lat' dir='ltr'><strong>co.</strong></span> 
     </span>
    </p>
   </div>
   <div class='ocr_carea' id='block_1_64' title="bbox 147 5197 1736 5277">
    <p class='ocr_par' dir='ltr' id='par_1_64' title="bbox 147 5197 1736 5277">
     <span class='ocr_line' id='line_1_64' title="bbox 147 5197 1736 5277; baseline -0.005 -18"><span class='ocrx_word' id='word_1_548' title='bbox 147 5207 554 5277; x_wconf 87' lang='lat' dir='ltr'><strong>gnominabant.</strong></span> <span class='ocrx_word' id='word_1_549' title='bbox 597 5205 736 5260; x_wconf 89' lang='lat' dir='ltr'><strong>Nota</strong></span> <span class='ocrx_word' id='word_1_550' title='bbox 796 5205 942 5276; x_wconf 91' lang='lat' dir='ltr'><strong>quod</strong></span> <span class='ocrx_word' id='word_1_551' title='bbox 998 5203 1192 5268; x_wconf 87' lang='lat' dir='ltr'><strong>Ninus,</strong></span> <span class='ocrx_word' id='word_1_552' title='bbox 1224 5217 1327 5256; x_wconf 82' lang='lat' dir='ltr'><strong>rex</strong></span> <span class='ocrx_word' id='word_1_553' title='bbox 1364 5199 1614 5255; x_wconf 91' lang='lat' dir='ltr'><strong>conditor</strong></span> <span class='ocrx_word' id='word_1_554' title='bbox 1642 5197 1736 5252; x_wconf 92' lang='lat' dir='ltr'><strong>Ni-</strong></span> 
     </span>
    </p>
   </div>
   <div class='ocr_carea' id='block_1_65' title="bbox 1848 4009 3440 4081">
    <p class='ocr_par' dir='ltr' id='par_1_65' title="bbox 1848 4009 3440 4081">
     <span class='ocr_line' id='line_1_65' title="bbox 1848 4009 3440 4081; baseline -0.004 -10"><span class='ocrx_word' id='word_1_555' title='bbox 1848 4016 2051 4072; x_wconf 90' lang='lat' dir='ltr'><strong>dicunt.</strong></span> <span class='ocrx_word' id='word_1_556' title='bbox 2103 4013 2159 4070; x_wconf 90' lang='lat' dir='ltr'><strong>Si</strong></span> <span class='ocrx_word' id='word_1_557' title='bbox 2201 4020 2383 4068; x_wconf 89' lang='lat' dir='ltr'><strong>autem</strong></span> <span class='ocrx_word' id='word_1_558' title='bbox 2445 4017 2646 4081; x_wconf 87' lang='lat' dir='ltr'><strong>potest,</strong></span> <span class='ocrx_word' id='word_1_559' title='bbox 2707 4009 2964 4065; x_wconf 87' lang='lat' dir='ltr'><strong>recedant</strong></span> <span class='ocrx_word' id='word_1_560' title='bbox 3011 4024 3045 4063; x_wconf 90' lang='lat' dir='ltr'><strong>a</strong></span> <span class='ocrx_word' id='word_1_561' title='bbox 3095 4023 3269 4081; x_wconf 88' lang='lat' dir='ltr'><strong>regno</strong></span> <span class='ocrx_word' id='word_1_562' title='bbox 3298 4010 3440 4078; x_wconf 84' lang='lat' dir='ltr'><strong>ejus,</strong></span> 
     </span>
    </p>
   </div>
   <div class='ocr_carea' id='block_1_66' title="bbox 1847 4097 3442 4176">
    <p class='ocr_par' dir='ltr' id='par_1_66' title="bbox 1847 4097 3442 4176">
     <span class='ocr_line' id='line_1_66' title="bbox 1847 4097 3442 4176; baseline -0.004 -18"><span class='ocrx_word' id='word_1_563' title='bbox 1847 4103 1990 4176; x_wconf 90' lang='lat' dir='ltr'><strong>quod</strong></span> <span class='ocrx_word' id='word_1_564' title='bbox 2048 4101 2284 4157; x_wconf 91' lang='lat' dir='ltr'><strong>divisum</strong></span> <span class='ocrx_word' id='word_1_565' title='bbox 2340 4107 2485 4154; x_wconf 89' lang='lat' dir='ltr'><strong>stare</strong></span> <span class='ocrx_word' id='word_1_566' title='bbox 2539 4113 2648 4153; x_wconf 91' lang='lat' dir='ltr'><strong>non</strong></span> <span class='ocrx_word' id='word_1_567' title='bbox 2704 4105 2885 4168; x_wconf 87' lang='lat' dir='ltr'><strong>potest</strong></span> <span class='ocrx_word' id='word_1_568' title='bbox 2925 4113 2994 4153; x_wconf 90' lang='lat' dir='ltr'><strong>ne</strong></span> <span class='ocrx_word' id='word_1_569' title='bbox 3029 4097 3086 4151; x_wconf 90' lang='lat' dir='ltr'><strong>in</strong></span> <span class='ocrx_word' id='word_1_570' title='bbox 3132 4098 3287 4152; x_wconf 87' lang='lat' dir='ltr'><strong>ruina</strong></span> <span class='ocrx_word' id='word_1_571' title='bbox 3325 4098 3442 4166; x_wconf 80' lang='lat' dir='ltr'><strong>ejus</strong></span> 
     </span>
    </p>
   </div>
   <div class='ocr_carea' id='block_1_67' title="bbox 1847 4194 3436 4273">
    <p class='ocr_par' dir='ltr' id='par_1_67' title="bbox 1847 4194 3436 4273">
     <span class='ocr_line' id='line_1_67' title="bbox 1847 4194 3436 4273; baseline -0.004 -17"><span class='ocrx_word' id='word_1_572' title='bbox 1847 4201 2054 4273; x_wconf 86' lang='lat' dir='ltr'><strong>pariter</strong></span> <span class='ocrx_word' id='word_1_573' title='bbox 2108 4199 2470 4255; x_wconf 88' lang='lat' dir='ltr'><strong>involvantur.</strong></span> <span class='ocrx_word' id='word_1_574' title='bbox 2507 4219 2528 4244; x_wconf 79' lang='grc' dir='ltr'>α</span> <span class='ocrx_word' id='word_1_575' title='bbox 2563 4195 2623 4250; x_wconf 91' lang='lat' dir='ltr'><strong>Si</strong></span> <span class='ocrx_word' id='word_1_576' title='bbox 2678 4203 2858 4250; x_wconf 85' lang='lat' dir='ltr'><strong>autem</strong></span> <span class='ocrx_word' id='word_1_577' title='bbox 2889 4210 2994 4266; x_wconf 82' lang='lat' dir='ltr'><strong>ego</strong></span> <span class='ocrx_word' id='word_1_578' title='bbox 3026 4195 3081 4249; x_wconf 90' lang='lat' dir='ltr'><strong>in</strong></span> <span class='ocrx_word' id='word_1_579' title='bbox 3132 4194 3436 4252; x_wconf 83' lang='lat' dir='ltr'><strong>Beelzebub</strong></span> 
     </span>
    </p>
   </div>
   <div class='ocr_carea' id='block_1_68' title="bbox 1847 4283 3440 4359">
    <p class='ocr_par' dir='ltr' id='par_1_68' title="bbox 1847 4283 3440 4359">
     <span class='ocr_line' id='line_1_68' title="bbox 1847 4283 3440 4359; baseline -0.004 -13"><span class='ocrx_word' id='word_1_580' title='bbox 1847 4290 2006 4359; x_wconf 90' lang='lat' dir='ltr'><strong>ejicio</strong></span> <span class='ocrx_word' id='word_1_581' title='bbox 2053 4287 2343 4353; x_wconf 71' lang='lat' dir='ltr'><strong>daemonia,</strong></span> <span class='ocrx_word' id='word_1_582' title='bbox 2386 4283 2481 4339; x_wconf 89' lang='lat' dir='ltr'><strong>ﬁlii</strong></span> <span class='ocrx_word' id='word_1_583' title='bbox 2526 4284 2695 4339; x_wconf 89' lang='lat' dir='ltr'><strong>vestri</strong></span> <span class='ocrx_word' id='word_1_584' title='bbox 2738 4284 2794 4338; x_wconf 92' lang='lat' dir='ltr'><strong>in</strong></span> <span class='ocrx_word' id='word_1_585' title='bbox 2841 4299 2950 4355; x_wconf 91' lang='lat' dir='ltr'><strong>quo</strong></span> <span class='ocrx_word' id='word_1_586' title='bbox 2997 4283 3276 4354; x_wconf 82' lang='lat' dir='ltr'><strong>ejiciunt?</strong></span> <span class='ocrx_word' id='word_1_587' title='bbox 3307 4285 3440 4339; x_wconf 87' lang='lat' dir='ltr'><strong>Ideo</strong></span> 
     </span>
    </p>
   </div>
   <div class='ocr_carea' id='block_1_69' title="bbox 1847 4371 3441 4450">
    <p class='ocr_par' dir='ltr' id='par_1_69' title="bbox 1847 4371 3441 4450">
     <span class='ocr_line' id='line_1_69' title="bbox 1847 4371 3441 4450; baseline -0.003 -17"><span class='ocrx_word' id='word_1_588' title='bbox 1847 4378 1951 4450; x_wconf 86' lang='lat' dir='ltr'><strong>ipsi</strong></span> <span class='ocrx_word' id='word_1_589' title='bbox 1993 4377 2214 4448; x_wconf 85' lang='lat' dir='ltr'><strong>judices</strong></span> <span class='ocrx_word' id='word_1_590' title='bbox 2256 4373 2423 4431; x_wconf 87' lang='lat' dir='ltr'><strong>vestri</strong></span> <span class='ocrx_word' id='word_1_591' title='bbox 2471 4381 2650 4428; x_wconf 90' lang='lat' dir='ltr'><strong>erunt.</strong></span> <span class='ocrx_word' id='word_1_592' title='bbox 2710 4396 2732 4422; x_wconf 70' lang='grc' dir='ltr'><strong><em>ι</em></strong></span> <span class='ocrx_word' id='word_1_593' title='bbox 2780 4372 2947 4428; x_wconf 88' lang='lat' dir='ltr'><strong>Filios</strong></span> <span class='ocrx_word' id='word_1_594' title='bbox 3003 4373 3311 4429; x_wconf 65' lang='lat' dir='ltr'><strong>Iudaeorum</strong></span> <span class='ocrx_word' id='word_1_595' title='bbox 3354 4371 3441 4429; x_wconf 90' lang='lat' dir='ltr'><strong>vel</strong></span> 
     </span>
    </p>
   </div>
   <div class='ocr_carea' id='block_1_70' title="bbox 1846 4460 3440 4537">
    <p class='ocr_par' dir='ltr' id='par_1_70' title="bbox 1846 4460 3440 4537">
     <span class='ocr_line' id='line_1_70' title="bbox 1846 4460 3440 4537; baseline -0.004 -13"><span class='ocrx_word' id='word_1_596' title='bbox 1846 4467 2145 4524; x_wconf 83' lang='lat' dir='ltr'><strong>exorcistas</strong></span> <span class='ocrx_word' id='word_1_597' title='bbox 2174 4463 2360 4537; x_wconf 87' lang='lat' dir='ltr'><strong>gentis</strong></span> <span class='ocrx_word' id='word_1_598' title='bbox 2389 4463 2537 4516; x_wconf 89' lang='lat' dir='ltr'><strong>illius</strong></span> <span class='ocrx_word' id='word_1_599' title='bbox 2566 4460 2907 4533; x_wconf 72' lang='lat' dir='ltr'><strong>significant,</strong></span> <span class='ocrx_word' id='word_1_600' title='bbox 2943 4461 3033 4517; x_wconf 86' lang='lat' dir='ltr'><strong>vel</strong></span> <span class='ocrx_word' id='word_1_601' title='bbox 3060 4462 3338 4532; x_wconf 86' lang='lat' dir='ltr'><strong>apostolos</strong></span> <span class='ocrx_word' id='word_1_602' title='bbox 3367 4478 3440 4518; x_wconf 80' lang='lat' dir='ltr'><strong>ex</strong></span> 
     </span>
    </p>
   </div>
   <div class='ocr_carea' id='block_1_71' title="bbox 1847 4548 3438 4624">
    <p class='ocr_par' dir='ltr' id='par_1_71' title="bbox 1847 4548 3438 4624">
     <span class='ocr_line' id='line_1_71' title="bbox 1847 4548 3438 4624; baseline -0.004 -13"><span class='ocrx_word' id='word_1_603' title='bbox 1847 4571 2038 4616; x_wconf 86' lang='lat' dir='ltr'><strong>eorum</strong></span> <span class='ocrx_word' id='word_1_604' title='bbox 2085 4553 2254 4624; x_wconf 89' lang='lat' dir='ltr'><strong>stirpe</strong></span> <span class='ocrx_word' id='word_1_605' title='bbox 2300 4558 2610 4624; x_wconf 88' lang='lat' dir='ltr'><strong>generatos.</strong></span> <span class='ocrx_word' id='word_1_606' title='bbox 2658 4549 2825 4618; x_wconf 87' lang='lat' dir='ltr'><strong>Quasi</strong></span> <span class='ocrx_word' id='word_1_607' title='bbox 2865 4549 3052 4605; x_wconf 89' lang='lat' dir='ltr'><strong>dicat:</strong></span> <span class='ocrx_word' id='word_1_608' title='bbox 3101 4551 3158 4605; x_wconf 90' lang='lat' dir='ltr'><strong>Si</strong></span> <span class='ocrx_word' id='word_1_609' title='bbox 3209 4551 3264 4604; x_wconf 90' lang='lat' dir='ltr'><strong>in</strong></span> <span class='ocrx_word' id='word_1_610' title='bbox 3312 4548 3438 4605; x_wconf 89' lang='lat' dir='ltr'><strong>ﬁliis</strong></span> 
     </span>
    </p>
   </div>
   <div class='ocr_carea' id='block_1_72' title="bbox 1845 4646 3438 4722">
    <p class='ocr_par' dir='ltr' id='par_1_72' title="bbox 1845 4646 3438 4722">
     <span class='ocr_line' id='line_1_72' title="bbox 1845 4646 3438 4722; baseline -0.005 -11"><span class='ocrx_word' id='word_1_611' title='bbox 1845 4654 2046 4711; x_wconf 89' lang='lat' dir='ltr'><strong>vestris</strong></span> <span class='ocrx_word' id='word_1_612' title='bbox 2069 4650 2444 4722; x_wconf 85' lang='lat' dir='ltr'><strong>expulsionem</strong></span> <span class='ocrx_word' id='word_1_613' title='bbox 2466 4647 2782 4703; x_wconf 77' lang='lat' dir='ltr'><strong>daemonum</strong></span> <span class='ocrx_word' id='word_1_614' title='bbox 2801 4646 2917 4702; x_wconf 90' lang='lat' dir='ltr'><strong>Deo</strong></span> <span class='ocrx_word' id='word_1_615' title='bbox 2929 4646 3242 4714; x_wconf 86' lang='lat' dir='ltr'><strong>attribuitis,</strong></span> <span class='ocrx_word' id='word_1_616' title='bbox 3266 4661 3438 4718; x_wconf 88' lang='lat' dir='ltr'><strong>quare</strong></span> 
     </span>
    </p>
   </div>
   <div class='ocr_carea' id='block_1_73' title="bbox 1845 4734 3438 4808">
    <p class='ocr_par' dir='ltr' id='par_1_73' title="bbox 1845 4734 3438 4808">
     <span class='ocr_line' id='line_1_73' title="bbox 1845 4734 3438 4808; baseline -0.004 -10"><span class='ocrx_word' id='word_1_617' title='bbox 1845 4743 1902 4798; x_wconf 89' lang='lat' dir='ltr'><strong>in</strong></span> <span class='ocrx_word' id='word_1_618' title='bbox 1931 4759 2018 4798; x_wconf 91' lang='lat' dir='ltr'><strong>me</strong></span> <span class='ocrx_word' id='word_1_619' title='bbox 2047 4756 2158 4796; x_wconf 90' lang='lat' dir='ltr'><strong>non</strong></span> <span class='ocrx_word' id='word_1_620' title='bbox 2183 4739 2328 4795; x_wconf 92' lang='lat' dir='ltr'><strong>idem</strong></span> <span class='ocrx_word' id='word_1_621' title='bbox 2355 4737 2570 4794; x_wconf 84' lang='lat' dir='ltr'><strong>facitis?</strong></span> <span class='ocrx_word' id='word_1_622' title='bbox 2598 4735 2862 4806; x_wconf 83' lang='lat' dir='ltr'><strong>Apostoli,</strong></span> <span class='ocrx_word' id='word_1_623' title='bbox 2898 4736 2990 4806; x_wconf 91' lang='lat' dir='ltr'><strong>qui</strong></span> <span class='ocrx_word' id='word_1_624' title='bbox 3020 4743 3144 4790; x_wconf 90' lang='lat' dir='ltr'><strong>sunt</strong></span> <span class='ocrx_word' id='word_1_625' title='bbox 3170 4734 3438 4808; x_wconf 83' lang='lat' dir='ltr'><strong>ignobilia</strong></span> 
     </span>
    </p>
   </div>
   <div class='ocr_carea' id='block_1_74' title="bbox 1848 4823 3436 4898">
    <p class='ocr_par' dir='ltr' id='par_1_74' title="bbox 1848 4823 3436 4898">
     <span class='ocr_line' id='line_1_74' title="bbox 1848 4823 3436 4898; baseline -0.004 -11"><span class='ocrx_word' id='word_1_626' title='bbox 1848 4839 1901 4887; x_wconf 91' lang='lat' dir='ltr'><strong>et</strong></span> <span class='ocrx_word' id='word_1_627' title='bbox 1953 4827 2377 4898; x_wconf 87' lang='lat' dir='ltr'><strong>contemptibilia</strong></span> <span class='ocrx_word' id='word_1_628' title='bbox 2440 4826 2600 4894; x_wconf 89' lang='lat' dir='ltr'><strong>hujus</strong></span> <span class='ocrx_word' id='word_1_629' title='bbox 2668 4823 2878 4891; x_wconf 90' lang='lat' dir='ltr'><strong>mundi,</strong></span> <span class='ocrx_word' id='word_1_630' title='bbox 2937 4823 2993 4878; x_wconf 89' lang='lat' dir='ltr'><strong>in</strong></span> <span class='ocrx_word' id='word_1_631' title='bbox 3050 4823 3248 4895; x_wconf 88' lang='lat' dir='ltr'><strong>quibus</strong></span> <span class='ocrx_word' id='word_1_632' title='bbox 3324 4840 3436 4880; x_wconf 90' lang='lat' dir='ltr'><strong>non</strong></span> 
     </span>
    </p>
   </div>
   <div class='ocr_carea' id='block_1_75' title="bbox 1847 4920 3434 5000">
    <p class='ocr_par' dir='ltr' id='par_1_75' title="bbox 1847 4920 3434 5000">
     <span class='ocr_line' id='line_1_75' title="bbox 1847 4920 3434 5000; baseline -0.006 -15"><span class='ocrx_word' id='word_1_633' title='bbox 1847 4929 2182 5000; x_wconf 86' lang='lat' dir='ltr'><strong>malignitas,</strong></span> <span class='ocrx_word' id='word_1_634' title='bbox 2226 4925 2324 4981; x_wconf 89' lang='lat' dir='ltr'><strong>sed</strong></span> <span class='ocrx_word' id='word_1_635' title='bbox 2381 4939 2518 4978; x_wconf 71' lang='lat' dir='ltr'><strong>mea:</strong></span> <span class='ocrx_word' id='word_1_636' title='bbox 2569 4922 2785 4978; x_wconf 89' lang='lat' dir='ltr'><strong>virtutis</strong></span> <span class='ocrx_word' id='word_1_637' title='bbox 2829 4920 3146 4992; x_wconf 88' lang='lat' dir='ltr'><strong>simplicitas</strong></span> <span class='ocrx_word' id='word_1_638' title='bbox 3183 4930 3434 4992; x_wconf 88' lang='lat' dir='ltr'><strong>apparet,</strong></span> 
     </span>
    </p>
   </div>
   <div class='ocr_carea' id='block_1_76' title="bbox 1845 5008 3432 5084">
    <p class='ocr_par' dir='ltr' id='par_1_76' title="bbox 1845 5008 3432 5084">
     <span class='ocr_line' id='line_1_76' title="bbox 1845 5008 3432 5084; baseline -0.006 -10"><span class='ocrx_word' id='word_1_639' title='bbox 1845 5022 2014 5074; x_wconf 87' lang='lat' dir='ltr'><strong>testes</strong></span> <span class='ocrx_word' id='word_1_640' title='bbox 2052 5015 2159 5070; x_wconf 92' lang='lat' dir='ltr'><strong>mei</strong></span> <span class='ocrx_word' id='word_1_641' title='bbox 2205 5021 2383 5077; x_wconf 90' lang='lat' dir='ltr'><strong>erunt,</strong></span> <span class='ocrx_word' id='word_1_642' title='bbox 2426 5010 2571 5084; x_wconf 90' lang='lat' dir='ltr'><strong>quod</strong></span> <span class='ocrx_word' id='word_1_643' title='bbox 2599 5010 2653 5064; x_wconf 92' lang='lat' dir='ltr'><strong>in</strong></span> <span class='ocrx_word' id='word_1_644' title='bbox 2685 5008 2882 5080; x_wconf 87' lang='lat' dir='ltr'><strong>Spiritu</strong></span> <span class='ocrx_word' id='word_1_645' title='bbox 2911 5018 3099 5064; x_wconf 88' lang='lat' dir='ltr'><strong>sancto</strong></span> <span class='ocrx_word' id='word_1_646' title='bbox 3129 5009 3287 5078; x_wconf 90' lang='lat' dir='ltr'><strong>ejicio</strong></span> <span class='ocrx_word' id='word_1_647' title='bbox 3315 5010 3432 5066; x_wconf 71' lang='lat' dir='ltr'><strong>dte-</strong></span> 
     </span>
    </p>
   </div>
   <div class='ocr_carea' id='block_1_77' title="bbox 1844 5105 3434 5176">
    <p class='ocr_par' dir='ltr' id='par_1_77' title="bbox 1844 5105 3434 5176">
     <span class='ocr_line' id='line_1_77' title="bbox 1844 5105 3434 5176; baseline -0.005 -8"><span class='ocrx_word' id='word_1_648' title='bbox 1844 5113 2049 5171; x_wconf 90' lang='lat' dir='ltr'><strong>mouia.</strong></span> <span class='ocrx_word' id='word_1_649' title='bbox 2106 5113 2171 5166; x_wconf 89' lang='lat' dir='ltr'><strong>Et</strong></span> <span class='ocrx_word' id='word_1_650' title='bbox 2211 5117 2370 5164; x_wconf 90' lang='lat' dir='ltr'><strong>erunt</strong></span> <span class='ocrx_word' id='word_1_651' title='bbox 2418 5106 2584 5163; x_wconf 89' lang='lat' dir='ltr'><strong>vestri</strong></span> <span class='ocrx_word' id='word_1_652' title='bbox 2634 5105 2850 5174; x_wconf 89' lang='lat' dir='ltr'><strong>judices</strong></span> <span class='ocrx_word' id='word_1_653' title='bbox 2878 5106 2946 5161; x_wconf 88' lang='lat' dir='ltr'><strong>de</strong></span> <span class='ocrx_word' id='word_1_654' title='bbox 2977 5106 3080 5161; x_wconf 87' lang='lat' dir='ltr'><strong>hoc</strong></span> <span class='ocrx_word' id='word_1_655' title='bbox 3111 5105 3255 5176; x_wconf 92' lang='lat' dir='ltr'><strong>quod</strong></span> <span class='ocrx_word' id='word_1_656' title='bbox 3305 5105 3434 5160; x_wconf 89' lang='lat' dir='ltr'><strong>mihi</strong></span> 
     </span>
    </p>
   </div>
   <div class='ocr_carea' id='block_1_78' title="bbox 1842 5195 3430 5272">
    <p class='ocr_par' dir='ltr' id='par_1_78' title="bbox 1842 5195 3430 5272">
     <span class='ocr_line' id='line_1_78' title="bbox 1842 5195 3430 5272; baseline -0.004 -16"><span class='ocrx_word' id='word_1_657' title='bbox 1842 5201 2118 5272; x_wconf 91' lang='lat' dir='ltr'><strong>imponitis</strong></span> <span class='ocrx_word' id='word_1_658' title='bbox 2173 5215 2274 5269; x_wconf 92' lang='lat' dir='ltr'><strong>per</strong></span> <span class='ocrx_word' id='word_1_659' title='bbox 2315 5195 2617 5252; x_wconf 86' lang='lat' dir='ltr'><strong>Beelzebub</strong></span> <span class='ocrx_word' id='word_1_660' title='bbox 2676 5195 2916 5265; x_wconf 89' lang='lat' dir='ltr'><strong>operari.</strong></span> <span class='ocrx_word' id='word_1_661' title='bbox 2976 5195 3074 5250; x_wconf 84' lang='lat' dir='ltr'><strong>Vel</strong></span> <span class='ocrx_word' id='word_1_662' title='bbox 3123 5195 3430 5263; x_wconf 77' lang='lat' dir='ltr'><strong>exorcistae,</strong></span> 
     </span>
    </p>
   </div>
   <div class='ocr_carea' id='block_1_79' title="bbox 146 5277 3432 5366">
    <p class='ocr_par' dir='ltr' id='par_1_79' title="bbox 146 5277 3432 5366">
     <span class='ocr_line' id='line_1_79' title="bbox 146 5277 3432 5366; baseline -0.003 -19"><span class='ocrx_word' id='word_1_663' title='bbox 146 5294 292 5350; x_wconf 89' lang='lat' dir='ltr'><strong>nives</strong></span> <span class='ocrx_word' id='word_1_664' title='bbox 325 5296 454 5351; x_wconf 90' lang='lat' dir='ltr'><strong>Belo</strong></span> <span class='ocrx_word' id='word_1_665' title='bbox 481 5295 624 5366; x_wconf 90' lang='lat' dir='ltr'><strong>patri</strong></span> <span class='ocrx_word' id='word_1_666' title='bbox 654 5303 879 5350; x_wconf 87' lang='lat' dir='ltr'><strong>statuam</strong></span> <span class='ocrx_word' id='word_1_667' title='bbox 910 5290 1272 5355; x_wconf 87' lang='lat' dir='ltr'><strong>consecravit,</strong></span> <span class='ocrx_word' id='word_1_668' title='bbox 1322 5289 1480 5360; x_wconf 91' lang='lat' dir='ltr'><strong>eique</strong></span> <span class='ocrx_word' id='word_1_669' title='bbox 1511 5287 1732 5342; x_wconf 88' lang='lat' dir='ltr'><strong>divinos</strong></span> <span class='ocrx_word' id='word_1_670' title='bbox 1762 5277 1813 5336; x_wconf 91' lang='lat' dir='ltr'><strong>D</strong></span> <span class='ocrx_word' id='word_1_671' title='bbox 1845 5291 1938 5363; x_wconf 90' lang='lat' dir='ltr'><strong>qui</strong></span> <span class='ocrx_word' id='word_1_672' title='bbox 1969 5289 2062 5343; x_wconf 80' lang='lat' dir='ltr'><strong>filii</strong></span> <span class='ocrx_word' id='word_1_673' title='bbox 2092 5287 2260 5342; x_wconf 89' lang='lat' dir='ltr'><strong>vestri</strong></span> <span class='ocrx_word' id='word_1_674' title='bbox 2309 5293 2434 5340; x_wconf 89' lang='lat' dir='ltr'><strong>sunt</strong></span> <span class='ocrx_word' id='word_1_675' title='bbox 2483 5293 2534 5338; x_wconf 93' lang='lat' dir='ltr'><strong>et</strong></span> <span class='ocrx_word' id='word_1_676' title='bbox 2578 5283 2856 5339; x_wconf 73' lang='lat' dir='ltr'><strong>daemones</strong></span> <span class='ocrx_word' id='word_1_677' title='bbox 2911 5283 3101 5354; x_wconf 83' lang='lat' dir='ltr'><strong>fugant</strong></span> <span class='ocrx_word' id='word_1_678' title='bbox 3134 5283 3204 5338; x_wconf 90' lang='lat' dir='ltr'><strong>ab</strong></span> <span class='ocrx_word' id='word_1_679' title='bbox 3234 5284 3432 5338; x_wconf 89' lang='lat' dir='ltr'><strong>obses-</strong></span> 
     </span>
    </p>
   </div>
   <div class='ocr_carea' id='block_1_80' title="bbox 149 5385 1730 5460">
    <p class='ocr_par' dir='ltr' id='par_1_80' title="bbox 149 5385 1730 5460">
     <span class='ocr_line' id='line_1_80' title="bbox 149 5385 1730 5460; baseline -0.004 -16"><span class='ocrx_word' id='word_1_680' title='bbox 149 5390 379 5449; x_wconf 90' lang='lat' dir='ltr'><strong>honores</strong></span> <span class='ocrx_word' id='word_1_681' title='bbox 429 5393 735 5448; x_wconf 88' lang='lat' dir='ltr'><strong>constituit.</strong></span> <span class='ocrx_word' id='word_1_682' title='bbox 790 5392 954 5460; x_wconf 88' lang='lat' dir='ltr'><strong>Cujus</strong></span> <span class='ocrx_word' id='word_1_683' title='bbox 996 5387 1282 5445; x_wconf 88' lang='lat' dir='ltr'><strong>simulacri</strong></span> <span class='ocrx_word' id='word_1_684' title='bbox 1320 5385 1730 5441; x_wconf 90' lang='lat' dir='ltr'><strong>similitudinem</strong></span> 
     </span>
    </p>
   </div>
   <div class='ocr_carea' id='block_1_81' title="bbox 149 5473 1728 5553">
    <p class='ocr_par' dir='ltr' id='par_1_81' title="bbox 149 5473 1728 5553">
     <span class='ocr_line' id='line_1_81' title="bbox 149 5473 1728 5553; baseline -0.005 -19"><span class='ocrx_word' id='word_1_685' title='bbox 149 5480 378 5538; x_wconf 76' lang='lat' dir='ltr'><strong>Chaldaei</strong></span> <span class='ocrx_word' id='word_1_686' title='bbox 399 5482 786 5553; x_wconf 87' lang='lat' dir='ltr'><strong>suscipientes,</strong></span> <span class='ocrx_word' id='word_1_687' title='bbox 831 5481 922 5536; x_wconf 92' lang='lat' dir='ltr'><strong>Bel</strong></span> <span class='ocrx_word' id='word_1_688' title='bbox 952 5478 1239 5536; x_wconf 87' lang='lat' dir='ltr'><strong>vocabant.</strong></span> <span class='ocrx_word' id='word_1_689' title='bbox 1279 5475 1412 5530; x_wconf 88' lang='lat' dir='ltr'><strong>Inde</strong></span> <span class='ocrx_word' id='word_1_690' title='bbox 1449 5473 1728 5529; x_wconf 80' lang='lat' dir='ltr'><strong>Palaestini</strong></span> 
     </span>
    </p>
   </div>
   <div class='ocr_carea' id='block_1_82' title="bbox 150 5564 1731 5643">
    <p class='ocr_par' dir='ltr' id='par_1_82' title="bbox 150 5564 1731 5643">
     <span class='ocr_line' id='line_1_82' title="bbox 150 5564 1731 5643; baseline -0.004 -20"><span class='ocrx_word' id='word_1_691' title='bbox 150 5572 523 5643; x_wconf 86' lang='lat' dir='ltr'><strong>suscipientes,</strong></span> <span class='ocrx_word' id='word_1_692' title='bbox 543 5570 673 5626; x_wconf 89' lang='lat' dir='ltr'><strong>Baal</strong></span> <span class='ocrx_word' id='word_1_693' title='bbox 689 5571 959 5626; x_wconf 90' lang='lat' dir='ltr'><strong>dicebant.</strong></span> <span class='ocrx_word' id='word_1_694' title='bbox 984 5567 1232 5623; x_wconf 70' lang='lat' dir='ltr'><strong>Moabitae</strong></span> <span class='ocrx_word' id='word_1_695' title='bbox 1252 5565 1610 5635; x_wconf 88' lang='lat' dir='ltr'><strong>Beelphegor,</strong></span> <span class='ocrx_word' id='word_1_696' title='bbox 1636 5564 1731 5617; x_wconf 79' lang='lat' dir='ltr'><strong>Ju-</strong></span> 
     </span>
    </p>
   </div>
   <div class='ocr_carea' id='block_1_83' title="bbox 153 5651 1728 5728">
    <p class='ocr_par' dir='ltr' id='par_1_83' title="bbox 153 5651 1728 5728">
     <span class='ocr_line' id='line_1_83' title="bbox 153 5651 1728 5728; baseline -0.004 -16"><span class='ocrx_word' id='word_1_697' title='bbox 153 5657 250 5715; x_wconf 67' lang='lat' dir='ltr'><strong>daei</strong></span> <span class='ocrx_word' id='word_1_698' title='bbox 276 5669 471 5728; x_wconf 90' lang='lat' dir='ltr'><strong>autem,</strong></span> <span class='ocrx_word' id='word_1_699' title='bbox 504 5662 664 5716; x_wconf 88' lang='lat' dir='ltr'><strong>unius</strong></span> <span class='ocrx_word' id='word_1_700' title='bbox 695 5660 795 5715; x_wconf 89' lang='lat' dir='ltr'><strong>Dei</strong></span> <span class='ocrx_word' id='word_1_701' title='bbox 841 5659 1078 5715; x_wconf 84' lang='lat' dir='ltr'><strong>cultores</strong></span> <span class='ocrx_word' id='word_1_702' title='bbox 1125 5663 1366 5726; x_wconf 88' lang='lat' dir='ltr'><strong>propter,</strong></span> <span class='ocrx_word' id='word_1_703' title='bbox 1397 5651 1728 5708; x_wconf 92' lang='lat' dir='ltr'><strong>derisionem</strong></span> 
     </span>
    </p>
   </div>
   <div class='ocr_carea' id='block_1_84' title="bbox 151 5749 1731 5829">
    <p class='ocr_par' dir='ltr' id='par_1_84' title="bbox 151 5749 1731 5829">
     <span class='ocr_line' id='line_1_84' title="bbox 151 5749 1731 5829; baseline -0.004 -18"><span class='ocrx_word' id='word_1_704' title='bbox 151 5758 404 5827; x_wconf 76' lang='lat' dir='ltr'><strong>gentium,</strong></span> <span class='ocrx_word' id='word_1_705' title='bbox 437 5757 747 5815; x_wconf 87' lang='lat' dir='ltr'><strong>Beelzebub</strong></span> <span class='ocrx_word' id='word_1_706' title='bbox 780 5756 1148 5829; x_wconf 87' lang='lat' dir='ltr'><strong>appellabant,</strong></span> <span class='ocrx_word' id='word_1_707' title='bbox 1200 5759 1512 5807; x_wconf 88' lang='lat' dir='ltr'><strong>asserentes</strong></span> <span class='ocrx_word' id='word_1_708' title='bbox 1542 5749 1594 5802; x_wconf 90' lang='lat' dir='ltr'><strong>in</strong></span> <span class='ocrx_word' id='word_1_709' title='bbox 1625 5749 1731 5804; x_wconf 90' lang='lat' dir='ltr'><strong>hoc</strong></span> 
     </span>
    </p>
   </div>
   <div class='ocr_carea' id='block_1_85' title="bbox 155 5841 1482 5922">
    <p class='ocr_par' dir='ltr' id='par_1_85' title="bbox 155 5841 1482 5922">
     <span class='ocr_line' id='line_1_85' title="bbox 155 5841 1482 5922; baseline -0.004 -24"><span class='ocrx_word' id='word_1_710' title='bbox 155 5844 438 5905; x_wconf 89' lang='lat' dir='ltr'><strong>simulacro</strong></span> <span class='ocrx_word' id='word_1_711' title='bbox 470 5846 772 5922; x_wconf 87' lang='lat' dir='ltr'><strong>principem</strong></span> <span class='ocrx_word' id='word_1_712' title='bbox 804 5844 1193 5903; x_wconf 83' lang='lat' dir='ltr'><strong>daemoniorum</strong></span> <span class='ocrx_word' id='word_1_713' title='bbox 1214 5841 1482 5896; x_wconf 85' lang='lat' dir='ltr'><strong>habitare.</strong></span> 
     </span>
    </p>
   </div>
   <div class='ocr_carea' id='block_1_86' title="bbox 217 5924 1734 6008">
    <p class='ocr_par' dir='ltr' id='par_1_86' title="bbox 217 5924 1734 6008">
     <span class='ocr_line' id='line_1_86' title="bbox 217 5924 1734 6008; baseline -0.012 -11"><span class='ocrx_word' id='word_1_714' title='bbox 217 5957 239 5983; x_wconf 73' lang='grc' dir='ltr'><strong>α</strong></span> <span class='ocrx_word' id='word_1_715' title='bbox 290 5936 411 6008; x_wconf 85' lang='lat' dir='ltr'><strong>Ipse</strong></span> <span class='ocrx_word' id='word_1_716' title='bbox 452 5945 632 5993; x_wconf 87' lang='lat' dir='ltr'><strong>autem</strong></span> <span class='ocrx_word' id='word_1_717' title='bbox 674 5943 731 5992; x_wconf 92' lang='lat' dir='ltr'><strong>ut</strong></span> <span class='ocrx_word' id='word_1_718' title='bbox 781 5934 912 5993; x_wconf 90' lang='lat' dir='ltr'><strong>vidit</strong></span> <span class='ocrx_word' id='word_1_719' title='bbox 953 5929 1316 6006; x_wconf 80' lang='lat' dir='ltr'><strong>cogitationes</strong></span> <span class='ocrx_word' id='word_1_720' title='bbox 1357 5943 1546 5986; x_wconf 90' lang='lat' dir='ltr'><strong>eorum</strong></span> <span class='ocrx_word' id='word_1_721' title='bbox 1594 5924 1734 5980; x_wconf 84' lang='lat' dir='ltr'><strong>dixit</strong></span> 
     </span>
    </p>
   </div>
   <div class='ocr_carea' id='block_1_87' title="bbox 1839 5371 3431 5448">
    <p class='ocr_par' dir='ltr' id='par_1_87' title="bbox 1839 5371 3431 5448">
     <span class='ocr_line' id='line_1_87' title="bbox 1839 5371 3431 5448; baseline -0.004 -13"><span class='ocrx_word' id='word_1_722' title='bbox 1839 5381 1914 5435; x_wconf 90' lang='lat' dir='ltr'><strong>sis</strong></span> <span class='ocrx_word' id='word_1_723' title='bbox 1938 5377 2152 5448; x_wconf 89' lang='lat' dir='ltr'><strong>judices</strong></span> <span class='ocrx_word' id='word_1_724' title='bbox 2181 5374 2348 5430; x_wconf 91' lang='lat' dir='ltr'><strong>vestri</strong></span> <span class='ocrx_word' id='word_1_725' title='bbox 2403 5381 2580 5436; x_wconf 89' lang='lat' dir='ltr'><strong>erunt,</strong></span> <span class='ocrx_word' id='word_1_726' title='bbox 2635 5387 2742 5427; x_wconf 89' lang='lat' dir='ltr'><strong>non</strong></span> <span class='ocrx_word' id='word_1_727' title='bbox 2802 5380 3068 5442; x_wconf 87' lang='lat' dir='ltr'><strong>potestate</strong></span> <span class='ocrx_word' id='word_1_728' title='bbox 3111 5380 3168 5426; x_wconf 91' lang='lat' dir='ltr'><strong>ut</strong></span> <span class='ocrx_word' id='word_1_729' title='bbox 3208 5371 3313 5428; x_wconf 92' lang='lat' dir='ltr'><strong>mei</strong></span> <span class='ocrx_word' id='word_1_730' title='bbox 3343 5372 3431 5428; x_wconf 88' lang='lat' dir='ltr'><strong>di-</strong></span> 
     </span>
    </p>
   </div>
   <div class='ocr_carea' id='block_1_88' title="bbox 1839 5469 3432 5546">
    <p class='ocr_par' dir='ltr' id='par_1_88' title="bbox 1839 5469 3432 5546">
     <span class='ocr_line' id='line_1_88' title="bbox 1839 5469 3432 5546; baseline -0.004 -14"><span class='ocrx_word' id='word_1_731' title='bbox 1839 5475 2057 5546; x_wconf 90' lang='lat' dir='ltr'><strong>scipuli,</strong></span> <span class='ocrx_word' id='word_1_732' title='bbox 2102 5473 2199 5529; x_wconf 93' lang='lat' dir='ltr'><strong>sed</strong></span> <span class='ocrx_word' id='word_1_733' title='bbox 2258 5469 2702 5542; x_wconf 86' lang='lat' dir='ltr'><strong>comparatione,</strong></span> <span class='ocrx_word' id='word_1_734' title='bbox 2753 5471 2881 5524; x_wconf 90' lang='lat' dir='ltr'><strong>dum</strong></span> <span class='ocrx_word' id='word_1_735' title='bbox 2930 5469 3011 5524; x_wconf 91' lang='lat' dir='ltr'><strong>illi</strong></span> <span class='ocrx_word' id='word_1_736' title='bbox 3051 5469 3432 5541; x_wconf 88' lang='lat' dir='ltr'><strong>expulsionem</strong></span> 
     </span>
    </p>
   </div>
   <div class='ocr_carea' id='block_1_89' title="bbox 1839 5558 3432 5632">
    <p class='ocr_par' dir='ltr' id='par_1_89' title="bbox 1839 5558 3432 5632">
     <span class='ocr_line' id='line_1_89' title="bbox 1839 5558 3432 5632; baseline -0.003 -11"><span class='ocrx_word' id='word_1_737' title='bbox 1839 5567 2147 5622; x_wconf 64' lang='lat' dir='ltr'><strong>daemonum</strong></span> <span class='ocrx_word' id='word_1_738' title='bbox 2193 5561 2315 5616; x_wconf 91' lang='lat' dir='ltr'><strong>Deo</strong></span> <span class='ocrx_word' id='word_1_739' title='bbox 2354 5559 2660 5629; x_wconf 87' lang='lat' dir='ltr'><strong>assignant,</strong></span> <span class='ocrx_word' id='word_1_740' title='bbox 2708 5574 2806 5614; x_wconf 91' lang='lat' dir='ltr'><strong>vos</strong></span> <span class='ocrx_word' id='word_1_741' title='bbox 2837 5558 3140 5615; x_wconf 90' lang='lat' dir='ltr'><strong>Beelzebub</strong></span> <span class='ocrx_word' id='word_1_742' title='bbox 3186 5560 3432 5632; x_wconf 88' lang='lat' dir='ltr'><strong>principe</strong></span> 
     </span>
    </p>
   </div>
   <div class='ocr_carea' id='block_1_90' title="bbox 1840 5651 2252 5710">
    <p class='ocr_par' dir='ltr' id='par_1_90' title="bbox 1840 5651 2252 5710">
     <span class='ocr_line' id='line_1_90' title="bbox 1840 5651 2252 5710; baseline -0.017 0"><span class='ocrx_word' id='word_1_743' title='bbox 1840 5651 2252 5710; x_wconf 69' lang='lat' dir='ltr'><strong>daemoniorum.</strong></span> 
     </span>
    </p>
   </div>
   <div class='ocr_carea' id='block_1_91' title="bbox 1915 5735 3430 5809">
    <p class='ocr_par' dir='ltr' id='par_1_91' title="bbox 1915 5735 3430 5809">
     <span class='ocr_line' id='line_1_91' title="bbox 1915 5735 3430 5809; baseline 0.004 -19"><span class='ocrx_word' id='word_1_744' title='bbox 1915 5766 1936 5790; x_wconf 78' lang='grc' dir='ltr'><strong>ε</strong></span> <span class='ocrx_word' id='word_1_745' title='bbox 1975 5743 2163 5806; x_wconf 87' lang='lat' dir='ltr'><strong>Porro,</strong></span> <span class='ocrx_word' id='word_1_746' title='bbox 2184 5738 2301 5794; x_wconf 87' lang='lat' dir='ltr'><strong>siin</strong></span> <span class='ocrx_word' id='word_1_747' title='bbox 2324 5735 2539 5808; x_wconf 86' lang='lat' dir='ltr'><strong>dignito</strong></span> <span class='ocrx_word' id='word_1_748' title='bbox 2560 5735 2659 5791; x_wconf 93' lang='lat' dir='ltr'><strong>Dei</strong></span> <span class='ocrx_word' id='word_1_749' title='bbox 2682 5735 2849 5806; x_wconf 87' lang='lat' dir='ltr'><strong>ejicio</strong></span> <span class='ocrx_word' id='word_1_750' title='bbox 2865 5736 3153 5804; x_wconf 72' lang='lat' dir='ltr'><strong>daemonia,</strong></span> <span class='ocrx_word' id='word_1_751' title='bbox 3185 5738 3430 5809; x_wconf 86' lang='lat' dir='ltr'><strong>profecto</strong></span> 
     </span>
    </p>
   </div>
   <div class='ocr_carea' id='block_1_92' title="bbox 1840 5824 3430 5904">
    <p class='ocr_par' dir='ltr' id='par_1_92' title="bbox 1840 5824 3430 5904">
     <span class='ocr_line' id='line_1_92' title="bbox 1840 5824 3430 5904; baseline -0.003 -18"><span class='ocrx_word' id='word_1_752' title='bbox 1840 5829 2090 5904; x_wconf 87' lang='lat' dir='ltr'><strong>pervenit</strong></span> <span class='ocrx_word' id='word_1_753' title='bbox 2135 5827 2189 5883; x_wconf 93' lang='lat' dir='ltr'><strong>in</strong></span> <span class='ocrx_word' id='word_1_754' title='bbox 2239 5842 2338 5882; x_wconf 90' lang='lat' dir='ltr'><strong>vos</strong></span> <span class='ocrx_word' id='word_1_755' title='bbox 2387 5840 2620 5898; x_wconf 88' lang='lat' dir='ltr'><strong>regnum</strong></span> <span class='ocrx_word' id='word_1_756' title='bbox 2677 5824 2803 5879; x_wconf 90' lang='lat' dir='ltr'><strong>Dei.</strong></span> <span class='ocrx_word' id='word_1_757' title='bbox 2849 5849 2871 5873; x_wconf 70' lang='grc' dir='ltr'><strong><em>ιι</em></strong></span> <span class='ocrx_word' id='word_1_758' title='bbox 2925 5825 2982 5880; x_wconf 90' lang='lat' dir='ltr'><strong>Si</strong></span> <span class='ocrx_word' id='word_1_759' title='bbox 3010 5841 3116 5899; x_wconf 83' lang='lat' dir='ltr'><strong>ego</strong></span> <span class='ocrx_word' id='word_1_760' title='bbox 3146 5826 3200 5880; x_wconf 92' lang='lat' dir='ltr'><strong>in</strong></span> <span class='ocrx_word' id='word_1_761' title='bbox 3230 5825 3430 5897; x_wconf 90' lang='lat' dir='ltr'><strong>Spiritu</strong></span> 
     </span>
    </p>
   </div>
   <div class='ocr_carea' id='block_1_93' title="bbox 1840 5912 3436 5990">
    <p class='ocr_par' dir='ltr' id='par_1_93' title="bbox 1840 5912 3436 5990">
     <span class='ocr_line' id='line_1_93' title="bbox 1840 5912 3436 5990; baseline -0.006 -13"><span class='ocrx_word' id='word_1_762' title='bbox 1840 5920 1942 5978; x_wconf 90' lang='lat' dir='ltr'><strong>Dei</strong></span> <span class='ocrx_word' id='word_1_763' title='bbox 1973 5918 2133 5990; x_wconf 90' lang='lat' dir='ltr'><strong>ejicio</strong></span> <span class='ocrx_word' id='word_1_764' title='bbox 2183 5916 2480 5985; x_wconf 62' lang='lat' dir='ltr'><strong>damones,</strong></span> <span class='ocrx_word' id='word_1_765' title='bbox 2525 5927 2629 5969; x_wconf 90' lang='lat' dir='ltr'><strong>nec</strong></span> <span class='ocrx_word' id='word_1_766' title='bbox 2675 5912 2837 5969; x_wconf 90' lang='lat' dir='ltr'><strong>aliter</strong></span> <span class='ocrx_word' id='word_1_767' title='bbox 2881 5920 3111 5985; x_wconf 90' lang='lat' dir='ltr'><strong>possunt</strong></span> <span class='ocrx_word' id='word_1_768' title='bbox 3139 5913 3231 5969; x_wconf 85' lang='lat' dir='ltr'><strong>ﬁlii</strong></span> <span class='ocrx_word' id='word_1_769' title='bbox 3263 5915 3436 5971; x_wconf 83' lang='lat' dir='ltr'><strong>vestri</strong></span> 
     </span>
    </p>
   </div>
  </div>
