3924 6394
464 416 569 471 879

1604 405 1948 468 WERNERI
1985 398 2275 463 ABBATIS
2311 401 2373 458 S.
2422 398 2649 460 BLASII

3676 392 3779 447 880

471 535 706 606 ejicere,
739 534 927 603 procul
968 534 1133 592 dubio
1178 535 1431 607 pervenit
1458 535 1513 590 in
1546 550 1646 590 vos
1678 549 1911 607 regnum
1942 530 2061 597 Dei,
2093 530 2150 592 Α
2178 528 2503 602 guitionem,
2534 543 2654 583 eam
2682 522 3121 597 deprehendens,
3154 529 3344 593 postea
3370 521 3523 593 ligat,
3556 521 3628 575 ab
3657 534 3780 590 ope-

474 639 583 697 quo
613 623 948 679 subvertitur
993 640 1226 695 regnum
1270 624 1498 691 diaboli,
1556 639 1680 679 cum
1723 638 1835 694 quo
1879 628 1932 677 et
1971 635 2070 676 vos

477 712 870 770 subvertimini.
928 714 1176 784 Regnum
1234 714 1333 770 Dei
1360 722 1443 770 est
1484 717 1730 784 potestas
1752 727 1864 784 qua
1890 709 2071 766 domi-

478 810 677 858 nantur
732 801 882 872 impii
911 810 964 857 et
992 816 1027 858 a
1068 800 1324 858 ﬁdelibus
1380 810 1768 859 secernuntur.
1818 800 1917 855 Vel
1955 798 2025 853 ita
2060 810 2075 848 :

478 892 726 964 Regnum
773 890 873 946 Dei
916 890 1003 946 vel
1048 892 1291 964 seipsum
1347 890 1641 965 signiﬁcat,
1677 890 1747 945 de
1779 904 1887 962 quo
1938 886 2074 942 alibi

477 989 644 1045 dicit:
680 1012 702 1036 α
740 988 988 1060 Regnum
1045 987 1149 1044 Dei
1199 987 1345 1043 intra
1375 1004 1474 1045 vos
1515 995 1600 1045 est
1636 988 1792 1058 (Luc.
1825 988 2011 1054 xvn);
2049 1006 2072 1033 ιο

482 1085 533 1134 et
561 1102 583 1127 α
617 1076 832 1132 Medius
864 1084 972 1131 stat
1000 1075 1144 1132 inter
1171 1092 1270 1133 vas
1317 1092 1477 1149 quem
1504 1091 1603 1133 vos
1630 1073 1855 1131 nescitis
1892 1074 2074 1143 (Joan.

478 1169 541 1237 ι).
576 1190 597 1214 ιι
638 1164 736 1222 Vel
767 1182 1001 1238 regnum
1052 1165 1346 1238 Scripturse
1377 1165 1622 1221 ablatum
1653 1163 1858 1219 Iudaeis
1886 1170 1940 1218 et
1969 1170 2079 1217 tra-

480 1264 652 1319 ditum
699 1263 879 1330 nobis,
937 1262 1026 1319 vel
1083 1278 1314 1335 regnum
1372 1260 1637 1320 coriorum
1686 1260 1849 1333 quasi
1887 1259 2076 1315 dicat:

481 1353 538 1409 Si
566 1353 620 1408 in
652 1352 842 1423 spiritu
890 1352 991 1407 Dei
1036 1352 1198 1420 ejicio
1244 1351 1534 1420 daemonia,
1581 1350 1700 1405 sine
1737 1348 1906 1405 dubio
1935 1349 2079 1403 scia-

484 1443 551 1498 tis
582 1441 786 1497 aditum
837 1440 997 1513 regni
1040 1440 1289 1497 ccclesiis
1324 1439 1658 1512 patefactum
1696 1437 2073 1495 credentibus.

484 1530 701 1604 Digitus
729 1529 831 1586 Dei
860 1538 944 1586 est
980 1546 1143 1601 quem
1187 1529 1426 1586 confessi
1473 1537 1598 1583 sunt
1623 1526 1788 1601 Magi.
1822 1526 1914 1598 qui
1943 1541 2081 1581 cou-

484 1629 570 1675 tra
624 1621 850 1690 Moysen
910 1628 964 1673 et
1017 1621 1202 1674 Aaron
1262 1616 1422 1692 signa
1469 1617 1750 1673 faciebant
1803 1615 2076 1672 dicentes.

489 1742 511 1768 α
549 1717 766 1790 Digitus
788 1717 888 1773 Dei
918 1724 1004 1772 est
1042 1716 1147 1772 iste
1203 1717 1403 1787 (Exod.
1435 1720 1576 1786 Vlll),
1614 1741 1636 1766 ι
1670 1731 1779 1788 quo
1810 1722 1861 1770 et
1891 1713 2086 1770 tabulae

483 1808 713 1879 lapidea;
767 1806 989 1877 scripta:
1041 1814 1165 1860 sunt
1219 1806 1274 1860 in
1313 1815 1497 1862 monte
1554 1805 1706 1861 Sina.
1764 1804 1889 1874 Ipse
1933 1804 2081 1858 enim

489 1876 710 1968 scripsit
770 1895 862 1967 qui
892 1894 1180 1951 scribenda
1211 1894 1462 1949 dictavit.
1500 1896 1691 1950 Manus
1720 1903 1770 1948 et
1795 1892 2082 1948 brachium
2110 1876 2165 1941 Β

490 1995 592 2053 Dei
626 1994 791 2050 Filius
832 1993 952 2062 ejus
997 2000 1101 2059 est,
1153 2001 1202 2047 et
1249 1992 1452 2064 digitus
1495 1993 1621 2063 ejus
1671 1993 1907 2063 Spiritus
1950 2006 2084 2045 san-

489 2096 636 2142 ctus.
694 2082 795 2150 Qui
843 2081 1047 2154 digitus
1101 2080 1299 2137 dicitur
1337 2090 1561 2152 propter
1607 2081 1952 2148 partitionem
1981 2079 2084 2134 do-

488 2189 687 2230 norum
761 2171 855 2242 qui
928 2170 983 2224 in
1050 2185 1116 2226 eo
1173 2170 1398 2237 dantur,
1460 2168 1752 2241 unicuique
1826 2167 2085 2240 propria,

484 2272 605 2328 sive
628 2270 932 2333 hominum,
965 2267 1081 2323 sive
1105 2267 1447 2339 angelorum.
1474 2268 1530 2321 Iu
1561 2268 1722 2322 nullis
1751 2268 1892 2323 enim
1925 2281 2091 2320 mem-

488 2359 602 2415 bris
631 2364 861 2429 apparet
892 2356 1069 2428 magis
1125 2356 1344 2427 partitio
1395 2371 1558 2428 quam
1618 2356 1672 2409 in
1720 2355 1931 2427 digitis.
1971 2354 2088 2411 Sic-

488 2456 546 2505 ut
575 2457 753 2504 autem
809 2445 1009 2519 digitas
1064 2461 1188 2501 cum
1246 2461 1409 2500 manu
1454 2445 1538 2501 vel
1587 2445 1852 2508 brachio;
1892 2460 2088 2499 manus

487 2554 616 2595 vero
646 2536 737 2592 vel
767 2533 1049 2591 brachium
1092 2549 1219 2591 cum
1270 2550 1497 2605 corpore
1540 2551 1706 2589 unum
1744 2542 1871 2589 sunt
1897 2533 1950 2587 in
1984 2548 2087 2587 na-

490 2642 626 2699 tura,
657 2631 732 2687 ita
758 2632 938 2695 Pater,
996 2639 1050 2687 et
1107 2631 1295 2699 Filius,
1332 2639 1383 2686 et
1416 2630 1648 2701 Spiritus
1705 2639 1944 2699 sanctus,
1979 2637 2088 2685 tres

491 2722 717 2795 quidem
752 2728 879 2775 sunt
907 2735 1179 2791 personae,
1225 2735 1333 2774 una
1374 2728 1557 2774 autem
1601 2719 1902 2774 substantia
1946 2719 2086 2775 divi-

491 2809 698 2867 uitatis.
740 2807 913 2881 Digiti
942 2823 1081 2864 vero
1111 2807 1210 2863 Dei
1241 2807 1523 2879 pluraliter
1567 2807 1743 2864 sancti
1772 2808 2087 2880 intelligun-

494 2908 582 2957 tur
607 2898 909 2971 prophetae,
969 2913 1067 2969 per
1110 2912 1249 2968 quos
1290 2896 1524 2968 Spiritus
1555 2906 1778 2953 sanctus
1806 2897 1975 2952 libros
2006 2897 2090 2953 le-

491 2987 580 3059 gis
609 3001 677 3042 ac
723 2986 1109 3057 prophetarum
1155 3000 1257 3040 sua
1300 2984 1660 3056 inspiratione
1696 2984 1984 3042 describit.
2010 2986 2090 3040 De

491 3083 761 3158 quibusin
791 3082 1006 3154 psalmo
1025 3081 1294 3153 scriptum
1315 3089 1400 3138 est
1427 3100 1441 3137 :
1469 3107 1491 3131 υ
1522 3083 1729 3139 Videbo
1756 3082 1921 3139 cmlos
1946 3091 2087 3152 tuos,

491 3188 663 3248 opera
719 3172 1014 3245 digitorum
1073 3178 1287 3227 tuorum
1340 3173 1525 3239 (Psal.
1565 3175 1703 3243 vut).
1739 3195 1761 3221 ι›
1790 3174 1892 3229 Per
1921 3173 2092 3229 oculos

491 3263 637 3319 enim
662 3261 832 3317 libros
859 3259 1001 3332 legis
1030 3275 1097 3315 ac
1140 3260 1551 3331 prophetarum,
1596 3277 1696 3332 per
1726 3261 1928 3333 digitos
1956 3277 2089 3317 vero

494 3359 735 3417 sanctos,
787 3359 844 3405 ut
890 3348 1095 3406 dictum
1158 3356 1263 3415 est,
1313 3349 1609 3421 prophetas
1666 3349 1903 3422 mystice
1951 3348 2090 3405 iusi-

491 3447 705 3505 nuavit.

570 3578 592 3605 ιι
627 3558 733 3611 Aut
759 3552 1036 3626 quomodo
1060 3559 1234 3627 potest
1250 3553 1543 3625 quisquam
1563 3554 1770 3611 intrare
1798 3555 1853 3609 in
1873 3554 2092 3611 domum

496 3644 672 3710 fortis,
705 3652 759 3698 et
781 3658 916 3697 vasa
934 3642 1062 3711 ejus
1081 3641 1328 3713 diripere
1347 3642 1400 3696 in
1423 3643 1620 3713 quibus
1642 3642 1973 3710 conﬁdebat,
1986 3644 2097 3699 nisi

498 3734 649 3806 prius
676 3731 985 3803 alligaverit
1014 3732 1235 3797 fortem,
1280 3738 1335 3785 et
1387 3739 1514 3787 tunc
1541 3732 1762 3787 demum
1792 3748 1925 3789 vasa
1954 3732 2099 3788 illius

495 3831 758 3904 diripiat?
783 3852 806 3881 ι
841 3827 1092 3886 Ostendit
1111 3829 1380 3884 Dominus
1397 3845 1496 3899 per
1516 3830 1860 3886 manifestam
1876 3830 2101 3900 parabo-

496 3921 630 3991 lam,
663 3920 789 3993 quia
819 3918 1013 3974 virtute
1034 3917 1337 3974 divinitatis
1353 3917 1602 3974 homines
1622 3934 1655 3974 a
1675 3919 1947 3975 daemonio
1966 3919 2100 3975 libe-

497 4028 711 4078 rantur.
743 4016 921 4073 Fortis
948 4024 1032 4072 est
1059 4014 1341 4082 diabolus,
1372 4017 1579 4073 domus
1601 4016 1746 4072 illius
1764 4016 2027 4083 mundus,
2044 4016 2100 4072 in

496 4109 741 4180 maligno
761 4106 967 4178 positus
994 4104 1049 4159 in
1079 4119 1189 4177 quo
1209 4121 1383 4177 usque
1402 4107 1471 4160 ad
1492 4105 1786 4162 adventum
1809 4105 2103 4163 Salvatoris

499 4206 656 4279 quasi
702 4212 896 4274 pacato
942 4202 1175 4273 imperio
1212 4202 1336 4258 sine
1365 4203 1799 4260 contradictione
1847 4203 2101 4277 quiesce—

502 4296 621 4350 bat.
660 4292 814 4351 Unde
843 4293 1111 4348 Dominus
1142 4312 1157 4350 :
1192 4313 1214 4341 α
1251 4292 1418 4347 Venit
1438 4292 1699 4364 princeps
1730 4292 1920 4348 mundi
1942 4293 2106 4364 hujus

506 4402 562 4447 et
588 4391 645 4446 in
673 4406 762 4446 me
787 4404 897 4445 non
921 4389 1084 4447 habet
1123 4390 1421 4464 quidquam
1470 4392 1656 4459 (Joan.
1678 4404 1822 4462 xw).
1861 4414 1884 4439 η
1915 4391 1980 4447 Et
2010 4390 2108 4449 ite-

502 4496 661 4538 rum:
699 4500 719 4531 ι
754 4479 916 4535 Νιιηο
961 4482 1213 4551 princeps
1254 4480 1417 4550 hujus
1450 4479 1639 4535 mundi
1668 4480 1920 4549 ejiciatur
1956 4479 2107 4537 foras

2177 634 2239 675 re
2268 618 2549 685 cohibens,
2593 616 2794 671 deinde
2838 612 3101 685 ﬂagellat,
3134 611 3261 683 quia
3306 626 3511 682 pravus
3547 609 3782 664 allectus

2182 706 2336 778 quasi
2367 706 2521 761 duris
2550 703 2874 777 quibusdam
2894 700 3133 775 ﬂagellis
3153 700 3399 765 caeditur,
3432 697 3651 771 quando
3678 712 3782 768 per

2185 804 2420 860 studium
2450 801 2754 874 disciplinae
2781 800 2852 856 ab
2894 815 2961 855 eo
3015 798 3162 871 quod
3190 796 3397 869 appetit
3426 796 3771 852 refrenatur.

2182 892 2502 950 Novissime
2530 890 2687 964 quasi
2721 889 2983 946 membris
3009 887 3067 943 in
3095 902 3312 944 crucem
3340 884 3575 942 extensis
3602 892 3661 940 et
3687 883 3784 939 di-

2183 990 2323 1049 visis
2350 1005 2385 1046 a
2411 1005 2476 1046 se
2504 987 2673 1046 clavis
2702 985 3016 1059 conﬁgitur,
3049 983 3271 1057 quando
3299 982 3488 1040 divisis
3514 997 3548 1038 a
3574 997 3641 1037 se
3690 982 3783 1039 vi-

2184 1088 2275 1144 tiis
2322 1086 2517 1143 timore
2557 1085 2656 1143 Dei
2723 1085 2940 1141 animus
2984 1086 3323 1155 penetratur.
3364 1079 3593 1150 Quando
3615 1077 3785 1135 simul

2186 1185 2313 1232 sunt
2341 1176 2488 1245 vitia,
2522 1174 2747 1231 fortiora
2770 1181 2916 1243 sunt,
2973 1187 3094 1244 quia
3152 1171 3224 1227 ab
3277 1169 3533 1226 alterutro
3564 1183 3627 1225 se
3655 1184 3788 1224 mn-

2185 1267 2362 1332 niunt,
2411 1272 2472 1320 ut
2526 1264 2659 1337 gula
2711 1262 3005 1328 luxuriam,
3053 1274 3250 1332 pompa
3296 1258 3628 1330 superbiam.
3664 1266 3780 1315 etc.

2187 1354 2382 1412 Divide
2410 1352 2501 1409 illa
2531 1361 2586 1409 et
2612 1353 2685 1407 ab
2721 1351 2954 1408 invicem
2983 1349 3258 1421 disjunge.
3291 1355 3347 1404 et
3373 1346 3453 1404 sic
3481 1345 3699 1419 conﬁge
3728 1346 3792 1402 ti-

2188 1467 2340 1507 more
2369 1449 2469 1506 Dei
2497 1465 2700 1507 carnes
2719 1456 2861 1515 tuas,
2895 1455 2949 1504 et
2977 1446 3179 1503 malitia
3200 1445 3254 1501 in
3275 1453 3328 1502 te
3355 1444 3637 1501 moriatur.
3659 1443 3789 1499 Non

2191 1554 2375 1605 autem
2407 1546 2627 1604 mireris
2655 1546 2700 1601 si
2723 1544 2986 1616 sapientia
3016 1542 3236 1600 malitiae
3258 1542 3389 1599 facit
3415 1542 3557 1615 quod
3575 1558 3606 1597 a
3636 1539 3789 1596 mali-

2193 1639 2265 1694 tia
2294 1639 2417 1708 ipsa
2445 1652 2603 1708 prius
2628 1633 2908 1690 sustinuit.
2968 1633 3120 1688 Prius
3164 1632 3372 1688 malitia
3397 1628 3661 1687 cruciﬁxit
3688 1644 3789 1685 sa-

2193 1726 2449 1798 pientiam
2476 1744 2490 1790 ;
2525 1732 2716 1797 postea
2746 1722 3008 1794 sapientia
3039 1720 3344 1794 praevalens
3374 1718 3638 1777 cruciﬁxit
3664 1733 3785 1774 ma-

2191 1815 2361 1871 litiam
2376 1857 2389 1870 .

2273 1945 2295 1972 α
2331 1921 2437 1990 Qui
2467 1937 2574 1977 non
2607 1928 2692 1977 est
2719 1935 2931 1976 mecum
2981 1926 3064 1974 est
3096 1925 3290 1975 contra
3317 1930 3441 1985 me;
3476 1923 3528 1971 et
3554 1913 3646 1987 qui
3675 1928 3786 1969 non

2195 2018 2499 2084 congregat
2534 2026 2765 2073 mecum,
2790 2008 3030 2080 spargit.
3066 2031 3089 2057 ιι
3117 2008 3232 2063 Hoc
3253 2011 3650 2078 consequenter
3677 2018 3785 2057 non

2194 2107 2261 2163 ad
2286 2107 2590 2171 haereticos,
2615 2105 2710 2162 sed
2737 2105 2806 2160 ad
2838 2103 3115 2159 diabolum
3146 2102 3401 2166 refertur,
3431 2099 3589 2169 cujus
3617 2112 3786 2169 Opera

2197 2196 2494 2252 Salvatoris
2523 2194 2784 2266 operibus
2830 2192 3142 2263 comparari
3187 2198 3481 2263 nequeunt.
3514 2188 3611 2243 Ille
3640 2187 3786 2243 enim

2195 2286 2343 2356 cupit
2392 2285 2602 2339 animas
2648 2283 2931 2338 hominum
2985 2289 3176 2336 tenere
3229 2279 3470 2350 captivas
3499 2292 3640 2349 quas
3669 2277 3787 2331 Do-

2196 2376 2376 2432 minus
2405 2374 2624 2428 liberat.
2664 2371 2762 2427 Ille
2792 2370 2952 2426 trahit
2980 2370 3052 2425 ad
3081 2370 3230 2433 vitia,
3266 2367 3532 2424 Dominus
3561 2371 3789 2422 revocat

2197 2475 2266 2529 ad
2286 2472 2538 2527 virtutes.
2558 2467 2845 2538 Quomodo
2862 2482 2998 2539 ergo
3014 2466 3350 2523 concordant
3371 2479 3597 2537 quorum
3617 2478 3788 2535 opera

2198 2561 2376 2618 divisa
2406 2566 2529 2614 sunt
2547 2564 2575 2613 τ
2597 2557 2701 2627 Qui
2729 2571 2843 2611 non
2883 2554 3111 2627 colligit,
3138 2554 3245 2610 hoc
3274 2560 3356 2609 est
3392 2551 3484 2625 qui
3510 2566 3615 2608 non
3654 2566 3785 2608 con-

2197 2657 2393 2722 gregat
2421 2663 2556 2703 oves
2585 2660 2734 2702 meas
2781 2658 3018 2710 mecum,
3060 2642 3348 2715 dispergit,
3383 2642 3485 2698 hoc
3515 2650 3600 2697 est
3627 2638 3788 2696 dissi-

2196 2754 2291 2819 pat
2320 2762 2415 2802 eas
2450 2762 2479 2799 a
2508 2751 2645 2800 casta
2671 2741 2937 2798 ﬁdelium.
2969 2742 3071 2797 llic
3101 2739 3357 2805 insinuat,
3391 2737 3516 2811 quia
3544 2753 3652 2794 non
3680 2738 3781 2792 ha-

2196 2837 2334 2893 bens
2366 2834 2620 2906 Spiritum
2651 2840 2916 2897 sanctum,
2949 2846 3038 2902 qui
3072 2845 3178 2885 uon
3202 2845 3322 2885 cum
3352 2826 3446 2884 illo
3464 2834 3783 2900 congregat,

2199 2932 2476 3007 quomodo
2505 2945 2748 3003 unquam
2776 2928 2878 2985 sub
2911 2928 3031 2996 ejus
3059 2926 3279 2982 nomine
3308 2926 3655 2997 congregat?
3677 2923 3777 2979 Hic

2205 3023 2428 3079 omnino
2482 3037 2581 3076 nos
2639 3017 2900 3091 compulit
2944 3015 3250 3086 intelligere
3297 3029 3406 3071 non
3453 3012 3579 3068 alibi
3625 3027 3787 3084 posse

2200 3111 2317 3168 ﬁeri
2364 3108 2749 3167 remissionem
2805 3113 3151 3179 peccatorum
3200 3104 3304 3158 nisi
3346 3104 3401 3159 in
3431 3101 3622 3159 Christi
3651 3115 3785 3158 con-

2121 3236 2171 3300 c
2200 3201 2518 3275 gregatioue
2547 3214 2669 3271 qua:
2699 3211 2807 3253 non
2839 3196 3072 3268 spargit.

2279 3333 2299 3356 α
2336 3307 2472 3362 Cum
2502 3304 2815 3360 immundus
2847 3301 3070 3373 Spiritus
3099 3299 3294 3356 exierit
3322 3298 3391 3354 ab
3419 3296 3654 3364 homine,
3686 3312 3789 3350 am-

2201 3397 2353 3453 bulat
2372 3411 2471 3468 per
2490 3393 2608 3451 loca
2626 3392 2781 3448 arida
2800 3406 3049 3462 quarens
3066 3388 3390 3462 requiem,et
3406 3402 3511 3442 non
3529 3384 3782 3441 invenit.-

2204 3486 2440 3542 I’ossunt
2470 3485 2588 3541 hac
2617 3498 2724 3538 non
2774 3479 3220 3537 inconvenienter
3257 3475 3428 3549 accipi
3457 3475 3525 3531 de
3554 3474 3789 3548 quolibet

2207 3582 2468 3641 haeretico
2497 3580 2581 3638 vel
2611 3579 2977 3646 schismatico,
3014 3577 3098 3634 vel
3128 3577 3284 3632 etiam
3316 3574 3458 3631 malo
3488 3572 3779 3629 Catholica.

2207 3675 2288 3730 De
2316 3687 2424 3746 quo
2453 3687 2577 3727 cum
2622 3677 2867 3741 tempore
2916 3667 3265 3738 baptismatis
3313 3664 3531 3736 spiritus
3558 3662 3789 3717 immun-

2206 3763 2311 3819 dus
2366 3760 2554 3818 exierit
2610 3758 2859 3814 ambulat
2918 3772 3020 3829 per
3094 3756 3213 3811 loca
3267 3753 3553 3825 inaquosa,
3609 3750 3663 3806 id
3711 3756 3790 3806 est

2208 3860 2406 3918 circuit
2463 3858 2633 3915 corda
2686 3855 2925 3912 ﬁdelium
2978 3850 3587 3926 expurgataamollitie
3639 3848 3789 3903 ﬂuxas

2209 3947 2580 4022 cogitationis.
2621 3945 2884 4018 Requiem
2934 3942 3126 4016 quaerit
3167 3951 3220 3998 et
3268 3956 3375 3996 non
3417 3938 3640 4004 invenit,
3672 3936 3791 4010 quia

2210 4048 2389 4097 castas
2418 4044 2630 4092 mentes
2658 4033 2967 4089 inhabitare
3010 4046 3118 4087 non
3163 4036 3361 4102 potest,
3392 4042 3493 4085 nec
3522 4026 3789 4100 quiescere

2213 4135 2318 4192 nisi
2346 4135 2402 4191 in
2431 4149 2601 4207 pravo
2632 4131 2817 4189 corde.
2861 4128 3023 4187 Unde
3066 4125 3329 4183 Dominus
3357 4124 3427 4181 de
3454 4121 3549 4179 illo
3577 4121 3744 4195 inquit
3773 4136 3787 4176 :

2289 4247 2312 4274 κ
2338 4223 2450 4281 Sub
2471 4222 2660 4279 umbra
2680 4219 2902 4287 dormit,
2930 4218 2985 4273 in
3013 4223 3231 4273 secreto
3250 4212 3444 4271 calami
3466 4219 3520 4269 et
3540 4210 3675 4268 locis
3699 4212 3790 4266 hu-

2211 4313 2486 4373 mentibus
2520 4312 2657 4384 (Job.
2690 4311 2798 4381 ιχ).
2834 4330 2856 4358 »
2892 4307 2951 4363 In
2992 4304 3185 4363 umbra
3228 4303 3460 4359 insinuat
3487 4299 3791 4358 teuebrosas

2214 4402 2620 4465 conscientias;
2665 4399 2720 4456 in
2763 4396 2979 4456 calamo
3018 4393 3110 4468 qui
3165 4392 3296 4451 foris
3350 4398 3435 4447 est
3483 4389 3697 4457 nitidus,
3741 4395 3791 4444 et

2214 4504 2362 4560 intus
2391 4517 2593 4559 vacuus
2623 4507 2725 4563 est.
2758 4504 2971 4554 mentes
3013 4490 3418 4562 simulatrices;
3450 4490 3503 4546 in
3531 4488 3664 4546 locis
3689 4487 3791 4543 hu-

504 4581 690 4651 (Joan.
749 4579 873 4647 xu).
920 4601 941 4625 ι»
1000 4577 1211 4634 Fortior
1265 4577 1360 4634 illo
1391 4576 1489 4632 fuit
1544 4577 1664 4649 ipse
1711 4577 1977 4634 Dominus
2005 4578 2093 4651 qui

2216 4592 2488 4650 mentibus
2518 4590 2750 4646 lascivas
2778 4595 2833 4642 et
2860 4584 3073 4642 molles.
3105 4583 3258 4639 Tunc
3288 4580 3419 4637 dicit
3448 4597 3462 4635 :
3500 4602 3522 4629 α
3548 4578 3793 4636 Revertar

506 4692 659 4735 arma
688 4677 811 4745 ejus
837 4676 1078 4745 abstulit,
1139 4676 1195 4731 id
1226 4685 1309 4732 est
1336 4674 1561 4731 astutias
1610 4683 1664 4730 et
1712 4675 1869 4732 dolos
1906 4676 2105 4749 nequi-

506 4768 596 4824 tiae
625 4764 909 4837 spiritalis.
942 4765 1005 4819 Et
1056 4765 1137 4821 sic
1180 4764 1476 4820 adimendo
1514 4770 1842 4836 potestatem
1874 4779 1907 4820 a
1938 4766 2106 4821 sedu-

506 4856 688 4914 ctione
715 4853 1018 4910 electorum
1050 4868 1407 4925 compescere
1451 4853 1651 4925 coegit,
1687 4853 1830 4925 quod
1863 4852 1960 4909 fuit
1987 4854 2106 4909 alli-

504 4969 635 5028 gare
665 4954 881 5008 fortem.
938 4950 1125 5022 Spolia
1170 4967 1269 5006 seu
1318 4964 1459 5005 vasa
1508 4958 1631 5005 sunt
1659 4950 1910 5007 homines
1941 4951 2012 5007 ab
2042 4962 2108 5008 eo

502 5041 743 5114 decepti,
775 5054 899 5113 quae
928 5040 1106 5096 victor
1133 5039 1381 5096 Christus
1411 5038 1706 5095 distribuit.
1740 5038 1897 5108 Quod
1928 5049 2010 5095 est
2039 5041 2111 5095 in-

506 5146 665 5215 signe
694 5138 1096 5207 triumphantis,
1144 5139 1272 5211 quia
1320 5138 1594 5209 captivam
1636 5137 1845 5195 ducens
1875 5138 2109 5210 captivi-

508 5249 673 5298 tatem
704 5235 854 5293 dedit
882 5235 1024 5291 dona
1064 5235 1377 5291 hominibus
1435 5236 1656 5305 (Ephes.
1703 5235 1800 5307 tv),
1838 5236 2107 5308 quosdam

509 5330 809 5403 apostolos,
861 5328 1000 5385 alios
1057 5324 1448 5398 evangelistas,
1482 5325 1584 5379 hos
1624 5325 1941 5396 prophetas,
1975 5325 2112 5380 alios

505 5438 751 5497 pastores
781 5427 1043 5484 ordinans
1072 5432 1125 5480 et
1153 5424 1432 5479 doctores.
1477 5421 1652 5478 Fortis
1702 5438 1839 5493 ergo
1887 5422 2111 5479 domum

506 5515 601 5571 fuit
631 5517 888 5587 diripere,
923 5522 1145 5586 ereptos
1166 5529 1196 5567 a
1226 5512 1449 5567 diabolo
1477 5511 1743 5567 Ecclesiae
1763 5511 2026 5575 adunare.
2061 5521 2115 5569 et

505 5626 604 5682 per
633 5612 911 5669 distinctas
929 5611 1195 5685 graduum
1212 5608 1510 5681 dignitates
1533 5624 1884 5679 promovere.
1912 5610 2114 5666 Atrium

511 5702 655 5771 quod
689 5700 843 5756 fortis
873 5710 1114 5756 armatus
1144 5698 1405 5766 custodit,
1453 5705 1532 5754 est
1568 5714 1699 5765 cor;
1747 5697 1899 5754 fortis
1930 5715 2115 5756 arma-

508 5795 591 5844 tus
623 5790 866 5858 malitia;
909 5789 1098 5844 fortior
1142 5787 1557 5858 superveniens,
1616 5788 1897 5858 sapiente;
1942 5804 2114 5859 arma,

511 5886 787 5957 membra.
825 5884 1114 5963 Sapientia
1142 5882 1383 5959 primum
1414 5882 1671 5939 malitiam
1714 5884 1858 5958 capit
1886 5902 1989 5963 per
2017 5902 2117 5945 οο-

2216 4683 2270 4740 in
2299 4682 2522 4738 domum
2555 4694 2736 4735 meam
2784 4676 2930 4732 unde
2971 4672 3133 4731 exivi.
3174 4694 3196 4721 α
3247 4669 3513 4728 Revertar
3547 4666 3615 4723 ad
3659 4665 3792 4721 illius

2215 4780 2630 4842 conscientiam.
2687 4777 2835 4834 unde
2883 4773 2940 4830 in
2996 4770 3266 4843 baptismo
3322 4768 3530 4840 ejectus
3581 4765 3790 4830 fueram,

2217 4880 2271 4931 et
2320 4870 2601 4943 pristinam
2654 4863 3060 4941 possessionem
3108 4865 3370 4918 consueto
3438 4855 3597 4913 modo
3671 4852 3793 4909 mihi

2219 4960 2528 5032 subjiciam.

2297 5092 2317 5119 «
2352 5068 2419 5123 Et
2450 5065 2673 5122 veniens
2695 5060 2902 5120 invenit
2920 5065 3205 5117 vacantem
3229 5053 3408 5127 scopis
3429 5050 3725 5108 mandatam
3744 5055 3792 5103 et

2220 5165 2500 5216 ornatam.
2544 5178 2564 5204 ιι
2599 5153 2917 5216 Vacantem,
2952 5148 3161 5205 scilicet
3209 5162 3244 5201 a
3292 5142 3448 5200 bonis
3475 5139 3677 5197 actibus
3701 5152 3790 5209 per

2220 5245 2632 5319 negligentiam,
2686 5240 3000 5298 mundatam
3048 5253 3077 5292 a
3106 5235 3250 5292 vitiis
3307 5230 3548 5305 pristinis
3578 5243 3672 5298 per
3697 5226 3791 5282 ba-

2223 5336 2403 5408 ptismi
2460 5333 2710 5407 gratiam,
2767 5337 3017 5387 ornatam
3077 5322 3340 5383 simulatis
3386 5319 3663 5377 virtutibus
3705 5330 3792 5388 per

2221 5424 2579 5499 hypocrisim.

2298 5494 2319 5564 ξι
2352 5514 2507 5570 Tunc
2544 5509 2694 5567 vadit
2721 5516 2774 5565 et
2802 5504 3028 5563 assumit
3058 5511 3265 5576 septem
3295 5498 3429 5556 alios
3459 5494 3674 5567 spiritus
3701 5507 3791 5549 ne-

2223 5604 2445 5680 quiores
2476 5619 2557 5669 se,
2590 5608 2644 5656 et
2672 5599 2938 5654 intrantes
2994 5593 3233 5650 habitant
3280 5589 3376 5646 ibi.
3413 5612 3436 5638 ι
3473 5586 3576 5642 Per
3602 5590 3788 5655 septem

2225 5703 2447 5776 spiritus
2493 5700 2747 5755 universa
2794 5695 2921 5751 vitia
2951 5692 3202 5765 designat
3251 5702 3371 5762 qua:
3401 5682 3591 5741 merito
3616 5681 3789 5739 dicun-

2227 5807 2311 5857 tur
2339 5797 2600 5872 nequiora
2628 5793 2849 5851 diabolo
2879 5788 3288 5863 comparations
3316 5781 3516 5858 prioris
3544 5778 3791 5872 inhabita-

2226 5865 2599 5949 tionis.-Cum
2631 5883 2774 5941 enim
2822 5880 3073 5939 diabolus
3102 5875 3281 5935 malus
3337 5873 3406 5931 sit
3433 5876 3488 5929 et
3515 5866 3681 5927 malos
3719 5865 3789 5922 fa-
