3924 6388
90 395 194 450 881

1061 397 1643 457 DEFLORATIONES
1673 399 1769 456 SS.
1805 401 2107 458 PATRUM.
2141 434 2208 444 —
2239 405 2372 460 LIB.
2410 405 2454 460 I.

3333 409 3433 461 88?.

91 517 203 574 ciat
262 529 400 573 ante
457 518 811 591 baptismum
870 537 1208 594 quaecunque
1283 529 1407 596 post
1463 521 1816 594 baptismaA
1847 534 2003 594 gant.
2057 526 2190 582 Tota
2238 529 2484 600 profecto
2540 529 2662 586 vitae
2709 529 2948 586 cmlestis
2998 527 3258 601 perfectio
3293 530 3435 586 duo-

93 606 212 661 sive
249 607 546 677 pravitate
572 610 830 665 hzeretica
853 627 948 665 seu
971 612 1250 667 mundana
1274 612 1574 683 cupiditate
1597 611 1733 664 arri-

99 697 284 766 puerit
316 713 450 750 mox
488 713 626 751 eum
659 700 711 752 in
741 700 981 754 omnium
1013 701 1260 755 vitiorum
1285 701 1388 754 ima
1422 699 1729 771 prosternit.

101 785 164 838 Et
196 799 310 838 non
345 785 544 840 solum
593 788 812 842 habebit
836 799 1042 860 septem
1073 790 1201 843 vitia
1251 791 1344 843 VlI
1394 789 1732 860 spiritalibus

99 874 405 928 virtutibus
443 877 749 942 contraria,
785 878 877 932 sed
928 895 1023 948 per
1070 879 1400 949 hypocrisim
1436 880 1577 949 ipsas
1611 895 1731 931 ser-

99 963 300 1016 vitutes
333 964 564 1018 habere
598 967 896 1020 simulabit.
937 991 957 1014 u
993 968 1060 1021 Et
1106 967 1240 1021 ﬁunt
1288 968 1587 1022 novissima
1628 969 1730 1020 ho-

97 1051 264 1106 minis
296 1052 454 1106 illius
491 1057 690 1123 pejora
719 1056 1005 1125 prioribus.
1043 1081 1064 1104 η
1100 1056 1290 1110 Melius
1321 1057 1520 1128 quippe
1543 1065 1654 1111 erat
1681 1054 1729 1109 ei

99 1140 246 1194 viam
274 1143 545 1195 veritatis
595 1159 706 1197 non
741 1159 1077 1216 cognoscere
1128 1161 1288 1216 quam
1337 1152 1458 1215 post
1489 1145 1726 1216 agnitio-

97 1243 226 1284 nem
258 1239 587 1285 retrorsum
637 1232 902 1287 converti.
950 1234 1063 1288 Hoc
1114 1233 1167 1286 in
1214 1234 1354 1289 Juda
1386 1233 1647 1288 traditore
1678 1240 1730 1287 et

101 1317 339 1374 Simone
393 1319 574 1393 Mago
618 1321 928 1392 specialiter
971 1321 1209 1393 legimus
1243 1320 1543 1390 impletum.
1586 1320 1727 1390 Quid

99 1405 221 1463 haec
267 1408 563 1478 parabola
611 1409 876 1476 intendat,
920 1409 1041 1464 ﬁnis
1089 1411 1208 1479 ejus
1257 1411 1511 1464 insinuat.
1567 1434 1587 1458 ιι
1639 1410 1728 1466 Sic

99 1505 256 1549 erunt
289 1505 346 1550 et
377 1497 742 1569 generationi
791 1499 917 1554 huic
967 1499 1239 1569 pessimae,
1280 1522 1301 1547 ιι
1349 1498 1403 1554 id
1452 1506 1534 1553 est
1583 1498 1728 1570 quod

94 1582 165 1639 de
207 1599 324 1640 uno
371 1587 710 1656 specialiter
768 1588 1009 1652 narravi,
1053 1591 1152 1643 hoc
1200 1588 1415 1643 eveniet
1465 1587 1516 1641 in
1566 1597 1727 1658 gente

96 1672 267 1742 hujus
325 1675 560 1745 populi.
610 1676 926 1730 Immundus
973 1676 1198 1748 spiritus
1238 1691 1268 1730 a
1309 1675 1512 1730 Judzeis
1564 1676 1727 1730 exivit

97 1761 326 1833 quando
375 1763 576 1835 legem
627 1773 954 1836 acceperunt
997 1773 1049 1819 et
1091 1765 1348 1819 transivit
1398 1765 1464 1818 ad
1507 1773 1724 1836 gentes.

98 1851 205 1905 Sed
239 1867 370 1907 cum
406 1861 617 1924 postea
647 1869 771 1910 cum
803 1854 1212 1909 incredentibus
1264 1853 1514 1925 gentibus
1545 1853 1722 1908 locum
1758 1877 1810 1937 Β

94 1955 204 1994 non
237 1941 553 2005 inveniret,
588 1958 848 1997 reversus
879 1951 960 1996 est
989 1943 1059 1997 ad
1102 1941 1350 2008 JUdtBOS,
1398 1952 1658 1996 vacantes
1691 1957 1722 1996 a

98 2030 345 2096 Christo,
374 2039 430 2085 et
466 2031 765 2101 superﬁuis
795 2031 1276 2085 observationibus
1317 2031 1455 2104 legis
1488 2031 1720 2084 munda-

95 2125 178 2171 tos
210 2128 384 2188 prout
416 2119 712 2189 putabant,
745 2128 904 2190 atque
935 2127 1172 2174 ornatos.
1207 2121 1271 2174 Ut
1297 2129 1475 2174 autem
1515 2118 1722 2172 ﬁrmius

96 2207 367 2278 deincrps
421 2207 733 2278 possideat,
783 2208 1006 2261 assumit
1048 2207 1452 2261 universitatem
1511 2207 1720 2261 dzemo-

94 2311 243 2351 num.
282 2297 460 2364 Pejus
494 2311 639 2368 ergo
670 2296 832 2350 modo
862 2296 1063 2350 faciunt
1088 2296 1278 2363 Judaei,
1315 2296 1500 2362 majori
1532 2312 1720 2350 nume-

95 2399 158 2438 ro
217 2385 554 2440 daemonum
606 2385 846 2455 possessi
901 2400 1066 2457 quam
1120 2386 1294 2455 prius,
1356 2385 1483 2456 quia
1541 2384 1720 2438 minus

95 2481 210 2526 erat
232 2473 531 2528 Christum
559 2482 845 2529 venturum
869 2490 975 2528 non
998 2473 1223 2529 credere
1248 2487 1407 2546 quam
1423 2481 1716 2545 postquam

96 2562 251 2617 venit
271 2578 385 2617 non
422 2562 716 2632 suscipere
731 2603 744 2618 .

172 2692 193 2715 ιι
229 2669 470 2724 Factum
506 2678 595 2724 est
624 2677 824 2735 autem,
858 2684 982 2724 cum
1013 2669 1132 2724 haec
1178 2668 1402 2734 diceret,
1451 2668 1716 2724 extollens

100 2773 290 2813 vocem
324 2759 589 2830 quaedam
641 2758 843 2812 mulier
887 2759 955 2812 de
1002 2759 1161 2812 turba
1191 2757 1324 2812 dixit
1354 2757 1430 2811 illi
1467 2775 1480 2812 :
1514 2759 1715 2812 Beatus

99 2856 289 2901 venter
319 2847 416 2918 qui
442 2856 497 2902 te
530 2846 764 2918 portavit
789 2855 841 2901 et
871 2848 1063 2910 ubera,
1097 2854 1200 2903 etc.
1244 2870 1265 2894 ιι
1301 2847 1510 2918 Magnae
1540 2847 1713 2902 devo-

101 2934 259 2990 tionis
289 2944 345 2991 et
377 2935 512 2990 ﬁdei
543 2936 850 2990 ostenditur
879 2936 994 2991 haec
1024 2936 1240 3003 mulier,
1271 2952 1403 3005 quae,
1424 2936 1713 2991 Pharisaeis

101 3022 625 3094 blasphemantibus
675 3023 983 3088 Dominum,
1045 3031 1193 3078 tanta
1236 3023 1546 3078 sinceritate
1591 3024 1712 3092 ejus

99 3111 549 3168 incarnationem
602 3112 918 3177 conﬁtetur,
992 3121 1049 3166 ut
1111 3119 1164 3166 et
1220 3112 1600 3183 poenitentium
1657 3120 1710 3168 et

99 3199 405 3256 futurorum
440 3201 749 3258 confundat
778 3200 1084 3272 perﬁdiam.
1117 3201 1173 3256 Si
1203 3201 1346 3255 enim
1383 3215 1515 3256 caro
1548 3201 1709 3256 Verbi

102 3288 198 3343 Dei
227 3305 259 3344 a
290 3304 467 3345 carne
502 3289 732 3362 virginis
761 3289 951 3344 matris
981 3297 1127 3344 esset
1156 3297 1438 3354 extranea,
1473 3296 1528 3342 ut
1560 3287 1707 3342 multi

102 3379 338 3434 haeretici
368 3379 658 3443 dixerunt,
692 3378 807 3434 sine
846 3394 1014 3434 causa
1047 3377 1191 3433 venit
1234 3378 1325 3450 qui
1357 3393 1482 3432 eum
1514 3386 1703 3448 porta-

100 3465 192 3530 vit,
224 3475 278 3522 et
307 3469 487 3522 ubera
519 3482 646 3538 quas
674 3483 796 3520 eum
852 3467 1195 3522 lactaverunt
1235 3465 1702 3522 beatiﬁcarentur.

101 3555 248 3610 Unde
277 3557 414 3612 dicit
446 3555 744 3626 Apostolus
775 3564 963 3612 contra
1013 3555 1320 3610 haereticos.
1357 3579 1377 3602 ιι
1425 3554 1565 3624 Quia
1595 3555 1702 3608 mi-

103 3642 166 3695 sit
196 3645 343 3699 Deus
378 3645 584 3700 Filium
642 3661 795 3699 suum
854 3645 1049 3700 factum
1095 3661 1159 3699 ex
1209 3643 1452 3709 muliere,
1503 3642 1702 3698 factum

103 3732 198 3784 sub
227 3734 354 3806 lege
386 3735 540 3802 (Gal.
575 3736 674 3788 tv).
725 3757 741 3778 τ
772 3734 888 3789 Nec
933 3733 1185 3788 audiendi
1230 3741 1356 3787 sunt
1385 3731 1475 3803 qui
1505 3731 1698 3801 legen-

101 3819 222 3874 dum
249 3830 446 3891 putant
477 3830 666 3877 natum
697 3838 760 3876 ex
793 3821 1038 3887 muliere,
1069 3838 1176 3876 non
1210 3820 1700 3891 factum.Alioquin

104 3922 262 3964 verus
295 3911 469 3966 Filius
497 3909 737 3965 hominis
767 3926 875 3964 non
925 3918 1070 3965 esset
1117 3910 1221 3964 nisi
1265 3925 1328 3963 ex
1382 3918 1550 3963 matre
1580 3925 1700 3964 car-

99 4011 224 4052 nem
253 4000 546 4055 traxisset.
585 3999 896 4055 Secundum
943 3999 1198 4070 physicos
1245 4013 1462 4068 quoque
1498 4013 1562 4053 ex
1593 4013 1695 4052 eo-

98 4084 214 4140 dem
244 4086 395 4143 fonte
426 4097 483 4144 et
515 4088 603 4143 lac
632 4087 955 4155 nutriendis,
988 4092 1043 4142 et
1091 4102 1281 4142 semen
1329 4084 1696 4158 procreandis

95 4194 275 4262 pueris
302 4201 560 4250 emanat.
599 4195 743 4265 Ergo
773 4194 842 4250 de
871 4194 1078 4250 semine
1109 4192 1345 4265 Virginis
1367 4191 1536 4263 potuit
1565 4207 1695 4248 con-

96 4297 194 4369 cipi
224 4301 316 4373 qui
347 4302 471 4371 ejus
518 4301 660 4356 lacte
708 4302 881 4371 potuit
928 4299 1144 4355 nutriri.
1203 4301 1330 4355 Haec
1377 4299 1572 4353 mulier
1601 4306 1690 4369 ty-

97 4419 218 4472 pum
271 4408 450 4478 gessit
503 4406 768 4462 Ecclesim
823 4406 1100 4463 credentis
1147 4405 1438 4471 Christum,
1501 4422 1688 4460 verum

97 4492 401 4563 Dominum,
437 4503 493 4552 et
525 4512 713 4550 verum
745 4495 1037 4560 hominem,
1087 4504 1270 4549 natum
1321 4494 1514 4549 fuisse.
1552 4494 1688 4549 Vere

1842 614 1942 667 bus
1972 615 2054 669 his
2085 618 2582 688 comprehenditur,
2629 627 2685 673 ut
2734 619 2954 674 verbum
3008 619 3113 674 Dei
3144 621 3431 676 audiamus

1841 710 1890 756 et
1916 701 2200 760 faciamus.

2279 804 2514 859 SERMO
2546 807 2638 860 DE
2669 805 2983 861 PECCATO

2247 917 2314 956 ΕΤ
2354 919 2597 957 (ΣΟΝΡΕΒΞ
2607 919 2735 958 IONE
2775 920 3023 958 PECCATI.

1911 1013 2133 1067 Duobus
2163 1015 2340 1070 modis
2389 1026 2674 1087 peceatum
2723 1017 3095 1083 committitur,
3137 1018 3193 1072 id
3226 1026 3309 1074 est
3337 1025 3432 1073 aut

1837 1115 2026 1155 amore
2087 1103 2413 1172 cupiditatis,
2478 1115 2567 1160 aut
2634 1114 2779 1160 metu
2849 1106 3074 1169 timoris,
3143 1106 3271 1160 dum
3344 1105 3431 1162 vel

1837 1190 2066 1259 quisque
2098 1194 2206 1247 vult
2238 1193 2472 1262 adipisci
2524 1193 2669 1266 quod
2718 1195 2884 1264 cupit,
2930 1197 3015 1249 vel
3059 1194 3216 1250 timet
3247 1211 3314 1249 ne
3341 1195 3430 1248 in-

1837 1286 2022 1331 currat
2075 1281 2220 1350 quod
2278 1281 2486 1336 metuit.
2544 1281 2788 1350 Quatuor
2845 1282 3034 1342 modis.
3077 1283 3431 1339 committitur

1839 1373 2120 1435 peccatum
2154 1367 2204 1422 in
2239 1371 2427 1436 corde,
2461 1380 2699 1441 quatuor
2721 1379 2771 1426 et
2798 1372 3207 1442 perpetraturin
3237 1387 3430 1442 opere.

1836 1453 2146 1510 Admittitur
2174 1456 2227 1511 in
2262 1457 2432 1513 corde
2464 1459 2819 1529 suggestione
2840 1459 3168 1528 daemonum,
3191 1459 3433 1516 delecta-

1835 1541 1979 1597 tione
2009 1544 2204 1611 carnis,
2262 1548 2626 1603 consensione
2683 1547 2898 1613 mentis,
2951 1547 3268 1604 defensione
3309 1550 3430 1604 ela-

1837 1630 2024 1685 tionis.
2065 1632 2435 1690 Committitur
2475 1636 2527 1690 in
2563 1651 2756 1707 opere,
2808 1651 2958 1692 nunc
3005 1635 3253 1703 latenter,
3285 1653 3430 1692 nunc

1833 1719 2036 1790 palam,
2069 1738 2211 1778 nunc
2243 1724 2660 1790 consuetudine,
2717 1741 2864 1781 nunc
2907 1725 3314 1796 desperatione.
3366 1730 3426 1783 In

1835 1809 1952 1862 istis
1984 1826 2116 1881 ergo
2172 1812 2433 1882 gradibus
2491 1821 2546 1867 et
2591 1813 2756 1868 corde
2785 1813 3133 1884 delinquitur,
3181 1823 3233 1868 et
3263 1829 3428 1884 opere

1842 1897 2046 1952 malitia
2077 1908 2439 1970 perpetratnr.
2468 1901 2662 1956 Tribus
2686 1902 2862 1956 modis
2889 1910 3168 1972 peccatum
3200 1903 3424 1974 geritur,

1832 1986 1935 2041 hoc
1963 1996 2046 2042 est
2079 1988 2402 2058 ignorantia,
2450 1989 2784 2056 inﬁrmitate,
2837 1991 3122 2058 industria,
3173 1992 3423 2062 periculo

1831 2084 2008 2130 autem
2041 2093 2318 2146 pusularum
2364 2079 2561 2133 diviso.
2609 2079 2936 2150 Ignorantia:
2976 2096 3230 2151 mamque
3260 2080 3422 2135 modo

1831 2165 2073 2233 peccavit
2102 2166 2153 2218 in
2214 2167 2464 2236 paradiso
2521 2169 2654 2234 Eva,
2716 2167 2858 2223 sicut
2903 2169 3198 2238 Apostolus
3244 2169 3422 2224 dicit:

1834 2275 1854 2298 ιι
1895 2253 1985 2306 Vir
2015 2269 2122 2307 non
2143 2263 2224 2308 est
2255 2255 2530 2319 seductus,
2565 2257 2662 2310 sed
2703 2257 2896 2310 mulier
2943 2257 3167 2312 seducta
3197 2257 3250 2311 in
3284 2274 3424 2328 pra:—

1829 2341 2161 2396 varicatione
2193 2343 2283 2397 fuit
2308 2345 2352 2408 (Ι
2386 2345 2519 2398 Tim.
2546 2348 2629 2412 ιι).
2655 2367 2676 2393 π
2702 2345 2985 2417 ErgogEva
3005 2347 3251 2416 peccavit
3270 2346 3425 2417 igno-

1829 2431 2016 2491 rantia,
2073 2431 2239 2485 Adam
2299 2431 2582 2498 industria,
2643 2435 2768 2505 quia
2825 2450 2932 2487 non
3007 2434 3262 2490 seductus
3326 2435 3423 2489 sed

1829 2519 2009 2572 sciens
2063 2521 2415 2592 prudensque
2474 2523 2743 2591 peccavit.
2803 2521 2907 2590 Qui
2957 2537 3088 2578 vero
3144 2523 3425 2578 seducitur

1827 2607 1969 2678 quod
2002 2609 2327 2675 consentiat,
2361 2609 2642 2665 evidenter
2685 2611 2924 2683 ignorat.
2979 2612 3057 2666 De
3107 2610 3423 2668 inﬁrmitate

1826 2705 2008 2750 autem
2042 2698 2233 2751 Petrus
2263 2698 2510 2769 deliquit,
2547 2700 2805 2770 quoniam
2837 2700 2904 2754 ad
2946 2708 3147 2755 metum
3179 2699 3424 2756 interro-

1825 2787 2006 2856 gantis
2037 2785 2250 2840 ancillae
2279 2786 2549 2841 Christum
2581 2789 2825 2859 negavit.
2875 2788 3110 2844 Gravius
3154 2794 3238 2844 est
3269 2789 3423 2844 inﬁr-

1824 2873 2010 2928 mitate
2041 2890 2198 2944 quam
2227 2874 2536 2946 ignorantia
2560 2891 2829 2946 quemque
2854 2875 3199 2947 delinquere,
3229 2878 3420 2945 cujus-

1823 2978 1928 3032 que
1960 2961 2221 3016 industria
2253 2979 2415 3032 quam
2474 2963 2783 3018 infirmitate
2833 2980 3086 3035 peccare.
3144 2966 3422 3020 [ndustria

1820 3066 2056 3122 namque
2085 3059 2268 3121 peccat
2301 3051 2390 3122 qui
2422 3052 2598 3107 studio
2655 3068 2720 3108 ac
2767 3053 3158 3109 deliberatiene
3217 3054 3416 3110 mentis

1819 3139 2020 3193 malum
2049 3139 2160 3210 agit
2193 3154 2205 3207 ;
2240 3139 2553 3195 inﬁrmitate
2608 3149 2788 3195 autem
2848 3142 2938 3213 qui
2985 3159 3118 3197 casu
3168 3143 3250 3198 vel
3283 3159 3420 3213 prae-

1739 3234 1787 3297 C
1817 3227 2129 3298 cipitatione
2159 3227 2440 3299 delinquit.
2474 3229 2718 3298 Nequius
2747 3238 2924 3284 autem
2944 3240 2999 3285 et
3056 3231 3126 3286 de
3158 3231 3420 3286 industria

1817 3324 2066 3386 peccant,
2133 3315 2224 3386 qui
2283 3332 2391 3370 non
2448 3316 2626 3371 solum
2681 3334 2788 3371 non
2844 3318 2983 3374 bene
3043 3319 3253 3387 vivunt,
3315 3321 3409 3376 sed

1816 3405 1993 3460 adhuc
2022 3413 2074 3459 et
2106 3405 2243 3459 bene
2274 3404 2539 3472 viventes,
2590 3405 2636 3460 si
2685 3415 2932 3475 possunt,
2977 3423 3007 3461 a
3065 3409 3295 3464 veritate
3325 3409 3414 3464 di-

1816 3502 2048 3549 vertunt.
2085 3494 2220 3547 Sunt
2251 3501 2305 3547 et
2335 3493 2424 3564 qui
2456 3494 2777 3564 ignorantes
2807 3504 3054 3565 peccant,
3090 3505 3142 3552 et
3173 3505 3293 3552 sunt
3321 3498 3413 3568 qui

1815 3582 2072 3637 scientes.
2115 3583 2250 3636 Sunt
2273 3582 2435 3636 etiam
2468 3581 2559 3654 qui
2601 3599 2700 3652 per
2743 3583 3067 3656 ignorantiae
3099 3587 3414 3642 excusatio-

1813 3683 1934 3720 nem
1968 3666 2108 3720 scire
2139 3666 2347 3728 nolunt,
2398 3675 2460 3720 ut
2509 3666 2685 3720 minus
2733 3668 3036 3738 culpabiles
3083 3669 3405 3727 habeantur.

1812 3755 1916 3824 Qui
1949 3763 2127 3809 tamen
2186 3754 2398 3824 scipsos
2452 3770 2559 3809 non
2613 3756 2861 3810 muniunt
2904 3757 3002 3810 sed
3054 3758 3230 3827 magis
3260 3759 3408 3815 deci-

1810 3845 1984 3914 piunt.
2020 3843 2247 3898 Nescire
2279 3843 2600 3914 simpliciter
2629 3845 2695 3898 ad
2735 3845 3093 3916 ignorantiam
3126 3847 3404 3916 pertinet;

1809 3934 2051 3988 noluisse
2083 3947 2210 3987 vero
2240 3933 2384 3988 scire
2413 3933 2479 3986 ad
2511 3941 2884 3987 contumacem
2919 3934 3259 4004 superbiam.
3302 3937 3403 3991 Vo-

1806 4021 2070 4076 luntatem
2103 4021 2306 4092 quippe
2337 4021 2607 4092 propriam
2640 4023 2810 4076 Deum
2845 4022 2984 4077 velle
3003 4022 3234 4089 nescire,
3255 4025 3400 4095 quod

1805 4120 1950 4175 aliud
1974 4127 2054 4174 est
2077 4135 2237 4190 quam
2257 4117 2395 4173 velle
2417 4119 2594 4173 Deum
2620 4118 2982 4189 superbiendo
3003 4128 3351 4176 contemnere
3368 4121 3398 4173 ?

1803 4220 1978 4273 Nemo
2007 4217 2169 4287 igitur
2200 4233 2258 4272 se
2290 4217 2358 4271 de
2411 4215 2716 4288 ignorantia
2771 4226 3014 4284 excuset,
3077 4219 3201 4289 quia
3247 4218 3393 4274 Deus

1801 4324 1908 4362 non
1942 4307 2118 4361 solum
2141 4322 2235 4361 eos
2261 4305 2471 4377 judicat
2502 4305 2593 4377 qui
2637 4320 2668 4359 a
2711 4304 3030 4377 cognitione
3068 4321 3166 4360 sua
3197 4323 3391 4362 rever-

1802 4411 1986 4458 tuntur
2022 4403 2117 4457 sed
2150 4403 2312 4458 etiam
2335 4402 2459 4457 illos
2505 4402 2592 4474 qui
2643 4402 2966 4458 nescierunt.
3002 4404 3126 4457 Haec
3156 4403 3224 4458 de
3253 4417 3389 4474 pec-

1798 4517 1943 4556 ca'o.
1979 4500 2119 4569 Quid
2151 4509 2328 4556 autem
2379 4501 2445 4556 de
2500 4499 2844 4556 confessione
2897 4501 3104 4570 peccati
3136 4501 3389 4557 doctores

97 4596 243 4655 beata
275 4619 479 4674 parens
509 4602 725 4672 Christi,
767 4620 882 4676 quae
910 4603 1051 4659 sicut
1091 4601 1306 4675 quidam
1350 4602 1424 4656 ait
1455 4620 1467 4656 :
1507 4625 1528 4649 ‹‹
1565 4601 1693 4656 Eni-
1721 4591 1774 4652 D
1805 4599 2056 4665 sentiant,
2089 4615 2238 4654 nunc
2259 4614 2479 4671 quoque
2507 4597 2794 4652 videndum
2825 4597 2952 4652 erit.

98 4709 168 4752 xa
197 4717 469 4775 puerpera
520 4703 748 4776 Regem,
798 4703 889 4775 qui
931 4701 1135 4758 coelum
1179 4710 1493 4774 terramque
1540 4703 1689 4755 tenet

96 4811 187 4867 per
212 4803 433 4859 saecula.
477 4825 498 4852 ο
537 4801 707 4873 Cujus
736 4817 936 4856 nomen
981 4809 1034 4856 et
1076 4809 1278 4857 mterno
1310 4800 1686 4872 complectens

99 4896 266 4951 omnia
295 4915 432 4972 gyro
463 4899 752 4970 imperium
782 4900 900 4955 sine
931 4899 1040 4954 ﬁne
1086 4907 1286 4956 manet.
1337 4898 1470 4968 Quae
1499 4905 1684 4954 ventre

99 4990 245 5052 beato
272 4999 476 5069 gaudia
507 4999 695 5053 matris
725 4999 930 5053 havens
959 5013 1076 5053 cum
1104 4997 1431 5070 virginitatis
1454 4997 1681 5058 honore,

99 5103 191 5146 nec
218 5095 449 5164 primam
482 5096 660 5151 simile
689 5097 807 5151 visa
836 5104 939 5164 est,
971 5110 1073 5151 nec
1101 5097 1304 5150 habere
1335 5103 1675 5166 sequentem.

165 5193 223 5243 At
249 5191 341 5248 ille
370 5194 508 5249 dixit
566 5212 580 5248 :
644 5217 666 5240 υ
727 5192 981 5262 Quinimo
1041 5210 1054 5248 :
1116 5193 1253 5248 beati
1310 5193 1401 5264 qui
1459 5192 1678 5246 audiunt

101 5287 308 5346 verbum
340 5292 440 5348 Dei
471 5296 527 5346 et
566 5291 875 5347 custodiunt
903 5291 1056 5346 illud.
1096 5315 1117 5338 η
1154 5290 1387 5347 Pulchre
1419 5291 1676 5345 Salvator

98 5387 408 5444 attestationi
465 5388 710 5444 mulieris
786 5389 992 5453 annuit,
1052 5405 1160 5444 non
1234 5397 1464 5443 matrem
1520 5404 1673 5443 suam

101 5483 456 5542 tantummodo
514 5501 846 5543 asseverans
905 5503 1028 5542 esse
1084 5488 1318 5553 beatam,
1367 5487 1464 5543 sed
1508 5488 1672 5542 etiam

104 5589 275 5636 omnes
300 5585 387 5655 qui
418 5601 480 5641 se
511 5585 752 5640 Verbum
804 5585 900 5640 Dei
945 5584 1128 5639 auditu
1176 5583 1302 5639 ﬁdei
1358 5586 1673 5655 concipiunt

107 5681 156 5728 et
179 5677 296 5735 boni
323 5684 506 5754 cperis
533 5683 781 5740 custodia
819 5700 938 5739 cum
978 5682 1030 5736 in
1082 5684 1247 5738 corde
1293 5683 1672 5753 proximorum

107 5775 296 5841 pariunt
347 5789 398 5839 et
457 5781 726 5837 nutriunt.
793 5781 912 5850 Qua
959 5781 1223 5836 sententia
1268 5781 1484 5837 Judaeos
1531 5782 1671 5837 clam

110 5879 333 5948 percutit,
406 5880 500 5956 qui
585 5879 771 5936 Filium
840 5879 941 5936 Dei
1025 5879 1295 5936 Christum
1380 5896 1502 5936 esse
1569 5895 1670 5935 ne-

1868 4704 2084 4760 Multam
2142 4705 2325 4776 itaque
2383 4705 2570 4759 dicunt
2626 4720 2747 4758 esse
2814 4702 3067 4757 malitiam
3125 4700 3380 4757 hominis.

1793 4804 1968 4857 Nemo
1998 4804 2217 4874 quando
2247 4805 2383 4857 male
2413 4817 2584 4874 agere
2604 4802 2732 4867 vult,
2758 4800 3127 4856 auctoritatem
3156 4801 3376 4871 quaerit.

1793 4901 2022 4970 Quando
2051 4901 2281 4954 dicimus
2339 4901 2648 4956 hominibus
2705 4908 2759 4954 ut
2816 4900 2953 4954 bona
2985 4891 3205 4966 faciant,
3240 4907 3292 4953 et
3324 4908 3380 4953 ut

1791 4998 2146 5055 conﬁteantur
2173 4999 2310 5053 mala
2340 5016 2461 5070 quae
2489 4997 2749 5065 fecerunt,
2782 4997 2963 5053 dicunt
3001 4997 3159 5051 nobis
3191 5013 3204 5050 :
3239 4997 3376 5052 Date

1789 5096 2188 5152 auctoritatem.
2248 5097 2381 5164 Quae
2428 5097 2704 5168 Scriptura
2758 5098 2862 5152 hoc
2903 5095 3063 5151 nobis
3105 5095 3369 5166 praecipit,

1786 5204 1838 5250 ut
1870 5194 2225 5251 conﬁteamur
2265 5202 2485 5265 peccata
2529 5203 2711 5249 nostra
2739 5197 2766 5249 ‘?
2809 5195 2865 5252 Si
2913 5211 3044 5267 ergo
3093 5194 3372 5265 Scriptura

1783 5301 2007 5364 peccata
2029 5291 2271 5348 conﬁteri
2306 5307 2412 5345 non
2456 5292 2722 5363 praecipit,
2767 5292 3092 5363 respondete
3135 5292 3296 5348 modo
3326 5290 3372 5346 si

1783 5389 2120 5460 Scripturam
2152 5386 2368 5443 habetis
2401 5405 2520 5459 quae
2551 5397 2778 5458 peccata
2824 5396 3005 5444 tacere
3047 5390 3262 5458 jubeat.
3314 5387 3369 5444 Si

1782 5504 1913 5561 ergo
1942 5486 2188 5543 conﬁteri
2219 5502 2327 5542 non
2356 5485 2532 5551 vultis,
2567 5503 2688 5541 cum
2711 5487 3084 5542 auctoritatem
3105 5487 3370 5544 conﬁten-

1781 5587 1835 5642 di
1868 5603 1971 5641 non
1996 5586 2223 5649 habetis,
2251 5599 2416 5655 quare
2443 5591 2620 5637 tacere
2646 5583 2824 5646 vultis,
2847 5599 2970 5638 cum
2991 5587 3368 5641 auctoritatem

1781 5683 1991 5739 tacendi
2021 5700 2129 5739 non
2161 5681 2391 5736 habetis.
2425 5682 2627 5735 Tamen
2660 5680 2786 5750 quia
2815 5681 3193 5737 auctoritatem
3219 5701 3368 5753 qum-

1782 5782 1916 5849 ritis,
1949 5780 2179 5852 accipite
2207 5779 2602 5835 auctoritatem.
2629 5776 2864 5848 AntiqUa
2884 5777 2968 5832 lex
3001 5789 3219 5850 peccata
3236 5797 3369 5836 con-

1783 5879 1928 5936 ﬁteri
1957 5881 2136 5954 jubet,
2156 5889 2207 5935 et
2227 5877 2471 5936 homines
2494 5876 2561 5932 ad
2583 5875 2898 5933 sacerdotes
2921 5878 3097 5947 mittit,
3127 5888 3178 5935 ut
3203 5879 3369 5935 conti-
