3924 6390
463 363 569 415 883

463 573 655 644 (Num.
684 578 761 638 v).
795 571 906 627 illic
926 585 1062 643 ergo
1107 566 1489 641 praevaricatio
1534 566 1674 638 legis
1717 564 2064 623 confessione

464 668 519 716 et
546 661 824 717 oblatione
877 659 1145 727 aboletur,
1189 657 1411 729 quando
1459 656 1643 712 adhuc
1696 656 1887 711 umbra
1915 655 2059 723 fuit;

466 756 524 805 et
550 749 729 805 adhuc
775 747 1049 804 confessio
1096 746 1339 803 criminis
1378 761 1597 814 pmnam
1642 746 1823 816 potius
1869 745 2063 800 timere

468 837 657 894 debuit
688 853 849 909 quam
880 835 1313 892 misericordiam
1346 843 1691 906 exspectare.
1731 833 1786 889 Si
1816 834 1936 889 haec
1964 849 2062 888 au-

466 926 691 983 ctoritas
721 941 828 982 non
850 922 1071 992 sufﬁcit,
1119 925 1300 979 audite
1339 923 1694 994 Scripturam,
1728 922 1855 977 alibi
1883 924 2063 977 mani-

464 1014 601 1071 feste
630 1015 907 1070 dicentem
941 1028 954 1068 :
985 1032 1005 1065 ι
1042 1012 1146 1083 Qui
1176 1013 1464 1068 abscondit
1492 1011 1699 1068 scelera
1731 1027 1827 1066 sua
1851 1026 1961 1067 non
1976 1011 2069 1081 ju-

462 1103 984 1169 stiﬁcabitur(Prov.
1009 1104 1224 1173 xxvm).
1261 1125 1284 1151 ιι
1319 1100 1462 1170 Quid
1506 1109 1590 1156 est
1634 1100 1780 1156 enim
1823 1101 2065 1156 abscon-

461 1192 616 1260 dere,
647 1191 752 1247 nisi
783 1198 968 1247 tacere
998 1199 1051 1247 et
1077 1188 1323 1247 conﬁteri
1352 1190 1518 1246 nolle.
1566 1191 1707 1245 Nam
1734 1188 1828 1261 qui
1858 1189 2067 1244 scelera

463 1296 563 1337 sua
587 1296 686 1352 per
709 1280 1108 1352 impudentiam
1137 1295 1305 1351 prave
1333 1280 1536 1353 agendi
1565 1278 1933 1341 manifestam,
1956 1293 2067 1334 non

456 1368 910 1439 justiﬁcationcm
940 1376 1243 1435 merentur,
1294 1369 1393 1423 sed
1433 1367 1861 1424 damnationem.
1894 1366 2069 1440 Igitur

459 1458 700 1531 tegenda
720 1464 850 1513 sunt
896 1458 1043 1513 mala
1086 1464 1348 1530 quantum
1394 1457 1630 1528 pertinet
1671 1456 1739 1512 ad
1772 1456 2066 1527 impuden-

457 1548 587 1603 tiam
618 1547 774 1619 pravi
803 1544 1014 1618 Operis,
1047 1553 1107 1601 et
1151 1546 1446 1602 revelanda
1484 1553 1609 1601 sunt
1659 1561 1759 1617 per
1784 1545 2065 1600 humilita-

456 1644 565 1692 tem
597 1635 983 1692 confessionis.
1021 1635 1192 1691 Vultis
1222 1635 1401 1692 adhuc
1422 1635 1566 1691 scire
1593 1634 1893 1705 periculum
1924 1634 2065 1689 taci-

451 1724 751 1791 turnitatis,
808 1732 862 1779 et
919 1723 1205 1780 utilitatem
1263 1722 1651 1780 confessionis.
1723 1746 1746 1772 α
1795 1722 2063 1791 Quoniam

1595 352 1940 410 WERNERI
1977 351 2270 409 ABBATIS
2309 350 2365 409 S.
2409 350 2628 408 BLASII

461 488 683 539 teantur
744 488 968 555 peccata
1031 495 1150 551 sua,
1214 485 1274 534 ut
1334 475 1731 551 indulgentiam
1791 476 2065 547 accipiant
2091 477 2149 539 Α

2865 492 3096 534 DIVISIO.

2243 646 2313 700 Ut
2350 643 2779 716 dispensationis
2819 644 2997 718 gratia
3042 645 3251 719 largius
3293 645 3771 718 multiplicaretur,

2174 734 2322 790 Deus
2379 734 2542 789 homo
2598 733 2870 799 homines,
2938 734 3030 806 qui
3095 735 3219 806 puri
3282 736 3530 792 homines
3591 744 3767 803 erant,

2172 822 2464 894 participes
2495 821 2617 878 fecit
2648 823 2926 892 potestatis
2954 839 3069 878 suae
3118 831 3175 879 ut
3217 824 3505 895 implerent
3530 823 3770 880 ofﬁcium

2173 911 2290 981 ejus
2318 911 2703 981 poenitentium
2741 910 3141 967 confessionem
3187 913 3550 984 suscipiendo,
3583 919 3636 968 et
3666 929 3772 984 po-

2177 1007 2428 1054 testatem
2459 1000 2582 1069 ejus
2612 1008 2931 1056 exercerent
2959 1001 3347 1071 paenitentibus
3377 1008 3431 1057 et
3458 1000 3770 1058 confitenti-

2177 1088 2280 1143 bus
2328 1098 2552 1160 peccata
2599 1087 2949 1145 remittendo.
3005 1112 3026 1137 ι
3063 1090 3326 1161 Accipite,
3361 1089 3554 1163 inquit,
3593 1090 3772 1162 Spiri-

2176 1186 2291 1234 tum
2321 1186 2569 1234 sanctum
2603 1193 2618 1231 :
2650 1193 2882 1251 quorum
2926 1178 3244 1234 remiseritis
3282 1188 3501 1251 peccata
3531 1195 3545 1235 :
3579 1180 3772 1235 remit-

2176 1273 2363 1322 tuntur
2408 1266 2509 1333 eis,
2569 1275 2621 1322 et
2676 1281 2912 1338 quorum
2968 1267 3298 1324 retiuueritis
3353 1276 3557 1324 retenta
3609 1277 3775 1323 erunt

2177 1356 2361 1429 (Joan.
2400 1356 2517 1427 xx).
2555 1379 2576 1404 η
2632 1356 2785 1427 Ergo
2829 1356 3079 1411 Christus
3118 1356 3283 1412 homo
3330 1355 3605 1427 discipulis
3630 1356 3768 1425 suis,

2174 1443 2347 1500 vieem
2375 1444 2493 1514 ejus
2521 1444 2814 1516 agentibus
2834 1444 2888 1498 in
2921 1451 3086 1509 terra,
3120 1452 3441 1516 potestatem
3468 1445 3616 1500 dedit
3674 1444 3768 1500 di-

2174 1532 2419 1588 mittendi
2458 1541 2702 1605 peccata.
2761 1532 2870 1589 Sed
2920 1533 3057 1590 dicis
3102 1532 3396 1589 fortassis:
3432 1532 3614 1602 Quare
3658 1548 3769 1588 non

2174 1621 2424 1678 similiter
2454 1620 2700 1677 Christus
2729 1631 3060 1693 praeceptum
3100 1622 3251 1677 dedit
3297 1623 3603 1677 hominibus
3629 1638 3770 1694 pec-

2171 1722 2290 1768 cata
2318 1726 2417 1766 sua
2445 1708 2758 1777 conﬁtendi,
2800 1710 2944 1767 sicut
2982 1711 3266 1782 discipulis
3298 1719 3617 1783 potestatem
3658 1711 3764 1767 de-

451 1814 617 1881 tacui,
653 1836 676 1859 ι
712 1811 891 1885 inquit
923 1812 1212 1868 Psalmista
1246 1834 1269 1865 ι
1303 1813 1891 1869 inveteraveruntossa
1920 1826 2062 1879 mea,
2096 1838 2149 1898 B
2281 1797 2647 1898 cgnﬁtemium
2663 1808 2890 1898 Ρεβθθιθέ
2904 1799 3256 1898 βίωίίίεηάίῗ
3281 1801 3418 1857 Αυῶ
3438 1816 3610 1872 quam
3632 1818 3648 1855 ³
3672 1814 3769 1898 νοτ

446 1902 577 1958 dum
606 1901 906 1958 clamarem
937 1910 1054 1959 tota
1083 1902 1173 1958 die
1217 1903 1395 1973 (Paul.
1430 1904 1607 1973 xxxx).
1648 1925 1669 1950 ι
1720 1903 1787 1958 Et
1816 1902 2012 1957 iterum
2046 1927 2063 1965 ε

453 2014 475 2039 ιι
510 1990 783 2048 Delictum
812 2006 999 2047 meum
1028 1991 1309 2064 cognitum
1359 1990 1458 2046 tibi
1488 1991 1611 2057 feci,
1652 1997 1707 2046 et
1743 1990 2064 2060 injustitiam

447 2094 631 2136 meam
658 2094 774 2135 non
810 2079 1097 2137 abscondi.
1154 2080 1284 2135 Dixi
1340 2095 1352 2135 :
1404 2077 1720 2136 Conﬁtebor
1771 2080 2065 2135 adversum

446 2185 539 2225 me
568 2168 898 2238 injustitiam
929 2167 1187 2238 Domino,
1223 2177 1278 2225 et
1316 2174 1377 2224 tu
1423 2169 1683 2225 remisisti
1727 2168 2061 2239 impietatem

450 2273 636 2315 meam
680 2258 895 2330 peccati
941 2256 1051 2314 mei
1095 2258 1300 2329 (ibid.).
1347 2281 1369 2307 ι
1422 2257 1556 2314 Vide
1602 2272 1741 2331 ergo
1779 2261 1835 2313 et
1874 2257 2061 2313 consi-

448 2347 580 2404 dera
612 2361 628 2402 :
661 2346 709 2401 si
738 2354 892 2403 taces
920 2356 1146 2418 peccata
1176 2354 1294 2414 tua,
1329 2345 1734 2411 iuveterantur;
1764 2353 1819 2402 et
1847 2345 1894 2401 si
1933 2361 2063 2402 con-

445 2434 643 2505 ﬁteris,
675 2435 1081 2492 condonantur.
1138 2435 1249 2492 Sed
1292 2435 1435 2493 dicis
1466 2450 1481 2490 :
1514 2437 1660 2492 Ecce
1707 2435 1831 2491 dico
1868 2449 2062 2507 pecca-

445 2532 561 2580 tum
589 2540 791 2591 meum,
828 2525 929 2580 sed
973 2526 1111 2594 Deo,
1159 2540 1271 2580 non
1318 2524 1548 2580 homini.
1597 2524 1935 2597 Scripturam
1963 2539 2057 2580 se-

450 2630 613 2687 quor.
662 2614 765 2669 Illa
817 2612 950 2668 mihi
1005 2613 1138 2671 dicit
1189 2620 1250 2670 ut
1301 2614 1417 2670 Deo
1459 2613 1722 2670 conﬁtear
1773 2625 2058 2684 peccatum

449 2718 656 2769 meum,
688 2717 802 2759 non
827 2718 917 2759 me
945 2703 1016 2757 ad
1072 2702 1348 2759 hominem
1405 2702 1566 2757 mittit
1606 2719 1620 2758 :
1662 2702 1717 2757 in
1764 2718 1874 2775 quo
1905 2703 2054 2758 salus

446 2808 559 2848 non
591 2797 696 2859 est,
728 2791 827 2846 sed
870 2789 1001 2848 illuc
1056 2792 1223 2846 trahit
1250 2790 1675 2858 confessionem,
1725 2791 1871 2847 unde
1917 2807 2053 2863 pro-

447 2880 615 2937 mittit
645 2879 1027 2936 remissionem
1059 2897 1073 2934 :
1119 2901 1142 2929 ιι
1177 2880 1302 2935 Dixi
1352 2896 1367 2935 :
1417 2878 1732 2936 Conﬁtebor
1758 2880 2053 2937 adversum

445 2985 535 3026 me
563 2968 888 3040 injustitiam
931 2984 1111 3025 meam
1162 2970 1421 3037 Domino,
1473 2977 1527 3025 et
1569 2978 1626 3024 tu
1656 2970 1914 3026 remisisti
1943 2970 2050 3025 im-

445 3059 708 3131 pietatem
738 3058 949 3130 peccati
979 3058 1107 3113 mei.
1135 3080 1158 3108 ι
1178 3057 1322 3128 Quid
1351 3057 1476 3115 facit
1495 3058 1660 3115 homo
1678 3058 1708 3113 ?
1737 3058 1883 3114 Audi
1904 3060 2050 3131 quod

445 3148 602 3205 facit.
639 3148 837 3204 Nonne
866 3147 961 3203 ille
1008 3147 1174 3203 homo
1220 3147 1339 3215 fuit,
1388 3147 1481 3219 qui
1523 3148 1703 3204 dixit:
1741 3172 1764 3198 ι
1799 3148 1921 3211 Fili.
1960 3148 2049 3204 di-

443 3237 732 3293 mittuntur
761 3236 855 3291 tibi
884 3244 1118 3308 peccata
1159 3244 1254 3292 tua
1286 3237 1508 3307 (Matth.
1541 3238 1653 3308 ix).
1691 3260 1713 3286 ιι
1747 3238 1821 3293 Et
1867 3253 2057 3295 verum

445 3334 549 3394 est,
581 3325 711 3398 quia
739 3325 830 3381 ille
862 3327 1026 3382 homo
1059 3324 1160 3381 fuit
1188 3324 1285 3398 qui
1331 3326 1435 3382 hoc
1466 3326 1619 3380 dixit.
1669 3327 1733 3381 Et
1762 3334 2057 3398 propterea

445 3416 539 3489 qui
570 3414 725 3471 illum
756 3414 1035 3471 hominem
1057 3429 1181 3470 esse
1219 3414 1482 3483 viderunt,
1528 3416 1710 3471 Deum
1738 3423 1917 3471 autem
1946 3432 2055 3472 non

445 3511 848 3577 cognoverunt,
899 3511 1380 3559 murmuraverunt
1435 3504 1581 3560 inter
1626 3520 1688 3560 se
1747 3505 1993 3561 dicentes
2040 3520 2053 3559 :

452 3615 473 3644 ι
509 3592 648 3664 Quis
673 3601 758 3648 est
787 3592 876 3649 hic
903 3592 996 3665 qui
1023 3594 1188 3648 etiam
1235 3599 1466 3664 peccata
1512 3592 1781 3649 dimittit?
1809 3594 1990 3665 (ibid).
2028 3619 2051 3645 ι

447 3700 706 3757 Sciebant
736 3699 881 3755 enim
912 3698 1041 3773 quia
1069 3708 1300 3771 peccata
1335 3698 1613 3755 dimittere
1656 3700 1757 3756 Dei
1787 3710 1923 3769 erat,
1956 3702 2058 3758 sed

445 3797 763 3856 nesciebant
793 3797 921 3870 quia
960 3796 1109 3871 quod
1146 3798 1245 3853 Dei
1295 3804 1432 3865 erat,
1482 3798 1648 3855 homo
1694 3814 1727 3854 a
1757 3799 1873 3855 Deo
1902 3816 2060 3857 acce-

442 3904 619 3970 perat.
653 3897 721 3953 Et
750 3896 844 3952 ille
874 3895 1094 3969 quidem
1123 3895 1290 3951 homo
1339 3895 1485 3968 quod
1526 3896 1783 3964 habebat,
1817 3896 2051 3970 inquan-

443 4002 558 4051 tum
587 3995 751 4051 homo
779 4000 919 4058 erat,
962 3992 1089 4050 ideo
1134 3993 1389 4061 habebat,
1440 3993 1570 4065 quia
1603 4002 1895 4066 acceperat
1922 4012 1939 4061 ;
1972 3994 2054 4050 in—

442 4101 707 4166 quantum
737 4107 872 4148 vero
900 4092 1050 4148 Deus
1080 4098 1195 4147 erat
1237 4091 1423 4162 homo,
1472 4090 1619 4148 idem
1664 4091 1844 4163 ipsum
1874 4092 2050 4149 habe-

439 4192 556 4262 bat,
588 4200 642 4248 et
670 4206 779 4247 non
808 4198 1126 4264 acceperat.
1165 4191 1458 4262 Propterea
1497 4198 1674 4246 autem
1706 4190 1873 4247 voluit
1898 4191 2049 4248 acci-

440 4304 577 4362 pere
606 4287 906 4360 aliquando
934 4288 990 4344 in
1021 4288 1361 4345 humanitate
1407 4287 1556 4361 quod
1597 4303 1815 4360 semper
1859 4289 2050 4346 habuit

442 4388 741 4455 indeitate,
804 4393 863 4442 ut
913 4403 944 4443 e
992 4386 1174 4444 vicino
1217 4386 1428 4444 homini
1473 4386 1937 4460 appropinquaret
1990 4388 2047 4444 in

441 4502 510 4543 eo
525 4485 674 4558 quod
688 4484 928 4542 hominis
957 4491 1077 4541 erat
1099 4501 1113 4542 :
1138 4494 1190 4542 et
1209 4486 1265 4541 in
1281 4500 1346 4542 eo
1363 4486 1484 4557 ipso
1508 4484 1653 4559 quod
1682 4484 1918 4541 hominis
1932 4494 2050 4541 erat

2176 1889 2275 1945 luit
2297 1889 2565 1955 Christus,
2584 1897 2643 1943 ut
2668 1904 2699 1943 a
2737 1888 3020 1961 temetipso
3058 1904 3341 1960 surgeres,
3372 1897 3428 1945 ut
3472 1905 3581 1946 non
3608 1889 3763 1959 quasi

2173 1986 2380 2035 extorta
2413 1977 2499 2036 vel
2539 1985 2727 2034 coacta
2777 1977 3049 2034 videretur
3090 1977 3363 2035 confessio
3407 1987 3510 2035 tua.
3553 1978 3761 2035 Idcirco

2173 2069 2323 2140 quod
2351 2067 2422 2122 ad
2452 2083 2510 2122 se
2544 2065 2802 2137 pertinuit
2855 2064 3098 2123 ofﬁcium
3140 2083 3297 2123 suum
3336 2066 3611 2139 discipulis
3648 2067 3763 2123 suis

2170 2155 2544 2228 peragendum
2569 2155 2820 2225 injunxit,
2853 2162 2909 2210 ut
2938 2155 3277 2213 medicorum
3304 2172 3457 2212 more
3483 2172 3665 2230 aegros
3690 2157 3762 2212 ad

2170 2261 2232 2301 se
2261 2244 2552 2301 venientes
2580 2243 2900 2315 exciperent
2928 2253 2982 2301 et
3013 2252 3285 2302 sanarent.
3310 2245 3535 2302 Medicis
3556 2244 3689 2301 dixit
3708 2252 3765 2301 ut

2168 2342 2443 2402 curarent,
2477 2333 2576 2389 sed
2606 2332 2834 2389 inﬁrmis
2863 2349 2974 2389 non
3015 2332 3150 2389 dixit
3196 2341 3253 2389 ut
3281 2333 3351 2390 ad
3390 2333 3634 2390 medicos
3661 2351 3765 2391 cu-

2168 2422 2328 2478 randi
2359 2420 2637 2478 venirent.
2676 2423 2790 2478 Hoc
2817 2422 2970 2494 quasi
3000 2430 3203 2478 certum
3234 2438 3358 2478 esse
3385 2422 3568 2489 voluit,
3612 2422 3762 2496 quod

2167 2511 2304 2584 agri
2336 2511 2575 2567 libenter
2630 2510 2865 2567 salutem
2912 2520 3238 2583 quaererent,
3290 2520 3342 2567 et
3395 2528 3455 2567 se
3491 2512 3762 2569 curandos

2166 2600 2443 2667 offerrent,
2505 2600 2552 2655 si
2602 2601 2847 2656 medicos
2898 2590 3221 2656 invenirent.
3276 2602 3573 2673 Propterea
3617 2603 3762 2658 solos

2168 2685 2413 2741 medicos
2443 2685 2670 2741 monuit.
2704 2684 2996 2741 Inﬁrmum
3023 2685 3169 2741 enim
3208 2701 3337 2740 suus
3364 2685 3583 2742 morbus
3612 2686 3761 2742 sufﬁ-

2169 2775 2375 2832 cienter
2404 2774 2661 2831 admonet
2689 2790 2868 2846 neque
2917 2788 3057 2846 Opus
3106 2782 3382 2848 praecepto
3420 2775 3543 2843 hoc,
3579 2776 3621 2830 si
3656 2776 3760 2831 do-

2166 2864 2265 2920 let.
2305 2865 2508 2919 Tamen
2540 2864 2650 2934 ipsi
2681 2863 2880 2920 medici
2929 2871 3141 2935 postea,
3185 2863 3309 2937 quia
3337 2863 3677 2938 negligentes
3706 2864 3757 2920 in

2165 2953 2443 3010 curatione
2501 2969 2597 3008 sua
2652 2968 2836 3026 aegros
2874 2954 3225 3024 invenerunt,
3285 2968 3379 3009 eos
3418 2955 3486 3009 ad
3532 2954 3757 3010 salutem

2168 3039 2520 3111 quaerendam
2551 3047 2603 3093 et
2632 3037 3003 3094 admonitione
3033 3053 3131 3093 sua
3159 3037 3527 3095 excitaverunt
3546 3047 3597 3095 et
3625 3054 3759 3110 pra-

2170 3135 2327 3200 cepto
2357 3134 2726 3183 attraxerunt.
2784 3148 2805 3179 α
2844 3126 3209 3195 Conﬁtemini,
3268 3127 3438 3200 inquit
3484 3127 3757 3200 apostolus

2085 3204 2135 3269 C
2164 3217 2426 3284 Jacobus,
2457 3218 2776 3272 alterutrum
2807 3225 3031 3288 peccata
3057 3224 3260 3285 vestra,
3281 3224 3336 3272 et
3365 3225 3517 3273 orate
3545 3234 3643 3289 pro
3672 3217 3756 3273 in-

2164 3308 2342 3363 vicem
2374 3315 2431 3361 ut
2460 3306 2745 3363 salvemini
2775 3308 2914 3373 (Jac.
2942 3308 3015 3376 v).
3055 3329 3077 3356 υ
3111 3305 3252 3376 Quid
3290 3314 3373 3363 est
3401 3306 3759 3363 alterutrum?

2164 3396 2220 3452 id
2248 3403 2332 3451 est
2361 3396 2505 3452 alter
2534 3396 2708 3464 alteri,
2744 3396 2909 3451 homo
2958 3395 3184 3451 homini.
3224 3397 3346 3451 Non
3398 3397 3568 3451 solum
3598 3396 3757 3452 homo

2164 3487 2303 3553 Deo,
2349 3486 2486 3542 sicut
2515 3501 2682 3540 verus
2728 3485 2819 3540 ille
2859 3483 3144 3542 confessor
3171 3484 3247 3539 ait
3278 3505 3289 3541 :
3327 3507 3349 3534 ο
3388 3485 3509 3540 Dixi
3538 3483 3757 3542 conﬁte-

2167 3575 2269 3630 bor
2298 3575 2592 3631 adversum
2617 3591 2702 3630 me
2718 3573 3035 3644 iniustitiam
3059 3587 3239 3630 meam
3270 3574 3661 3640 Domin’o,etc.i
3680 3576 3756 3631 Tu

2165 3664 2426 3719 remisisti
2454 3664 2784 3735 impietatem
2815 3660 3029 3735 peccati
3058 3663 3188 3729 mei,
3221 3664 3429 3720 scilicet
3456 3665 3614 3719 homo
3652 3663 3754 3719 ho-

2166 3752 2298 3807 mini
2327 3760 2553 3824 propter
2582 3754 2777 3808 Deum.
2829 3753 2951 3807 Plus
2994 3752 3141 3807 enim
3188 3751 3318 3810 facit
3353 3751 3443 3825 qui
3473 3768 3632 3808 servo
3660 3753 3756 3807 hu-

2167 3842 2402 3897 miliatur
2420 3850 2641 3912 pr0pter
2669 3842 2842 3898 Deum
2874 3856 3038 3913 quam
3086 3841 3179 3912 qui
3223 3840 3326 3913 ipsi
3355 3842 3470 3898 Deo
3506 3841 3752 3897 humilia-

2163 3940 2273 3987 tur.
2319 3933 2613 4002 Pr0pterea
2639 3954 2661 3979 ‹‹
2698 3928 3041 3986 Conﬁtemini
3065 3930 3385 3985 alterutrum
3416 3938 3638 4001 peccata
3666 3947 3753 3986 ve-

2161 4030 2294 4076 stra.
2333 4043 2355 4070 »
2391 4019 2532 4090 Quid
2562 4027 2645 4075 est
2673 4020 2990 4075 alterutrum
3021 4019 3049 4074 ?
3078 4019 3205 4074 Non
3243 4026 3425 4075 tamen
3465 4019 3751 4091 unusquis-

2160 4125 2267 4183 que
2307 4110 2617 4181 unicuique,
2678 4108 2776 4163 sed
2817 4108 3153 4175 alterutrum,
3209 4108 3314 4165 hoc
3351 4116 3435 4165 est
3469 4108 3610 4164 inter
3654 4123 3745 4164 vos

2158 4198 2409 4254 homines
2440 4197 2768 4262 hominibus,
2800 4212 2933 4253 oves
2978 4197 3309 4268 pastoribus,
3358 4197 3586 4266 subjecti
3614 4212 3743 4267 pra.

2159 4288 2321 4356 latis;
2355 4288 2410 4342 hi
2439 4288 2530 4361 qui
2561 4296 2777 4359 peccata
2806 4286 3014 4343 habent
3043 4287 3126 4341 his
3166 4286 3260 4359 qui
3312 4294 3536 4358 peccata
3564 4286 3743 4342 dimit-

2159 4386 2274 4435 tere
2320 4385 2643 4450 potestatem
2702 4374 2930 4432 habent.
2987 4375 3236 4432 Debitum
3281 4376 3499 4448 quidem
3553 4383 3665 4432 erat
3690 4383 3745 4431 ut

2158 4467 2565 4524 confessionem
2611 4464 2811 4522 facturi
2849 4465 2917 4520 ad
2964 4465 3117 4520 illum
3158 4464 3311 4520 iretis
3358 4466 3448 4537 qui
3478 4472 3561 4521 est
3586 4480 3744 4536 super

435 4554 644 4640 homini
673 4583 963 4639 exhiberet
991 4583 1139 4655 quod
1167 4583 1273 4640 Dei
1301 4554 1437 4639 erat.
1461 4554 1621 4640 In'eo
1646 4598 1879 4656 namque
1900 4583 2046 4655 quod
2073 4569 2126 4630 D
2160 4558 2450 4656 V°§j_N‘m‘_’
2466 4554 3164 4656 autem’_Pr°{“4"'§e°‘iw
3183 4554 3740 4656 difP°°““2P¢»°9“:

438 4681 682 4738 hominis
712 4690 829 4738 erat
859 4679 1204 4749 familiarius,
1226 4682 1432 4738 homini
1464 4682 1819 4754 jungebatur
1849 4700 1863 4747 ;
1892 4680 1949 4736 in
1978 4697 2046 4738 eo

434 4796 569 4838 vero
600 4781 747 4853 quod
776 4780 877 4837 Dei
905 4788 1023 4837 erat
1051 4780 1326 4852 potentius
1353 4780 1406 4836 in
1440 4780 1659 4836 homine
1689 4779 2041 4851 operabatur.

435 4877 731 4949 Propterea
758 4876 895 4935 dixit
926 4895 940 4933 :
981 4898 1002 4927 α
1031 4878 1100 4934 Ut
1128 4877 1320 4933 sciatis
1350 4877 1478 4949 quia
1510 4876 1679 4932 Filius
1695 4876 1931 4933 hominis
1952 4877 2047 4931 ha‘

433 4976 528 5033 bet
557 4984 909 5049 protestatem
938 4977 995 5032 in
1025 4984 1171 5033 terra
1199 4975 1509 5032 dimittendi
1529 4983 1778 5047 peccata,
1805 4984 1939 5033 tunc
1968 4976 2047 5031 ait

434 5073 736 5149 paralytico
771 5089 785 5131 :
817 5074 1001 5149 Surge
1031 5081 1081 5130 et
1111 5073 1331 5131 ambula
1351 5074 1551 5147 (ibid).
1589 5096 1612 5123 ››
1634 5073 1881 5131 Ostendit
1898 5075 2046 5147 quod

436 5173 622 5233 videre
638 5180 916 5248 poterant,
937 5180 994 5230 ut
1012 5188 1116 5245 per
1137 5172 1242 5230 hoc
1262 5172 1554 5231 crederent
1569 5172 1717 5245 quod
1739 5172 1921 5230 videre
1937 5188 2046 5229 non

434 5280 707 5344 poterant.
741 5273 972 5345 Propter
1000 5272 1107 5328 hoc
1149 5286 1286 5343 ergo
1332 5272 1483 5329 Deus
1526 5271 1702 5328 factus
1748 5278 1831 5328 est
1857 5271 2045 5339 homo,

435 5380 494 5427 ut
520 5388 586 5428 se
613 5373 683 5428 ad
741 5371 1207 5430 confabulaodum
1253 5370 1459 5427 homini
1506 5370 1820 5442 proximum
1866 5386 1930 5425 ac
1972 5369 2047 5426 Ia-

436 5468 705 5525 miliarem
762 5469 1065 5536 exhiberet,
1106 5477 1165 5527 ut
1210 5470 1268 5526 in
1315 5486 1420 5525 una
1449 5469 1751 5541 cademque
1806 5483 2047 5540 persona

439 5574 496 5623 et
524 5584 683 5624 suum
711 5584 888 5641 genus
920 5569 1089 5626 homo
1119 5570 1388 5627 inveniret
1417 5569 1505 5628 cui
1534 5568 1855 5626 ﬁducialiter
1886 5565 2038 5623 inﬁr-

437 5668 680 5724 mitatem
709 5684 865 5725 suam
896 5670 1204 5737 revelaret,
1237 5678 1292 5727 et
1332 5686 1499 5742 supra
1542 5667 1815 5726 hominem
1866 5668 2043 5722 Deum

436 5764 667 5821 credens
695 5764 765 5821 de
792 5774 1020 5837 accepta
1061 5767 1128 5820 ah
1176 5766 1271 5822 illo
1318 5765 1641 5822 remissione
1687 5772 2039 5837 peccatorum

437 5872 659 5918 suorum
687 5876 799 5919 non
830 5860 1125 5918 difﬁderet.

2151 4645 2363 4702 ceditur
2392 4653 2447 4701 ut
2493 4653 2715 4713 peccata
2761 4643 2832 4698 ad
2885 4642 3117 4699 invicem
3175 4642 3330 4698 vobis
3385 4640 3737 4699 conﬁteamini

2154 4736 2297 4791 inter
2326 4750 2442 4791 vos.
2468 4736 2564 4790 Ille
2592 4732 2814 4807 quidem
2850 4732 2942 4804 qui
2981 4732 3132 4788 solus
3158 4731 3567 4788 confessionem
3596 4733 3737 4787 acci-

2154 4826 2309 4897 peret
2337 4821 2739 4879 confessionem
2787 4838 2895 4877 non
2938 4821 3161 4889 faceret,
3202 4820 3329 4893 quia
3381 4828 3603 4892 peccata
3654 4836 3753 4875 non

2156 4932 2399 4987 haberet.
2455 4930 2519 4985 IT:
2565 4937 2746 4985 autem
2804 4928 2897 5001 qui
2956 4934 3301 5000 peccatorum
3351 4926 3738 4983 confessionem

2155 5033 2449 5106 accipiunt,
2484 5041 2536 5088 et
2579 5030 2962 5089 conﬁtentibus
3012 5036 3237 5102 peccata
3291 5045 3391 5085 sua
3454 5028 3734 5099 dimittunt,

2154 5159 2384 5200 necesse
2410 5141 2613 5197 habent
2635 5147 2760 5195 utet
2781 5140 2885 5209 ipsi
2906 5144 3137 5217 peccata
3165 5153 3266 5193 sua
3294 5135 3743 5217 confiteantur,ut

2155 5249 2543 5324 paenitentibus
2559 5252 2615 5303 et
2630 5229 3014 5304 conﬁtentibus
3036 5251 3262 5318 peccata
3280 5258 3381 5300 sua
3399 5242 3738 5299 dimittantur.

2228 5368 2529 5439 Pr0pterea
2559 5379 2694 5435 ergo
2714 5361 3055 5419 conﬁtemini
3084 5361 3398 5418 alterutrum
3421 5368 3642 5433 peccata
3659 5376 3740 5418 ve-

2154 5474 2273 5523 stra
2302 5474 2355 5521 et
2382 5472 2539 5521 orate
2573 5479 2675 5536 pro
2701 5462 2960 5520 invicem.
3009 5460 3092 5517 Ad
3123 5460 3299 5533 quid?
3326 5461 3394 5517 Ut
3421 5459 3694 5516 salvemini
3722 5477 3734 5514 :

2153 5564 2486 5623 confitemini
2531 5571 2590 5619 ut
2642 5560 2945 5618 salvemini.
2989 5558 3133 5629 Quid
3180 5564 3266 5615 est
3312 5556 3642 5616 conﬁtemini
3686 5565 3737 5612 ut

2153 5662 2439 5721 salvemini
2465 5672 2494 5721 τ
2524 5662 2640 5717 Hoc
2656 5668 2736 5714 est
2767 5675 2875 5716 non
2894 5657 3203 5724 salvemini.
3226 5657 3333 5713 nisi
3354 5654 3732 5714 conﬁteamini.

2152 5764 2280 5818 Ilaec
2311 5759 2561 5818 fortassis
2590 5761 2648 5813 tu
2689 5756 2878 5813 audire
2908 5754 3148 5826 noluisti,
3186 5754 3278 5828 qui
3315 5753 3554 5811 latebras
3591 5769 3729 5825 quas-

2149 5859 2228 5916 ris
2290 5867 2345 5916 et
2400 5855 2693 5916 abscondis
2748 5854 2959 5913 scelera
3020 5861 3109 5910 tua
3172 5861 3225 5909 ut
3283 5867 3395 5909 non
3444 5849 3733 5922 justiﬁesris
