3924 6416
163 369 254 426 885
1155 387 1731 451 DEFLORATIONES
1768 393 1869 451 ss.

1910 393 2205 455 PATRUM.
2244 427 2318 439 —
2352 397 2480 455 LIB.
2522 400 2570 456 Ι.
3412 407 3515 461 886

159 492 271 554 Non
297 498 407 560 tibi
437 505 658 577 placet
672 511 832 584 quod
866 513 1061 571 dicitur
1087 514 1212 587 quia
1239 516 1293 572 hi
1324 518 1414 587 qui
1461 517 1647 574 nolunt
1695 532 1821 574 con-
1847 516 1902 580 Α
1932 518 2052 577 liter
2076 539 2197 578 cum
2228 523 2420 582 dicitur
2444 526 2537 581 tibi
2572 546 2585 583 :
2644 526 2703 583 Si
2757 527 2962 584 homini
3016 526 3287 586 erubescis
3340 528 3518 585 dicere

158 591 285 686 ﬁteri
336 614 596 672 peccata
645 626 759 665 sua
816 611 1012 667 salvari
1070 629 1176 668 non
1230 622 1472 686 possunt.
1528 616 1819 686 Propterea

162 683 405 746 fortassis
473 699 728 753 conaris
779 701 851 754 ad
906 701 1051 755 aliud
1106 683 1306 757 dictum
1363 704 1587 775 apostoli
1637 683 1817 759 intor-

164 790 349 848 quere,
414 791 482 837 ut
556 785 919 860 intelligatur
978 789 1352 845 conﬁtentibus
1417 792 1632 859 quidem
1694 808 1817 861 pro—

166 867 377 925 misisse
412 873 838 945 salvationem,
892 886 1071 935 tamen
1118 895 1224 933 non
1278 877 1654 934 conﬁtentibus
1710 896 1817 935 non

170 973 407 1030 negasse
426 962 921 1030 iustificationem.
946 967 1080 1021 Audi
1112 983 1262 1035 ergo.
1298 968 1621 1040 Augustinus
1638 969 1765 1023 dicit
1798 984 1809 1020 :

181 1070 204 1096 σι
227 1049 359 1103 Non
394 1059 587 1123 potest
623 1054 754 1124 quis
785 1054 1063 1123 iustiﬁcari
1095 1071 1126 1110 a
1152 1064 1371 1127 peccato
1412 1057 1509 1110 nisi
1540 1056 1815 1112 confessus

179 1145 348 1201 fuerit
377 1156 508 1204 ante
540 1160 857 1221 peccatum.
895 1174 919 1200 η
959 1154 1113 1219 Item,
1164 1154 1307 1207 Beda
1354 1153 1404 1207 in
1454 1153 1643 1207 eadem
1691 1154 1811 1224 epi-

184 1236 331 1291 stola
351 1237 572 1304 Jacobi,
606 1240 679 1294 de
724 1257 833 1310 qua
884 1241 1129 1309 superius
1176 1240 1539 1296 testimonium
1576 1242 1812 1311 sumpsi-

184 1341 317 1380 mus
341 1344 356 1380 :
385 1348 410 1375 οι
436 1326 572 1382 Sine
593 1328 958 1395 confessione,
984 1329 1171 1399 inquit,
1192 1337 1462 1398 nequeunt
1479 1329 1669 1383 dimitti
1690 1346 1815 1399 pec-

191 1422 344 1470 cata.
374 1437 396 1463 ιι
433 1415 492 1470 Si
524 1416 583 1471 in
618 1418 726 1472 hoc
761 1417 855 1472 illa
882 1417 1132 1472 discretio
1161 1434 1275 1471 esse
1304 1417 1513 1484 dicitur,
1545 1425 1602 1472 ut
1631 1418 1812 1487 quoti-

186 1503 371 1559 diana
392 1504 650 1575 leviaque
664 1513 888 1575 peccata
905 1507 1213 1560 alterutrum
1234 1507 1597 1576 coaequalibus
1635 1505 1810 1561 conﬁ-

188 1599 443 1659 teamur,
466 1600 523 1648 ut
543 1594 882 1649 orationibus
901 1594 1131 1649 invicem
1166 1595 1453 1649 salvemur.
1491 1596 1655 1649 Porro
1678 1610 1808 1666 gra-

184 1692 378 1747 vioris
418 1692 585 1763 lepra
645 1692 1049 1753 immunditiam
1096 1692 1358 1750 sacerdoti
1407 1693 1705 1764 pendamus
1760 1701 1811 1747 et

180 1780 264 1837 ad
298 1781 429 1851 ejus
458 1782 740 1837 arbitrium
764 1780 1041 1852 justiﬁcari
1072 1798 1337 1837 curemus.
1376 1805 1397 1829 υ
1438 1782 1620 1836 Videte
1668 1797 1809 1851 quo-

176 1871 376 1926 modo
432 1870 767 1926 concordant
820 1870 1124 1927 testimonia
1177 1870 1433 1925 veritatis.
1497 1871 1587 1925 Est
1659 1868 1885 1940 quae-B

173 1959 330 2014 dam
352 1960 733 2013 etcommunis
760 1959 814 2013 in
845 1959 1085 2014 Ecclesia
1122 1959 1455 2027 paenitentia,
1478 1975 1638 2028 quam
1672 1974 1806 2028 quo-

171 2048 333 2103 tidie
365 2047 674 2104 adinvicem
705 2048 950 2115 facimus,
979 2048 1035 2103 in
1089 2064 1195 2117 qua
1248 2048 1489 2102 oratione
1547 2048 1664 2102 fusa
1708 2062 1807 2118 pro

170 2136 441 2192 invicem
475 2152 575 2207 pro
609 2135 939 2208 quotidianis
986 2144 1038 2191 et
1083 2135 1373 2192 levioribus
1429 2136 1662 2207 peccatis
1716 2135 1806 2190 in-

170 2233 545 2306 dulgentiam
576 2241 632 2291 et
657 2234 1030 2290 remissionem
1066 2246 1493 2302 consequamur;
1543 2231 1808 2305 gravioris

171 2331 389 2378 autem
430 2324 605 2394 culpa
662 2330 871 2378 reatum
927 2322 1189 2393 singulari
1238 2321 1581 2377 confessione
1634 2336 1809 2375 sacer-

172 2411 317 2468 doti
352 2411 646 2484 aperimus,
700 2419 754 2467 et
806 2411 1100 2468 secundum
1164 2410 1282 2481 ejus
1333 2410 1638 2475 consilium,
1694 2426 1810 2464 mu-

172 2517 335 2557 nere
364 2500 749 2556 satisfactionis
778 2501 979 2565 oblato,
1025 2498 1415 2573 indulgentiam
1462 2498 1669 2570 peccati
1714 2497 1811 2554 ob.

174 2590 461 2647 tinemus.
487 2589 598 2647 Sed
616 2589 787 2646 dicis:
823 2588 878 2644 Si
912 2589 1109 2645 salvari
1142 2604 1251 2645 non
1290 2595 1464 2660 potest
1505 2590 1669 2643 homo
1706 2587 1808 2642 nisi

173 2676 529 2734 conﬁteatur
582 2685 801 2750 peccata
859 2694 974 2746 sua,
1034 2677 1162 2748 quid
1218 2685 1296 2731 est
1352 2676 1494 2747 quod
1550 2676 1807 2746 scriptum

180 2768 528 2824 invenitur:
566 2790 590 2816 ε
644 2767 917 2839 Lacrymaa
972 2766 1153 2822 lavant
1206 2765 1460 2821 delictum
1518 2765 1659 2835 quod
1716 2780 1808 2821 ore

175 2857 384 2928 pudor
415 2862 494 2913 est
522 2854 785 2911 conﬁteri.
807 2855 1156 2911 Inveniuntur
1187 2855 1332 2910 enim
1373 2853 1622 2927 quaedam
1668 2854 1809 2924 ejus-

176 2945 359 3001 modi
395 2944 561 3011 dicta,
594 2952 649 2999 et
677 2944 891 3017 rapiunt
919 2961 984 2999 ea
1028 2943 1276 3000 homines
1326 2943 1644 3015 gaudentes,
1701 2958 1810 2999 non

173 3045 326 3114 quia
359 3044 645 3099 veritatem
678 3040 896 3114 capiant
951 3041 1007 3097 in
1060 3042 1158 3107 eis,
1216 3042 1312 3097 sed
1366 3040 1493 3112 quia
1547 3040 1807 3096 malitiam

183 3149 364 3188 suam
437 3132 731 3189 defendere
782 3131 967 3185 volunt
1025 3147 1094 3185 ex
1167 3130 1263 3185 eis.
1342 3130 1537 3185 Dicunt
1613 3130 1803 3187 enim:

173 3222 345 3293 Quid
383 3238 481 3279 nos
509 3220 912 3293 constringitis;
945 3218 1073 3290 quid
1116 3234 1214 3274 nos
1243 3219 1454 3276 arctatis
1483 3219 1511 3271 ?
1556 3217 1810 3274 Pudenda
1841 3215 1889 3279 C

169 3320 315 3368 sunt
350 3311 497 3367 facta
523 3317 729 3375 nostra,
766 3325 873 3364 non
903 3324 1002 3365 nos
1028 3307 1291 3379 permittit
1317 3306 1639 3363 verecundia
1678 3307 1797 3363 elo-

172 3400 307 3471 qui,
378 3397 754 3455 erubescimus
806 3394 1045 3455 conﬁteri
1102 3394 1242 3465 quod
1306 3394 1558 3449 fecimus.
1642 3393 1800 3463 Quod

174 3504 491 3561 possumus
518 3494 702 3543 tamen
736 3485 982 3551 facimus,
1034 3497 1127 3539 cor
1180 3481 1464 3538 contritum
1522 3490 1575 3539 et
1628 3482 1802 3539 humi-

173 3586 391 3642 liatum
421 3581 716 3649 oﬁ‘erimus,
748 3580 994 3637 dolemus
1020 3595 1118 3651 pro
1140 3595 1204 3635 eo
1234 3580 1378 3649 quod
1408 3579 1548 3635 male
1568 3578 1796 3653 egimus,

176 3676 474 3745 Iacrymas
540 3671 850 3737 fundimus,
929 3670 1104 3725 carnis
1166 3669 1527 3725 maceratione
1591 3675 1798 3724 reatum

175 3763 484 3837 punimus.
549 3758 691 3830 Quid
748 3759 914 3814 verba
975 3758 1231 3828 quaeritis,
1290 3757 1381 3812 ubi
1437 3772 1605 3830 opera
1657 3756 1800 3812 bona

174 3859 318 3908 sunt
350 3855 379 3907 .9
432 3849 709 3905 Habemus
763 3847 1090 3918 Scripturam
1165 3845 1530 3903 consolantem
1596 3862 1695 3901 nos
1747 3854 1800 3901 et

174 3942 515 3997 dicentem:
555 3960 577 3986 «ι
620 3939 879 4008 Lacryma
934 3936 1116 3991 lavant
1171 3935 1445 4001 delictum,
1503 3934 1646 4005 quod
1702 3950 1795 3989 ore

175 4030 377 4103 pudor
405 4034 485 4083 est
514 4024 777 4082 conﬁteri.
814 4046 836 4073 ιι
883 4024 1005 4080 Non
1061 4024 1268 4078 malitia
1313 4039 1648 4090 excusemus,
1700 4022 1793 4075 sed

171 4114 541 4175 verecundia:
564 4114 855 4185 parcimus.
886 4110 1042 4182 Quod
1071 4128 1204 4184 ergo
1231 4111 1412 4167 dicere
1438 4110 1643 4166 homini
1664 4126 1791 4166 eru-

172 4212 472 4270 bescimus
497 4208 727 4265 dicimus
770 4207 905 4273 Deo,
964 4206 1055 4277 qui
1106 4221 1215 4262 non
1265 4205 1619 4278 impmperat.
1683 4205 1793 4259 Hu-

169 4299 435 4373 jusmodi
455 4314 587 4373 ergo
617 4295 992 4353 occasionibus
1017 4302 1262 4367 quaerunt
1284 4294 1530 4350 homines
1560 4310 1789 4349 excusa-

170 4392 397 4458 tionem
446 4376 663 4459 corpon'
719 4399 838 4451 suo,
893 4392 950 4441 et
993 4391 1272 4456 pervetere
1322 4391 1585 4441 conantur
1637 4382 1786 4439 Scri-

174 4487 398 4552 pturas,
430 4476 556 4547 quia
584 4474 819 4553 [larva-si
856 4480 978 4529 sunt
1007 4472 1129 4543 ipsi.

873 4657 1091 4697 DIVISIO.

265 4784 415 4859 Quid
440 4791 535 4855 est,
594 4782 741 4856 quod
795 4782 1070 4857 Scriptum
1122 4780 1259 4836 dixit
1303 4780 1555 4853 lacryme
1608 4780 1792 4835 lavant

191 4876 473 4941 delictum,
502 4873 649 4945 quod
695 4888 787 4928 ore
840 4872 1017 4942 pudor
1069 4878 1150 4926 est
1203 4868 1473 4927 conﬁteri.
1535 4866 1789 4938 Nunquid

196 4964 320 5021 ideo
350 4963 532 5019 dixit:
565 4962 611 5017 si
664 4959 935 5018 erubescis
986 4957 1225 5016 conﬁteri
1283 4965 1560 5030 peccatum
1616 4964 1787 5025 tuum,

197 5052 342 5125 quod
366 5050 463 5108 tibi
492 5048 743 5108 sufficiat.
792 5048 836 5104 si
888 5054 1091 5105 tantum
1144 5047 1475 5120 lacrymaris,
1525 5046 1689 5103 etiam
1744 5044 1789 5100 si

198 5158 303 5201 non
334 5137 642 5201 conﬁtearis
662 5138 691 5191 ?
720 5138 919 5195 Nonne
944 5137 1112 5193 multo
1142 5135 1335 5192 melius
1363 5143 1443 5191 est
1470 5142 1529 5193 ut
1552 5135 1790 5205 Scriptu-

199 5255 309 5295 ram
340 5240 441 5295 hoc
470 5236 651 5309 potius
678 5234 857 5293 dicere
898 5232 1133 5290 voluisse
1186 5232 1456 5305 intelligas
1502 5231 1646 5303 quod
1702 5231 1789 5287 la-

205 5342 410 5399 crymae,
464 5342 535 5382 ex
597 5322 789 5379 intima
840 5321 1018 5378 cordis
1072 5320 1392 5379 contritione
1436 5320 1658 5393 prolatas
1700 5319 1791 5374 illa

206 5417 353 5474 etiam
383 5421 614 5488 peccata
644 5412 825 5469 lavare
854 5417 1095 5482 possunt,
1146 5409 1273 5480 quia
1320 5408 1433 5464 sine
1479 5408 1684 5478 pudore
1739 5415 1793 5462 et

205 5503 515 5563 verecundia
546 5517 645 5561 ore
675 5498 908 5573 proﬁteri
941 5515 1048 5553 non
1106 5504 1345 5570 possunt.
1406 5495 1548 5566 Quid
1600 5512 1732 5567 ergo
1763 5496 1791 5549 ?

205 5596 255 5653 Si
282 5592 537 5667 pudenda
566 5596 789 5661 peccata
826 5588 1078 5657 lacrymae
1126 5587 1326 5652 lavant,
1379 5585 1456 5647 ibi
1506 5583 1790 5641 tacendum

204 5696 289 5753 est,
319 5684 405 5741 ubi
442 5679 695 5737 divinum
725 5677 983 5734 auxilium
1014 5675 1252 5737 maxime
1280 5673 1638 5731 neCessarium
1677 5679 1781 5728 est.

202 5781 307 5836 Ima
332 5774 510 5832 multo
540 5765 725 5840 magis
752 5766 825 5822 ibi
854 5763 1215 5823 conﬁtendum
1263 5771 1359 5830 est,
1408 5770 1469 5819 ut
1520 5761 1791 5818 humilitas

200 5867 554 5937 confessionis
598 5862 862 5935 ῙδοιὙωιε
900 5860 1170 5941 adaugeat-
1217 5859 1569 5945 cOntritionis.
1617 5856 1789 5918 Simi-

1925 627 2204 689 peccatum
2235 628 2404 690 tuum,
2436 631 2489 678 ut
2521 624 2668 679 dicas
2696 626 2811 680 Deo
2856 625 2945 696 qui
3001 641 3109 680 non
3163 626 3511 696 improperat,

1924 724 2031 763 non
2065 709 2157 764 tibi
2211 710 2447 767 dicitur:
2509 713 2565 768 Si
2621 714 2889 769 erubescis
2941 714 3120 770 dicere
3178 715 3401 781 homini,
3456 722 3514 769 ut

1924 798 2148 863 homini,
2181 814 2288 853 non
2317 801 2486 866 dicas,
2505 802 2599 856 sed
2624 803 2755 871 Deo,
2779 804 2874 857 sed
2897 802 3246 858 mansuetudo
3280 803 3376 859 Dei
3416 802 3511 857 tibi

1922 894 2333 964 demonstratur,
2367 898 2491 967 quia
2520 907 2628 955 tam
2660 899 2805 955 mitis
2833 907 2883 953 et
2912 900 3092 954 suavis
3124 908 3203 954 est
3256 900 3511 955 omnibus

1922 983 1989 1037 ad
2022 1001 2077 1038 se
2106 985 2561 1057 confugientibus,
2594 996 2652 1042 ut
2681 988 3037 1058 improprium
3095 988 3164 1044 ab
3214 988 3353 1059 ipso,
3413 988 3511 1044 ali-

1923 1071 2051 1140 quid
2083 1079 2129 1126 te
2162 1073 2451 1130 formidare
2481 1091 2588 1131 non
2617 1083 2877 1145 oporteat,
2911 1076 3071 1132 etiam
3099 1075 3156 1146 [si
3215 1076 3343 1131 talia
3399 1076 3514 1131 fue-

1922 1168 2026 1221 rint
2052 1177 2270 1239 peccata
2301 1178 2408 1237 tua,
2442 1179 2498 1225 ut
2526 1188 2588 1226 ea
2630 1179 2680 1225 te
2737 1171 2941 1227 homini
2998 1172 3339 1227 manifestare
3394 1171 3508 1226 sine

1921 1256 2289 1312 erubescentia
2320 1275 2427 1313 non
2460 1276 2612 1329 posse
2653 1260 2947 1331 contingat.
3006 1262 3070 1315 In
3125 1276 3189 1314 eo
3238 1260 3382 1314 enim
3439 1259 3507 1313 de

1921 1360 2025 1419 quo
2056 1346 2324 1401 erubescis
2352 1363 2473 1401 cum
2507 1348 2709 1402 homini
2739 1348 2893 1415 dicis,
2934 1348 3246 1403 erubescere
3293 1355 3344 1403 te
3399 1363 3507 1402 non

1919 1450 2269 1510 oportetcum
2301 1444 2414 1499 Deo
2453 1444 2587 1499 dicis
2630 1445 2754 1514 quia
2791 1460 2897 1499 non
2930 1444 3261 1516 improperat
3287 1444 3503 1514 dicenti,

1919 1530 2013 1583 sed
2041 1531 2310 1585 condonat
2336 1531 2628 1587 conﬁtenti.
2664 1534 2762 1587 Dic
2816 1549 2949 1605 ergo
3006 1533 3210 1588 homini
3256 1541 3313 1587 ut
3366 1534 3506 1588 salu-

1917 1617 2084 1673 briter
2110 1618 2178 1673 ad
2208 1627 2415 1691 tempus
2442 1621 2787 1679 confundaris
2814 1636 2993 1677 coram
3022 1636 3107 1690 eo,
3140 1628 3196 1676 ut
3224 1621 3324 1675 ista
3372 1637 3506 1677 con-

1918 1713 2057 1771 fusio
2086 1716 2315 1786 gloriam
2346 1717 2440 1771 tibi
2469 1717 2813 1787 postmodum
2855 1716 3103 1787 adducat,
3155 1725 3207 1773 et
3252 1716 3502 1773 ﬁduciam

1918 1812 2149 1874 praestet,
2184 1821 2251 1859 ne
2294 1805 2679 1876 impr0perium
2738 1806 2944 1870 timeas,
3003 1822 3124 1861 cum
3177 1806 3504 1861 manifestari

1916 1893 2141 1961 coeperis
2168 1909 2346 1948 coram
2375 1895 2508 1949 Deo.
2541 1895 2744 1949 Tamen
2785 1910 2853 1949 ne
2907 1894 3043 1949 forte
3099 1894 3298 1949 diceret
3355 1895 3504 1966 cogi-

1917 1989 2042 2043 tatio
2074 1997 2162 2044 tua
2194 2006 2207 2043 :
2242 1989 2297 2046 Si
2329 1997 2434 2044 tam
2460 2007 2624 2062 grave
2681 1999 2759 2045 est
2818 1990 3022 2045 homini
3075 1991 3315 2047 revelare
3369 2007 3505 2062 pec-

1915 2084 2053 2145 cata,
2087 2085 2138 2133 et
2194 2080 2237 2132 si
2294 2078 2657 2133 erubescimus
2714 2079 2785 2133 ita
2836 2093 3018 2135 coram
3075 2079 3314 2148 homine,
3373 2078 3501 2151 quid

1916 2165 2175 2220 faciemus
2222 2174 2345 2222 ante
2392 2167 2703 2234 Dominum,
2757 2166 2910 2236 cujus
2951 2167 3287 2237 majestatem
3330 2166 3502 2224 decli-

1918 2280 2048 2320 nare
2098 2280 2205 2318 non
2237 2280 2537 2334 possumus,
2582 2281 2754 2335 neque
2794 2263 3056 2335 judicium
3098 2263 3359 2335 effugere.
3422 2265 3506 2320 Nc

1918 2356 2081 2427 igitur
2106 2354 2183 2408 sic
2228 2353 2293 2407 de
2347 2353 2462 2408 Deo
2511 2352 2798 2424 cogitando
2847 2353 3184 2423 temetipsum
3232 2351 3505 2421 desperes,

1919 2443 2216 2499 ostenditur
2244 2442 2341 2497 tibi
2371 2442 2725 2497 mansuetudo
2774 2439 2876 2497 Dei
2924 2457 3054 2513 erga
3084 2441 3404 2511 pmnitentes
3457 2448 3509 2495 et

1917 2539 2256 2607 conﬁtentes,
2310 2539 2453 2609 quod
2509 2547 2729 2610 peccata
2785 2537 2969 2593 omnia
3023 2544 3075 2593 et
3131 2538 3510 2611 pcenitentibus

1916 2630 2211 2698 condonat,
2242 2636 2293 2683 et
2322 2626 2699 2683 conﬁtentibus
2730 2643 2837 2682 non
2873 2628 3223 2700 impmperat.
3263 2626 3351 2683 Sic
3381 2641 3513 2699 ergo

1916 2719 2100 2789 accipe
2131 2716 2273 2788 quod
2303 2716 2503 2771 dictum
2536 2723 2632 2771 est.
2664 2716 2762 2771 Die
2794 2717 2907 2771 Deo
2947 2716 3036 2786 qui
3085 2731 3190 2770 non
3240 2715 3486 2787 imprope

1916 2823 2015 2870 rat.
2049 2813 2438 2884 Quasidiceret
2469 2831 2480 2868 ε
2516 2812 2691 2868 Etiam
2721 2813 2763 2867 si
2785 2813 3067 2868 erubescas
3112 2828 3293 2868 coram
3340 2811 3515 2867 homi-

1917 2921 2004 2969 ne,
2039 2920 2106 2958 ne
2136 2902 2419 2957 erubescas
2448 2918 2631 2957 coram
2664 2901 2798 2967 Deo,
2832 2902 3086 2972 quoniam
3109 2901 3371 2956 Dominus
3414 2900 3513 2956 mi-

1917 2993 2023 3047 tior
2050 2994 2267 3046 homine
2295 2998 2375 3046 est
2404 2997 2457 3045 et
2485 2990 2831 3056 mansuetior,
2878 2997 2932 3045 et
2971 2997 3052 3044 est
3096 2989 3305 3062 patiens
3349 2990 3511 3044 mise-

1915 3090 2007 3155 ris,
2039 3094 2097 3142 ut
2126 3103 2231 3141 non
2262 3085 2609 3158 improperet.
2640 3085 2945 3141 Secundum
2990 3086 3131 3141 hunc
3179 3085 3356 3155 itaque
3402 3102 3514 3141 mo-

1919 3178 2047 3231 dum
2078 3191 2185 3230 non
2217 3175 2311 3229 tibi
2356 3174 2548 3229 dicitur
2602 3181 2659 3229 ut
2713 3181 2933 3245 peccata
2996 3180 3083 3229 tua
3139 3173 3343 3229 homini
3399 3189 3508 3229 non

1919 3266 2087 3331 dicas,
2116 3264 2208 3318 sed
2240 3270 2297 3318 ut
2325 3264 2376 3317 in
2406 3263 2491 3318 his
2522 3263 2682 3319 etiam
2714 3279 2835 3334 qua:
2890 3278 3073 3318 coram
3132 3261 3351 3317 homine
3394 3278 3511 3317 eru-

1908 3361 2178 3418 bescenda
2215 3367 2356 3429 sunt,
2415 3360 2483 3416 de
2539 3360 2636 3416 Dei
2712 3359 2908 3433 pietate
2988 3357 3226 3415 conﬁdas
3289 3360 3503 3428 (CHRY-

1908 3468 2078 3509 sosr.
2093 3453 2134 3522 ).

2008 3566 2251 3640 Opponis
2298 3565 2471 3623 adhuc
2531 3565 2793 3637 lacrynms
2818 3563 2939 3620 illas
2994 3564 3130 3620 Petri
3184 3581 3317 3636 quas
3367 3563 3503 3637 legis

1909 3667 2133 3735 (Matth.
2179 3683 2238 3732 ιι,
2289 3666 2365 3735 6),
2424 3663 2819 3720 confessionem
2880 3679 2989 3718 non
3051 3662 3190 3734 legis
3244 3663 3498 3733 lacrymm

1906 3757 2088 3812 lavant
2106 3755 2357 3811 delictum
2389 3753 2532 3824 quod
2562 3769 2653 3808 ore
2702 3752 2877 3825 pudor
2931 3760 3010 3807 est
3063 3750 3326 3809 conﬁteri.
3387 3752 3497 3808 Has

1906 3861 2037 3917 ergo
2068 3844 2331 3915 lacrymas
2386 3840 2635 3915 opponis,
2693 3856 2801 3896 non
2857 3840 2984 3912 quia
3032 3855 3184 3895 amas
3238 3855 3498 3911 compun-

1904 3943 2157 4007 ctionem,
2175 3938 2273 3995 sed
2290 3939 2417 4009 quia
2430 3938 2573 4010 fugis
2598 3936 3013 3994 confessionem.
3048 3936 3195 3995 Dicis
3213 3951 3347 4009 ergo
3365 3936 3495 4006 quia

1902 4031 2164 4101 lacrymas
2186 4028 2325 4084 Petri
2364 4028 2520 4099 legis,
2560 4026 2980 4083 satisfactionem
3022 4040 3131 4081 non
3171 4025 3333 4097 legis.
3385 4027 3492 4081 Au-

1899 4118 2022 4177 disti
2079 4118 2204 4187 quia
2249 4116 2476 4186 ﬂeverit,
2533 4116 2628 4170 sed
2682 4114 2811 4185 quid
2864 4113 3062 4169 dixerit
3105 4128 3214 4170 non
3271 4113 3488 4170 audisti.

1898 4217 2026 4272 Ideo
2054 4215 2306 4287 Iacrymae
2335 4212 2808 4277 lavantdelictum,
2841 4212 2984 4281 quod
3039 4227 3133 4268 ore
3178 4210 3354 4282 pudor
3406 4220 3486 4267 est

1897 4302 2159 4360 conﬁteri.
2191 4301 2295 4371 Qui
2322 4318 2453 4373 ergo
2486 4320 2498 4356 :
2535 4302 2650 4359 Hoc
2672 4300 2768 4355 tibi
2793 4300 2901 4355 dici
2932 4307 3086 4370 putas
3115 4308 3174 4355 ut
3217 4299 3343 4370 quia
3387 4301 3487 4356 Pe-

1896 4401 2007 4449 trus
2034 4393 2355 4462 lacrymatus
2379 4389 2592 4461 legitur,
2622 4389 2898 4445 confessus
2917 4404 3025 4445 non
3060 4389 3256 4460 legitur
3284 4404 3297 4457 ;
3347 4395 3409 4445 tu
3440 4390 3486 4446 si

1896 4487 2224 4560 lacrymaris,
2248 4502 2356 4543 non
2393 4485 2715 4541 conﬁtearis.
2754 4486 2949 4541 Nonne
2979 4485 3151 4539 multu
3188 4485 3379 4539 melius
3405 4494 3487 4541 est

1902 4586 1958 4632 ut
1984 4576 2117 4632 illud
2145 4576 2322 4648 potius
2352 4574 2437 4630 hic
2464 4573 2816 4631 demonstrari
2845 4572 3133 4645 intelligas,
3164 4572 3290 4642 quia
3330 4573 3376 4629 si
3421 4573 3488 4629 il-

1896 4666 1965 4722 lic
2019 4672 2223 4720 tantum
2276 4664 2528 4734 lacrymaa
2580 4661 2858 4719 valuerunt
2924 4660 3015 4715 ubi
3090 4660 3485 4718 confessionem

1894 4763 2004 4819 oris
2031 4778 2140 4819 non
2168 4762 2485 4829 habuerunt,
2517 4768 2715 4832 quanto
2762 4758 2959 4832 magis,
2990 4758 3035 4812 si
3066 4775 3206 4815 verre
3240 4759 3439 4815 fuerint
3470 4779 3482 4816 :

1898 4868 1995 4907 nec
2049 4851 2230 4907 valent
2276 4850 2366 4906 ubi
2425 4866 2546 4905 cum
2602 4848 2779 4904 cordis
2829 4847 3146 4904 contritione
3215 4854 3267 4902 et
3320 4848 3486 4906 etiam

1896 4940 2003 4997 oris
2031 4939 2423 4997 confessionem
2454 4937 2680 4994 habent.
2742 4936 2858 4993 Hoc
2910 4936 3054 4991 enim
3109 4935 3203 4991 tibi
3250 4934 3485 4992 demon-

1894 5044 2107 5105 stratur,
2136 5052 2260 5092 cum
2289 5036 2534 5091 subditur
2570 5033 2719 5103 prius
2774 5032 3037 5101 ﬂendum,
3085 5039 3275 5105 postea
3319 5032 3488 5089 conﬁ-

1899 5125 2136 5180 tendum.
2185 5125 2300 5181 IIoc
2354 5123 2621 5193 siquidem
2677 5122 2747 5178 ad
2802 5122 3081 5178 veritatem
3134 5121 3491 5179 confessionis

1897 5221 2123 5284 spectat,
2168 5220 2226 5273 ut
2263 5212 2409 5285 prius
2452 5212 2854 5284 compungaris,
2913 5218 3100 5283 postea
3153 5208 3481 5269 conﬁtearis.

1896 5312 2037 5366 Nam
2063 5318 2185 5367 sunt
2213 5309 2433 5382 quidam
2465 5309 2599 5365 sicut
2652 5309 2993 5379 impudentes
3037 5309 3107 5365 ad
3161 5309 3490 5383 faciendum,

1896 5401 1974 5456 sic
2001 5399 2346 5457 inverecundi
2378 5399 2446 5456 ad
2477 5399 2786 5455 dicendum.
2819 5398 2921 5468 Qui
2968 5399 3222 5471 quoniam
3271 5401 3494 5473 turpitu-

1898 5489 2079 5544 dinem
2110 5506 2261 5546 suam
2293 5488 2351 5544 in
2380 5487 2626 5544 faciendo
2656 5503 2765 5543 non
2794 5487 2998 5556 vident,
3030 5489 3406 5545 verecundiam
3439 5492 3493 5548 in

1897 5586 2125 5642 dicendo
2157 5603 2266 5643 non
2292 5587 2508 5643 habent.
2561 5584 2769 5654 Quibus
2813 5586 2998 5656 utique
3038 5602 3136 5659 per
3177 5589 3495 5659 prophetam

1898 5674 2141 5730 dicitur:
2184 5698 2204 5723 α
2244 5676 2408 5731 Frons
2431 5674 2670 5730 mulieris
2697 5674 2993 5730 meretricis
3039 5672 3184 5732 facta
3227 5684 3305 5732 est
3348 5677 3448 5737 tibi
3482 5698 3495 5734 :

1898 5761 2169 5818 nescivisti
2198 5762 2517 5820 erubescere
2549 5762 2684 5831 (lar.
2734 5763 2836 5832 ιιι).
2883 5784 2905 5808 α
2967 5760 3059 5820 Isti
3114 5778 3500 5835 nonnunquam

1896 5858 2017 5919 sine
2050 5860 2231 5933 aliquo
2255 5860 2686 5934 compunctionis
2726 5866 2895 5929 motu,
2953 5860 3067 5918 sine
3113 5860 3294 5932 aliquo
3342 5860 3503 5920 timo-
