3924 6430
384 395 488 448 887

1517 391 1880 448 WERNERII
1919 393 2205 452 ABBATIS
2247 394 2303 451 S.
2346 395 2564 452 BLASII

3606 403 3724 456 888

387 516 464 574 ris
490 516 580 573 vel
625 514 828 572 amoris
876 514 978 571 Dei
1038 520 1238 572 attactu
1295 529 1394 586 pro
1443 513 1561 571 sola
1613 516 1998 574 consuetudine
2025 521 2080 582 Α
2110 527 2163 575 et
2189 527 2372 577 tamen
2401 536 2510 577 non
2539 521 2617 577 sic
2645 522 2992 579 verecundari
3035 528 3092 578 ut
3147 529 3336 580 taceat.
3395 523 3510 580 Hoc
3563 523 3726 582 bene

389 605 662 678 explenda
689 605 760 662 ad
787 603 1016 660 dicenda
1045 611 1292 674 peccata,
1325 619 1421 659 sua
1461 619 1521 659 se
1564 604 1819 678 ingerunt
1857 607 2003 661 aesti-

393 711 605 758 mantes
631 718 689 758 se
737 710 962 772 propter
1002 701 1176 757 solam
1229 702 1520 758 verborum
1565 703 1930 772 prolationem
1974 721 2007 762 a

394 792 580 848 debito
633 798 976 863 peccatorum
1023 805 1244 846 suorum
1293 791 1524 848 absolvi.
1579 791 1789 862 Quibus
1864 802 2006 851 recte

397 890 643 947 dicitur:
695 889 846 944 Prius
902 888 1164 956 ﬂendum,
1236 897 1426 961 postea
1495 889 1881 947 conﬁtendum.
1939 895 2001 948 In

397 979 734 1036 confessione
765 993 1000 1048 namque
1027 986 1372 1050 peccatorum
1411 981 1692 1036 hominem
1740 988 1796 1036 et
1841 997 1999 1038 vere-

399 1075 622 1134 cundari
661 1082 890 1150 oportet,
930 1083 990 1132 ut
1041 1077 1316 1133 humiliter
1367 1093 1488 1149 qua
1541 1078 1671 1136 fecit
1717 1087 1996 1153 agnoscat,

2111 610 2262 667 novit
2287 611 2562 681 peccatrix
2593 611 2684 667 illa
2713 613 2909 667 mulier
2961 629 3082 684 quae
3135 619 3187 668 et
3240 612 3406 682 venit,
3467 619 3522 670 ut
3577 629 3723 683 pec-

2110 714 2228 762 cata
2257 725 2354 764 sua
2381 724 2440 764 se
2469 708 2798 765 abscondere
2828 711 2972 766 nolle
3019 710 3322 766 ostenderet
3353 710 3509 778 (Luc.
3551 715 3661 780 vn)
3701 729 3715 765 :

2111 804 2163 852 et
2191 805 2372 852 tamen
2400 813 2510 852 non
2540 803 2682 868 ante,
2715 798 2810 854 sed
2841 807 2983 854 retro
3013 799 3172 869 stetit,
3222 807 3281 853 ut
3324 798 3718 856 verecundiam

2111 893 2453 964 turpitudinis
2502 912 2614 950 suae
2660 912 2716 950 se
2777 895 3054 951 attendere
3103 895 3510 952 demonstraret.
3566 897 3719 952 Pro-

2109 990 2228 1054 pter
2253 983 2357 1038 hoc
2387 991 2528 1040 recte
2557 983 2752 1040 dicitur
2799 1000 2811 1037 :
2841 984 2992 1040 Prius
3033 983 3291 1054 ﬂendum,
3348 992 3533 1058 postea
3589 1001 3724 1042 con-

2109 1079 2368 1136 fitendum
2383 1121 2396 1136 .

853 1656 1475 1762 llOMlNICA
1545 1657 1672 1760 IN
1746 1659 2145 1763 MEDIA
2195 1641 3324 1788 'QUADRAGESIM/E.

485 2063 508 2090 «
531 2039 684 2095 Abiit
701 2038 854 2095 Jesus
872 2046 1016 2095 trans
1035 2056 1186 2096 mare
1205 2038 1468 2110 Galilmze,
1493 2040 1638 2111 quod
1664 2047 1744 2096 est
1773 2041 2014 2096 Tiberia-
2040 2041 2095 2101 B
2127 2041 2472 2113 evangelicus
2497 2040 2650 2096 cibus
2696 2040 2900 2113 incipit,
2936 2041 3030 2096 sed
3069 2039 3214 2114 prius
3233 2055 3330 2112 per
3347 2036 3722 2094 remissionem

408 2129 492 2184 dis
516 2130 700 2199 (Joan.
723 2127 824 2201 vr).
854 2149 875 2177 υ
901 2127 1137 2184 Audiens
1167 2130 1320 2185 Jesus
1367 2129 1494 2200 quia
1513 2129 1744 2186 Joannes
1779 2130 2018 2202 Baptista

409 2217 708 2274 decollatus
737 2223 898 2286 esset,
927 2219 1146 2274 secessit
1173 2235 1206 2274 a
1244 2219 1420 2288 patria
1473 2235 1572 2274 sua
1627 2219 1682 2274 in
1729 2234 1835 2290 qua
1895 2227 2018 2274 tunc

411 2305 731 2363 morabatur
760 2306 817 2360 in
849 2306 1098 2363 navicula
1127 2307 1182 2362 in
1209 2308 1389 2363 locum
1437 2306 1703 2363 desertum
1751 2323 2014 2364 seorsum.

489 2436 510 2462 ιι
545 2413 764 2470 Etcum
795 2411 1070 2469 audissent
1111 2413 1282 2470 turbae
1337 2421 1534 2470 secuta
1591 2422 1716 2470 sunt
1759 2431 1883 2471 eum
1932 2431 2018 2486 pe-

294 2533 304 2558 ι
411 2511 618 2568 destres
645 2509 712 2565 de
733 2510 1059 2566 civitatibus.
1091 2511 1160 2568 Et
1197 2511 1386 2566 exiens
1440 2511 1576 2568 vidit
1634 2512 1845 2570 turbam
1892 2512 2022 2569 mul-

413 2607 546 2669 tam,
578 2606 632 2654 et
659 2598 910 2656 misertus
937 2607 1016 2655 est
1063 2600 1199 2672 ejus,
1252 2608 1304 2656 et
1349 2601 1558 2657 curavit
1597 2601 1885 2674 languidos
1933 2617 2023 2658 eo-

415 2694 559 2744 rum.
596 2711 618 2738 »
683 2689 826 2744 Bene
882 2689 1086 2744 dictum
1141 2697 1221 2746 est
1278 2689 1518 2759 secessit,
1575 2707 1684 2747 non
1741 2690 1897 2765 fugit,
1959 2699 2018 2747 ut

415 2775 726 2834 ostendatur
771 2777 948 2850 magis
993 2794 1116 2834 eum
1172 2778 1576 2848 persecutiones
1631 2780 1799 2837 vitare
1857 2797 2019 2852 quam

418 2875 628 2931 timere.
671 2871 1048 2946 Opportunum
1083 2892 1317 2947 namque
1350 2884 1566 2950 tempus
1590 2894 1703 2934 sua:
1743 2878 2021 2948 passionis

419 2971 759 3036 exspectans,
793 2971 846 3020 et
875 2963 1079 3021 vitabat
1107 2981 1172 3021 ne
1202 2965 1496 3022 homicidio
1541 2966 1611 3022 de
1648 2967 1854 3024 Joanne
1896 2969 2022 3040 jun-

416 3060 635 3126 geretur
660 3052 1012 3108 homicidium
1043 3053 1111 3110 de
1137 3071 1216 3110 se.
1251 3055 1347 3111 Vel
1376 3055 1498 3112 ideo
1528 3057 1768 3124 secessit,
1787 3065 1846 3113 ut
1865 3056 2024 3114 nobis

415 3141 682 3214 praeberet
716 3143 1028 3214 exemplum
1059 3143 1292 3200 vitanda:
1331 3144 1662 3213 temeritatis,
1711 3145 1850 3202 ultro
1909 3154 2022 3202 tra-

417 3239 655 3295 dendum
713 3256 790 3295 se.
847 3241 972 3297 Non
1029 3242 1172 3298 enim
1229 3259 1420 3300 omnes
1473 3243 1666 3300 eadem
1721 3245 2025 3302 constantia

422 3328 839 3400 perseverantin
855 3330 1136 3386 tormentis
1154 3347 1262 3402 qua
1295 3347 1352 3386 se
1391 3332 1720 3403 torquendus
1755 3332 2012 3391 offerunt.

2125 2145 2470 2204 peccatorum
2503 2137 2813 2193 vulneribus
2843 2137 3111 2196 medicina
3152 2137 3415 2205 tribuitur,
3445 2144 3496 2192 et
3533 2143 3724 2207 postea

2125 2243 2328 2284 mensae
2357 2226 2587 2282 caelestis
2615 2227 2870 2283 alimonia
2895 2225 3230 2298 expenditur.
3269 2227 3392 2282 Non
3433 2233 3510 2281 est
3556 2226 3724 2298 igitur

2127 2331 2347 2372 necesse
2377 2323 2438 2370 ut
2493 2331 2797 2385 quaeramus
2851 2331 3002 2371 escas
3053 2315 3109 2369 in
3163 2315 3304 2371 villis
3361 2321 3413 2370 et
3465 2313 3718 2381 castellis,

2130 2414 2232 2469 hoc
2259 2419 2338 2468 est
2375 2427 2442 2468 ne
2471 2411 2782 2468 deseramus
2816 2429 3012 2484 panem
3043 2412 3188 2479 vita,
3233 2411 3404 2483 pretio
3453 2410 3612 2466 studii
3667 2419 3722 2466 et

2127 2502 2346 2567 laboris,
2390 2509 2631 2558 ementes
2680 2502 3124 2573 philosophorum
3173 2499 3439 2557 doctrinas
3473 2500 3582 2555 suis
3635 2516 3722 2555 ra-

2130 2591 2364 2646 tionibus
2393 2589 2645 2653 munitas.
2678 2607 2904 2662 quarum
2953 2599 3108 2664 pastu
3156 2589 3504 2646 delectemur.
3559 2587 3717 2660 Quod

2128 2697 2308 2746 autem
2353 2687 2601 2761 discipuli
2645 2689 2913 2746 desertum
2955 2689 3136 2744 dicunt
3165 2704 3278 2744 esse
3299 2687 3492 2754 locum,
3525 2686 3720 2760 ﬁgurat

2127 2779 2342 2835 Iudaeos
2368 2786 2764 2834 murmurantes
2791 2779 2860 2834 de
2889 2779 3236 2835 conversione
3275 2777 3532 2850 gentium.
3583 2777 3718 2831 Hinc

2128 2869 2296 2924 Isaias
2325 2867 2381 2923 in
2410 2883 2599 2924 eorum
2632 2883 2768 2924 voce
2801 2883 2814 2922 :
2850 2889 2871 2916 α
2906 2868 3044 2924 Ecce
3073 2875 3262 2940 gentes
3309 2866 3457 2938 quasi
3485 2865 3624 2921 stilla
3649 2865 3720 2920 si-

2131 2967 2255 3022 tula:
2285 2967 2417 3035 (Ira.
2449 2967 2570 3038 XL).
2605 2988 2628 3015 η
2664 2968 2800 3024 Item
2834 2986 2846 3021 :
2885 2989 2908 3014 α
2943 2965 3146 3022 Omnes
3182 2973 3372 3040 gentes
3418 2963 3566 3036 quasi
3609 2979 3718 3020 non

2129 3057 2254 3123 sint,
2285 3055 2363 3111 sic
2387 3063 2512 3110 sunt
2538 3071 2722 3112 coram
2753 3071 2818 3110 eo
2849 3053 3058 3127 (ibid.).

2207 3177 2228 3205 σι
2252 3154 2604 3227 Responditei
2622 3155 2934 3227 Philippus:
2972 3155 3333 3210 Ducentorum
3373 3151 3708 3208 denariorum

2131 3260 2298 3317 panes
2334 3261 2442 3300 non
2471 3241 2740 3300 sufﬁciunt
2795 3243 2872 3299 eis
2929 3252 2986 3299 ut
3033 3243 3395 3314 unusquisque
3448 3240 3712 3297 modicum

2132 3333 2262 3404 quid
2281 3332 2534 3406 accipiat.
2577 3333 2642 3388 Et
2669 3333 2798 3388 dicit
2827 3333 2922 3388 eis.
2958 3329 3548 3404 Quotpaneshabetis?
3583 3329 3718 3386 Dicit

422 3417 660 3474 Petendo
682 3417 844 3473 etiam
885 3418 1231 3475 solitudinem
1280 3419 1555 3476 turbarum
1601 3420 1707 3476 ﬁde
1754 3437 1826 3478 an
1870 3423 2022 3494 sequi
2052 3404 2101 3470 Ο
2135 3423 2184 3476 ei
2213 3439 2350 3478 unus
2374 3404 2442 3478 ex
2471 3421 2748 3494 discipulis
2780 3422 2924 3494 ejus,
2977 3421 3214 3477 Andreas
3283 3419 3445 3476 frater
3489 3418 3718 3475 Simonis

422 3515 609 3563 curent
635 3507 904 3579 explorat,
936 3514 991 3564 et
1017 3508 1307 3578 probatam
1336 3509 1507 3582 digna
1554 3511 1804 3567 mercede
1847 3527 2028 3568 remu-

422 3600 593 3649 nerat.
627 3593 822 3650 Turba:
863 3601 1044 3649 autem
1082 3609 1193 3650 non
1233 3594 1518 3665 jumentis,
1577 3611 1688 3652 non
1741 3597 2024 3670 vehiculis,

429 3693 526 3748 sed
575 3691 797 3764 proprio
851 3691 1037 3749 labore
1087 3691 1288 3764 pedum
1344 3692 1447 3750 iter
1495 3692 1690 3750 deserti
1746 3696 2026 3767 arripiunt,

427 3789 481 3838 et
507 3781 695 3838 salutis
731 3781 1058 3838 desiderium
1096 3781 1404 3838 ostendunt.
1463 3783 1666 3840 Rursus
1721 3785 1836 3855 ipse
1893 3785 2033 3843 exci-

428 3870 627 3945 piendo
658 3871 935 3944 fatigatos,
966 3871 1214 3927 docendo
1243 3871 1460 3940 inscios,
1491 3873 1732 3930 sanando
1775 3883 2030 3948 aegrotos,

426 3959 722 4017 recreando
745 3959 987 4031 jejunos,
1011 3967 1272 4030 quantum
1321 3960 1390 4018 de
1434 3961 1654 4018 notione
1699 3963 2032 4021 credentium

428 4049 724 4105 delectetur
759 4049 1018 4104 insinuat.
1060 4048 1232 4105 Aliter
1286 4055 1570 4120 postquam
1627 4051 1773 4122 apud
1819 4052 2035 4111 Judaeos

430 4145 716 4218 prophetia
744 4159 939 4200 vocem
969 4143 1222 4216 perdidit,
1259 4144 1466 4200 transiit
1505 4144 1574 4202 ad
1619 4146 1889 4204 desertum
1938 4151 2036 4206 Ec-

430 4235 630 4302 clesiae,
661 4247 784 4304 qua
811 4233 929 4290 viro
963 4233 1201 4289 carebat.
1245 4233 1442 4290 Turbae
1484 4235 1862 4306 relinquebant
1907 4239 2036 4294 civi-

431 4330 585 4392 tates,
615 4322 672 4377 id
699 4328 782 4376 est
822 4321 1076 4391 pristinas
1129 4323 1564 4380 conversationes
1615 4332 1670 4380 et
1715 4325 2034 4400 dogmatum

428 4411 735 4470 varietates.
767 4409 926 4480 Quod
954 4411 1085 4466 dicit
1129 4411 1318 4467 exiens
1359 4412 1628 4486 signiﬁcat
1673 4415 1818 4485 quod
1865 4417 2034 4474 turbae

431 4499 718 4557 habuerint
747 4499 1082 4556 voluntatem
1110 4499 1273 4555 eundi
1316 4501 1385 4556 ad
1433 4517 1580 4568 eum,
1633 4503 1841 4560 scilicet
1893 4505 2036 4562 vires

428 4605 538 4646 non
567 4589 889 4658 habuerunt,
923 4597 976 4644 et
991 4587 1116 4644 ideo
1145 4589 1396 4647 Salvator
1414 4590 1636 4646 obviam
1662 4593 1860 4666 pergit.

2133 3519 2274 3574 Petri
2307 3538 2319 3574 :
2352 3519 2446 3574 Est
2474 3535 2610 3592 puer
2637 3536 2773 3574 unus
2810 3519 2898 3575 hic
2936 3519 3025 3590 qui
3071 3519 3236 3576 habet
3273 3518 3504 3590 quinque
3549 3534 3712 3590 panes

2135 3607 2468 3664 bordeaceos
2494 3615 2544 3662 et
2577 3607 2714 3664 duos
2745 3608 2948 3680 pisces.
2989 3607 3097 3666 Sed
3125 3609 3242 3664 haec
3282 3606 3409 3679 quid
3453 3606 3724 3662 suntinter

2139 3703 2313 3752 tantos
2333 3699 2362 3751 ‘?
2389 3697 2504 3752 Nisi
2535 3696 2670 3753 forte
2699 3713 2798 3754 nos
2816 3714 3002 3753 eamus
3027 3705 3080 3752 et
3125 3713 3368 3754 emamus
3413 3696 3467 3752 in
3509 3711 3714 3751 omnem

2139 3797 2278 3851 hanc
2310 3793 2518 3851 turbam
2549 3811 2716 3852 escas.
2750 3793 2853 3866 Qui
2885 3795 2958 3851 ait
2997 3795 3075 3852 eis
3106 3814 3120 3852 :
3175 3793 3370 3852 Aﬁ‘erte
3425 3793 3544 3850 illos
3593 3793 3717 3848 mihi

2138 3885 2262 3940 huc.
2286 3885 2356 3940 Et
2381 3884 2640 3956 praecepit
2667 3884 2772 3940 illis
2805 3892 2866 3940 ut
2901 3884 3218 3940 accumbere
3263 3883 3497 3940 facerent
3541 3898 3717 3939 omnes

2139 3973 2433 4029 secundum
2462 3972 2821 4029 contubernia
2849 3989 3010 4046 supra
3029 3973 3199 4030 viride
3249 3972 3458 4029 fenum.
3515 3972 3580 4026 Et
3620 3969 3718 4026 dis-

2141 4072 2440 4129 cubuerunt
2469 4071 2524 4126 in
2551 4078 2732 4142 partes
2760 4089 2858 4144 per
2884 4079 3138 4128 centenos
3167 4079 3222 4128 et
3261 4086 3358 4142 per
3402 4069 3718 4142 quinquage-

2142 4177 2260 4219 nos.
2297 4184 2318 4210 υ
2355 4159 2654 4230 Quaesierat
2681 4161 2944 4216 Dominus
2971 4176 3005 4216 a
3043 4159 3289 4232 Philippo
3332 4166 3538 4216 tentans
3581 4174 3714 4228 eum,

2143 4250 2287 4322 quod
2316 4251 2550 4306 Joannes
2577 4257 2986 4318 commemorat,
3039 4249 3184 4304 unde
3231 4264 3354 4304 esca
3393 4247 3508 4303 dari
3551 4255 3717 4318 posset

2141 4353 2314 4408 turba:
2333 4353 2361 4406 ‘I
2381 4351 2595 4408 Etenim
2619 4350 2746 4421 quia
2771 4348 3077 4424 ignorantia
3104 4346 3293 4420 populi
3319 4355 3431 4407 erat
3471 4345 3528 4402 in
3571 4346 3707 4418 lege;

2143 4440 2383 4513 quandiu
2413 4441 2556 4496 enim
2588 4440 2785 4513 legitur
2813 4439 3057 4510 Moyses:
3084 4437 3338 4494 Velamen
3381 4435 3604 4508 positum
3645 4441 3716 4490 est

2141 4547 2304 4602 super
2331 4529 2496 4586 corda
2524 4544 2728 4594 eorum,
2764 4533 3049 4600 prepterea
3095 4525 3318 4581 tentatio
3372 4523 3464 4579 illa
3516 4523 3713 4580 Domini

2142 4619 2506 4691 ignorantiam
2535 4616 2783 4689 discipuli
2813 4613 3236 4680 demonstrabat.
3287 4612 3487 4668 Eadem
3533 4611 3712 4682 quippe

504 4729 528 4756 α
561 4705 797 4776 Vespere
828 4713 1010 4761 autem
1041 4703 1183 4763 facto
1213 4705 1530 4762 accedentes
1553 4706 1841 4763 duodecim
1869 4707 2030 4764 dixe-
2063 4769 2109 4780 ,λ
2143 4707 2486 4780 simplicitate
2545 4722 2651 4776 qua
2705 4705 3001 4777 Philippus,
3064 4701 3298 4774 loquitur
3351 4709 3404 4756 et
3463 4701 3701 4757 Andreas.

425 4795 636 4852 runtilli
661 4769 912 4851 Dimitte
932 4795 1137 4864 turbas,
1157 4802 1216 4850 ut
1231 4803 1418 4851 euntes
1439 4793 1492 4850 in
1505 4795 1722 4852 castella
1743 4796 2028 4869 villasque,
2063 4769 2118 4833 D
2147 4769 2268 4852 Sed.
2303 4769 2578 4852 Dominus.
2615 4769 2866 4850 ostendit.
2886 4769 3165 4864 gratuitas
3219 4787 3453 4846 credenti
3533 4789 3709 4860 populo

425 4901 546 4957 qua:
565 4885 707 4940 circa
725 4892 850 4940 sunt
882 4884 1169 4954 divertant,
1199 4891 1254 4939 et
1289 4884 1567 4940 inveniant
1585 4901 1754 4952 escas,
1789 4886 1916 4957 quia
1944 4888 2032 4943 hic
2139 4901 2198 4940 se
2227 4883 2412 4957 largiri
2443 4901 2592 4939 escas
2618 4884 2809 4939 eadem
2839 4882 3078 4954 benigna
3114 4885 3378 4952 potestate
3425 4893 3529 4949 qua
3563 4877 3710 4951 gratis

422 4974 479 5030 in
507 4973 719 5030 deserto
749 4974 870 5030 loco
899 4990 1106 5028 sumus.
1137 4973 1293 5028 Jesus
1323 4981 1503 5029 autem
1533 4974 1672 5029 dixit
1721 4973 1865 5030 illis:
1905 4975 2030 5032 Non
2139 4973 2456 5029 redimendo
2482 4979 2654 5028 sanat.
2691 4973 2830 5027 Puer
2869 4971 3047 5026 ferens
3103 4984 3271 5042 panes
3321 4983 3444 5024 cum
3499 4965 3708 5039 piscibus

419 5072 620 5129 habent
647 5087 867 5127 necesse
896 5071 996 5140 ire,
1030 5069 1154 5126 date
1185 5070 1290 5125 illis
1321 5086 1420 5127 vos
1450 5070 1798 5128 manducare.
1836 5093 1858 5120 »
1906 5073 2027 5130 Ριιο.
2135 5079 2274 5119 unus
2299 5063 2368 5118 de
2395 5061 2675 5134 discipulis
2702 5061 2820 5128 fuit,
2852 5060 2940 5116 vel
2985 5059 3124 5116 forte
3179 5055 3372 5129 aliquis
3419 5055 3486 5110 de
3543 5053 3698 5110 turba.

415 5169 576 5218 vorat
603 5161 882 5234 apostolos
910 5161 979 5216 ad
1011 5159 1332 5216 fractionem
1367 5176 1591 5232 panum,
1652 5167 1730 5227 ut,
1790 5159 1896 5216 illis
1952 5169 2027 5218 te-
2135 5156 2293 5229 Quod
2348 5164 2529 5214 autem
2583 5156 2867 5228 Philippus
2922 5153 3010 5210 vel
3075 5149 3318 5208 Andreas
3389 5147 3706 5222 singulariter

413 5251 680 5308 stantibus
725 5265 783 5306 se
823 5265 934 5306 non
973 5248 1195 5316 habere,
1243 5249 1564 5322 magnitudo
1605 5247 1750 5322 signi
1805 5249 2026 5306 notitior
2130 5255 2323 5312 dicitur
2350 5255 2494 5326 apud
2522 5255 2807 5320 Joannem,
2869 5253 2972 5308 hoc
3026 5249 3116 5306 alii
3173 5247 3521 5320 evangelista
3568 5245 3703 5302 disci-

411 5339 526 5409 ﬁat,
562 5340 727 5406 simul
765 5339 1062 5409 insinuans,
1113 5338 1241 5410 quia
1283 5339 1522 5410 quotidie
1559 5354 1656 5412 per
1700 5354 1794 5396 eos
1835 5353 2022 5396 sumus
2131 5346 2287 5417 pulos
2315 5343 2592 5416 pluraliter
2620 5342 2819 5398 dixisse
2847 5340 3104 5407 referunt,
3151 5337 3512 5410 intelligentes
3555 5351 3697 5390 unum

406 5439 684 5508 pascendi.
717 5437 862 5509 Quid
891 5439 1038 5494 enim
1094 5445 1264 5511 agunt
1319 5437 1506 5493 Petrus
1563 5445 1618 5493 et
1674 5435 1868 5492 Paulus
1922 5453 2020 5510 per
2128 5451 2238 5507 pra!
2271 5433 2476 5490 cazteris
2505 5431 2650 5504 loqui
2683 5432 2768 5489 vel
2820 5437 3080 5504 ponentes
3130 5427 3395 5500 pluralem
3440 5439 3696 5480 numerum

407 5528 684 5600 epistolas,
715 5527 818 5582 nisi
847 5533 906 5582 ut
952 5535 1162 5584 mentes
1207 5533 1418 5583 nostras
1457 5526 1729 5583 alimentis
1777 5525 2015 5582 coelesti-
2124 5540 2222 5596 pro
2249 5522 2530 5596 singulari.
2566 5519 2928 5578 Contubernia
2971 5517 3212 5590 intellige
3269 5515 3506 5573 diversas
3558 5511 3698 5569 homi'

406 5612 509 5671 bus
548 5618 824 5686 pascant?
857 5617 919 5671 In
949 5628 1174 5688 vespere
1214 5615 1398 5672 turbas
1435 5615 1618 5686 reﬁcit,
1668 5615 1795 5686 quia
1824 5615 1881 5670 in
1907 5613 2016 5672 ﬁne
2120 5637 2250 5677 num
2279 5620 2581 5687 societates,
2617 5619 2707 5690 qui
2737 5618 2806 5674 de
2834 5616 3060 5673 diversis
3090 5615 3232 5670 villis
3253 5617 3526 5678 venerant,
3561 5609 3694 5680 juxta

400 5704 584 5760 seculi
609 5705 1007 5776 propinquitate
1036 5721 1158 5760 cum
1189 5705 1268 5760 sol
1292 5705 1517 5776 justitiaa
1573 5719 1670 5777 pro
1718 5704 1878 5761 nobis
1921 5719 2012 5761 oc-
2119 5709 2263 5780 quod
2293 5709 2490 5764 milites
2539 5709 2596 5763 in
2640 5707 2832 5764 eodem
2885 5703 3230 5762 tabernaculo
3277 5701 3580 5758 societatem
3619 5700 3691 5753 ba-

401 5791 602 5861 cubuit,
625 5809 660 5849 a
686 5792 894 5848 diutina
923 5793 1218 5864 spiritualis
1248 5794 1444 5851 inediae
1471 5793 1618 5850 fame
1647 5807 1832 5849 sumus
1874 5791 2008 5850 libe-
2116 5799 2306 5856 bentcs
2333 5798 2437 5854 dici
2459 5798 2636 5854 solent
2662 5795 3101 5853 contubernales.
3133 5791 3382 5862 Quinque
3405 5805 3568 5864 panes
3585 5797 3694 5843 sunt

397 5890 518 5945 rati.
551 5891 693 5948 Nota
727 5890 974 5949 ordinem
1029 5891 1286 5961 mysterii.
1348 5892 1475 5948 Post
1531 5889 1800 5948 defectum
1863 5889 2004 5966 legis
2115 5888 2351 5962 quinque
2379 5887 2508 5946 libri
2527 5885 2716 5958 Moysi,
2741 5885 2867 5959 quia
2884 5883 2940 5941 in
2977 5883 3172 5962 opibus
3208 5881 3345 5956 legis
3373 5887 3611 5951 tanquam
3630 5891 3687 5933 ex
