3924 6406
181 425 297 481 889
1157 439 1735 500 DEFLORATIONES
1775 443 1879 501 SS.
1927 445 2225 504 PATRUM.
2254 479 2327 490 —
2359 450 2489 506 LIB.
2530 455 2575 508 Ι.
3423 455 3525 508 890

187 564 346 619 pane
378 561 497 609 erat
535 554 681 611 vita.
744 557 849 613 Per
892 558 1067 632 legem
1098 561 1241 616 enim
1291 562 1491 619 divinae
1518 566 1827 621 aeternitatis
1854 567 1908 631 Α
1934 568 2240 625 doctoribus
2287 574 2505 644 mystice
2560 574 2808 632 ﬁdelibus
2863 585 3220 649 exponuntur.
3254 577 3354 631 Per
3390 574 3525 631 duos

162 641 479 714 cognitio,
530 646 728 700 mundi
776 649 997 716 creatio,
1047 666 1229 704 cursus
1276 652 1504 708 labentis
1543 655 1743 721 saeculi,
1778 664 1830 710 et
1938 674 2149 728 quoque
2179 641 2487 732 pisces‘duae
2503 681 2765 736 personas,
2787 667 2931 740 regis
2950 667 3196 723 videlicet
3212 673 3264 721 et
3282 664 3527 720 sacerdo—

205 746 350 785 vera
379 732 496 787 Deo
527 735 803 790 serviendi
848 738 1040 809 religio
1091 740 1325 795 humano
1355 743 1541 814 generi
1574 744 1821 798 innotuit.

212 826 278 881 in
318 828 537 883 duobus
594 831 838 902 piscibus
880 833 1250 906 intelliguntur
1285 838 1475 908 psalmi
1506 846 1559 892 et
1586 841 1826 909 pI‘Ophe-

212 924 310 980 tia:
342 932 707 996 temperantes
734 938 1002 986 austerum
1033 948 1280 1002 saporem
1312 935 1465 1006 legis,
1499 936 1623 1006 quia
1652 936 1831 991 erudi-

210 1029 338 1077 tum
369 1024 423 1078 in
452 1025 575 1098 lege
605 1027 705 1081 Dei
736 1028 995 1100 populum
1028 1030 1099 1084 dn
1128 1031 1485 1101 promissione
1528 1033 1824 1089 Dominicae

206 1110 609 1169 incarnationis
683 1131 841 1173 novae
905 1118 1095 1190 gratim
1150 1118 1431 1175 dulcedine
1500 1122 1818 1192 pascebant,

207 1200 378 1270 quasi
427 1202 483 1257 in
530 1203 726 1260 virtute
780 1221 936 1277 aquas
992 1224 1144 1279 spem
1191 1208 1542 1265 confoventes
1572 1212 1821 1267 humanae

206 1288 371 1344 vita.
420 1289 559 1346 Hinc
613 1299 697 1347 est
739 1294 885 1363 quod
930 1295 1195 1351 Dominus
1222 1304 1343 1369 post
1377 1300 1819 1356 resurrectionem

201 1376 331 1431 ait:
367 1401 390 1426 κ
426 1378 726 1450 Oportebat
753 1382 966 1453 impleri
997 1385 1182 1441 omnia
1223 1402 1345 1457 quae
1390 1388 1589 1459 scripta
1616 1396 1739 1444 sunt
1763 1390 1819 1444 in

200 1465 344 1537 lege
372 1468 561 1538 Moysi,
609 1476 665 1524 et
716 1472 992 1543 prophetis
1045 1482 1098 1529 et
1147 1475 1369 1545 psalmis
1416 1476 1486 1531 de
1530 1492 1618 1531 me
1655 1478 1812 1547 (Luc.

206 1555 401 1624 xxxv).
438 1578 461 1605 -
494 1557 595 1613 Hic
622 1574 836 1631 quoque
884 1562 1201 1634 praecipiens
1226 1563 1329 1618 sibi
1367 1563 1541 1620 afferri
1572 1582 1739 1636 panes
1766 1575 1819 1623 et

203 1643 416 1714 pisces,
493 1647 715 1717 mystice
770 1650 1027 1721 praecepit
1091 1651 1417 1708 intellectum
1491 1655 1815 1710 Testamenti

204 1732 429 1789 Veteris
458 1734 527 1789 ad
553 1752 611 1790 se
638 1735 848 1792 referri.
879 1740 1021 1794 Bene
1053 1748 1232 1795 autem
1262 1758 1359 1812 per
1384 1743 1639 1812 aquatilia
1666 1742 1813 1815 ﬁgu-

200 1836 407 1884 rantur
428 1832 810 1902 prophetantes
854 1834 922 1889 de
960 1844 1141 1892 nostro
1189 1853 1331 1905 aevo,
1362 1839 1418 1893 in
1447 1855 1552 1909 quo
1582 1842 1812 1911 populus

1937 748 2003 801 tis
2031 748 2395 821 designantur,
2429 770 2549 823 quae
2569 756 2697 810 solae
2727 756 2782 809 in
2812 756 2986 811 Veteri
3030 757 3370 810 Testamento
3401 754 3523 809 oleo

1932 855 2113 901 sancto
2143 848 2505 919 ungebantur.
2572 852 2810 908 Christus
2866 862 3045 909 autem
3103 852 3290 908 ﬁdeles
3320 852 3375 906 in
3403 851 3519 906 salo

1934 936 2113 990 saeculi
2170 944 2225 990 ut
2279 938 2452 1007 pisces
2507 940 2729 996 latentes
2784 959 2881 1014 per
2923 943 3214 1013 piscatores
3252 939 3523 1013 apostolos

1930 1032 2043 1079 rete
2080 1023 2201 1080 ﬁdei
2232 1026 2390 1098 cepit,
2424 1036 2475 1082 et
2520 1037 2737 1085 cunctos
2766 1032 2884 1086 oleo
2937 1030 3235 1086 chrismatis
3275 1029 3329 1082 in
3366 1044 3523 1098 reges

1931 1128 1983 1175 et
2005 1121 2055 1176 in
2095 1122 2398 1178 sacerdotes
2434 1142 2636 1197 ungere
2676 1128 2820 1183 fecit.
2853 1130 2952 1183 Per
2979 1128 3159 1184 albam
3204 1141 3436 1196 namque
3463 1124 3518 1179 in

1928 1210 2251 1279 baptismate
2280 1221 2575 1284 acceptam,
2603 1216 2988 1284 sacerdotium;
3031 1232 3128 1288 per
3146 1214 3360 1270 mitram
3384 1228 3515 1271 vero

1928 1299 2089 1371 capiti
2118 1299 2425 1372 impositam
2468 1301 2779 1377 designatur
2822 1303 3072 1360 diadema
3116 1304 3353 1375 regium.
3410 1300 3517 1357 Se-

1928 1402 2107 1466 quitur
2139 1417 2151 1454 :

2003 1508 2025 1534 η
2052 1485 2159 1541 Sed
2179 1488 2297 1544 haec
2326 1489 2455 1559 quid
2474 1490 2613 1546 inter
2643 1498 2815 1547 tantos
2834 1492 2863 1545 ?
2886 1514 2908 1541 υ
2944 1492 3019 1546 Ac
3046 1489 3090 1545 si
3119 1488 3356 1545 dicatur:
3389 1488 3514 1544 Per-

1925 1574 2107 1629 multis
2160 1576 2415 1635 alimenta
2489 1579 2734 1651 petituris
2789 1595 2950 1652 supra
3014 1593 3232 1636 omnem
3295 1592 3512 1632 sensum

1922 1674 2182 1744 corporis,
2214 1690 2537 1747 omnemque
2592 1678 2844 1746 litteram,
2894 1676 3022 1747 quid
3075 1674 3293 1745 prodest
3338 1673 3512 1728 littera

1922 1763 2121 1816 vetus?
2152 1762 2290 1832 Quia
2317 1766 2602 1821 carnaliter
2645 1766 2927 1837 sapiebant
2970 1772 3024 1821 et
3079 1764 3135 1819 in
3180 1780 3274 1834 spe
3304 1761 3505 1818 carnali

1920 1850 2285 1919 quiescebant,
2366 1854 2558 1923 quibus
2620 1855 2707 1911 lex
2791 1853 3106 1927 temporalia
3170 1851 3505 1924 promiserat,

200 1916 459 1973 ﬁdelium
489 1920 605 1975 sine
655 1922 811 1992 aquis
854 1922 1110 1993 baptismi
1154 1926 1337 1982 vivere
1375 1928 1676 1983 nullatenus
1705 1945 1809 2001 po-
1836 1918 1889 1979 Β
1920 1916 2227 2020 praecipitur
2253 1916 2415 2021 gupe,
2440 1950 2611 2007 viride
2630 1952 2813 2008 fenum
2845 1953 3018 2021 iacere
3054 1970 3065 2006 ;
3104 1973 3125 2000 «
3152 1948 3341 2005 Omnis
3360 1947 3505 2003 enim

199 2012 335 2059 test.
390 2008 562 2064 Panes
609 2026 737 2065 vero
792 2012 1075 2068 hordeacei
1132 2014 1364 2083 fuerunt,
1414 2016 1504 2086 qui
1550 2018 1702 2072 cibus
1731 2035 1788 2073 es

1916 2051 2042 2091 caro
2072 2037 2276 2105 fenum,
2308 2046 2362 2094 et
2386 2040 2598 2096 claritas
2644 2042 2878 2098 hominis
2929 2042 3066 2096 sicut
3091 2039 3191 2094 ﬂos
3217 2038 3326 2094 feni
3357 2038 3494 2107 (Ita.

196 2107 553 2177 rusticorum,
610 2111 700 2181 qui
756 2112 979 2168 rudibus
1052 2116 1384 2171 auditoribus
1439 2119 1590 2189 quasi
1644 2136 1804 2192 gros-

196 2195 356 2251 siora
406 2200 792 2255 committenda
837 2211 959 2256 sunt
1005 2212 1292 2275 praecepta.
1363 2208 1624 2262 Animalia
1660 2209 1803 2263 enim

192 2294 373 2349 homo
404 2310 511 2350 non
542 2297 771 2368 percipit
799 2315 863 2354 ea
892 2316 1012 2369 que
1056 2310 1180 2355 sunt
1223 2303 1438 2371 spiritus
1483 2306 1601 2359 Dei.
1653 2307 1803 2362 Unde

200 2381 483 2438 Dominus
536 2386 824 2456 unicuique
878 2404 975 2459 pro
1015 2390 1227 2459 juribus
1280 2393 1422 2447 dona
1472 2394 1708 2449 tribuens
1751 2405 1804 2450 et

192 2484 424 2539 semper
469 2472 537 2527 ad
592 2475 915 2543 perfectiora
971 2494 1290 2548 provocans,
1348 2482 1525 2550 primo
1566 2484 1800 2555 quinque

191 2560 441 2627 panibus
451 2563 688 2633 quinque
708 2565 877 2619 millia
894 2564 1079 2632 reﬁcit,
1097 2569 1331 2623 secundo
1351 2579 1556 2641 septem
1572 2573 1802 2643 panibus

191 2669 434 2731 quatuor
461 2664 630 2720 millia
663 2667 963 2737 hominum,
997 2670 1151 2725 tertio
1170 2670 1443 2744 discipulis
1479 2690 1587 2729 sua:
1625 2677 1799 2732 carnis

191 2766 247 2812 et
294 2761 580 2832 sanguinis
626 2765 935 2835 mysterium
992 2768 1179 2834 credit,
1210 2768 1279 2823 ad
1320 2770 1566 2825 ultimum
1613 2772 1704 2827 dat
1741 2782 1797 2829 ut

189 2845 366 2902 edant
393 2857 449 2903 et
472 2849 661 2906 bibant
707 2868 868 2924 super
922 2870 1163 2910 mensam
1212 2873 1363 2912 suam
1396 2859 1449 2913 in
1478 2875 1645 2931 regno
1675 2878 1791 2918 suo.

190 2936 295 2991 Vel
326 2937 403 2992 ita
435 2956 448 2993 :
482 2939 781 2996 Hordeacei
829 2951 982 2999 erant
1020 2960 1208 3013 panes,
1241 2947 1365 3016 quia
1395 2948 1463 3002 ad
1495 2950 1657 3005 Vetus
1686 2953 1795 3007 Te-

184 3033 524 3081 stamentum
577 3030 935 3097 pertinebant,
971 3040 1024 3088 et
1051 3034 1187 3088 sicut
1240 3035 1328 3089 vix
1374 3039 1682 3107 pervenitur
1726 3042 1792 3096 ad

184 3113 492 3169 medullam
549 3117 758 3186 hordei,
806 3119 879 3174 ita
918 3122 1078 3175 Vetus
1130 3124 1528 3181 Testamentum
1574 3130 1796 3186 vestitur

182 3203 434 3273 tegmine
470 3206 787 3275 carnalium,
834 3209 930 3263 sed
971 3210 1192 3278 sauciat,
1223 3228 1347 3267 cum
1377 3214 1518 3269 intus
1546 3218 1793 3286 perveni-

185 3265 299 3343 tur.
362 3291 483 3348 Duo
530 3302 712 3349 autem
766 3265 941 3366 pisces
988 3299 1077 3367 qui
1123 3265 1371 3371 saporem
1412 3265 1616 3358 dabaht
1663 3307 1789 3377 pani
1820 3265 1868 3330 Ο

179 3394 437 3459 suavem,
468 3390 591 3437 sunt
618 3382 741 3440 duae
794 3401 1040 3455 personae
1094 3389 1385 3445 sacerdotis
1412 3400 1466 3447 et
1492 3394 1637 3466 regis
1674 3395 1790 3465 qui-

175 3482 289 3537 bus
336 3486 569 3557 pOpulus
624 3488 789 3544 Israel
837 3491 1146 3563 regebatur,
1180 3501 1238 3548 ut
1286 3511 1382 3565 per
1409 3512 1499 3551 eas
1527 3500 1787 3555 consilio-

178 3587 310 3626 rum
370 3574 723 3633 moderamen
793 3579 1083 3651 acciperet.
1149 3581 1357 3651 Quibus
1424 3585 1563 3641 inter
1609 3589 1787 3643 turbas

177 3658 496 3718 ﬂuctuantis
554 3666 758 3733 saeculi,
832 3684 980 3725 more
1033 3670 1261 3741 piscium
1317 3675 1614 3745 quassatis,
1686 3695 1786 3734 nec

178 3758 582 3831 deﬁcientibus,
640 3764 976 3838 ﬁgurabatur
1045 3772 1282 3826 Christus
1335 3789 1492 3828 verus
1536 3779 1786 3833 sacerdos

177 3855 236 3903 et
266 3857 468 3907 rector.
510 3853 648 3909 Puer
678 3864 904 3929 portans
933 3866 1012 3914 est
1041 3860 1271 3930 populus
1317 3861 1428 3930 ille,
1478 3866 1699 3933 puerilis
1726 3867 1783 3922 in

176 3953 368 4006 sensu,
402 3956 503 3997 nec
546 3943 902 4011 manducans,
960 3947 1051 4017 qui
1080 3949 1230 4018 quasi
1279 3965 1413 4005 onus
1439 3952 1619 4009 clausa
1650 3972 1777 4025 por-

180 4034 353 4123 tabat,
387 4053 489 4092 nec
532 4040 669 4095 alios
723 4057 967 4111 pascens.
1016 4047 1150 4102 Item
1209 4062 1306 4117 per
1351 4048 1586 4120 quinque
1615 4069 1780 4123 panes

180 4122 463 4196 Scriptura
518 4135 573 4183 et
616 4132 867 4207 exempla
920 4133 1152 4203 Patrum,
1187 4135 1241 4188 in
1271 4136 1506 4206 quinque
1534 4122 1780 4197 aetatibus

176 4211 518 4285 degentium,
584 4217 973 4291 intelliguntur,
1043 4224 1239 4293 quibus
1302 4229 1540 4298 quotidie
1592 4229 1778 4287 ﬁdeles

176 4307 395 4398 abunde
448 4311 774 4369 reﬁciuntur.
823 4318 885 4372 In
933 4318 1109 4388 prima
1173 4330 1329 4379 aetate
1385 4326 1568 4381 Enoch
1634 4344 1774 4398 pane

174 4396 359 4467 scripti
392 4415 490 4454 nos
515 4399 711 4467 reﬁcit,
738 4403 865 4458 dum
896 4405 1187 4464 Dominum
1226 4427 1346 4467 cum
1379 4414 1615 4470 millibus
1636 4396 1772 4471 san-

174 4490 381 4551 ctorum
418 4487 485 4542 ad
510 4488 773 4559 judicium
804 4501 1088 4567 venturum
1118 4498 1324 4554 scribit.
1360 4501 1502 4558 Pane
1532 4504 1768 4575 exempli

1916 2126 2032 2191 XL).
2070 2149 2091 2173 ι»
2125 2127 2425 2183 Discumbit
2452 2145 2582 2201 ergo
2612 2147 2773 2201 super
2799 2131 2984 2185 fenum
3006 2129 3095 2199 qui
3116 2142 3331 2183 carnem
3349 2141 3499 2181 suam
3548 2192 3549 2195 η

1913 2222 2101 2287 calcat,
2152 2231 2205 2277 et
2258 2223 2417 2279 flores
2460 2224 2603 2279 illius
2655 2225 2805 2295 quasi
2861 2241 3017 2281 arens
3046 2224 3228 2278 fenum
3276 2221 3503 2277 conterit

1912 2312 2093 2366 saeculi
2122 2312 2420 2382 voluptates
2448 2313 2549 2369 sibi
2598 2314 2903 2383 subjiciens.
2958 2312 3164 2369 Diversi
3211 2310 3504 2365 discubitus

1910 2401 2310 2456 convivantium
2340 2402 2580 2458 diversos
2636 2401 2939 2476 signiﬁcant
2992 2409 3286 2458 conventus
3312 2399 3498 2455 Eccle-

1908 2489 2128 2545 siarum.
2159 2488 2539 2563 Quinquageni
2568 2500 2744 2547 autem
2778 2491 3139 2559 discumbunt,
3172 2489 3296 2560 quia
3324 2488 3498 2544 adhuc

1909 2585 1961 2638 in
1994 2587 2305 2657 paenitentia
2342 2590 2499 2660 positi
2528 2590 2766 2645 auditum
2796 2590 2949 2647 verbi
2990 2588 3309 2661 percipiunt.
3356 2588 3497 2642 Nam

1905 2676 2396 2749 quinquagenarius
2452 2696 2706 2734 numerus
2764 2678 3092 2751 pmnitentiaa
3138 2686 3193 2733 et
3217 2675 3495 2732 remissio-

1905 2762 1989 2815 nis
2018 2771 2112 2818 est.
2170 2765 2393 2819 Centeni
2446 2782 2572 2822 vero
2629 2765 2987 2832 discumbunt,
3035 2766 3159 2836 quia
3202 2780 3299 2836 per
3327 2761 3499 2835 poeni-

1906 2860 2121 2914 tentiam
2143 2861 2589 2934 quinquagenarii
2645 2862 2713 2918 ad
2759 2864 3054 2944 perfectum
3084 2862 3359 2918 centesimi
3389 2877 3494 2915 nu-

1903 2947 2035 3002 meri
2066 2950 2278 3004 culmen
2325 2951 2692 3021 ascendentes,
2724 2951 2777 3006 in
2808 2953 2923 3008 solo
2964 2951 3080 3023 jam
3126 2951 3248 3008 vitae
3278 2957 3492 3006 internae

1900 3035 2163 3092 desiderio
2194 3039 2477 3109 suspirant.

1977 3156 1998 3181 α
2032 3136 2280 3207 Acceptis
2308 3145 2485 3193 autem
2516 3137 2750 3208 quinque
2799 3139 3029 3210 panibus
3057 3146 3109 3194 et
3136 3136 3347 3193 duobus
3372 3135 3491 3207 pis-

1899 3222 2051 3277 cibus
2094 3225 2331 3296 respexit
2388 3226 2440 3279 in
2479 3228 2695 3292 malum,
2732 3234 2783 3283 et
2837 3227 3114 3283 benedixit
3141 3226 3264 3295 illis,
3308 3226 3486 3299 fregit,

1900 3319 1954 3365 et
2006 3311 2275 3367 distribuit
2332 3314 2645 3385 discipulis;
2696 3315 2942 3387 discipuli
2986 3323 3164 3372 autem
3204 3315 3392 3371 turbis.
3425 3316 3491 3371 Et

1898 3400 2356 3457 manducaverunt
2413 3417 2602 3458 omnes
2661 3411 2715 3458 et
2767 3404 2983 3459 saturati
3038 3412 3177 3459 sunt.
3234 3404 3491 3460 Tulerunt

1894 3488 2146 3558 reliquias
2175 3489 2459 3546 duodecim
2509 3492 2768 3563 caphinos
2800 3492 3222 3565 fragmentorum
3262 3492 3475 3563 plenos.

1894 3577 2327 3633 Manducantium
2387 3587 2565 3635 autem
2621 3580 2722 3636 fuit
2766 3598 3021 3635 numerus
3065 3580 3214 3651 quasi
3248 3581 3482 3652 quinque

1894 3665 2061 3720 millia
2086 3666 2342 3734 virorum,
2376 3669 2614 3738 exceptis
2651 3669 2964 3725 mulieribus
2991 3676 3044 3724 et
3073 3669 3327 3741 parvulis.
3364 3691 3385 3718 ι»
3422 3670 3482 3723 In

1891 3763 2086 3818 cmlum
2131 3765 2394 3820 Dominus
2448 3767 2713 3840 respexit,
2771 3768 3031 3823 honorem
3088 3767 3256 3822 Patris
3298 3783 3330 3821 a
3377 3784 3482 3837 quo

1892 3851 2006 3922 ipse
2054 3861 2166 3907 erat
2212 3854 2506 3922 confessus,
2568 3862 2624 3910 ut
2660 3855 2750 3927 qui
2780 3856 3026 3911 adessent
3062 3855 3424 3928 intelligerent
3450 3873 3482 3911 a

1890 3965 1996 4019 quo
2028 3957 2185 4006 tantae
2215 3949 2422 4007 virtutis
2467 3953 2759 4025 accepisset
2804 3952 3070 4019 effectum,
3109 3952 3399 4025 dirigentes
3429 3960 3481 4009 et

1888 4037 1990 4108 ipsi
2030 4038 2155 4094 illuc
2181 4039 2364 4095 oculos
2393 4042 2611 4096 mentis.
2682 4041 2737 4097 Si
2788 4058 2955 4113 panes
2982 4058 3089 4097 non
3120 4042 3474 4114 fragerentur,

1888 4143 1995 4181 non
2024 4128 2226 4183 alerent
2256 4135 2453 4184 tantam
2487 4130 2720 4185 turbam.
2756 4130 2844 4187 Sic
2873 4138 2921 4185 et
2952 4131 3062 4199 lex,
3113 4131 3158 4185 si
3204 4146 3311 4187 non
3341 4146 3478 4202 ape-

1884 4216 2095 4284 riretur,
2143 4233 2251 4273 non
2301 4226 2543 4290 pasceret
2596 4220 2809 4289 multos,
2859 4237 2993 4291 quos
3047 4227 3231 4292 aperta
3284 4220 3473 4290 pascit.

1884 4304 2255 4375 Unusquisque
2308 4308 2671 4377 apostolorum
2724 4309 2792 4363 de
2848 4309 3087 4380 reliquiis
3143 4308 3330 4380 implet
3375 4323 3476 4365 co-

1881 4392 2106 4463 phinum
2135 4410 2311 4463 suum,
2355 4403 2413 4449 ut
2458 4395 2543 4450 vel
2600 4396 2795 4452 haheat
2841 4398 2983 4452 unde
3009 4406 3197 4468 postea
3225 4398 3476 4470 gentibus

1878 4482 2030 4537 cibos
2057 4483 2314 4552 praebeat,
2366 4484 2451 4538 vel
2500 4500 2566 4539 ex
2626 4486 2865 4556 reliquiis
2920 4502 3074 4543 veros
3117 4486 3279 4541 fuisse
3310 4503 3476 4558 panes

178 4588 277 4628 nos
306 4575 463 4630 satiat
491 4576 621 4632 dum
651 4595 772 4634 eum
826 4582 898 4637 ob
945 4582 1207 4652 justitiam
1246 4588 1362 4644 Deo
1402 4591 1683 4661 placuisse,
1716 4602 1769 4649 et

1900 4579 2090 4635 loccat.
2125 4580 2373 4652 Quinque
2401 4583 2571 4638 millia
2607 4584 2865 4653 virorum,
2898 4584 2950 4639 id
2982 4592 3059 4640 est
3088 4585 3469 4655 perfectorum-
3533 4588 3539 4607 '

178 4669 232 4723 in
262 4672 570 4742 paradisum
618 4685 829 4746 raptum
887 4679 1051 4736 fuisse
1108 4683 1382 4755 scriptum
1428 4704 1769 4745 ροωτηθιηο,
1796 4669 1843 4713 ’έ
1881 4669 2053 4724 Sexus
2076 4670 2281 4742 fragilis
2318 4680 2370 4725 et
2408 4672 2586 4727 minor
2638 4681 2767 4728 aetas
2822 4673 3029 4746 indigni
3059 4681 3180 4728 sunt
3210 4690 3459 4729 numero.

175 4766 275 4813 rat.
328 4761 390 4813 In
448 4763 684 4821 secunda
738 4773 892 4821 aetate
948 4769 1102 4839 panis
1147 4772 1305 4828 nobis
1350 4791 1447 4846 per
1495 4777 1766 4833 Abraham

176 4855 516 4926 ministratur,
541 4859 671 4915 dum
694 4861 893 4918 litteras
918 4864 1176 4922 Hebraeas
1206 4872 1488 4939 reperisse,
1504 4882 1764 4930 transacta

179 4943 403 5000 abinitio
417 4947 713 5019 scripsisse,
752 4954 1135 5010 astronomiam
1161 4956 1215 5012 in
1250 4960 1480 5032 1Egypto
1499 4962 1761 5032 docuisse,

174 5055 233 5095 ac
259 5041 371 5097 Deo
396 5042 456 5097 in
478 5045 738 5119 .omnibus
756 5048 1002 5109 obedissc
1031 5062 1293 5111 narratur.
1343 5059 1405 5112 In
1436 5059 1587 5114 tertia
1606 5067 1763 5116 astate

177 5153 264 5208 per
291 5139 503 5210 Moysen
531 5142 754 5213 copiose
781 5146 1071 5219 reﬁcimur,
1101 5150 1229 5206 dum
1259 5152 1446 5209 decem
1477 5157 1761 5227 praeceptis

177 5242 264 5296 per
302 5227 417 5296 ejus
468 5229 670 5302 scripta
724 5232 1052 5307 instruimur,
1110 5247 1163 5295 et
1208 5240 1324 5310 ipse
1370 5259 1534 5313 super
1571 5261 1759 5300 omnes

176 5315 402 5373 homines
431 5321 910 5382 mansuetissimus
948 5327 1113 5384 fuisse
1143 5337 1194 5384 et
1221 5332 1404 5386 multis
1449 5332 1619 5405 signis
1647 5335 1756 5389 ful-

175 5414 283 5472 sisse
307 5417 662 5474 describitur.
695 5420 754 5476 In
785 5433 971 5493 quarta
999 5434 1156 5482 aetate
1188 5429 1380 5496 David,
1414 5431 1671 5488 Salomon
1704 5442 1755 5489 et

168 5528 327 5573 omnes
355 5534 501 5589 pene
531 5520 813 5588 prophetae
854 5538 953 5580 nos
1001 5525 1142 5580 dulci
1198 5543 1337 5599 pane
1366 5529 1587 5599 satiant,
1622 5531 1751 5586 dum

163 5630 243 5671 nos
267 5615 507 5688 mysticis
555 5615 769 5686 scriptis
816 5627 869 5675 et
908 5621 1061 5677 factis
1108 5623 1420 5681 informant.
1454 5627 1516 5681 In
1568 5628 1751 5698 quinta

155 5724 286 5773 aetate
316 5712 524 5770 Esdras
554 5726 657 5766 nos
684 5730 821 5785 pane
854 5726 1073 5787 saturat,
1107 5719 1235 5777 dum
1260 5724 1439 5794 legem
1470 5724 1745 5801 incensam

150 5807 357 5873 reiterat,
390 5809 453 5857 et
484 5801 751 5872 templum
798 5806 1123 5863 destructum
1144 5811 1450 5867 reaediﬁcat.
1483 5813 1549 5868 Hi
1579 5829 1747 5889 panes

1877 4758 2028 4813 Unde
2060 4767 2113 4813 et
2142 4758 2195 4813 in
2223 4761 2580 4816 Numerorum
2638 4761 2778 4817 libro
2808 4761 3015 4832 quoties
3060 4762 3381 4831 sacerdotes,
3417 4771 3469 4818 et

1876 4853 2073 4910 Levita?
2102 4864 2155 4910 et
2183 4856 2353 4911 turbae
2396 4858 2748 4929 pugnantium
2791 4857 3179 4926 describuntur,
3221 4857 3381 4926 servi,
3414 4866 3466 4914 et

1872 4951 2125 5006 mulieres
2154 4960 2207 5008 et
2234 4955 2462 5024 parvuli,
2486 4963 2537 5011 et
2565 4956 2803 5027 ignobile
2835 4957 3026 5029 vulgus
3054 4957 3465 5029 prmtermittun—

1874 5045 1973 5092 tur.
2005 5040 2127 5095 Non
2156 5057 2299 5097 nova
2341 5052 2487 5099 creat
2534 5045 2783 5101 Salvator
2835 5046 3054 5113 cibaria,
3095 5046 3190 5102 sed
3219 5062 3462 5117 praesen-

1871 5138 2012 5193 tibus
2050 5140 2339 5210 benedicit,
2397 5145 2523 5216 quia
2569 5146 2647 5200 in
2681 5162 2842 5203 carne
2890 5148 3130 5216 veniens,
3188 5164 3297 5203 non
3354 5148 3460 5204 alia

1866 5237 2139 5307 praedicat,
2173 5240 2268 5294 sed
2297 5242 2596 5313 prophetiae
2640 5244 2782 5301 dicta
2808 5246 3071 5318 mysteriis
3098 5246 3291 5319 gratiae
3314 5261 3453 5318 gra-

1864 5334 1989 5388 vida
2018 5335 2365 5393 demonstrat.
2418 5340 2570 5396 Unde
2618 5343 2856 5411 sequitur
2909 5343 3033 5413 quia
3084 5342 3264 5414 fregit,
3293 5342 3347 5397 id
3377 5351 3460 5399 est

1862 5422 2041 5477 clausa
2092 5434 2426 5482 sacramenta
2482 5429 2617 5501 legis
2670 5439 2723 5485 et
2751 5433 3131 5503 prophetarum
3182 5432 3456 5501 patefecit.

1863 5519 2034 5574 Panes
2087 5520 2389 5592 frangendo
2460 5526 2896 5598 multiplicantur,
2953 5529 3078 5599 quia
3130 5530 3283 5585 multi
3336 5530 3459 5585 libri

1861 5615 1987 5670 facti
2043 5625 2158 5671 sunt
2219 5621 2540 5687 exponendo
2597 5622 2797 5695 legem.
2858 5627 3133 5698 Frangens
3187 5628 3460 5685 distribuit

1858 5714 2151 5783 discipulis.
2186 5724 2238 5771 et
2266 5717 2340 5770 illi
2372 5720 2712 5788 prmfractum
2759 5722 3091 5796 frangentes,
3122 5725 3449 5782 distribuunt

1857 5811 2042 5878 turbis,
2107 5813 2233 5883 quia
2289 5816 2485 5883 sanctis
2523 5816 2835 5874 doctoribus
2880 5821 3087 5890 aperuit
3134 5840 3348 5878 sensum
3399 5834 3459 5879 ut

150 5905 293 5966 turbis
314 5897 744 5971 distribuuntur,
786 5902 915 5960 dum
964 5907 1154 5963 horum
1186 5910 1381 5981 Scripta
1436 5917 1489 5966 et
1538 5910 1683 5967 facta
1711 5926 1745 5967 a
1851 5908 2216 5983 intelligerent
2287 5911 2610 5987 Scripturas,
2664 5923 2719 5972 et
2771 5917 3068 5975 intellectas
3124 5920 3456 5977 auditoribus
