3924 6396
388 374 487 431 891

1525 375 1867 434 WERNERI
1902 377 2191 439 ABBATIS
2228 379 2287 439 S.
2321 380 2544 439 BLASII

3590 386 3713 444 892

395 505 508 555 toto
528 498 660 557 orbe
689 497 919 557 ﬁdeliter
970 500 1435 575 dispensaverunt.
1495 500 1653 572 Quod
1702 503 1870 559 turbis
1897 519 1995 559 su-
2023 502 2085 568 Α
2111 503 2207 559 dit.
2240 503 2512 561 Continuo
2541 503 2685 562 enim
2717 512 2858 562 tactu
2913 506 3150 579 parentis
3203 507 3499 566 animatum
3535 523 3706 565 ovum

398 596 579 660 perest
605 588 855 661 discipuli
885 590 1095 659 tollunt,
1128 590 1254 662 quia
1282 590 1537 662 mysteria
1566 608 1687 663 qua:
1718 608 1748 647 a
1778 592 2002 647 rudibus

396 691 506 732 non
535 677 836 747 capiuntur,
868 694 899 733 a
936 677 1187 749 perfectis
1232 676 1595 749 inquiruntur.
1662 679 1796 735 Sunt
1854 679 2000 735 enim

399 771 704 843 fragmenta
731 789 851 844 quae
872 761 1112 844 populus
1141 788 1247 827 non
1277 772 1452 843 potuit
1480 774 1830 841 manducare,
1856 792 2003 846 quae-

396 859 521 916 dam
568 861 856 916 secretiora
912 861 1301 936 intelligentiae,
1363 862 1559 934 quibus
1614 863 1824 935 impleti
1878 871 2002 919 sunt

400 958 627 1027 apostoli
659 959 809 1029 quasi
844 959 1061 1029 cephini
1100 959 1405 1015 duodecim.
1440 960 1542 1016 Per
1568 961 1831 1034 cophinos
1859 977 1999 1032 apo-

396 1045 517 1101 stoli
573 1044 890 1119 ﬁgurantur,
924 1053 976 1103 et
1002 1062 1102 1118 per
1151 1048 1426 1119 apostolos
1472 1047 1619 1103 chori
1662 1049 2000 1119 sequentium

396 1134 675 1190 doctorum
707 1135 838 1192 foris
873 1135 1091 1206 quidem
1138 1135 1451 1192 hominibus
1493 1137 1751 1206 despecti,
1786 1138 1879 1193 sed
1910 1137 2001 1193 in-

396 1230 477 1279 tus
505 1223 573 1281 ad
626 1223 820 1280 alenda
868 1224 1131 1281 humlium
1188 1226 1352 1280 corda
1380 1226 1515 1282 cibis
1551 1226 1871 1281 salutaribus
1898 1243 2000 1282 cu-

394 1311 607 1368 mulati.
647 1311 836 1369 Solent
890 1314 1034 1369 enim
1092 1329 1258 1386 opera
1314 1314 1532 1370 servilia
1570 1315 1688 1387 geri
1732 1315 1996 1387 cophinis.

395 1398 502 1456 Sed
531 1400 797 1456 Dominus
826 1402 1092 1472 cophinos
1150 1403 1471 1475 fragmentis
1496 1404 1757 1474 implevit,
1792 1404 1904 1476 qui,
1944 1411 2002 1459 ut

395 1496 619 1553 fortiora
650 1498 1024 1569 confunderet,
1058 1499 1272 1555 inﬁrma
1329 1500 1515 1555 mundi
1556 1501 1726 1573 eligit.
1760 1501 2001 1573 Apostoli

394 1583 678 1641 duodecim
739 1588 1005 1658 cophinos
1058 1588 1127 1643 de
1186 1589 1504 1662 fragmentis
1557 1589 2001 1645 manducandum

390 1673 770 1747 impleverunt,
834 1676 964 1732 dum
1022 1677 1078 1731 in
1137 1686 1290 1733 sexta
1345 1686 1501 1734 aetate
1531 1679 1728 1750 scripta
1758 1679 1998 1751 priorum

392 1787 488 1827 sua
540 1772 785 1830 doctrina
829 1774 1210 1830 disseruerunt.
1261 1776 1536 1845 Cophinus
1582 1776 1649 1831 de
1693 1776 1883 1850 gracili
1912 1775 2001 1830 vi-

392 1862 537 1916 mine
566 1863 889 1932 contexitur,
922 1871 975 1919 et
1003 1864 1135 1919 ordo
1165 1865 1490 1936 apostolicus
1519 1863 1587 1921 de
1616 1865 1806 1920 humili
1833 1864 1997 1936 stirpe
2026 1864 2079 1925 B

394 1950 628 2024 eligitur.
662 1953 762 2007 Hic
788 1954 1046 2024 reliquias
1093 1954 1366 2009 edentium
1397 1962 1715 2029 congregat,
1748 1953 1876 2024 quia
1904 1953 1996 2008 lit-

394 2046 561 2096 teram
594 2042 946 2112 popularibus
975 2049 1182 2115 erogat,
1216 2044 1440 2115 mystica
1470 2043 1803 2113 sapientibus
1831 2058 2001 2097 reser-

392 2144 501 2193 vat.
532 2138 601 2194 Et
619 2139 746 2209 quia
774 2140 1011 2210 quinque
1041 2147 1165 2195 sunt
1215 2157 1402 2196 sensus
1459 2141 1737 2197 exterioris
1764 2139 1999 2195 hominis

392 2226 627 2298 quinque
656 2229 827 2284 millia
854 2229 1090 2285 virorum
1144 2229 1312 2285 secuti
1371 2230 1667 2285 Dominum
1713 2230 2000 2301 designant

396 2330 489 2371 eos
536 2317 626 2387 qui
682 2317 736 2371 in
792 2319 990 2374 saeculo
1047 2319 1186 2374 bene
1241 2327 1507 2376 noverunt
1542 2319 1617 2373 uti
1648 2319 2000 2374 exterioribus

396 2421 519 2475 quae
548 2406 843 2477 possident.
880 2406 983 2477 Qui
1036 2415 1180 2464 recte
1211 2407 1447 2479 quinque
1498 2407 1728 2480 panibus
1767 2409 1996 2476 aluntur,

396 2502 524 2574 quia
553 2503 685 2559 tales
712 2520 933 2560 necesse
972 2512 1053 2559 est
1098 2504 1299 2560 institui
1354 2503 1621 2577 legalibus
1650 2504 1825 2560 adhuc
1853 2520 1997 2576 prae-

398 2592 588 2662 ceptis.
621 2594 761 2648 Nam
796 2594 888 2666 qui
936 2593 1141 2649 mundo
1170 2594 1237 2649 ad
1294 2593 1564 2667 integrum
1593 2593 1916 2658 renuntiant,
1948 2600 2002 2648 et

398 2690 627 2751 quatuor
654 2690 776 2737 sunt
803 2683 997 2752 millia,
1029 2691 1082 2738 et
1108 2692 1317 2754 septem
1373 2681 1603 2754 panibus
1656 2683 1861 2753 refecti,
1897 2684 2002 2738 hoc

397 2785 477 2833 est
529 2787 581 2834 et
636 2781 951 2853 evangelica
997 2781 1290 2837 refectione
1348 2780 1607 2836 sublimes
1642 2789 1694 2836 et
1737 2781 1999 2851 spirituali

396 2876 570 2949 gratia
600 2876 759 2933 docti.
797 2879 961 2949 Cujus
1006 2878 1415 2951 signiﬁcationis
1468 2896 1648 2943 causa,
1680 2896 1802 2935 reor
1826 2880 1883 2934 in
1910 2879 1999 2935 in-

399 2965 558 3021 troitu
590 2967 920 3023 tabernaculi
960 2968 1197 3039 quinque
1252 2970 1531 3024 columnas
1568 2969 1853 3024 deauratas
1876 2970 2000 3039 jus-

393 3079 481 3119 sas
505 3062 618 3119 ﬁeri
648 3065 847 3135 (Exod.
881 3068 1101 3137 xxxvr);
1162 3074 1288 3122 ante
1334 3068 1611 3123 oraculum
1656 3082 1805 3135 vero,
1838 3066 1890 3120 id
1923 3073 2004 3122 est

394 3152 592 3209 Sancta
637 3161 941 3212 sanctorum
1000 3162 1244 3226 quatuor,
1295 3156 1421 3227 quia
1471 3155 1850 3226 incipientibus
1907 3172 2003 3228 per

392 3242 570 3315 legem
601 3243 949 3318 castigantur,
991 3224 1059 3302 ne
1088 3224 1330 3315 peccent,
1383 3224 1605 3319 perfecti
1636 3262 1732 3317 per
1759 3224 1989 3319 gratiam
2021 3224 2070 3290 Ο

392 3331 767 3399 admonentur,
800 3340 859 3388 ut
888 3334 1002 3391 Deo
1026 3332 1277 3390 devotius
1307 3334 1511 3390 vivant.

474 3458 497 3483 α
530 3434 613 3491 Illi
642 3452 773 3508 ergo
823 3437 1092 3499 homines,
1146 3453 1267 3492 cum
1327 3436 1587 3492 vidissent
1619 3437 1763 3509 quod
1802 3437 2002 3493 fecerat

397 3521 637 3597 signum,
673 3525 961 3582 dicebant:
1023 3525 1163 3595 Quia
1218 3526 1306 3583 hic
1334 3532 1413 3581 est
1441 3542 1567 3582 vere
1613 3526 1880 3598 Propheta
1909 3525 2001 3596 qui

398 3620 651 3668 venturus
679 3623 759 3669 est
787 3614 841 3669 in
870 3614 1159 3671 mundum.
1227 3615 1381 3670 Jesus
1435 3630 1587 3689 ergo,
1637 3631 1758 3670 cum
1786 3630 1999 3686 cogno-

400 3710 582 3780 visset,
612 3711 736 3783 quia
763 3713 973 3769 venturi
1021 3721 1197 3769 essent
1225 3720 1283 3768 ut
1306 3720 1560 3784 raperent
1587 3728 1731 3779 eum,
1768 3720 1821 3768 et
1847 3711 1997 3767 face-

400 3808 519 3855 rent
559 3817 681 3856 eum
738 3818 946 3875 regem,
1007 3802 1165 3876 fugit.
1202 3824 1223 3851 ι»
1267 3802 1433 3858 Recte
1486 3810 1765 3858 senserunt
1796 3809 1998 3857 tantum

397 3890 718 3962 prophetam
769 3907 866 3963 per
921 3891 1105 3947 salutis
1148 3891 1421 3962 praeconia
1450 3898 1733 3946 venturum
1764 3907 1880 3945 esse
1911 3889 2001 3945 in-

402 3988 681 4056 mundum,
719 3987 771 4043 id
802 3996 882 4045 est
918 3988 985 4044 ad
1041 4004 1387 4045 communem
1416 3988 1694 4045 hominum
1730 3988 2004 4062 cognitio-

403 4092 547 4132 nem.
580 4077 839 4150 Discipuli
868 4085 922 4133 et
948 4079 1119 4134 turbae
1162 4078 1439 4135 credentes
1464 4075 1520 4133 in
1550 4077 1863 4146 Dominum,
1896 4094 2002 4149 pu-

402 4171 648 4223 taverunt
666 4167 815 4223 illum
846 4167 923 4223 sic
941 4184 1171 4236 venisse,
1229 4175 1287 4223 ut
1331 4166 1450 4237 jam
1507 4174 1779 4241 regnaret,
1812 4175 1867 4222 et
1896 4169 1999 4223 hoc

406 4273 486 4320 est
512 4264 651 4321 velle
678 4282 867 4337 rapere
898 4273 954 4321 et
977 4282 1165 4339 regem
1222 4266 1419 4332 facere,
1467 4267 1764 4339 praevenire
1796 4274 2007 4339 tempus

406 4352 526 4421 ejus
554 4353 698 4425 quod
754 4354 868 4426 ipse
925 4355 1068 4426 apud
1098 4372 1154 4410 se
1203 4356 1508 4412 occultabat
1561 4372 1729 4427 usque
1757 4356 1810 4411 in
1841 4354 2005 4412 ﬁnem

406 4441 609 4497 saeculi.
643 4443 793 4499 Unde
825 4443 992 4499 illud:
1034 4467 1056 4493 «
1089 4445 1213 4501 Non
1251 4453 1331 4501 est
1385 4452 1622 4502 vestrum
1672 4461 1832 4503 nesse
1862 4453 2006 4501 tem-

406 4554 540 4611 pora
569 4539 655 4595 vel
682 4548 957 4597 momenta
986 4542 1140 4611 (Act.
1176 4545 1239 4613 ι).
1277 4565 1299 4591 η
1336 4542 1571 4616 Fugiens
1626 4550 1805 4599 autem
1847 4542 2003 4599 nobis

407 4629 716 4701 exemplum
771 4632 1110 4699 monstravit,
1169 4640 1227 4687 ut
1290 4631 1346 4687 in
1401 4631 1564 4688 bonis
1620 4648 1741 4703 qua:
1788 4630 2003 4703 agimus

407 4717 628 4774 humani
684 4718 886 4776 favoris
959 4719 1365 4777 retributionem
1433 4721 1680 4789 vitemus,
1737 4719 2002 4790 simulque

406 4811 642 4870 insinuat
665 4815 807 4887 quod
838 4816 1061 4872 altitudo
1089 4833 1185 4871 sua
1216 4833 1323 4873 non
1362 4823 1537 4889 potest
1564 4815 1817 4890 intelligi.

800 4922 941 4980 Item
969 4924 1226 4998 quasdam
1253 4923 1324 4980 de
1347 4924 1614 4997 piscibus.

479 5027 771 5099 Quomodo
790 5029 858 5086 de
888 5031 1123 5102 quinque
1143 5029 1376 5102 panibus
1402 5029 1733 5104 evangelicis
1755 5029 2005 5101 quaedam

409 5127 699 5201 allegorice
729 5128 1137 5201 perstrinximus
1189 5128 1324 5185 libet
1375 5144 1590 5200 quoque
1638 5129 1821 5199 aliqua
1848 5142 2006 5185 com-

412 5232 715 5275 memorare
789 5217 857 5274 de
935 5217 1189 5290 piscibus,
1263 5234 1386 5273 cum
1451 5218 1641 5274 beatus
1695 5216 2010 5274 Ambrosius

414 5314 498 5381 (in
514 5318 924 5387 Hexaemeron)
939 5316 1288 5373 dicitdiversa
1305 5333 1510 5390 genera
1527 5317 1757 5390 piscium
1767 5316 2010 5373 diversos

410 5420 537 5460 usus
586 5408 811 5464 habere.
865 5407 970 5463 Alii
1017 5407 1162 5463 enim
1219 5424 1324 5463 ova
1376 5415 1658 5482 generant,
1717 5406 1809 5463 alii
1857 5406 2010 5469 vivos

413 5503 645 5571 pariunt,
707 5512 865 5575 atque
919 5504 1201 5576 formatos,
1234 5514 1287 5562 et
1315 5505 1405 5577 qui
1434 5522 1539 5562 ova
1585 5511 1867 5578 generant,
1901 5520 2010 5560 non

415 5597 570 5654 nidos
597 5607 802 5666 texunt,
870 5609 926 5655 ut
979 5617 1125 5667 aves,
1186 5617 1293 5657 non
1323 5601 1558 5658 diuturni
1591 5601 1734 5658 fetus
1768 5600 2010 5657 laborem

417 5693 663 5763 induunt,
720 5713 827 5751 non
882 5714 1007 5754 cum
1062 5699 1309 5756 molestia
1354 5698 1437 5755 sui
1485 5699 1741 5757 nutriunt.
1802 5696 2013 5756 Cecidit

417 5796 578 5839 ovum
609 5784 752 5855 quod
781 5802 920 5857 aqua
948 5788 1159 5859 gremio
1206 5787 1440 5859 quodam
1472 5796 1673 5843 natura:
1712 5803 1824 5844 suae
1862 5786 2013 5858 quasi

418 5871 595 5927 nutrix
622 5872 821 5929 blanda
867 5875 1120 5949 suscepit,
1154 5883 1207 5930 et
1234 5875 1435 5934 animal
1492 5875 1652 5935 celeri
1686 5874 1798 5932 fotu
1824 5875 2013 5939 reddi-

2110 593 2322 663 cecidit,
2375 603 2428 651 et
2471 595 2636 666 piscis
2689 594 2875 652 exivit.
2935 594 3102 666 Cujus
3155 596 3349 657 deinde
3376 614 3538 669 quam
3565 613 3710 668 pura

2110 683 2442 740 etinviolata
2492 684 2782 754 successio,
2840 684 3019 745 nullus
3060 686 3210 742 alteri
3254 686 3350 749 sed
3376 687 3566 759 generi
3603 702 3707 743 suo

2109 782 2363 838 miscetur
2391 783 2676 856 thymallus
2729 783 3005 856 thymallo,
3048 784 3207 856 lupus
3233 784 3380 856 lupo.
3412 784 3711 856 Scorpcna

2109 898 2322 953 quoque
2359 882 2657 938 castitatem
2711 881 3039 939 immaculati
3094 882 3345 938 connubii
3386 884 3571 955 generi
3602 898 3707 939 suo

2108 978 2310 1028 servat.
2357 972 2544 1041 Itaque
2608 971 2773 1028 habet
2832 971 3149 1042 pudicitiam
3212 971 3426 1043 generis
3461 971 3562 1038 sui,
3605 971 3708 1027 sed

2108 1077 2377 1117 venenum
2422 1060 2640 1134 generis
2664 1060 2745 1117 sui
2773 1076 2885 1116 non
2929 1061 3111 1119 habet.
3153 1060 3278 1117 Non
3304 1060 3447 1117 enim
3476 1061 3709 1136 percutit

2108 1174 2404 1232 scorpaana,
2435 1158 2531 1214 sed
2562 1157 2750 1214 reﬁcit.

2178 1268 2255 1324 De
2281 1282 2463 1324 scere.
2522 1266 2720 1323 Scarus
2771 1265 2910 1322 inter
2944 1265 3117 1337 pisces
3160 1265 3429 1321 minare
3455 1265 3708 1338 perhibe-

2111 1363 2212 1421 tur,
2240 1363 2302 1412 ut
2347 1354 2525 1413 ferum
2570 1354 2767 1425 quibus
2811 1361 2906 1412 aut
2940 1361 3162 1412 eventus
3188 1363 3282 1411 aut
3308 1371 3433 1411 usus
3459 1354 3575 1421 fuit,
3609 1364 3708 1411 aut

2108 1443 2339 1501 studium
2399 1443 2527 1501 talia
2575 1443 3052 1515 comprehendere.
3102 1443 3245 1500 Sane
3284 1459 3380 1500 nec
3408 1444 3511 1515 ipsi
3536 1444 3707 1501 asuis

2109 1532 2363 1606 potentiae
2418 1547 2637 1589 evasere
2672 1532 3008 1603 violentiam,
3067 1539 3120 1589 et
3164 1533 3402 1593 avaritia
3426 1534 3703 1603 potentio-

2106 1647 2224 1686 rum
2253 1629 2505 1700 subjecti,
2536 1630 2738 1700 ubique
2793 1628 3080 1686 inferiores
3124 1638 3265 1685 sunt.
3294 1628 3530 1701 Quisque
3552 1629 3704 1685 inﬁr-

2109 1719 2251 1775 mior
2277 1734 2343 1775 eo
2379 1717 2579 1790 praedm
2631 1725 2803 1791 patet.
2858 1718 2924 1773 Et
2978 1718 3221 1790 plerique
3262 1718 3475 1789 quidem
3519 1718 3705 1774 herbis

2108 1824 2415 1888 pascuntur,
2473 1833 2536 1873 ac
2591 1815 2811 1872 minutis
2863 1816 3157 1875 vermibus.
3218 1816 3355 1873 Sunt
3396 1824 3574 1877 tamen
3607 1817 3701 1888 qui

2107 1905 2340 1962 invicem
2369 1922 2428 1962 se
2458 1904 2737 1971 devorant,
2772 1912 2825 1960 et
2852 1920 2951 1960 sua
2983 1920 3142 1963 carne
3189 1912 3496 1977 pascuntur.
3527 1905 3705 1961 Minor

2108 1994 2250 2066 apud
2281 1995 2401 2050 iUos
2430 2010 2553 2050 esca
2579 1993 2806 2063 majoris
2852 2001 2949 2061 est,
2997 2010 3178 2050 rursus
3204 1994 3318 2066 ipse
3345 1994 3521 2064 major
3546 2010 3578 2050 a
3604 2010 3703 2049 va-

2109 2091 2298 2148 lidiore
2366 2090 2657 2159 invaditur,
2724 2100 2781 2147 et
2852 2091 2911 2148 ﬁt
2964 2108 3087 2147 esca
3141 2092 3388 2159 alterius,
3436 2092 3705 2165 pradator

2107 2180 2296 2238 alieni.
2335 2181 2520 2251 Itaque
2550 2197 2648 2237 usu
2676 2180 2825 2237 venit
2850 2187 2928 2249 ut,
2987 2197 3108 2238 cum
3141 2181 3258 2254 ipse
3277 2182 3439 2237 alium
3466 2182 3701 2237 devora-

2108 2280 2263 2344 verit,
2295 2279 2364 2336 ab
2393 2278 2500 2335 alio
2528 2278 2832 2347 devoretur,
2863 2287 2918 2334 et
2946 2279 3002 2334 in
3028 2296 3194 2335 unum
3213 2286 3453 2337 ventrem
3479 2286 3702 2349 uterque

2106 2368 2288 2425 veniat
2338 2383 2459 2424 cum
2515 2374 2764 2424 voratore
2820 2368 3040 2439 proprio
3098 2367 3403 2437 devoratus,
3443 2366 3604 2439 ﬁtque
3632 2368 3702 2423 si-

2108 2457 2306 2515 militer
2324 2457 2380 2511 in
2412 2473 2520 2514 uno
2550 2456 2754 2513 viscere
2807 2456 3009 2527 praedae
3064 2456 3421 2528 vindictaeque
3475 2473 3699 2514 consor-

2107 2546 2260 2602 tium.
2294 2546 2362 2602 Et
2386 2544 2519 2617 ipsis
2573 2553 2764 2616 postea
2816 2554 3009 2616 sponte
3064 2547 3185 2602 hac
3224 2545 3458 2603 accrevit
3484 2545 3697 2617 injuria,

2107 2644 2244 2700 sicut
2268 2644 2325 2700 in
2355 2644 2513 2701 nobis
2541 2660 2649 2701 non
2677 2661 2747 2700 ex
2790 2652 2979 2701 natura
3029 2644 3211 2717 erepit,
3241 2644 3338 2700 sed
3363 2660 3432 2700 ex
3458 2644 3697 2712 avaritia,

2108 2740 2219 2802 aut,
2271 2733 2400 2804 quia
2444 2733 2515 2788 ad
2543 2750 2699 2789 usum
2750 2734 3032 2791 hominum
3062 2732 3180 2789 dati
3221 2740 3364 2804 sunt,
3406 2733 3463 2789 in
3488 2733 3699 2807 signum

2108 2847 2323 2901 quoque
2354 2830 2479 2887 facti
2528 2839 2672 2897 sunt,
2704 2838 2761 2886 ut
2789 2831 2846 2887 in
2874 2831 2959 2887 his
2995 2839 3296 2888 nostrorum
3326 2846 3536 2887 morum
3573 2830 3701 2887 vitia

2107 2920 2421 2988 viderimus,
2480 2927 2534 2976 et
2582 2936 2894 2977 caveremus
2949 2921 3219 2993 exempla,
3249 2936 3317 2976 ne
3346 2920 3466 2990 quis
3508 2927 3702 2990 poten-

2108 3010 2211 3065 tior
2237 3009 2549 3066 inferiorem
2603 3010 2903 3078 invaderet,
2950 3010 3174 3069 datume
3225 3009 3281 3066 in
3320 3025 3381 3065 se
3418 3008 3702 3081 potentiori

2109 3098 2420 3171 exemplum
2476 3097 2709 3168 injuriae.
2768 3100 2954 3170 Itaque
3012 3098 3105 3169 qui
3152 3098 3378 3155 alterum
3406 3097 3571 3165 laedit,
3601 3097 3700 3153 sibi

2109 3196 2361 3267 laqueum
2390 3203 2545 3268 parat
2574 3195 2629 3253 in
2658 3211 2818 3267 quem
2864 3196 2980 3269 ipse
3022 3195 3247 3253 incidat.
3288 3195 3355 3251 Et
3378 3203 3432 3252 tu
3461 3195 3621 3266 piscis
3645 3212 3702 3252 es

2108 3304 2198 3375 qui
2227 3303 2435 3359 viscera
2464 3303 2676 3360 invadis
2716 3303 2913 3372 aliena,
2954 3303 3045 3375 qui
3091 3302 3363 3376 demergis
3413 3301 3699 3371 inﬁrmum,

2108 3393 2200 3463 qui
2252 3392 2562 3450 credentem
2615 3392 2953 3463 persequeris
3010 3409 3178 3464 usque
3234 3391 3290 3447 in
3342 3391 3690 3462 profundum.

2109 3483 2255 3538 Cave
2282 3498 2371 3549 ne,
2400 3480 2535 3537 dum
2588 3481 2743 3538 illum
2789 3480 3050 3553 sequeris,
3092 3480 3298 3537 incidas
3336 3481 3451 3553 ipse
3480 3481 3536 3537 in
3562 3480 3699 3538 vali-

2106 3571 2318 3628 diorem
2373 3578 2427 3626 et
2478 3570 2706 3627 deducat
2735 3578 2785 3626 te
2816 3570 2873 3627 in
2929 3570 3135 3629 alienas
3178 3570 3419 3637 insidias,
3470 3570 3560 3641 qui
3586 3578 3700 3626 tuas

2103 3669 2253 3735 vitat,
2314 3669 2565 3740 priusque
2626 3676 2773 3724 tuam
2829 3675 3111 3739 exspectet
3155 3684 3474 3737 erumnam,
3525 3668 3614 3740 qui
3646 3674 3695 3724 te

2107 3766 2462 3832 persequente
2490 3759 2770 3831 propriam
2799 3757 3207 3815 reformidabat.

2180 3868 2258 3923 De
2286 3869 2428 3923 ceto.
2464 3866 2578 3922 Cati
2610 3872 2734 3921 sunt
2762 3866 2987 3923 marinae
3030 3865 3246 3923 bellum.
3278 3864 3415 3935 Qum
3443 3864 3487 3921 si
3513 3881 3698 3938 super-

2108 3961 2295 4011 natant
2364 3954 2616 4010 ﬂuctibus
2684 3954 2754 4011 ad
2810 3970 2959 4010 mare
3015 3954 3216 4011 insulas
3267 3961 3442 4025 putes,
3498 3961 3699 4011 montes

2109 4043 2399 4100 altissimos
2452 4044 2679 4100 summis
2726 4044 2796 4101 ad
2851 4042 3048 4100 crnlum
3106 4043 3394 4100 verticibus
3436 4043 3688 4099 eminere.

2110 4142 2246 4213 Quae
2273 4158 2383 4198 non
2410 4142 2466 4198 in
2495 4150 2611 4198 acta
2656 4159 2757 4198 nec
2811 4143 2867 4198 in
2922 4141 3207 4209 littoribus,
3248 4140 3344 4198 sed
3372 4142 3427 4198 in
3456 4138 3696 4198 Atlantici

2110 4231 2277 4287 maris
2303 4231 2573 4303 profundo
2603 4231 2855 4288 dicuntur
2894 4231 3085 4300 videri,
3116 4237 3176 4286 ut
3202 4246 3386 4287 eorum
3416 4235 3696 4300 conspectu

2111 4327 2290 4377 nautae
2316 4336 2350 4376 a
2377 4319 2672 4392 navigandi
2718 4320 2773 4374 in
2802 4320 2908 4376 illis
2934 4320 3068 4378 locis
3099 4319 3514 4392 praesumptione
3540 4333 3696 4375 revo-

2112 4425 2316 4483 centur,
2350 4433 2448 4474 nec
2475 4425 2685 4474 secreta
2713 4418 3102 4475 elementorum
3132 4415 3279 4474 adire
3297 4416 3414 4475 sine
3438 4431 3695 4487 supremae

2114 4515 2314 4564 terrore
2375 4507 2563 4564 mortis
2632 4516 2914 4581 usurpem.
2978 4506 3333 4579 Physiologus
3402 4513 3578 4562 autem
3630 4505 3693 4563 de

2030 4587 2083 4648 D
2112 4605 2233 4655 ceto
2260 4597 2424 4667 dicit;
2469 4597 2746 4668 quoniam,
2779 4597 2824 4653 si
2855 4604 3034 4653 tamen
3062 4595 3316 4665 creditur,
3335 4595 3469 4652 duas
3488 4603 3694 4651 naturas

2111 4694 2291 4750 habet.
2351 4694 2531 4750 Prima
2585 4701 2683 4763 est,
2723 4693 2767 4748 si
2815 4693 3077 4760 esurierit,
3136 4693 3306 4765 aperit
3342 4708 3404 4749 os
3429 4706 3616 4761 suum;
3646 4699 3695 4749 et

2109 4783 2381 4839 maximus
2431 4782 2571 4839 odor
2622 4789 2677 4838 et
2720 4783 2901 4838 suavis
2956 4781 3068 4839 exit
3111 4797 3179 4838 ex
3225 4797 3318 4838 ore
3365 4781 3499 4853 ejus,
3547 4780 3618 4836 ita
3641 4786 3696 4835 ut

2110 4872 2349 4928 minores
2388 4872 2563 4944 pisces
2596 4871 2962 4941 jucundentur
3005 4872 3125 4942 ejus
3176 4869 3456 4940 suavitate,
3489 4877 3542 4925 et
3566 4884 3693 4926 con-

2110 4976 2405 5042 gregentur
2442 4984 2634 5025 omnes
2684 4968 2741 5023 in
2793 4984 2888 5025 ore
2942 4968 3078 5037 ejus,
3135 4975 3211 5034 et,
3246 4983 3370 5024 cum
3424 4965 3691 5037 impletum

2113 5059 2273 5114 fuerit
2298 5074 2361 5114 os
2383 5058 2525 5129 ejus,
2556 5057 2756 5113 claudit
2777 5073 2839 5114 os
2868 5057 3047 5128 piscis,
3092 5064 3145 5112 et
3189 5055 3349 5129 glutit
3374 5071 3486 5113 eos.
3525 5052 3693 5128 Magni

2111 5156 2292 5205 autem
2339 5147 2513 5220 pisces
2540 5155 2595 5202 et
2620 5147 2843 5218 perfecti
2885 5161 2995 5203 non
3046 5146 3483 5218 appropinquant
3517 5143 3691 5200 saltem

2113 5236 2193 5292 ori
2222 5236 2356 5305 ejus.
2408 5235 2657 5293 Secunda
2703 5250 2831 5292 vero
2880 5242 3071 5291 natura
3098 5241 3181 5290 est
3206 5233 3345 5305 ejus,
3374 5241 3433 5289 ut
3459 5232 3695 5290 exhibeat

2111 5342 2172 5381 se
2200 5325 2253 5381 in
2283 5325 2505 5382 modum
2535 5323 2743 5382 insulse.
2774 5324 3108 5396 Navigantes
3148 5330 3328 5380 autem
3378 5321 3698 5394 suspicantur

2113 5415 2345 5472 insulam
2388 5430 2529 5471 esse.
2578 5414 2772 5487 Ligant
2817 5428 2986 5469 naves
3027 5429 3154 5469 suas
3204 5411 3274 5469 ad
3329 5427 3470 5479 eam,
3501 5417 3557 5467 et
3579 5409 3694 5466 dum

2117 5512 2421 5570 accenderit
2448 5512 2633 5585 ignem
2686 5527 2850 5584 super
2903 5527 3024 5567 eam
3055 5510 3126 5567 ad
3153 5509 3515 5581 coquendum,
3552 5515 3697 5579 atque

2118 5603 2185 5659 ad
2212 5601 2634 5660 calefaciendum
2691 5617 2750 5657 se
2802 5600 3038 5657 sentiens
3091 5599 3273 5673 ignem
3300 5596 3697 5672 dimergitsein

2121 5698 2446 5772 profundum
2475 5707 2530 5755 et
2560 5698 2723 5755 trahit
2775 5705 2982 5771 postea
3009 5712 3179 5753 naves
3234 5697 3450 5771 ligatas.
3496 5696 3619 5753 Hec
3642 5693 3701 5749 de

2119 5789 2341 5846 historia
2366 5789 2490 5846 ceti.
2521 5790 2679 5846 Nunc
2707 5801 2923 5860 quoque
2971 5784 3260 5859 jungenda
3293 5793 3374 5842 est
3399 5782 3700 5859 signiﬁcatio

2119 5876 2306 5949 ipsius.
2366 5877 2582 5961 Viribus
2631 5884 2710 5933 est
2760 5874 2996 5937 lahnius
3067 5875 3220 5949 quasi
3277 5882 3428 5949 cetus
3491 5887 3702 5949 φησιν
