3924 6396
167 388 268 440 893

1159 385 1740 446 DEFLORATIONES
1780 386 1886 444 SS.
1945 388 2248 446 PATRUM.
2281 418 2349 431 -
2385 389 2511 444 LIB.
2534 391 2576 445 l.

3377 388 3480 443 89L

165 523 428 580 magnus.
476 509 550 564 Ut
584 515 902 564 monstrant
940 508 1120 583 magni
1157 526 1294 581 quos
1345 510 1468 567 facit
1498 510 1586 566 ille
1613 511 1782 585 magi.
1814 511 1870 572 Α
1895 520 2109 579 noceat,
2141 513 2267 568 dum
2294 512 2519 585 gravior
2545 513 2615 568 sit
2659 521 2710 570 et
2740 514 2920 588 magis
2948 514 3113 570 noxia
3142 510 3482 583 improbitas,

165 597 378 650 Mentes
410 605 758 652 cunctorum
789 614 910 669 qua
939 606 1063 652 sunt
1101 598 1301 670 ubique
1330 600 1572 655 viorum.
1611 601 1791 655 Esurit

161 693 322 756 atque
378 685 517 751 sitit,
578 701 830 756 quosque
888 695 1065 757 potest
1116 688 1348 758 perimit.
1410 688 1516 743 Sed
1547 690 1790 744 modicos

162 772 288 826 ﬁdei
321 773 495 827 trahit
551 775 610 827 in
671 775 961 830 dulcedine
1020 776 1194 842 verbi,
1249 792 1483 848 namque
1533 776 1638 832 fide
1696 777 1790 831 fir-

163 877 280 916 mos
311 878 424 916 non
461 861 635 917 trahit
666 862 758 916 ille
790 864 954 917 viros.
1015 864 1074 918 In
1105 880 1212 935 quo
1242 865 1485 936 quisquis
1516 866 1736 920 confidit
1772 881 1785 935 ;

161 959 247 1013 vel
278 959 472 1030 specie
505 969 717 1015 certam
751 961 853 1015 sibi
882 961 1059 1016 mittit.
1105 962 1186 1017 Ad
1217 964 1398 1034 stygia
1428 972 1552 1019 tunc
1585 964 1790 1036 rapitur

162 1063 327 1119 quam
360 1048 516 1103 male
550 1048 844 1120 decipitur.

225 1164 305 1218 De
344 1179 610 1219 murena
640 1168 696 1219 et
747 1165 964 1236 vipera.
1046 1165 1210 1236 Viper
1271 1174 1352 1221 est
1392 1166 1787 1238 nequissimum

160 1267 335 1322 genus
395 1251 600 1306 bestia
628 1261 683 1307 et
739 1269 914 1323 super
941 1269 1104 1309 omne
1155 1255 1304 1324 quod
1360 1255 1788 1326 serpentinige-

160 1339 314 1394 neris
343 1347 432 1394 est
455 1340 718 1404 astutior,
742 1341 835 1395 ubi
860 1342 1089 1396 coeundi
1107 1341 1458 1412 cupiditatem
1483 1358 1788 1413 assumpse-

163 1428 231 1482 rit
259 1444 504 1484 murena
525 1428 824 1495 maritima,
864 1439 1048 1485 notam
1071 1431 1173 1484 sibi
1193 1431 1409 1502 requirit
1431 1432 1682 1502 cOpulam
1703 1438 1788 1490 vel

160 1540 357 1580 novam
421 1533 732 1596 praparat,
825 1542 1240 1599 progressaque
1315 1529 1386 1582 ad
1434 1528 1581 1582 littus
1631 1529 1789 1584 sibilo

162 1613 458 1669 testiﬁcata
490 1615 853 1685 prasentiam
883 1615 964 1669 sui
996 1616 1065 1670 ad
1096 1617 1439 1689 conjugalem
1472 1617 1786 1687 amplexum

168 1702 317 1756 illam
355 1711 592 1759 evocat.
635 1705 859 1759 Murena
887 1712 1062 1758 autem
1099 1703 1320 1759 invitata
1351 1721 1457 1760 non
1505 1706 1676 1772 deest,
1737 1714 1790 1760 et

160 1799 453 1846 venenata
484 1793 734 1862 serpenti
763 1793 1035 1863 expetitos
1085 1810 1214 1847 usus
1244 1810 1357 1849 sua
1388 1795 1627 1864 impartit
1656 1810 1786 1850 con-

1892 601 2246 672 henignitatis
2275 602 2600 656 obumbrata
2658 603 2956 660 velamine.
2994 604 3064 658 Et
3111 601 3232 656 ideo
3259 599 3490 655 cavendi

1891 699 2013 744 sunt
2043 707 2166 761 qua
2195 690 2378 745 crines
2434 707 2545 745 sua
2576 691 2786 746 fraudis
2815 701 2865 747 et
2898 691 3123 746 brachia
3152 689 3314 760 longe
3345 688 3486 743 late-

1891 793 1998 849 que
2027 778 2368 851 dispergunt,
2406 779 2490 834 vel
2537 781 2773 850 speciem
2821 780 3048 834 induunt
3078 777 3487 833 multiformem.

1891 873 1958 926 Et
1995 872 2080 926 isti
2111 873 2253 926 enim
2312 873 2494 944 polypi
2545 883 2666 928 sunt
2728 891 2899 930 nexus
2928 875 3190 945 plurimos
3229 871 3488 926 habentes

1891 968 1944 1014 et
1973 961 2294 1015 callidorum
2352 961 2699 1032 ingeniorum
2754 963 3004 1035 vestigia,
3037 962 3234 1034 quibus
3272 958 3488 1014 irretire

1889 1056 2123 1119 possunt
2179 1049 2437 1121 quidquid
2484 1050 2540 1104 in
2595 1051 2852 1122 scopulos
2923 1067 3034 1106 sua
3087 1049 3289 1104 fraudis
3345 1047 3486 1103 inci-

1887 1145 2056 1220 derit.

1921 1293 1932 1302 .
1959 1254 2037 1307 Dc
2065 1268 2301 1308 cancro.
2338 1252 2578 1308 Cancros
2609 1252 2787 1308 vocari
2837 1252 2993 1324 quasi
3023 1251 3268 1317 concha,
3327 1265 3486 1307 crura

1888 1340 2171 1407 habentes,
2221 1341 2441 1397 inimica
2495 1342 2694 1396 ostreis
2748 1341 3056 1406 animalia;
3104 1356 3295 1396 eorum
3341 1340 3485 1396 enim

1887 1437 2144 1492 carnibus
2202 1438 2392 1493 vivunt
2449 1438 2584 1493 miro
2632 1438 2878 1510 ingenio.
2945 1441 3192 1510 Namque
3249 1437 3485 1493 validam

1888 1535 2083 1582 testam
2115 1528 2233 1595 ejus
2285 1527 2502 1598 aperire
2559 1543 2667 1582 non
2715 1535 2910 1598 potest,
2965 1527 3208 1597 explorat
3265 1526 3485 1598 quando

1888 1624 2068 1670 ostrea
2100 1615 2338 1670 claustra
2370 1623 2629 1672 testarum
2687 1615 2918 1686 aperiat,
2979 1625 3104 1671 tunc
3159 1630 3360 1670 cancer
3405 1614 3485 1670 la-

1888 1712 2062 1758 tenter
2117 1703 2329 1775 lapillos
2377 1704 2566 1774 injicit,
2614 1712 2777 1776 atque
2830 1704 3089 1775 impedita
3135 1703 3486 1759 conclusione

1887 1809 2082 1855 ostreae
2111 1817 2307 1856 carnes
2338 1801 2536 1856 erodit.
2592 1801 2834 1856 Tradunt
2862 1800 3080 1872 quidam
3139 1800 3328 1854 decem
3357 1814 3487 1854 can-

154 1884 487 1952 junctionis.
546 1891 690 1960 Quid
748 1892 852 1946 sibi
911 1892 1023 1947 vult
1078 1909 1260 1947 sermo
1307 1894 1615 1960 hujusmodi
1673 1894 1779 1948 nisi
1815 1868 1866 1926 B
1897 1889 2003 1943 cris
2041 1904 2167 1944 cum
2205 1889 2367 1944 ocimi
2424 1889 2703 1960 manipulo
2757 1868 2993 1962 alligatis
3045 1905 3238 1944 omnes
3266 1887 3357 1959 qui
3415 1887 3488 1942 ibi

161 1977 427 2034 ferendos
458 1996 591 2035 esse
651 1996 837 2036 mores
866 1982 1166 2052 conjugum
1198 1983 1225 2034 ?
1274 1990 1326 2036 et
1355 1983 1399 2036 si
1442 1982 1642 2037 absens
1672 1987 1777 2048 est,

162 2067 277 2134 ejus
307 2068 720 2138 opperiendam
754 2070 1119 2138 prasentiam,
1153 2069 1278 2125 licet
1317 2071 1360 2123 si
1377 2087 1558 2140 asper,
1590 2070 1777 2136 fallax,

160 2155 502 2227 inconditus,
539 2157 804 2227 lubricus,
840 2159 1186 2213 temulentus.
1206 2158 1344 2226 Quid
1369 2161 1524 2229 pejus
1545 2175 1776 2226 veneno,

164 2255 308 2324 quod
356 2256 414 2310 in
445 2257 689 2326 conjuge
719 2273 939 2310 murena
979 2273 1088 2311 non
1141 2257 1380 2329 refugit?
1439 2259 1641 2313 Vocata
1671 2274 1778 2313 non

165 2343 337 2411 deest,
369 2352 429 2398 et
458 2344 736 2414 serpentis
765 2344 1030 2400 lubricum
1089 2346 1274 2401 sedula
1303 2345 1562 2401 charitate
1619 2362 1780 2402 com-

165 2431 453 2503 plectitur.
519 2433 622 2488 Ille
653 2442 745 2488 tua
776 2434 925 2489 mala
953 2443 1152 2506 portat,
1187 2443 1236 2489 et
1266 2434 1502 2490 levitatis
1531 2434 1781 2490 feminea

170 2527 505 2594 facilitatem,
541 2537 600 2584 tu
632 2529 804 2584 virum
836 2538 986 2585 tuum
1013 2547 1121 2587 non
1171 2540 1346 2601 potes,
1381 2532 1590 2601 mulier,
1614 2533 1778 2587 susti-

169 2633 321 2673 nere.
354 2619 535 2674 Adam
570 2635 672 2690 per
703 2621 870 2674 Evam
899 2621 1162 2690 deceptus
1215 2628 1298 2676 est
1327 2623 1494 2688 (Gen.
1531 2622 1632 2690 Ill),
1667 2637 1780 2676 non

169 2706 280 2760 Eva
311 2723 415 2778 per
463 2709 678 2766 Adam.
743 2707 918 2776 Quem
948 2709 1160 2765 vocavit
1211 2709 1278 2764 ad
1309 2710 1524 2780 culpam
1580 2709 1783 2765 mulier

169 2795 374 2866 justum
406 2805 495 2852 est
525 2806 584 2853 ut
614 2813 735 2852 eum
794 2799 1217 2868 gubernatorem
1267 2806 1528 2864 assumat,
1579 2814 1645 2853 ne
1675 2799 1780 2852 ite-

175 2911 286 2949 rum
320 2895 565 2952 feminea
601 2896 852 2953 facilitate
883 2897 1119 2952 labatur.
1159 2898 1265 2952 Sed
1322 2897 1579 2952 horridus
1609 2905 1663 2952 et
1691 2897 1776 2952 in-

175 2984 346 3038 cultus
373 2994 484 3041 est.
555 2985 666 3041 Sed
711 2985 879 3040 semel
935 2987 1179 3056 placuit:
1221 2986 1496 3058 Numquid
1549 2985 1638 3042 vir
1667 2985 1781 3042 fre-

177 3081 402 3141 quenter
451 3082 542 3130 est
572 3073 859 3144 eligendus
889 3075 917 3130 ?
946 3075 1266 3145 Comparem
1296 3091 1451 3129 suum
1482 3083 1534 3129 et
1563 3075 1661 3129 bos
1693 3089 1779 3130 re-

177 3160 356 3230 quirit,
415 3170 473 3218 et
501 3179 686 3232 equus
716 3162 910 3235 diligit,
948 3171 999 3218 et
1029 3163 1074 3218 si
1106 3171 1341 3218 mutetur
1367 3163 1524 3227 alius,
1560 3163 1777 3218 trahere

173 3257 362 3330 jugum
392 3261 575 3316 nescit
611 3279 622 3314 :
650 3275 878 3330 compar
903 3259 1128 3315 alterius
1156 3259 1242 3314 vel
1274 3261 1343 3315 ad
1374 3277 1433 3314 se
1461 3275 1568 3315 non
1600 3269 1776 3314 tutum

179 3352 350 3416 putat,
401 3353 460 3403 tu
513 3348 764 3420 jugalem
815 3348 1072 3420 repudies
1131 3357 1300 3413 tuum,
1361 3356 1412 3403 et
1469 3357 1626 3418 putas
1657 3365 1778 3402 esse

177 3432 520 3498 mutandum,
556 3439 611 3486 et
640 3432 684 3486 si
715 3448 824 3487 uno
851 3432 1056 3487 deserit
1084 3432 1197 3497 die,
1263 3432 1562 3502 suspicaris
1591 3432 1782 3487 mina-

177 3525 298 3595 lem,
332 3537 386 3584 et
416 3530 602 3585 statim
639 3529 914 3602 incognita
961 3545 1128 3586 causa
1159 3530 1315 3602 quasi
1353 3531 1626 3602 cognitam
1675 3547 1778 3600 pu-

176 3615 323 3672 doris
353 3619 682 3691 exsequeris
712 3619 993 3687 injuriam.
1051 3619 1255 3689 Vipera
1293 3620 1571 3675 absentem
1600 3621 1781 3690 requi-

177 3703 258 3770 rit,
296 3706 588 3763 absentem
619 3715 792 3773 vocat,
825 3712 880 3762 et
910 3707 1107 3763 blando
1148 3706 1451 3777 proclamat
1480 3708 1658 3774 sibilo,
1691 3716 1779 3762 at-

178 3809 278 3862 que
331 3796 426 3851 ubi
481 3797 780 3852 adventare
835 3812 1150 3867 comparem
1197 3797 1448 3861 senserit,
1500 3813 1777 3852 venenum

178 3895 394 3959 evomit,
428 3894 799 3950 reverentiam
847 3894 1040 3949 marito
1096 3892 1355 3950 deferens
1410 3895 1779 3950 verecundata

175 3982 463 4051 nuptialem
497 3983 758 4056 gratiam,
791 3991 846 4037 tu
877 3982 1094 4047 mulier,
1145 3983 1525 4038 advenientem
1554 3983 1624 4038 de
1653 3983 1780 4038 lon-

178 4068 375 4143 ginquo
413 4073 696 4133 maritum,
721 4071 1074 4128 contumeliis
1101 4071 1350 4142 repellis.

243 4187 316 4242 De
344 4191 571 4261 polypo.
631 4187 865 4258 Polypus
895 4186 1079 4257 piscis,
1114 4186 1166 4241 id
1202 4195 1284 4242 est
1315 4186 1568 4257 multipes
1602 4205 1613 4241 :
1648 4185 1778 4256 pln-

178 4272 338 4330 rimos
391 4279 543 4334 enim
599 4291 772 4331 nexus
801 4276 984 4331 habet.
1035 4276 1142 4330 Iste
1189 4275 1509 4348 ingeniosus
1559 4276 1777 4330 hamum

175 4372 451 4433 appetens,
487 4365 762 4421 branchiis
819 4363 1216 4434 complectitur,
1268 4380 1383 4419 non
1415 4379 1601 4419 morsu
1635 4381 1647 4417 :
1679 4380 1781 4419 nec

177 4451 325 4518 prius
371 4455 594 4510 dimittit
624 4470 790 4526 quam
819 4469 1005 4509 escam
1061 4453 1492 4510 circumroserit.
1559 4452 1780 4508 Vadoso

1807 3216 1854 3278 C

1891 1984 2015 2030 sunt
2043 1977 2372 2048 scorpiones
2403 1978 2469 2031 ad
2501 1994 2622 2032 eum
2680 1977 2859 2033 locum
2889 1977 3150 2032 coituros.
3189 1977 3323 2033 Sunt
3352 1990 3483 2047 ergo

1887 2074 2135 2128 homines
2191 2074 2282 2142 qui
2312 2075 2494 2130 cancri
2555 2092 2654 2129 usu
2687 2076 2737 2128 in
2797 2075 2992 2130 alienae
3024 2091 3185 2129 usum
3244 2074 3480 2129 circum-

1888 2162 2202 2232 scriptionis
2232 2162 2495 2233 irrepant,
2536 2170 2588 2216 et
2619 2161 2984 2217 infirmitatem
3017 2161 3248 2233 propria
3276 2160 3484 2216 virtutis

1888 2258 2008 2303 astu
2065 2251 2297 2321 quodam
2364 2250 2687 2315 suffulciant,
2744 2251 2894 2304 fratri
2951 2251 3135 2305 dolum
3181 2257 3402 2306 nectant
3431 2257 3486 2304 et

1887 2338 2112 2393 alterius
2136 2343 2434 2408 pascantur
2462 2356 2726 2394 aerumna.
2785 2341 2864 2394 Tu
2893 2347 3071 2394 autem
3103 2338 3336 2410 propriis
3365 2345 3484 2394 esto

1887 2433 2190 2502 contentus,
2233 2446 2287 2492 et
2341 2437 2520 2493 aliena
2549 2446 2601 2493 te
2666 2438 2866 2493 damna
2895 2453 3002 2493 non
3030 2445 3274 2509 pascant.
3304 2437 3486 2492 Bonus

1889 2526 2046 2580 cibus
2076 2534 2159 2581 est
2181 2526 2500 2594 simplicitas
2555 2527 2882 2583 innocentia
2923 2543 3038 2582 sua
3079 2527 3222 2582 bona
3249 2525 3481 2593 habens,

1887 2614 2136 2670 insidiari
2166 2615 2344 2670 nescit
2401 2616 2615 2682 alienis,
2673 2631 2776 2672 nec
2803 2615 3048 2671 avaritia
3077 2632 3193 2670 sua
3224 2614 3341 2670 face
3396 2614 3486 2668 in-

1887 2711 2146 2778 ardescit,
2180 2713 2262 2768 cui
2297 2713 2504 2767 lucrum
2549 2729 2710 2768 omne
2738 2713 2804 2766 ad
2861 2711 3115 2766 virtutum
3143 2711 3487 2783 dispendium

1887 2808 1988 2865 est,
2026 2801 2093 2854 ad
2122 2800 2465 2871 cupiditatem
2517 2801 2848 2856 incendium.
2881 2802 2949 2856 Et
2996 2801 3119 2855 ideo
3145 2801 3303 2855 beata
3329 2808 3412 2854 est
3443 2800 3490 2854 si

1889 2889 2028 2944 bona
2060 2906 2152 2943 sua
2183 2889 2395 2944 noverit
2424 2905 2546 2945 cum
2597 2890 2822 2945 veritate
2879 2898 3194 2961 paupertas,
3226 2896 3275 2943 et
3305 2889 3486 2944 omni-

1887 2978 1987 3032 bus
2017 2977 2358 3047 praferenda
2390 2980 2683 3046 thesauris,
2746 2978 2867 3050 quia
2895 2979 3089 3033 melius
3119 2985 3200 3032 est
3229 2978 3487 3049 exiguum

1887 3090 2008 3130 cum
2041 3075 2139 3129 Dei
2169 3075 2384 3142 timore,
2428 3091 2588 3146 quam
2635 3075 2872 3131 thesauri
2931 3075 3112 3146 magni
3144 3075 3259 3129 sine
3294 3074 3490 3130 timore

1887 3165 2003 3232 ejus
2033 3164 2215 3233 (Prov.
2277 3164 2391 3234 xv).
2430 3165 2658 3219 Utamur
2685 3180 2816 3234 ergo
2864 3163 3086 3236 ingenio
3114 3163 3184 3218 ad
3233 3179 3488 3234 quaren-

1888 3252 2014 3307 dam
2047 3251 2279 3324 gratiam
2304 3261 2354 3306 et
2377 3253 2602 3306 salutem
2625 3253 2901 3318 tuendam,
2926 3269 3034 3307 non
3056 3251 3125 3306 ad
3141 3250 3371 3305 alienam
3389 3251 3491 3306 cir-

1887 3349 2358 3406 cumscribendam
2391 3349 2787 3404 innocentiam.
2819 3349 2973 3404 Licet
2995 3349 3152 3402 nobis
3185 3348 3261 3402 uti
3294 3363 3486 3403 exem-

1887 3439 1992 3510 plis
2023 3438 2306 3492 maritimis
2334 3438 2404 3493 ad
2454 3438 2756 3510 profectum
2800 3445 3003 3493 nostrae
3032 3436 3241 3503 salutis,
3275 3452 3383 3492 non
3414 3437 3485 3492 ad

1887 3528 2121 3584 alienum
2156 3527 2484 3598 periculum.

1959 3638 2032 3690 De
2062 3636 2286 3691 echino.
2349 3634 2587 3691 Echinus
2645 3634 2746 3690 iste
2792 3641 3066 3700 terrenus,
3127 3649 3285 3706 quem
3317 3633 3482 3706 vulgo

1887 3733 2116 3787 ericium
2173 3739 2387 3796 vocant,
2451 3733 2496 3786 si
2561 3731 2689 3804 quid
2754 3731 3072 3786 insidiarum
3128 3730 3482 3802 persenserit,

1888 3821 2061 3892 spinis
2091 3820 2204 3875 suis
2235 3821 2523 3889 clauditur,
2557 3830 2718 3892 atque
2751 3819 2807 3874 in
2857 3834 2953 3874 sua
2985 3836 3045 3875 se
3073 3818 3280 3891 colligit
3307 3832 3484 3883 arma,

1888 3918 1943 3963 ut
2001 3909 2312 3981 quicunque
2364 3925 2486 3965 eum
2542 3908 2970 3981 contingendum
2999 3906 3267 3978 putaverit
3297 3906 3487 3961 vulne-

1889 4014 2054 4060 retur.
2091 4007 2348 4076 Idemque
2396 4007 2619 4062 echinus
2666 4007 2845 4060 futura
2873 4004 3197 4075 pravidens,
3232 4003 3487 4075 geminas

1888 4095 1991 4149 sibi
2017 4095 2294 4164 repirandi
2326 4095 2442 4150 vias
2471 4095 2662 4159 munit,
2717 4103 2774 4148 ut
2805 4093 3022 4164 quando
3077 4093 3302 4148 boream
3326 4092 3486 4146 ﬂatu-

1889 4199 2009 4237 rum
2038 4183 2326 4255 collegerit
2384 4182 2864 4254 septentrionalem
2927 4183 3176 4237 obstruat
3209 4199 3224 4247 ;
3265 4180 3486 4251 quando

1887 4278 2016 4326 noto
2045 4271 2361 4342 cognoverit
2387 4271 2570 4342 detegi
2601 4271 2744 4326 aeris
2776 4270 2961 4325 nubila
2988 4271 3057 4324 ad
3087 4269 3488 4341 septentriona-

1887 4367 1992 4423 lem
2048 4385 2108 4424 se
2138 4367 2399 4434 conferat,
2433 4376 2488 4423 ut
2520 4369 2680 4424 flatus
2736 4367 2974 4424 declinet
3004 4367 3220 4432 obvios,
3254 4374 3308 4422 et
3336 4383 3366 4422 e
3396 4383 3486 4422 re—

1886 4456 2052 4528 gione
2083 4457 2374 4512 nocituros.
2408 4458 2533 4512 Hac
2581 4456 2649 4512 de
2681 4457 2873 4513 echino
2903 4465 3142 4510 terreno.
3184 4456 3263 4511 De
3292 4455 3487 4511 echino

177 4553 347 4602 autem
375 4550 430 4605 in
489 4550 675 4604 littore
712 4555 919 4619 petram
951 4557 1144 4605 nactus
1203 4548 1441 4620 aﬁigitur
1470 4548 1520 4604 ei
1552 4567 1566 4613 ;
1618 4556 1777 4616 atque
1807 4573 1858 4632 ι)
1891 4553 2068 4601 autem
2100 4545 2314 4601 marino
2343 4546 2540 4601 dicitur
2565 4545 2714 4616 quod
2741 4547 2809 4600 sit
2837 4545 3036 4599 animal
3067 4543 3339 4615 exiguum,
3382 4543 3488 4598 vile

179 4635 435 4693 nebuloso
463 4638 693 4708 ingenio
740 4638 985 4693 colorem
1042 4637 1204 4703 subit,
1269 4646 1323 4693 et
1378 4637 1542 4692 simili
1591 4639 1776 4707 specie

179 4733 328 4802 terga
355 4735 580 4790 obtutus
611 4735 871 4805 plurimos
921 4734 1150 4805 piscium
1181 4735 1299 4790 sine
1327 4735 1434 4790 ulla
1463 4735 1775 4805 suspicione

175 4814 370 4876 fraudis
397 4824 662 4894 allapsos,
695 4823 824 4877 dum
855 4838 964 4879 nou
1008 4832 1313 4892 pracavent
1341 4833 1390 4878 et
1425 4839 1618 4877 saxum
1648 4824 1773 4892 opi-

181 4916 385 4977 nuntur,
415 4912 640 4969 casibus
667 4911 882 4968 furtiva
909 4913 1042 4966 artis
1085 4911 1336 4980 includit,
1369 4919 1420 4966 et
1475 4911 1600 4966 sinu
1632 4928 1773 4982 quo-

179 4993 293 5050 dam
348 5016 466 5056 sua
522 5000 706 5056 carnis
761 5000 1058 5070 intercipit.
1123 5001 1213 5055 Sic
1269 5008 1570 5070 spontanee
1626 5001 1776 5055 venit

181 5095 375 5162 prada,
407 5106 458 5154 et
491 5096 696 5152 talibus
737 5095 950 5166 capitur
999 5096 1340 5168 argumentis
1375 5116 1387 5151 :
1417 5097 1594 5167 qualia
1649 5105 1777 5150 sunt

181 5193 356 5238 eorum
386 5186 488 5258 qui.
511 5184 791 5256 ingenium
829 5200 986 5239 suum
1018 5201 1164 5254 sape
1212 5193 1566 5251 commutant,
1601 5193 1653 5240 et
1682 5186 1773 5239 di-

183 5284 356 5328 versas
385 5273 620 5331 nocendi
651 5283 802 5328 artes
831 5281 1070 5338 movent,
1102 5281 1160 5328 ut
1188 5273 1532 5346 singulorum
1563 5282 1774 5328 mentes

183 5379 474 5441 sensusque
525 5377 854 5440 pertentent,
932 5385 1054 5424 cum
1125 5370 1534 5425 continentibus
1593 5371 1770 5425 conti-

184 5459 411 5515 nentiam
447 5459 828 5530 praedicantes,
861 5458 915 5512 in
966 5458 1111 5512 coitu
1141 5459 1620 5529 intemperantiam
1649 5468 1774 5512 tan-

186 5555 328 5608 quam
376 5548 525 5604 devii
554 5547 623 5601 ab
671 5546 851 5602 studio
880 5546 1166 5613 castitatis,
1200 5556 1252 5602 et
1294 5547 1530 5602 demersi
1562 5547 1772 5601 intem-

187 5645 428 5703 perantia
478 5644 792 5710 volutabris,
834 5652 893 5698 ut
943 5643 1034 5714 qui
1065 5659 1161 5698 eos
1185 5645 1410 5698 audiunt
1441 5652 1532 5697 aut
1565 5643 1766 5709 vident,

184 5721 376 5786 incauta
435 5733 691 5790 facilitate
746 5749 805 5788 se
863 5731 1112 5796 credant,
1171 5748 1344 5805 eoque
1374 5731 1533 5787 citius
1563 5731 1763 5786 labun-

189 5836 278 5898 tur,
308 5835 427 5894 dum
457 5840 798 5912 distinguere
825 5853 938 5893 non
969 5847 1182 5907 norunt,
1242 5854 1343 5894 nec
1369 5844 1594 5893 cavetur
1620 5836 1767 5908 quod

1884 4659 1946 4697 ac
1978 4641 2347 4711 despicabile;
2383 4640 2709 4694 maritimum
2746 4640 3066 4711 plerumque
3097 4638 3260 4693 index
3292 4638 3486 4692 futura

1884 4731 2239 4800 tempestatis,
2301 4737 2393 4783 aut
2423 4729 2825 4800 tranquillitatis
2875 4727 3164 4782 annuntius
3195 4726 3333 4781 solet
3362 4741 3487 4781 esse

1883 4819 2288 4890 navigantibus.
2357 4818 2601 4887 Denique
2647 4833 2768 4873 cum
2826 4816 3121 4887 procellam
3201 4823 3485 4870 ventorum

1883 4907 2252 4978 prasenserit,
2285 4906 2562 4963 calculum
2587 4906 2832 4962 validum
2862 4904 3070 4975 arripit,
3105 4919 3338 4975 eumque
3386 4920 3486 4958 ve-

1881 5004 1959 5058 lut
1987 5005 2265 5058 saburram
2298 5004 2461 5068 vehit,
2495 5010 2549 5057 et
2579 5011 2838 5074 tanquam
2868 5003 3168 5056 anchoram
3201 4999 3380 5064 trahit,
3415 5016 3485 5055 ne

1881 5093 2182 5148 excutiatur
2212 5092 2491 5146 ﬂuctibus.
2529 5093 2716 5163 Itaque
2748 5105 2856 5145 non
2888 5089 3000 5144 suis
3030 5105 3089 5144 se
3121 5089 3317 5143 liberat
3350 5089 3484 5144 viri-

1880 5181 1983 5235 bus
2026 5181 2125 5235 sed
2155 5178 2338 5235 alieno
2397 5179 2601 5234 stabilit
2633 5186 2685 5235 et
2715 5179 2854 5252 regit
2883 5179 3152 5250 pondere.
3189 5176 3313 5246 Quo
3347 5177 3488 5232 indi-

1880 5279 1985 5346 cio,
2037 5285 2214 5332 nauta
2255 5278 2398 5332 velut
2452 5279 2671 5349 signum
2705 5276 2896 5331 futura
2923 5274 3342 5346 perturbationis
3386 5291 3486 5330 ca-

1881 5375 2124 5438 pessunt,
2162 5376 2214 5420 et
2243 5366 2346 5420 sibi
2403 5373 2718 5436 pracavent
2749 5381 2816 5420 ne
2873 5381 2969 5420 eos
2998 5364 3294 5436 imparatos
3325 5364 3485 5420 turbo

1880 5456 2205 5527 improvisus
2263 5455 2528 5509 inveniat.
2581 5456 2736 5525 Sape
2798 5453 3051 5509 homines
3106 5453 3482 5509 confusionem

1879 5545 2029 5600 aeris
2061 5544 2262 5612 vident,
2299 5551 2350 5597 et
2380 5559 2527 5613 sape
2560 5543 2815 5597 falluntur
2833 5543 2976 5613 quod
3009 5541 3332 5614 plerumque
3363 5558 3482 5597 eam

1879 5632 1998 5687 sine
2025 5640 2345 5702 tempestate
2399 5632 2738 5698 discutiant;
2786 5632 3011 5686 echinus
3075 5647 3184 5685 non
3235 5631 3480 5686 fallitur:

1878 5731 2133 5786 echinum
2163 5745 2264 5784 sua
2319 5745 2656 5799 nequaquam
2715 5729 2873 5802 signa
2907 5735 3256 5800 pratereunt.
3327 5728 3482 5784 Unde

1877 5837 2076 5911 exiguo
2107 5835 2330 5892 animali
2361 5843 2506 5892 tanta
2528 5835 2772 5903 scientia,
2805 5843 2863 5892 ut
2892 5837 3066 5892 futura
3097 5832 3422 5907 pranuntiet
