3924 6392
395 382 500 437 895

1533 390 1873 446 WERNERI
1911 390 2197 449 ABBATIS
2249 392 2307 450 S.
2348 392 2566 451 BLASII

3602 400 3703 459 896

392 502 724 597 Quogmagis
748 504 806 561 in
851 523 918 564 eo
945 509 1079 565 nihil
1126 519 1227 579 est,
1260 528 1368 585 quo
1424 519 1627 569 tantam
1675 514 1841 571 habet
1868 532 1995 587 pru-
2021 517 2079 578 Α
2105 532 2321 590 campo,
2355 528 2407 576 et
2435 536 2734 578 occurrens
2764 522 2991 597 regibus
3011 522 3274 592 arrideat,
3308 523 3569 581 adoretur
3596 522 3703 580 bel-

391 592 655 651 dentiam.
716 597 895 653 Credo
953 599 1099 670 quod
1154 616 1254 671 per
1333 601 1728 677 indulgentiam
1779 604 2002 661 Domini

396 698 586 739 rerum
646 686 908 751 omnium,
967 688 1021 741 id
1098 706 1318 762 quoque
1392 693 1749 762 prascientia
1804 710 2003 749 munus

395 773 687 843 acceperit.
718 774 927 829 Etenim
957 775 1004 830 si
1034 775 1221 833 fenum
1256 780 1399 835 Deus
1429 781 1510 837 sic
1558 783 1717 838 vestit
1746 790 1803 837 ut
1832 787 2001 840 mire-

399 876 541 926 mur,
574 862 620 916 si
651 862 825 931 pascit
884 864 1146 936 volatilia,
1204 867 1250 922 si
1304 870 1520 939 paravit
1568 872 1750 927 corvis
1795 888 1999 940 escam,

397 948 534 1020 pulli
564 948 708 1004 enim
726 950 850 1020 ejus
870 952 943 1007 ad
962 953 1142 1009 Deum
1161 955 1419 1013 clamant.
1436 958 1491 1014 Si
1509 960 1832 1017 mulieribus
1852 962 2003 1017 dedit

398 1053 622 1103 textura
652 1049 995 1119 sapientiam,
1029 1052 1074 1108 si
1128 1069 1402 1122 araneam,
1435 1075 1557 1130 qua
1599 1068 1707 1115 tam
1735 1060 2003 1116 subtiliter

391 1148 461 1192 ac
490 1134 652 1192 docte
679 1138 843 1195 laxos
872 1153 1061 1197 casses
1089 1146 1375 1215 suspendit
1392 1146 1445 1202 in
1475 1146 1683 1204 foribus
1699 1149 2002 1221 sapientia,

394 1238 504 1283 non
532 1223 752 1298 reliquit
778 1225 1098 1298 immunem,
1134 1232 1179 1287 si
1210 1233 1332 1305 ipse
1367 1235 1628 1293 virtutem
1657 1252 1802 1309 equo
1829 1238 2000 1305 dedit,

394 1327 448 1378 et
474 1319 638 1379 solvit
660 1322 732 1381 de
774 1324 993 1384 cervice
1021 1328 1143 1399 ejus
1185 1330 1530 1391 formidinem
1591 1343 1649 1391 ut
1681 1334 1921 1393 exsultet
1946 1335 2005 1392 in

2110 608 2223 663 lum
2254 610 2487 678 eminus,
2519 611 2789 667 excitetur
2816 629 2954 669 sono
2998 614 3161 682 tuba,
3194 614 3241 669 si
3269 615 3386 671 hac
3417 612 3699 669 irrationa-

2112 699 2242 754 bilia
2269 699 2529 773 pleraque
2561 708 2611 756 et
2640 701 2751 757 alia
2789 701 3129 759 insensibilia
3186 711 3241 758 ut
3269 703 3475 770 fenum,
3509 709 3567 757 ut
3593 701 3700 758 lilia

2110 788 2344 860 replevit
2375 805 2471 844 sua
2502 788 2862 862 dispositione
2895 792 3194 863 sapientia,
3227 791 3357 865 quid
3399 790 3704 846 dubitamus

2111 890 2255 964 quod
2304 891 2469 946 etiam
2526 891 2582 946 in
2630 892 2886 948 echinum
2942 890 3237 950 contulerit
3264 891 3422 960 hujus
3475 889 3709 962 gratiam

2110 980 2498 1052 prascientia.
2536 981 2684 1036 Nihil
2732 981 2876 1037 enim
2926 981 3342 1052 inexploratum,
3402 978 3534 1034 nihil
3568 978 3709 1035 enim

2110 1069 2565 1125 indissimulatum
2621 1070 2902 1142 relinquit.
2961 1069 3161 1126 Omnia
3202 1068 3352 1124 videt
3406 1068 3498 1140 qui
3537 1066 3712 1139 pascit

2110 1166 2295 1224 omnia
2318 1186 2338 1223 :
2371 1166 2552 1223 omnia
2580 1167 2756 1241 replet
2776 1167 3053 1240 Sapientia
3073 1181 3194 1240 qua
3217 1165 3400 1222 omnia
3426 1163 3482 1220 in
3500 1163 3687 1237 sapien

2110 1255 2186 1312 tia
2210 1254 2370 1312 fecit.

1251 1668 1648 1773 DOMIN
1663 1670 1869 1774 [CA
1936 1672 2103 1775 DE
2196 1672 2824 1777 PASSlONE

469 1890 491 1915 α
527 1867 661 1938 Quis
682 1887 748 1927 ex
770 1872 929 1928 vobis
957 1882 1157 1948 arguet
1169 1890 1256 1932 me
1269 1876 1338 1933 de
1367 1886 1594 1948 peccato
1616 1879 1992 1952 (Joan.vttt).»
2026 1881 2079 1943 Β
2111 1885 2356 1940 humana
2384 1882 2661 1940 inﬂatione
2706 1882 2961 1939 discreta.
3008 1879 3320 1938 Secundum
3375 1877 3589 1949 poenale
3610 1877 3705 1946 ju-

392 1954 518 2011 Non
546 1957 877 2032 dedignatur
904 1978 969 2017 ex
1001 1963 1215 2019 ratione
1238 1966 1537 2023 ostendere
1566 1984 1627 2024 se
1656 1978 2005 2040 peccatorem

395 2060 506 2099 non
538 2062 689 2103 esse.
729 2071 753 2096 α
814 2049 871 2107 Si
903 2051 1191 2107 veritatem
1241 2053 1385 2119 dico,
1419 2072 1588 2127 quare
1642 2073 1751 2112 non
1781 2059 2006 2115 creditis

396 2133 531 2189 mihi
559 2137 587 2190 ?
616 2134 722 2205 Qui
752 2146 835 2194 est
864 2155 930 2194 ex
961 2140 1104 2211 Deo,
1136 2143 1302 2197 verba
1332 2144 1433 2199 Dei
1489 2146 1661 2202 audit.
1711 2149 2006 2219 Propterea

391 2247 492 2288 vos
522 2248 629 2288 non
659 2235 878 2303 auditis,
912 2237 1038 2310 quia
1077 2256 1140 2293 ex
1176 2240 1288 2297 Deo
1317 2257 1426 2298 non
1456 2244 1609 2299 estis.
1646 2263 1670 2295 ι
1703 2244 1841 2301 Sunt
1871 2261 2007 2301 non-

393 2321 527 2376 nulli
554 2323 645 2395 qui
681 2334 955 2397 pracepta
986 2327 1083 2382 Dei
1129 2344 1231 2384 nec
1258 2346 1388 2387 aure
1437 2334 1688 2404 corporis
1716 2334 2006 2406 percipere

393 2409 707 2483 dignantur,
781 2422 837 2470 et
855 2423 981 2470 sunt
1009 2417 1258 2474 nonnulli
1274 2420 1365 2491 qui
1386 2422 1714 2493 percipiunt,
1737 2424 1834 2479 sed
1856 2424 2007 2480 nullo

394 2508 594 2564 mentis
621 2509 896 2567 desiderio
952 2515 1406 2586 complectuntur,
1463 2527 1517 2575 et
1571 2528 1707 2575 sunt
1761 2522 2008 2578 nonnulli

393 2596 488 2669 qui
519 2597 757 2655 libenter
784 2601 1055 2659 audiendo
1084 2615 1525 2677 compunguntur
1550 2608 1645 2665 sed
1676 2618 1805 2681 post
1833 2610 2009 2684 lacry-

392 2701 514 2742 mas
542 2688 613 2743 ad
643 2687 983 2760 iniquitatem
1015 2692 1264 2750 redeunt.
1296 2695 1361 2751 Hi
1406 2698 1655 2767 profecto
1708 2702 1876 2756 verba
1905 2701 2007 2757 Dei

390 2790 500 2832 non
531 2777 775 2845 audiunt,
796 2779 923 2850 quia
946 2795 1013 2836 ea
1027 2796 1291 2841 exercere
1309 2784 1364 2839 in
1399 2801 1570 2857 opere
1605 2797 1988 2845 contemnunt.
2032 2832 2037 2839 ρ

390 2872 541 2930 Licet
568 2873 737 2946 igitur
763 2890 955 2932 omnes
991 2888 1115 2934 sunt
1146 2878 1240 2938 fiiii
1273 2882 1373 2939 Dei
1427 2900 1528 2955 per
1556 2894 1828 2955 naturam,
1861 2889 2006 2959 quod

391 2963 686 3018 ostendunt
740 2966 1019 3035 parabola
1067 2968 1140 3025 de
1170 2970 1281 3026 tilio
1330 2972 1474 3046 frugi
1521 2982 1574 3029 et
1615 2976 1894 3048 prodigo;
1935 2978 2005 3034 de

390 3050 604 3107 duobus
644 3051 774 3108 filiis
804 3054 1049 3111 invitatis
1074 3058 1145 3114 ad
1177 3060 1414 3130 vineam,
1465 3063 1542 3119 illi
1573 3072 1753 3120 tamen
1783 3074 1909 3122 sunt
1934 3084 2004 3123 ex

388 3161 609 3220 diabolo
634 3180 738 3236 per
766 3164 978 3231 vitium,
1016 3164 1146 3237 quia
1174 3163 1340 3221 verba
1362 3162 1463 3218 Dei
1492 3178 1599 3218 non
1620 3163 1873 3235 diligunt.
1896 3164 2002 3235 Qui

2114 1973 2314 2029 dicium
2343 1974 2509 2028 Pater
2537 1988 2648 2028 non
2673 1971 2883 2042 judicat
2927 1984 3274 2041 quemquam,
3305 1967 3404 2023 sed
3424 1982 3584 2022 omne
3605 1966 3705 2038 ju-

2113 2063 2312 2120 dicium
2342 2062 2492 2119 dedit
2514 2061 2648 2117 Filio
2677 2076 2692 2131 ;
2724 2060 3025 2116 secundum
3065 2057 3326 2129 judicium
3364 2055 3707 2113 discretionis

2108 2151 2313 2221 judicat
2356 2160 2412 2206 ut
2462 2150 2518 2206 in
2561 2150 2810 2223 psalmo:
2847 2171 2870 2198 αι
2904 2148 3098 2204 Judica
3152 2161 3241 2202 me
3306 2145 3452 2201 Deus
3515 2144 3697 2215 (Psal.

2115 2244 2271 2311 xui).
2315 2264 2337 2290 η
2372 2240 2542 2309 Hujus
2566 2238 2757 2309 judicii
2816 2236 3082 2310 expositio
3110 2234 3353 2308 sequitur
3382 2248 3397 2289 :
3433 2255 3457 2281 ι
3504 2234 3573 2289 Et
3598 2232 3710 2289 dis-

2113 2354 2297 2408 cerne,
2327 2338 2522 2410 inquit,
2577 2352 2797 2393 causam
2830 2351 3008 2391 meam
3071 2334 3141 2390 de
3170 2341 3332 2406 gente
3361 2347 3468 2388 non
3520 2338 3709 2387 sancta

2114 2429 2337 2501 (ibid.).
2379 2450 2401 2475 η
2464 2426 2726 2483 Similiter
2764 2426 2901 2481 duas
2954 2423 3281 2479 tentationes
3335 2419 3702 2492 intelligimus,

2115 2541 2349 2597 quarum
2376 2540 2486 2581 una
2515 2523 2739 2595 decipit,
2772 2522 2943 2579 altera
2983 2521 3197 2593 probat.
3254 2519 3392 2575 Nam
3444 2516 3703 2590 scriptum

2115 2624 2199 2672 est
2231 2630 2244 2670 :
2283 2639 2305 2665 α
2339 2616 2490 2671 Deus
2517 2613 2798 2669 neminem
2826 2620 2997 2668 tentat
3025 2612 3164 2682 (Jac.
3200 2609 3260 2680 t).
3309 2632 3332 2657 ιο
3388 2608 3457 2663 Et
3509 2607 3700 2663 iterum

2114 2705 2377 2776 scriptum
2423 2711 2506 2760 est
2539 2717 2552 2759 :
2587 2725 2610 2752 ι
2644 2703 2841 2758 Tentat
2867 2717 2970 2757 vos
3015 2700 3278 2757 Dominus
3305 2699 3453 2754 Deus
3502 2703 3697 2763 vester,

2112 2803 2171 2850 ut
2200 2794 2339 2851 sciat
2365 2793 2415 2849 si
2446 2792 2692 2865 diligatis
2721 2807 2848 2848 eum
2885 2791 3081 2861 (Deut.
3119 2789 3257 2859 xm).
3284 2809 3308 2836 ι
3346 2789 3412 2846 Ut
3437 2786 3585 2843 sciat
3610 2784 3700 2839 di-

2113 2900 2257 2949 ctum
2289 2899 2373 2948 est
2400 2905 2502 2962 pro
2532 2891 2678 2947 scire
2707 2892 2908 2962 faciat.
2939 2888 3045 2943 Job
3073 2886 3273 2942 latebat
3300 2900 3380 2950 se,
3411 2883 3509 2939 sed
3526 2884 3698 2939 Deum

2112 2997 2243 3037 non.
2275 2980 2511 3036 Admisit
2542 2980 2692 3035 Deus
2726 2986 3074 3042 tentatorem,
3116 2984 3170 3031 et
3190 2972 3319 3031 fecit
3344 2989 3469 3030 eum
3497 2971 3580 3027 sui
3606 2986 3698 3028 co-

2110 3070 2407 3144 gnitorem.
2434 3068 2527 3125 Sic
2582 3076 2637 3124 et
2663 3068 2774 3123 duo
2820 3066 3044 3122 timores
3072 3071 3245 3120 sunt:
3298 3061 3530 3128 servilis,
3573 3075 3697 3116 cum

2110 3170 2271 3225 times
2318 3183 2386 3223 ne
2429 3167 2656 3239 patiaris
2700 3180 2922 3237 panam
2955 3180 2969 3229 ;
3000 3169 3208 3229 castus,
3238 3177 3368 3218 cum
3420 3160 3578 3216 times
3629 3173 3699 3216 ne

386 3268 514 3309 vero
546 3262 908 3310 renascuntur
958 3270 1026 3309 ex
1082 3254 1198 3309 Deo
1243 3251 1619 3325 generationis
1672 3254 1984 3326 adoptione,
2016 3244 2066 3307 C
2097 3253 2313 3308 amittas
2333 3253 2622 3322 justitiam.
2672 3252 2927 3307 Alterum
2979 3246 3223 3320 perfecta
3252 3244 3496 3302 charitas
3551 3241 3692 3299 foras

386 3342 613 3398 audiunt
642 3343 869 3399 verbum
899 3342 1001 3399 Dei
1023 3350 1079 3399 et
1106 3342 1444 3399 custodiunt.

463 3461 487 3488 α
540 3440 962 3512 Responderunt
997 3441 1162 3513 igitur
1209 3440 1404 3507 Judai,
1464 3448 1516 3495 et
1542 3441 1803 3498 dixerunt
1859 3442 1909 3499 ei
1970 3461 1985 3499 :

383 3528 579 3585 Nonne
609 3530 748 3587 bene
777 3531 1010 3587 dicimus
1039 3546 1140 3585 nos
1178 3530 1307 3601 quia
1325 3530 1704 3586 Samaritanus
1733 3547 1795 3587 es
1822 3540 1878 3587 tu
1933 3540 1989 3589 et

387 3617 716 3675 damonium
746 3620 967 3676 habes?
1003 3645 1022 3667 -
1057 3620 1399 3692 Receperant
1436 3620 1763 3677 Samaritani
1791 3622 1987 3678 Domi-

391 3733 542 3786 num,
576 3718 796 3791 quando
825 3719 1042 3777 locutus
1068 3727 1153 3775 est
1182 3718 1397 3775 mulieri
1426 3719 1496 3775 ad
1528 3718 1750 3786 fontem,
1780 3728 1835 3776 et
1861 3736 1987 3777 cum

388 3807 470 3863 eis
517 3817 874 3864 conversatus
902 3816 1042 3865 erat.
1104 3809 1313 3865 Vocant
1339 3807 1508 3882 igitur
1535 3825 1658 3865 eum
1688 3809 1861 3866 Judai
1888 3810 1991 3867 Sa-

389 3896 721 3953 maritanum
750 3898 906 3969 quasi
945 3904 1314 3969 peccatorem,
1344 3897 1470 3970 quia
1514 3906 1835 3971 peccatores
1861 3899 1989 3957 illos

387 3986 731 4058 reputabant,
763 4001 867 4044 nec
895 3986 977 4043 eis
1005 3987 1380 4044 comebantur.

463 4107 485 4133 κ
520 4084 821 4157 Respondit
845 4085 1007 4141 Jesus
1039 4102 1054 4140 :
1082 4085 1205 4156 Ego
1257 4083 1585 4143 damonium
1631 4100 1739 4142 non
1787 4085 1985 4153 habeo,

387 4172 488 4228 sed
517 4171 820 4230 honoriﬁco
858 4174 1070 4230 Patrem
1133 4189 1336 4240 meum,
1386 4181 1441 4230 et
1492 4188 1590 4231 vos
1618 4173 1988 4232 inhonorastis

387 4276 503 4317 me.
556 4284 595 4309 ιν
612 4262 857 4317 Alterum
888 4263 957 4317 de
980 4262 1205 4320 duobus
1229 4263 1460 4331 objectis
1484 4263 1727 4337 negavit.
1757 4263 1988 4321 Samari-

386 4357 551 4405 tanus
607 4350 753 4406 enim
807 4351 1167 4423 iterpretatur
1206 4356 1439 4411 custos:
1497 4361 1550 4408 et
1578 4353 1863 4410 custodem
1927 4369 1990 4412 se

385 4462 514 4504 esse
545 4463 653 4504 non
683 4448 925 4520 negavit.
968 4450 1092 4505 Non
1147 4451 1291 4507 enim
1321 4450 1578 4507 dormitat
1630 4450 1724 4524 qui
1752 4451 1991 4508 custodit

382 4536 553 4593 Israel
575 4540 747 4603 (Psal.
783 4538 930 4611 cxx).
962 4539 1031 4595 Et
1059 4539 1164 4596 nisi
1222 4540 1484 4596 Dominus
1547 4540 1872 4598 custodierit
1899 4540 1985 4597 ci-

2095 3338 2256 3393 mittit
2284 3338 2531 3394 timorem
2562 3338 2746 3404 (Joan.
2779 3336 2889 3405 tv);
2921 3334 3158 3390 alterum
3190 3338 3393 3396 servat,
3443 3344 3548 3385 nos
3574 3336 3697 3384 ante

2095 3425 2273 3482 Deum
2302 3442 2631 3499 permanens
2660 3425 2716 3480 iu
2771 3422 3033 3480 saculum
3079 3420 3287 3478 saculi.
3318 3420 3462 3474 Nam
3491 3424 3545 3474 et
3572 3432 3695 3472 mu-

2097 3524 2201 3580 lier
2226 3525 2473 3582 adultera
2500 3524 2654 3579 timet
2681 3538 2752 3579 ne
2780 3521 2866 3579 vir
2894 3522 3018 3590 ejus
3043 3519 3244 3589 veniat,
3278 3525 3459 3585 casta,
3511 3532 3580 3572 ne
3608 3516 3694 3572 vir

2097 3615 2215 3684 ejus
2247 3614 2533 3670 abscedat.

2177 3726 2200 3752 «ι
2233 3706 2429 3769 Amen,
2444 3719 2605 3759 amen
2624 3702 2749 3759 dico
2774 3700 2950 3768 vobis,
2975 3699 3020 3755 si
3049 3699 3170 3772 quis
3190 3708 3689 3755 sermonemmeum

2099 3801 2402 3858 servaverit
2431 3810 2660 3857 mortem
2689 3816 2801 3856 non
2830 3798 3035 3855 videbit
3053 3797 3109 3853 in
3128 3805 3408 3853 atemum.
3438 3814 3460 3842 ιι
3496 3793 3692 3849 Exem-

2098 3885 2192 3957 plo
2216 3902 2317 3943 suo
2345 3902 2449 3941 nos
2478 3886 2736 3942 admonet
2764 3899 2854 3951 ne,
2913 3898 3037 3940 cum
3067 3881 3328 3938 malorum
3354 3878 3689 3951 perversitas

2096 3975 2314 4042 crescit,
2339 3975 2651 4046 praedicare
2680 3988 2984 4038 cessemus,
3016 3971 3142 4044 quia
3190 3976 3246 4027 et
3271 3967 3402 4025 boni
3430 3966 3687 4024 meliores

2095 4081 2196 4137 per
2225 4064 2585 4122 contumelias
2616 4062 2747 4120 ﬁunt
2793 4067 2851 4121 et
2880 4060 3109 4133 reprobi
3156 4059 3224 4116 de
3257 4056 3522 4116 beneﬁcio
3593 4071 3688 4129 pe-

2086 4162 2266 4235 jores.

2171 4294 2194 4319 υ
2228 4270 2493 4327 Dixerunt
2520 4284 2659 4343 ergo
2686 4267 2861 4325 Judai
2892 4284 2909 4323 :
2946 4267 3105 4323 Nunc
3149 4262 3533 4338 cognoscimus
3560 4260 3689 4334 quia

2094 4359 2424 4417 damonium
2478 4360 2677 4415 habes.
2740 4357 3014 4413 Abraham
3064 4362 3313 4411 mortuus
3364 4359 3528 4409 estet
3554 4365 3686 4422 pro-

2095 4457 2294 4529 pheta,
2326 4463 2379 4513 et
2407 4465 2465 4513 tu
2483 4455 2623 4512 dicis
2656 4471 2670 4510 :
2726 4455 2784 4511 Si
2837 4454 2960 4527 quis
3011 4465 3325 4509 sermonem
3354 4463 3534 4505 meum
3564 4463 3687 4505 ser-

2096 4547 2325 4610 vaverit,
2352 4550 2586 4602 mortem
2608 4561 2714 4600 non
2737 4543 2977 4616 gustabit
2994 4544 3051 4599 in
3069 4549 3353 4598 aternum.
3376 4558 3400 4590 ι
3422 4539 3687 4594 Demorte

383 4626 602 4683 vitalem
651 4606 897 4683 frustra.
936 4628 1145 4702 vigilat
1180 4630 1276 4701 qui
1332 4629 1569 4687 custodit
1622 4645 1744 4685 eam
1801 4630 1978 4700 (Psal.
2016 4606 2069 4671 D
2095 4606 2357 4704 secunda,
2389 4640 2566 4691 morte
2594 4606 2883 4709 gehennae,
2932 4635 3111 4689 morte
3156 4627 3513 4687 damnationis
3564 4641 3686 4682 cum

381 4725 582 4795 cxxvt).
629 4725 753 4781 Non
780 4726 1183 4783 contumeliosa
1216 4726 1390 4782 verba
1419 4727 1702 4798 respondit
1730 4728 1823 4799 qui
1855 4742 1985 4785 vere

380 4814 715 4886 respondere
767 4824 993 4885 posset:
1048 4816 1155 4871 Vos
1200 4815 1536 4871 damonium
1594 4815 1834 4872 habetis.
1873 4815 1983 4872 Sed

382 4903 643 4974 superbia
672 4912 856 4960 nostra
888 4904 975 4961 hic
1003 4904 1377 4961 confunditur.
1421 4906 1541 4959 Jam
1568 4904 1698 4976 quid
1728 4904 1887 4961 nobis
1915 4921 1980 4962 ex

383 4991 487 5049 hoc
533 4992 793 5059 innuitur,
855 4992 959 5049 nisi
1001 4999 1062 5049 ut
1106 5009 1173 5049 eo
1203 4999 1449 5064 tempore
1479 5008 1589 5067 quo
1633 5009 1668 5049 a
1714 4993 1982 5065 proximis

378 5088 546 5146 falsas
573 5090 938 5149 contumelias
982 5090 1293 5162 accepimus
1344 5105 1532 5149 eorum
1588 5090 1752 5148 etiam
1809 5092 1982 5148 verba

380 5179 525 5234 mala
556 5186 849 5244 taceamus,
884 5195 955 5237 ne
984 5180 1304 5252 mysterium
1356 5188 1567 5237 nostra
1622 5180 1980 5252 correptionis

377 5281 530 5323 arma
560 5275 846 5327 vertamus
874 5267 1099 5325 furoris.

456 5390 477 5413 α
513 5366 634 5437 Ego
663 5367 899 5440 gloriam
928 5383 1107 5423 meam
1150 5382 1257 5424 non
1286 5384 1501 5442 quaro.
1532 5375 1618 5424 est
1647 5368 1740 5439 qui
1769 5376 1982 5439 quaret

380 5461 431 5507 et
479 5454 711 5523 judicet.
756 5479 780 5505 ο
832 5456 955 5512 Non
1022 5472 1211 5527 quaro
1263 5456 1493 5530 gloriam
1550 5457 1691 5513 sicut
1746 5457 1979 5513 simula-

376 5550 524 5598 tores
552 5541 643 5614 qui
679 5554 927 5613 quarunt
954 5545 1125 5601 videri
1167 5546 1316 5618 quod
1370 5562 1479 5603 non
1510 5554 1661 5601 sunt.
1700 5547 1797 5602 Est
1819 5546 1981 5603 Pater

377 5630 474 5702 qui
506 5630 693 5703 quarit
724 5631 959 5703 gloriam
1016 5650 1213 5704 meam,
1246 5643 1302 5691 et
1324 5635 1550 5704 judicet,
1585 5634 1640 5690 id
1672 5635 1981 5693 estdiscer-

378 5737 530 5784 nata
560 5729 736 5801 gloria
789 5740 994 5795 vestra,
1052 5733 1179 5805 quia
1237 5749 1335 5791 vos
1385 5734 1687 5792 secundum
1717 5735 1980 5791 saeculum

379 5815 713 5884 gloriamini,
760 5836 866 5877 non
928 5836 1079 5892 ego;
1138 5821 1237 5878 sed
1285 5839 1349 5879 ea
1376 5822 1558 5895 gloria
1596 5838 1758 5896 quam
1816 5824 1980 5880 habui

375 5906 518 5978 apud
552 5906 764 5964 Patrem
819 5917 1115 5982 antequam
1167 5911 1401 5967 mundus
1429 5919 1595 5980 esset,
1640 5928 1763 5985 qua
1802 5918 1887 5969 est
1913 5912 1981 5969 ah

2090 4724 2313 4781 diabolo
2340 4725 2488 4792 dicit,
2521 4725 2648 4797 quia
2679 4738 2782 4780 nec
2811 4724 3089 4780 Abraham
3119 4729 3367 4778 mortuus
3420 4724 3522 4782 est,
3583 4731 3685 4773 nec

2090 4825 2394 4895 propheta.
2455 4823 2538 4878 illi
2593 4823 2738 4879 enim
2784 4821 2986 4877 mortui
3026 4828 3171 4886 sunt,
3230 4826 3285 4872 et
3341 4817 3561 4883 vivunt;
3593 4815 3681 4869 isti

2087 4913 2356 4969 vivebant
2381 4918 2434 4971 et
2465 4912 2668 4970 mortui
2694 4919 2866 4970 erant.
2887 4912 3112 4968 Mortem
3139 4906 3327 4966 videre
3343 4904 3437 4964 vel
3461 4907 3684 4981 gustare

2090 5012 2169 5058 est
2208 5017 2331 5059 eam
2363 5002 2623 5073 experiri.

2165 5122 2181 5150 ι
2223 5100 2478 5172 Nunquid
2508 5107 2565 5155 tu
2604 5100 2779 5169 major
2811 5115 2874 5156 es
2928 5105 3086 5170 patre
3138 5102 3332 5153 nostro
3377 5093 3676 5160 Abraham,

2087 5184 2179 5257 qui
2208 5193 2457 5242 mortuus
2486 5191 2588 5241 est.
2638 5185 2709 5240 Et
2749 5184 3031 5255 propheta
3093 5181 3291 5239 mortui
3318 5187 3467 5236 sunt.
3505 5177 3675 5248 Quem

2085 5274 2319 5345 teipsum
2352 5273 2483 5332 facis
2510 5276 2538 5329 ‘l
2568 5272 2871 5343 Respondit
2900 5274 3061 5328 Iesus
3103 5289 3118 5326 :
3158 5270 3217 5328 Si
3285 5284 3393 5344 ego
3431 5265 3677 5341 gloriﬁco

2085 5364 2357 5437 meipsum
2390 5364 2565 5437 gloria
2598 5380 2718 5420 mea
2749 5363 2882 5419 nihil
2912 5369 3023 5419 est.
3062 5362 3156 5418 Est
3188 5362 3344 5417 Pater
3375 5374 3535 5416 meus
3588 5355 3676 5430 qui

2086 5460 2354 5533 gloriﬁcat
2382 5476 2492 5528 me,
2531 5477 2693 5534 quem
2723 5475 2821 5516 vos
2849 5457 3032 5515 dicitis
3054 5458 3178 5531 quia
3193 5458 3341 5513 Deus
3380 5462 3562 5511 vester
3576 5462 3675 5519 est,

2086 5559 2139 5606 et
2170 5567 2276 5607 non
2307 5549 2645 5623 cognovistis
2675 5566 2827 5606 eum.
2877 5550 3001 5620 Ego
3026 5555 3205 5603 autem
3244 5545 3369 5602 novi
3417 5560 3560 5601 eum.
3614 5543 3680 5599 Et

2087 5640 2131 5695 si
2163 5640 2356 5696 dixem
2407 5640 2533 5713 quia
2590 5654 2700 5696 non
2739 5638 2859 5696 scio
2912 5653 3064 5704 eum,
3123 5651 3221 5692 ero
3250 5634 3447 5691 similis
3503 5633 3675 5699 vobis,

2086 5729 2345 5787 mendax.
2376 5728 2491 5786 Sed
2515 5728 2632 5787 scio
2661 5745 2807 5794 eum,
2840 5734 2895 5785 et
2922 5741 3229 5784 sermonem
3252 5724 3369 5795 ejus
3407 5739 3587 5779 servo.
3650 5745 3671 5771 -

2087 5823 2406 5881 Sermonem
2437 5823 2619 5881 Patris
2647 5831 2707 5879 ut
2739 5823 2904 5907 Flilius
2933 5821 3259 5894 loquebatur
3287 5837 3301 5873 :
3346 5827 3398 5874 et
3416 5817 3533 5907 ipse
3562 5825 3677 5874 erat

2089 5912 2325 5969 Verbum
2357 5912 2552 5981 Patris,
2611 5913 2704 5987 qui
2740 5906 3052 5969 horninibus
3091 5909 3437 5984 loquebatur.
3457 5906 3516 5965 Si
3540 5922 3673 5982 ergo
