3956 6446
331 388 435 440 203

1183 384 1252 439 V.
1313 382 1646 438 GUIBERTI
1701 383 1992 438 ABBATlS
2038 382 2092 436 S.
2152 382 2388 438 MARLE
2445 383 2537 438 DE

2597 381 2985 437 NOVIGENTO
3743 381 3849 434 204

331 523 532 577 citium
563 521 667 590 pia:
710 520 1070 590 operationis.
1112 520 1182 574 Et
1237 527 1473 574 contra:
1534 520 1857 587 Abscondit,
1924 519 2018 574 in-
2056 521 2102 574 Α
2141 519 2404 588 Vidimus,
2465 519 2760 590 inquiunt,
2822 524 2997 573 tecum
3067 533 3178 573 esse
3234 518 3553 573 Dominum.
3610 517 3850 573 Geraris

333 613 480 681 quit,
511 614 670 679 piger
715 626 932 662 manum
963 625 1116 661 suam
1146 608 1243 661 sub
1274 611 1491 674 ascella,
1524 625 1620 662 nec
1662 609 1736 662 ad
1775 625 1830 663 os
1867 624 2025 662 suum

333 701 575 767 applicat
624 714 739 750 eam
794 700 970 754 (Prov.
1016 711 1139 760 Xlx,
1178 699 1285 764 24).
1325 697 1482 752 Unde
1511 705 1563 751 et
1597 700 1809 750 vocavit
1838 713 2026 750 nomen

332 789 482 839 illius
511 785 790 850 Latitudo,
845 785 1062 838 dicens:
1099 787 1252 840 Nunc
1300 786 1560 840 dilatavit
1600 801 1695 839 nos
1737 787 2021 853 Dominus,

331 880 380 927 et
426 877 556 939 fecit
600 889 830 927 crescere
879 889 1041 942 super
1093 879 1319 928 terram.
1379 875 1432 928 Si
1488 874 1728 929 latitudo
1774 875 2027 930 Charitas

333 963 677 1033 appellatur,
750 963 1003 1018 charitas
1079 963 1326 1032 profecto
1401 964 1658 1019 maxima
1718 972 1802 1020 est
1855 971 1910 1019 et
1968 963 2025 1019 in

333 1052 510 1106 verbo
569 1066 668 1121 pro
725 1051 909 1106 salute
963 1051 1211 1121 proximi
1269 1051 1550 1119 laborare,
1601 1059 1656 1107 et
1708 1052 1906 1117 vitam,
1963 1059 2028 1108 ut

333 1140 508 1194 verbo
571 1147 874 1208 competat,
941 1140 1223 1204 sagaciter
1291 1140 1578 1206 ordinare,
1657 1147 1720 1196 ut
1789 1153 1843 1195 et
1897 1139 2027 1194 aliis

335 1229 521 1282 valeat
571 1229 833 1297 exemplo
888 1229 1172 1296 prodesse.
1226 1227 1438 1283 Aliter:
1503 1227 1650 1282 Solet
1707 1243 1910 1298 nempe
1968 1227 2026 1282 in

335 1316 646 1387 Evangelio
695 1317 1112 1371 desudantibus
1152 1317 1302 1371 Deus
1359 1317 1504 1370 mira
1544 1317 1729 1386 gratia
1758 1332 1875 1386 quo
1905 1331 2026 1372 am-

334 1404 485 1474 plius
540 1405 810 1460 insistunt
856 1405 1095 1459 dilatare
1143 1405 1494 1460 intellectum
1525 1407 1596 1459 ad
1640 1406 1783 1460 sacri
1815 1405 2027 1474 eloquii

332 1493 719 1563 dignoscenda
750 1507 814 1547 ac
844 1494 1181 1562 eloquenter
1205 1493 1558 1548 enubilanda
1581 1494 1869 1563 mysteria.
1905 1493 2027 1548 Non

332 1579 505 1635 dicit:
568 1583 841 1635 Dilatucit
911 1595 1001 1635 me
1070 1583 1348 1646 Dominus,
1398 1581 1496 1636 sed
1560 1597 1654 1634 nos
1711 1581 2026 1650 pluraliter,

333 1670 472 1738 quia
505 1669 789 1738 quidquid
836 1669 921 1724 vel
955 1670 1010 1723 in
1041 1669 1320 1734 doctrina,
1357 1669 1446 1724 vel
1478 1669 1534 1724 in
1569 1670 1796 1725 virtutis
1843 1670 2030 1724 studio

333 1758 765 1826 propagationis
813 1756 904 1811 vir
952 1756 1201 1826 quisque
1240 1757 1370 1826 pius
1404 1758 1752 1826 assequitur,
1791 1757 1894 1811 hoc
1918 1772 2030 1811 non

336 1846 520 1912 magis
558 1859 658 1913 pro
711 1859 818 1899 sua
870 1859 1045 1914 quam
1101 1844 1346 1913 proximi
1403 1845 1646 1899 utilitate
1705 1859 1738 1899 a
1778 1845 1891 1899 Deo
1921 1843 2030 1899 sibi

332 1932 458 1986 dari
498 1932 834 1987 arbitratur.
898 1933 1051 1988 Facit
1098 1947 1202 1986 nos
1255 1935 1402 1987 Deus
1461 1947 1623 2000 super
1671 1937 1872 1986 terram
1911 1948 2030 1986 cre-

331 2036 492 2088 scere,
526 2036 658 2077 cum
708 2029 808 2077 aut
856 2035 1030 2090 super
1069 2024 1322 2090 corporis
1350 2021 1630 2076 desideria
1677 2021 1884 2090 spiritu
1929 2035 2032 2075 nos

331 2109 628 2176 excellere,
679 2117 779 2164 aut
826 2123 1000 2179 super
1037 2116 1268 2176 terram,
1321 2109 1374 2164 id
1427 2116 1511 2164 est
1568 2109 1879 2177 Christum,
1927 2109 2029 2178 qui

333 2212 530 2253 omnes
557 2199 656 2253 alit
681 2198 967 2264 fundatos,
997 2197 1131 2252 facit
1163 2197 1476 2252 virtutibus
1496 2197 1765 2253 eminere.

405 2285 576 2341 Vens.
629 2289 718 2350 23,
769 2285 860 2339 24.
913 2315 981 2325 —-
1014 2286 1279 2340 Ascendit
1337 2291 1517 2339 autem
1565 2301 1632 2338 ea:
1683 2287 1772 2340 illo
1831 2286 1940 2340 loco
1971 2289 2030 2339 in

335 2375 616 2442 Bersabee,
657 2375 749 2427 ubi
777 2377 1040 2443 apparuit
1069 2376 1119 2427 ei
1147 2377 1401 2428 Dominus
1429 2376 1486 2427 in
1525 2375 1648 2443 ipsa
1686 2381 1835 2428 nocte
1862 2390 1874 2428 :
1908 2376 2030 2442 Ego

333 2477 472 2528 sum,
505 2462 719 2532 inquit,
756 2464 898 2516 Deus
937 2465 1118 2532 patris
1152 2465 1252 2515 tui.
1288 2464 1414 2517 Noli
1461 2465 1664 2530 timere,
1699 2466 1830 2531 quia
1861 2468 2029 2518 tecum

333 2565 471 2604 sum.
527 2551 804 2606 Bersabee
860 2551 1072 2606 dicitur
1116 2556 1309 2620 puteus
1353 2553 1686 2616 saturitatis,
1722 2552 1807 2608 vel
1833 2559 2031 2621 puteus

334 2641 578 2706 quintus.
612 2639 826 2694 Puteus
862 2647 1054 2694 autem
1085 2639 1404 2694 saturitatis
1443 2639 1735 2709 plenitudo
1782 2649 1865 2696 est
1889 2656 2031 2697 con-

336 2727 679 2796 templativm
712 2727 1049 2794 refectionis,
1077 2736 1131 2782 et
1161 2727 1402 2797 quintus
1444 2736 1546 2795 est,
1605 2728 1744 2797 quia
1790 2736 2029 2798 quater-

335 2814 567 2868 narium
623 2815 798 2870 totius
849 2815 1282 2884 temporalitatis
1327 2815 1601 2886 dignitate
1656 2815 2027 2871 transcendit.

337 2901 556 2957 Dicitur
601 2903 770 2958 etiam
820 2917 853 2957 a
901 2903 1249 2973 quibusdam
1299 2904 1454 2974 quod
1515 2919 1714 2959 verum
1762 2913 1866 2971 est,
1915 2918 2030 2958 non

336 2997 543 3058 puteus
574 2991 834 3060 quintus,
866 2991 960 3046 sed
1007 2992 1302 3061 septimus,
1336 3000 1388 3047 et
1421 2992 1563 3047 bene
1608 3000 1856 3059 resonat,
1891 2993 2032 3062 quia

335 3077 614 3174 sapientia
651 3077 1036 3174 spiritualium
1069 3080 1352 3174 donorum
1383 3081 1656 3150 septimus
1685 3082 1900 3151 gradus
1923 3089 2026 3145 est,
2066 3118 2108 3174 ο

337 3160 437 3216 ubi
469 3161 760 3230 plenitudo
791 3163 920 3217 vitae
951 3177 1016 3218 ac
1047 3163 1242 3233 glorize
1285 3172 1388 3232 est,
1439 3166 1577 3236 quia
1632 3167 1778 3222 Deus
1810 3167 2032 3234 sapien-

337 3249 415 3304 tia
442 3256 542 3304 est.
577 3252 662 3304 Ea:
699 3251 792 3304 illo
823 3249 1002 3319 igitur
1049 3253 1176 3317 loco,
1236 3251 1509 3320 praedicta
1559 3252 1772 3308 scilicet
1819 3251 2031 3322 ampli-

336 3323 534 3392 tudine
579 3338 892 3404 charitatis,
942 3353 1060 3393 non
1111 3338 1221 3393 nisi
1276 3339 1333 3394 in
1390 3354 1506 3409 quo
1561 3348 1711 3394 recte
1739 3348 1928 3395 statur
1958 3340 2031 3394 ad

334 3424 617 3494 Bersabee,
653 3425 707 3481 id
729 3433 811 3481 est
852 3426 1129 3481 haustum
1160 3426 1372 3482 divinae
1403 3428 1639 3482 visionis
1677 3429 2028 3484 ascenditur.

336 3513 422 3568 lbi
477 3514 535 3569 in
583 3515 704 3583 ipsa
735 3514 975 3583 speculi,
1007 3522 1061 3569 et
1091 3515 1414 3584 aenigmatis
1462 3516 1808 3572 obscuritate
1842 3526 2032 3574 monet

337 3615 441 3655 nos
495 3601 646 3656 Deus
699 3616 814 3656 non
860 3601 1066 3656 debere
1117 3601 1336 3669 timere,
1394 3602 1510 3671 ipse
1565 3603 1667 3673 qui
1713 3605 2028 3674 Abraham,

261 3703 268 3708 '
336 3688 688 3744 intellectum
743 3689 954 3745 scilicet
1007 3698 1290 3757 nostrum,
1340 3704 1447 3745 sua
1481 3692 1602 3762 jam
1644 3693 1902 3762 implevit
1932 3709 2033 3749 co—

337 3775 609 3847 gnitione,
664 3775 830 3832 nobis
899 3776 1083 3832 aderit
1139 3777 1196 3831 in
1255 3777 1506 3846 seminis,
1570 3779 1623 3834 id
1691 3789 1775 3836 est
1831 3782 2031 3851 gratiae

334 3863 824 3934 multiplicatione,
878 3865 950 3920 ad
1006 3879 1065 3920 se
1095 3866 1486 3922 contuendum
1539 3882 1655 3923 non
1713 3869 1771 3924 in
1811 3870 2028 3937 nubilo,

335 3953 432 4009 sed
459 3962 669 4023 aperte.
727 3954 916 4025 (VERS.
977 3955 1093 4023 25.)
1137 3955 1332 4024 Itaque
1369 3955 1667 4026 aediﬁcavit
1708 3959 1788 4012 ibi
1835 3961 2027 4028 altare,

334 4047 384 4094 et
439 4043 688 4095 invocato
756 4041 836 4095 ibi
880 4043 1094 4095 nomine
1146 4044 1364 4096 Domini
1426 4044 1669 4098 extendit
1719 4046 2031 4102 tabernacu-

334 4130 464 4195 lum,
515 4132 874 4199 praecepitque
925 4132 1095 4184 servis
1160 4133 1275 4184 suis
1343 4137 1404 4185 ut
1469 4133 1716 4199 foderent
1787 4141 2026 4204 puteum.

334 4217 533 4272 Altare
571 4219 652 4272 ibi
678 4219 1050 4285 teditieamus,
1083 4233 1214 4274 cum
1248 4229 1466 4289 quanto
1496 4224 1681 4293 magis
1719 4225 1900 4280 Deum
1930 4240 2029 4281 co-

335 4306 684 4375 gnoscimus,
719 4313 876 4361 tanto
926 4307 1212 4362 fortiorem
1266 4309 1405 4364 bene
1441 4313 1646 4382 agendi
1673 4312 2028 4369 voluntatem

2132 611 2362 676 dicitur,
2417 615 2714 678 cornupeta
2771 625 2971 674 eorum,
3033 608 3092 663 in
3143 623 3261 678 quo
3325 608 3682 678 intelligitur
3741 623 3849 662 no-

2130 699 2297 754 cendi
2354 698 2660 767 appetitus,
2742 697 2896 752 haud
2955 697 3199 752 dubium
3275 697 3420 766 quin
3479 696 3847 752 daemonum.

2137 787 2280 842 Hinc
2326 801 2484 856 ergo,
2515 800 2588 841 ex
2641 786 2856 854 impetu
2908 785 3117 840 scilicet
3163 799 3282 840 sua:
3314 785 3746 840 malevolentize
3778 784 3850 838 ad

2133 875 2312 930 altare
2341 874 2496 943 quod
2531 872 2862 943 principalis
2892 872 3052 928 locus
3075 880 3177 940 est,
3205 872 3450 928 veniunt
3479 872 3846 937 Abimelech,

2135 963 2236 1034 qui
2269 963 2482 1018 dicitur
2526 968 2686 1032 pater
2729 977 2875 1016 meus
2905 976 3030 1028 rex,
3087 961 3176 1016 vel
3205 977 3430 1029 regnum
3475 964 3666 1030 patris
3716 963 3848 1026 mei,

2136 1052 2194 1106 in
2227 1066 2342 1121 quo
2369 1051 2652 1121 accipitur
2691 1049 2986 1120 superbia,
3031 1049 3124 1106 cui
3160 1050 3518 1118 potissimum
3569 1049 3849 1104 diabolus

2135 1140 2396 1209 imperat,
2451 1147 2644 1208 utpote
2702 1152 2804 1194 rex
2863 1152 3035 1208 super
3089 1152 3287 1194 omnes
3344 1137 3490 1193 filios
3549 1137 3848 1208 superbiae

2138 1228 2269 1292 (Job
2317 1242 2430 1293 xu,
2497 1230 2612 1296 '25),
2671 1235 2725 1283 et
2782 1227 3044 1293 0cozath,
3105 1227 3174 1282 de
3221 1241 3337 1297 quo
3395 1227 3694 1282 nescimus
3742 1226 3847 1296 qui

2136 1317 2327 1382 fuerit,
2371 1324 2622 1372 attamen
2664 1316 2998 1386 complicem
3043 1315 3171 1384 ejus
3218 1329 3332 1370 non
3363 1314 3733 1382 dubitamus,
3789 1316 3846 1370 in

2138 1421 2254 1477 quo
2284 1420 2396 1460 non
2423 1405 2674 1460 absurde
2708 1404 3048 1474 intelligitur
3086 1403 3322 1468 invidia,
3358 1403 3648 1473 superbiae
3692 1403 3849 1460 vide-

2137 1493 2267 1549 licet
2324 1494 2440 1548 filia
2471 1494 2623 1549 unde
2671 1501 2727 1548 et
2771 1498 2971 1558 tenens,
3013 1491 3103 1546 vel
3153 1489 3603 1559 comprehenderis
3654 1486 3849 1542 inter—

2140 1590 2424 1652 pretatur,
2479 1583 2619 1651 quia
2671 1595 2786 1648 cor,
2846 1579 3002 1650 quod
3060 1575 3575 1648 comprehenderit,
3634 1575 3725 1630 sic
3777 1582 3851 1629 te-

2141 1679 2270 1726 neat
2297 1679 2360 1726 ut
2400 1670 2631 1725 difficile
2673 1669 2996 1725 renitescat.
3040 1668 3183 1722 Hinc
3215 1667 3270 1720 in
3320 1665 3431 1720 alia
3461 1662 3850 1720 translatione

2140 1760 2417 1829 pronubas
2459 1757 2785 1814 Abimelech
2833 1757 3063 1823 dicitur,
3105 1755 3246 1826 quia
3292 1753 3563 1822 superbia
3609 1751 3850 1822 gaudiis

2142 1849 2474 1904 luxuriante
2547 1846 2898 1911 carnalibus,
2979 1845 3126 1900 livor
3195 1845 3322 1914 ejus
3380 1840 3850 1911 intemperantiis

2139 1937 2302 2006 quasi
2353 1937 2591 2007 quidam
2646 1935 2930 2006 pronuba,
2982 1933 3037 1988 id
3083 1939 3166 1987 est
3221 1930 3690 2000 supplementum
3756 1942 3853 1983 ne-

2139 2026 2335 2095 quitize
2393 2026 2740 2092 comitatur;
2796 2032 2850 2078 et
2917 2023 3098 2076 Phicol
3165 2020 3281 2074 dua:
3328 2022 3584 2085 militum,
3651 2017 3851 2072 inanis

2140 2112 2340 2182 gloria,
2375 2112 2548 2167 totius
2584 2109 2972 2180 perversitatis
3020 2108 3466 2172 firmamentum,
3518 2107 3621 2175 qui
3657 2105 3850 2160 inter—

2139 2208 2402 2270 pretatur
2431 2217 2487 2254 os
2515 2203 2772 2265 omnium,
2816 2198 2956 2268 quia
2987 2197 3045 2252 in
3101 2196 3288 2252 laudis
3335 2195 3606 2250 humana:
3645 2193 3852 2264 praeci-

2137 2303 2247 2358 pue
2275 2289 2584 2343 delectetur
2633 2301 2818 2356 aura;
2851 2287 2991 2351 haec,
3041 2286 3302 2355 inquam,
3357 2283 3486 2349 tria,
3540 2283 3597 2338 id
3627 2289 3720 2338 est
3747 2296 3849 2337 su-

2139 2377 2356 2446 perbia,
2419 2376 2655 2442 invidia,
2717 2375 2905 2430 inanis
2953 2374 3134 2443 gloria
3189 2370 3408 2428 homini
3465 2379 3703 2426 terrena
3763 2385 3849 2426 re-

2139 2467 2366 2534 spuenti
2422 2473 2478 2520 et
2533 2463 2751 2520 amanti
2805 2463 3071 2528 cmlestia,
3114 2459 3346 2530 speciali
3391 2458 3758 2515 inseeutione
3791 2473 3848 2513 se

2138 2553 2428 2622 ingerunt,
2483 2561 2537 2608 et
2586 2559 2744 2607 tanto
2800 2549 3171 2620 perniciosius
3228 2555 3447 2618 quanto
3493 2547 3846 2602 consulendi

2139 2641 2324 2711 gratia
2373 2641 2482 2695 sub
2526 2639 2842 2694 amicorum
2894 2636 3123 2692 nomine
3177 2634 3457 2690 devotius.
3514 2633 3848 2704 Respondet

2140 2737 2328 2785 tamen
2363 2729 2540 2790 Isaac.
2590 2741 2801 2797 eosque
2847 2725 3143 2795 przevenit,
3192 2739 3260 2779 ac
3321 2723 3365 2778 si
3407 2723 3659 2778 diceret:
3705 2722 3849 2788 Quis

2141 2817 2281 2871 mihi
2308 2827 2626 2872 conventus
2657 2816 2974 2881 vobiscum,
3032 2828 3166 2869 cum
3220 2812 3301 2867 nil
3358 2811 3416 2866 in
3471 2811 3636 2866 vobis
3680 2809 3844 2866 aliud

2140 2919 2318 2974 quam
2379 2905 2584 2960 lethale
2641 2905 2849 2958 animae
2914 2916 3052 2957 mea;
3115 2902 3277 2956 virus
3324 2900 3733 2969 compererim,
3793 2907 3848 2954 et

2139 2995 2258 3048 sola
2311 3001 2499 3048 vestra
2553 2990 2982 3048 exsecrabilitas
3041 3004 3146 3044 suo
3203 2989 3436 3044 horrore
3490 2987 3564 3042 ab
3614 2987 3848 3043 ambitu

2141 3081 2331 3137 surculi
2391 3096 2480 3136 me
2538 3079 2878 3149 expulerit?
2953 3078 3202 3133 Vidimus
3265 3082 3454 3142 tecum,
3533 3075 3843 3144 inquiunt,

2145 3172 2263 3240 ipsa
2291 3170 2478 3239 operis
2533 3167 2819 3224 evidentia
2867 3167 3049 3222 Deum
3073 3181 3203 3220 esse.
3251 3166 3321 3220 Et
3362 3178 3496 3220 cum
3545 3163 3846 3233 spirituali

2141 3259 2450 3328 przecellas,
2491 3257 2649 3312 omni
2700 3255 2998 3326 temporali
3042 3269 3102 3311 es
3153 3254 3366 3324 dignus
3416 3253 3652 3319 honore,
3683 3253 3846 3322 quod

2139 3347 2351 3404 multos
2397 3346 2650 3401 obtinere
2696 3344 2883 3400 cernis
2920 3342 3188 3409 indebita,
3231 3355 3365 3397 cum
3396 3348 3510 3396 tute
3541 3340 3848 3411 religionis

2141 3435 2303 3490 favor
2360 3433 2723 3489 diffundatur
2769 3432 3006 3502 ubique.
3062 3430 3302 3486 Attende
3355 3442 3492 3498 ergo
3540 3429 3702 3498 quod
3736 3429 3846 3485 tibi

2142 3523 2405 3593 prodesse
2442 3522 2728 3592 cupimus,
2776 3535 2846 3576 ne
2877 3533 3088 3576 renuas
3118 3517 3446 3588 impendere
3491 3531 3664 3572 aures
3696 3517 3849 3573 bene

2141 3610 2595 3679 consulentibus,
2626 3609 2912 3680 perpende
2953 3608 3109 3679 quod
3152 3607 3254 3663 tibi
3287 3618 3593 3676 nunquam
3623 3605 3850 3662 damno

2141 3699 2376 3766 fuimus,
2441 3713 2546 3754 nec
2608 3706 2735 3754 tuas
2786 3697 3188 3768 prosperitates
3242 3693 3663 3762 imminuimus,
3728 3695 3852 3751 imo

2142 3786 2438 3856 multiplici
2486 3786 2656 3842 laude
2701 3785 3006 3856 pollentem
3057 3799 3216 3840 nunc
3255 3798 3439 3853 usque
3471 3783 3664 3853 vigere
3714 3796 3854 3852 per-

2141 3876 2422 3932 misimus.
2467 3875 2675 3931 Foedus
2721 3874 2916 3944 itaque
2966 3881 3227 3929 nostrum
3273 3886 3346 3928 ne
3403 3885 3658 3940 respuas,
3703 3886 3852 3928 cum

2142 3965 2254 4020 Deo
2313 3963 2726 4033 multiplicante
2779 3970 2832 4018 te
2887 3961 3086 4032 augeri
3143 3961 3374 4028 sentias,
3415 3960 3460 4015 si
3493 3961 3724 4016 monitis
3753 3975 3855 4017 ac-

2143 4053 2443 4124 quiescas;
2508 4052 2628 4108 hzec
2681 4050 3121 4122 aequipollenter
3185 4049 3339 4105 dicta
3388 4048 3582 4105 sensui
3628 4063 3847 4106 eorum

2140 4148 2478 4198 consonant.

2213 4229 2386 4287 Vens.
2417 4228 2508 4296 30,
2555 4231 2643 4295 3t,
2689 4230 2780 4296 3:2,
2823 4227 2910 4284 33.
2961 4256 3032 4270 —
3083 4229 3228 4282 Fecit
3255 4242 3379 4295 ergo
3405 4227 3846 4294 eisconvivium,

2137 4323 2206 4385 et,
2239 4322 2358 4387 post
2406 4317 2583 4371 cibum
2641 4322 2690 4370 et
2718 4323 2922 4385 potum,
2974 4319 3252 4384 surgentes
3304 4330 3460 4368 mane
3504 4315 3848 4384 juraverunt

333 4407 554 4461 semper
606 4393 896 4448 meliorem
947 4395 1118 4462 avidi,
1174 4395 1297 4451 sine
1344 4411 1461 4466 qua
1490 4400 1678 4454 omnis
1702 4399 1886 4456 virtus
1915 4413 2026 4455 an—
2065 4401 2240 4462 Dsibi
2286 4411 2491 4460 mutuo.
2559 4407 2883 4473 Dimisitque
2930 4419 3016 4458 eos
3068 4405 3290 4472 pacifice
3344 4405 3499 4458 Isaac
3556 4404 3616 4456 in
3661 4403 3845 4459 locum

335 4489 503 4551 gusta
542 4489 646 4549 est,
700 4483 1164 4551 constabiliendo,
1222 4483 1357 4540 hinc
1408 4486 1537 4542 inde
1588 4488 1808 4544 collatis
1834 4488 2024 4544 virtu-

337 4569 490 4625 tibus
515 4571 585 4626 ad
633 4571 814 4626 Deum
843 4571 1160 4642 erigimus:
1198 4574 1350 4629 unde
1379 4581 1429 4628 et
1475 4578 1719 4632 invocato
1775 4579 1873 4631 Dei
1919 4593 2024 4632 no-

332 4660 473 4710 mine
502 4657 714 4713 dicitur
758 4659 1079 4714 extendisse
1125 4660 1547 4730 tabernaculum,
1599 4663 1738 4719 dum
1790 4678 1905 4719 non
1951 4665 2022 4720 ad

333 4745 422 4800 sui
453 4746 630 4816 ipsius
657 4747 1010 4816 opinionem,
1049 4749 1146 4804 sed
1176 4749 1247 4804 ad
1282 4750 1381 4805 Dei
1413 4751 1590 4807 solius
1620 4753 1846 4809 laudem
1883 4769 2024 4824 ope-

330 4848 460 4890 rum
491 4836 787 4892 effectibus
827 4837 988 4892 home
1021 4838 1204 4893 exerit
1235 4839 1548 4895 voluntatis
1592 4843 1910 4910 appetitum
1950 4843 2023 4898 ad

334 4923 432 4979 Dei
468 4925 728 4981 militiam
757 4927 1214 4996 exsequendum.
1265 4928 1380 4984 Hoc
1417 4931 1571 4985 enim
1619 4931 1808 5002 signat
1840 4931 2020 4988 taber-

334 5013 630 5080 naculum,
681 5014 938 5084 przecipit
987 5020 1156 5070 servis
1215 5024 1278 5072 ut
1332 5016 1551 5074 fodiant
1593 5025 1838 5088 puteum,
1891 5037 2021 5078 cum

333 5100 700 5156 interioribus
737 5103 1238 5174 exterioribusque
1288 5111 1434 5159 Ioo
1487 5107 1608 5162 suis
1639 5108 1836 5164 indicit
1866 5111 2027 5166 moti-

333 5188 465 5258 bus,
501 5196 564 5245 ut
592 5198 942 5259 scrutentur,
976 5191 1180 5262 quanti
1213 5193 1402 5249 valeat
1433 5203 1666 5264 gustare
1695 5199 2024 5266 praesentia-

332 5277 479 5345 liter,
513 5278 560 5333 si
579 5279 719 5334 tanti
750 5280 896 5336 valet
925 5281 1235 5352 muigmata
1265 5283 1550 5351 speculari
1581 5285 1789 5342 Deum.

403 5367 576 5422 Vsus.
632 5370 722 5436 26,
759 5369 848 5435 27,
896 5371 985 5422 28.
1045 5399 1104 5409 —
1170 5369 1267 5423 Ad
1314 5387 1469 5440 quem
1535 5373 1706 5428 locum
1758 5377 2028 5430 emissent

333 5455 398 5509 de
421 5455 640 5511 Geraris
669 5457 1004 5525 Abimelech,
1034 5463 1083 5511 et
1119 5458 1353 5514 0cozath
1401 5463 1564 5515 amici
1605 5462 1744 5533 ejus,
1788 5469 1839 5517 et
1895 5465 2026 5519 Phi-

333 5545 414 5598 col
451 5543 567 5598 dum
595 5546 850 5610 militum,
893 5546 1098 5599 locutus
1142 5551 1221 5599 est
1246 5549 1322 5601 eis
1369 5549 1556 5604 Isaac:
1604 5551 1753 5617 Quid
1802 5555 2026 5608 venistis

335 5632 409 5686 ad
453 5649 534 5688 me
583 5635 849 5688 hominem
902 5650 1056 5702 quem
1100 5635 1312 5701 odistis,
1348 5642 1398 5692 et
1439 5642 1730 5708 cmpulistis
1758 5657 1794 5695 a
1829 5643 2028 5696 vobis?

2130 4511 2307 4551 suum.
2359 4497 2490 4550 Ecce
2535 4501 2715 4549 autem
2756 4498 3014 4548 venerunt
3063 4496 3123 4546 in
3178 4495 3295 4561 ipso
3342 4492 3432 4545 die
3485 4493 3630 4545 servi
3677 4493 3844 4548 Isaac

2131 4586 2519 4640 annuntiantes
2550 4587 2600 4638 ei
2635 4584 2702 4638 de
2740 4589 2902 4652 puteo
2943 4598 3099 4652 quem
3143 4581 3420 4648 foderant,
3452 4585 3615 4648 atque
3643 4580 3841 4635 dicen-

2130 4677 2240 4726 tes:
2274 4673 2582 4727 Invenimus
2629 4689 2850 4741 aquam.
2898 4673 3046 4726 Unde
3095 4669 3400 4740 appellavit
3448 4685 3588 4737 eum,
3630 4668 3838 4723 Abun-

2131 4760 2400 4814 dantiam.
2449 4760 2658 4816 Tribus
2714 4761 2824 4815 illis
2881 4759 3216 4815 convivium
3270 4758 3430 4812 Isaac
3487 4756 3637 4824 facit,
3696 4772 3841 4814 cum

2130 4849 2284 4919 ipsas
2313 4849 2586 4907 vitiorum
2613 4849 2971 4906 adulationes
3019 4846 3555 4904 ratiocinationibus
3600 4845 3841 4916 quibus-

2131 4939 2264 4994 dam
2303 4946 2495 5010 auget,
2522 4946 2577 4995 et
2608 4938 2810 4994 nutrit.
2844 4937 2972 4993 Post
2998 4937 3194 4993 cibum
3236 4943 3290 4992 et
3316 4934 3528 5006 [potum
3559 4944 3837 5005 surgunt,

2131 5043 2263 5083 cum
2317 5035 2440 5097 post
2493 5027 2710 5083 fercula
2755 5026 3084 5096 temporalis
3141 5025 3356 5096 glorize,
3417 5039 3549 5096 quae
3601 5024 3837 5092 potibus

2135 5115 2452 5185 irrigantur
2495 5116 2713 5170 consilii
2774 5115 3014 5171 rationis
3061 5115 3354 5180 humanas,
3412 5114 3715 5169 elevantur
3769 5112 3835 5170 in

2133 5218 2287 5272 spem
2322 5203 2648 5260 ambitionis
2676 5203 2994 5274 explendas.
3030 5203 3194 5259 Mane
3223 5202 3329 5259 sibi
3361 5208 3566 5258 mutuo
3603 5201 3830 5271 jurant,

2131 5291 2271 5348 dum
2321 5292 2378 5347 in
2442 5291 2564 5362 ipso
2592 5291 2986 5362 prosperitatis
3017 5292 3207 5348 arrisu
3237 5306 3355 5347 sese
3409 5289 3587 5346 fidelis
3634 5289 3832 5345 anima

2133 5387 2188 5434 et
2270 5379 2476 5436 vitium
2539 5381 2943 5436 confoederant.
3024 5383 3183 5437 Mane
3267 5381 3388 5435 sive
3456 5391 3690 5445 aurora,
3772 5386 3831 5435 et

2131 5468 2302 5524 etiam
2351 5468 2470 5524 dies
2520 5484 2621 5539 pro
2649 5470 2914 5526 secundis
2953 5469 3126 5526 rebus
3175 5476 3493 5538 ponuntur,
3539 5475 3604 5523 ut
3641 5475 3725 5524 est
3769 5466 3828 5524 in

2133 5556 2272 5611 Job:
2332 5558 2393 5612 Si
2435 5559 2612 5612 subito
2669 5561 2989 5628 apparuerit
3051 5574 3270 5625 aurora,
3325 5557 3673 5611 arbitrantur
3717 5572 3828 5610 um-

2138 5645 2292 5700 bram
2337 5649 2528 5701 mortis
2579 5649 2700 5716 (Job
2749 5661 2912 5714 xxw,
2971 5645 3080 5716 t7).
3137 5646 3204 5701 In
3256 5645 3446 5702 locum
3499 5659 3675 5702 suum
3731 5662 3823 5705 eos
