3924 6472
212 419 314 476 897

1193 411 1768 487 DEFLORATIOﬁES
1806 410 1886 468 SS
1949 407 2244 466 PATRUM.
2274 438 2347 450 -—-
2381 409 2505 464 LIB.
2547 411 2590 465 Ι.

3425 413 3534 466 898

220 541 628 616 cognovissent
653 543 901 607 Patrem,
925 539 1116 596 Filium
1138 539 1257 608 ejus
1280 537 1642 609 recepissent:
1680 551 1840 610 quem
1868 535 1922 598 Α
1955 534 2171 591 habuit.
2211 534 2399 605 Itaque
2431 543 2688 606 quantum
2721 534 2778 590 in
2811 534 2930 606 ipsa
2959 535 3075 601 fuit,
3106 551 3213 592 non
3242 536 3541 593 debuitsu-

228 649 341 689 vox
369 632 554 687 Patris
586 629 938 703 gloriﬁcabat
971 629 1023 682 in
1054 628 1407 698 baptismate,
1440 627 1492 680 in
1543 634 1745 692 monte,
1795 634 1848 680 et

235 722 288 777 in
320 722 441 776 aliis
473 720 829 790 hujusmodi.
869 719 997 771 Ideo
1037 726 1227 771 contra
1274 716 1377 771 hoc
1423 715 1563 785 quod
1614 714 1799 768 dicunt
1831 729 1844 766 ε

242 811 420 880 Quem
446 809 690 879 teipsum
711 807 868 871 facis,
893 804 1060 861 refert
1080 804 1310 877 gloriam
1346 819 1501 857 suam
1523 803 1589 856 ad
1624 803 1848 855 Patrem

245 901 437 955 dicens
473 916 487 952 :
520 896 577 951 Si
610 913 719 967 ego
755 895 903 949 solus
934 895 1051 947 sine
1083 894 1235 946 Patre
1269 890 1514 962 glorifico
1555 890 1848 961 meipsum,

245 990 396 1044 sicut
425 986 807 1049 simulatores,
841 982 1019 1055 gloria
1051 996 1174 1035 mea
1203 979 1335 1034 nihil
1367 987 1468 1034 est.

331 1130 353 1154 ι
396 1104 680 1160 Abraham
722 1108 881 1172 pater
936 1108 1123 1154 vester
1179 1095 1466 1152 exsultavit
1527 1103 1584 1150 ut
1637 1094 1856 1150 videret

247 1194 405 1252 diem
471 1208 650 1246 meum
689 1205 701 1244 :
733 1198 785 1245 et
815 1188 964 1254 vidit,
1000 1195 1051 1241 et
1083 1186 1301 1258 gavisus
1331 1194 1430 1238 est.
1459 1207 1479 1232 υ
1503 1181 1746 1238 Credens
1764 1198 1856 1236 ex-

245 1281 475 1338 sultavit
504 1277 805 1351 sperando,
839 1283 895 1330 ut
927 1274 1138 1329 videret
1172 1272 1543 1344 intelligendo.
1574 1270 1732 1339 Quod
1779 1268 1856 1325 ait

247 1371 405 1427 diem
457 1384 660 1432 meum,
713 1365 983 1420 incertum
1041 1370 1224 1433 potest
1267 1377 1394 1416 esse
1447 1360 1588 1414 unde
1641 1357 1853 1424 dixerit,

247 1468 442 1515 utrum
471 1458 615 1512 diem
649 1453 866 1509 Domini
896 1449 1256 1522 temporalem
1288 1448 1341 1503 in
1371 1463 1552 1517 carne,
1597 1463 1665 1501 an
1709 1445 1855 1501 diem

249 1548 351 1618 qui
392 1546 572 1602 nescit
635 1551 814 1598 ortum
867 1555 970 1595 nec
1027 1553 1334 1595 occasum:
1402 1537 1510 1591 Sed
1570 1545 1857 1605 utrumque

252 1636 552 1692 Abraham
580 1631 736 1687 vidit.
770 1628 1003 1699 Quando
1043 1627 1186 1682 enim
1236 1625 1383 1680 misit
1433 1640 1651 1679 servum
1701 1637 1856 1676 suum

251 1734 449 1797 petere
478 1736 704 1777 uxorem
737 1718 847 1773 filio
877 1733 974 1772 suo
1005 1718 1181 1780 Isaac,
1216 1715 1288 1768 ait
1321 1733 1333 1768 :
1385 1737 1405 1761 ιι
1444 1715 1587 1768 Pone
1639 1726 1858 1765 manum

250 1821 409 1868 tuam
441 1812 544 1866 sub
574 1809 781 1864 femore
812 1821 954 1869 meo,
989 1813 1038 1860 et
1065 1805 1188 1874 jura
1215 1819 1314 1874 per
1345 1804 1515 1857 Deum
1539 1800 1657 1856 caeli
1684 1800 1852 1866 (Gen.

251 1903 444 1969 xxxv).
474 1923 495 1947 υ
519 1897 622 1967 Qui
644 1897 748 1951 hoc
768 1894 871 1949 sibi
903 1893 1014 1947 vult
1047 1892 1151 1945 nisi
1191 1891 1321 1962 quia
1357 1887 1757 1961 significabatur
1787 1885 1855 1941 de
1885 1887 1935 1947 Β

253 2004 476 2063 genere
509 1987 746 2041 Abrahae
778 1985 949 2038 Deum
981 1981 1100 2037 εωιὶ
1130 1989 1417 2034 venturum
1448 1979 1500 2031 in
1531 1993 1716 2032 carne.
1751 1974 1856 2039 Qui

254 2076 673 2150 reprehendunt
703 2088 922 2129 carnem
955 2069 1173 2133 Christi,
1206 2067 1608 2138 reprehendunt
1657 2065 1856 2119 factum

254 2167 524 2222 Abrahae.
564 2163 839 2216 Abraham
872 2159 1020 2216 diem
1052 2157 1271 2212 Domini
1301 2157 1449 2222 vidit,
1481 2171 1600 2208 cum
1635 2154 1684 2206 in
1717 2150 1858 2223 ﬁgu-

257 2272 321 2312 ra
353 2269 591 2309 summa:
617 2249 901 2306 Trinitatis
932 2255 1040 2301 tres
1070 2245 1298 2318 angelus
1329 2242 1566 2314 hospitio
1597 2239 1858 2310 suscepit.

339 2394 361 2418 α
406 2369 680 2425 Dixerunt
705 2362 878 2419 Judaei
905 2362 975 2417 ad
1017 2377 1189 2416 eum:
1243 2357 1643 2430 Quinquaginta
1689 2369 1861 2410 annos

263 2458 516 2516 nondum
550 2455 744 2518 habes,
769 2461 819 2507 et
841 2450 1115 2506 Abraham
1141 2448 1364 2504 vidisti?
1387 2447 1533 2501 Dixit
1559 2447 1636 2500 eis
1664 2444 1823 2498 Jesus
1847 2462 1859 2498 ι

264 2554 464 2614 Amen,
495 2559 659 2600 amen
688 2541 811 2596 dico
843 2539 1016 2604 vobis,
1052 2547 1338 2608 antequam
1390 2534 1672 2590 Abraham
1714 2530 1866 2587 ﬁeret

264 2653 376 2711 ego
408 2651 548 2691 sum.
586 2656 608 2679 η
641 2631 764 2686 Noti
795 2627 872 2683 ait
917 2630 991 2682 fui
1025 2645 1039 2691 ;
1083 2626 1183 2682 sed
1235 2642 1374 2692 sum,
1431 2623 1553 2694 quia
1604 2620 1866 2676 Divinitas

264 2707 486 2796 tempus
515 2737 624 2776 non
653 2719 842 2772 habet.
886 2716 966 2769 Ab
1002 2715 1195 2768 intuitu
1241 2712 1442 2780 carnis,
1495 2710 1562 2764 ad
1612 2707 1867 2763 divinita-

267 2825 382 2870 tem
403 2813 572 2868 trahit
593 2825 609 2879 ;
633 2807 750 2875 sed,
788 2805 909 2860 duri
931 2814 987 2859 ut
1006 2803 1115 2875 lapi
1129 2804 1236 2868 les,
1255 2808 1444 2873 putant
1463 2800 1564 2855 hoc
1587 2813 1708 2854 esse
1729 2796 1869 2852 blas-

269 2902 573 2976 phemiam.

349 3043 374 3067 α
417 3016 680 3072 Tulerunt
709 3027 846 3086 ergo
890 3009 1100 3082 lapides
1129 3014 1185 3062 ut
1209 3008 1460 3076 jacerent
1487 3003 1540 3057 in
1571 3017 1720 3058 eum.
1774 3001 1869 3056 Je-

271 3126 370 3164 sus
403 3113 582 3161 autem
613 3099 898 3158 abscondit
925 3115 1006 3165 se,
1038 3104 1091 3152 et
1120 3095 1372 3151 exivitde
1397 3092 1617 3164 templo.
1648 3114 1668 3139 »
1697 3088 1870 3159 Quem

274 3196 586 3266 intelligere
632 3207 741 3246 non
798 3193 1046 3260 poterant
1092 3185 1324 3240 obruere
1365 3181 1724 3253 quaerebant:
1774 3176 1871 3232 sed

274 3283 548 3342 Dominus
578 3296 636 3335 se
666 3277 938 3334 vindicare
967 3273 1156 3340 noluit,
1189 3271 1312 3344 quia
1341 3270 1449 3341 pati
1497 3275 1744 3324 venerat.
1805 3267 1872 3320 Et

273 3375 405 3430 ideo
436 3387 498 3426 se
527 3367 814 3424 abscondit
845 3372 900 3418 ut
929 3364 1080 3417 daret
1102 3359 1258 3416 nobis
1290 3357 1595 3429 exemplum
1627 3357 1758 3410 dare
1785 3354 1872 3409 lo-

275 3478 405 3520 cum
436 3462 553 3525 irae,
587 3457 672 3513 vel
702 3455 827 3509 ideo
874 3461 931 3507 ut
977 3450 1293 3506 ostenderet
1341 3448 1468 3519 quia
1512 3447 1629 3516 ipsa
1679 3443 1874 3498 veritas

277 3552 362 3608 eis
391 3545 764 3607 absconditur,
800 3541 892 3614 qui
921 3540 1044 3609 ejus
1091 3539 1258 3593 verba
1306 3536 1461 3606 sequi
1502 3539 1872 3596 contemnunt,

279 3649 336 3696 et
370 3636 508 3710 fugit
537 3642 798 3698 mentem,
831 3631 958 3699 quia
1001 3643 1111 3681 non
1163 3625 1368 3680 invenit
1413 3623 1690 3678 humilem.
1734 3621 1876 3674 Nota

279 3727 421 3801 quia
467 3722 865 3779 inconsiderate
915 3716 1087 3771 Judaai
1129 3715 1382 3768 dixerunt
1423 3712 1493 3768 ad
1538 3709 1873 3778 Dominum:

281 3795 691 3886 Quinquaginta
719 3822 892 3862 annos
920 3803 1162 3860 nondum
1190 3801 1361 3856 habes
1381 3800 1408 3854 ‘t‘
1447 3801 1582 3855 Sunt
1629 3797 1722 3870 qui
1770 3795 1876 3850 ﬁn-

280 3884 424 3979 gunt
459 3902 527 3957 ab
564 3896 939 3955 incarnatione
977 3907 1152 3963 usque
1211 3891 1279 3945 ad
1335 3888 1651 3960 passionem
1708 3884 1877 3940 multo

281 3993 474 4067 plures
503 4004 676 4046 annos
707 3999 872 4058 quam
901 3999 971 4039 ex
1001 3979 1244 4037 historiis
1271 3979 1620 4052 colligamus.

932 4158 1166 4216 SERMO

289 4337 368 4378 DE
397 4333 576 4374 CARNB
605 4329 760 4380 QUAII
788 4313 1022 4369 VERBUM
1051 4321 1354 4365 ASSUKPSIT
1379 4325 1392 4361 2
1417 4319 1616 4368 QUALIS
1644 4316 1842 4359 FURRIT
1865 4319 1879 4357 2

481 4428 776 4472 SECUNDW
805 4419 1251 4468 PASSIBILITATBM
1280 4419 1352 4460 ΕΤ
1378 4417 1680 4460 AFFBCTUS.

369 4564 448 4619 De
477 4575 638 4617 carne
668 4554 834 4614 Verbi
860 4565 1291 4611 commemorare
1319 4554 1554 4619 oportet,
1577 4545 1705 4618 quia
1737 4543 1885 4599 illam

288 4653 364 4710 ab
391 4652 514 4722 ipsa
543 4645 899 4717 conceptione
941 4640 1176 4713 Spiritus
1225 4636 1398 4694 sancti
1444 4633 1765 4707 operatione
1809 4631 1885 4686 ita

288 4721 612 4799 mandatam
643 4733 942 4797 credimus,
974 4737 1032 4784 ut
1051 4744 1175 4785 eam
1200 4726 1439 4782 Verbum
1457 4724 1634 4795 ipsum
1656 4721 1887 4778 liberum

292 4845 520 4904 prorsus
547 4832 603 4882 et
642 4825 937 4879 immunem
981 4818 1050 4873 ab
1101 4814 1250 4872 omni
1295 4821 1520 4887 peccato
1563 4823 1886 4874 assumeret,

293 4899 460 4992 poena
487 4921 690 4970 tantum
721 4916 947 4982 peccato
975 4905 1269 4969 voluntate,
1302 4918 1412 4959 non
1437 4899 1764 4958 necessitate
1799 4915 1892 4952 as-

295 4987 581 5070 sumentis,
617 5006 952 5063 remanente,
985 5003 1040 5050 ut
1067 4997 1196 5049 dum
1227 4993 1338 5048 ista
1364 4991 1418 5045 in
1445 4990 1730 5046 Salvatore
1772 4987 1892 5042 sine

295 5096 461 5166 culpa
491 5097 786 5164 pateretur,
810 5086 902 5140 illa
921 5099 1025 5156 qua
1047 5082 1100 5136 in
1127 5079 1408 5137 salvandis
1431 5093 1531 5150 pro
1553 5077 1710 5148 culpa
1731 5089 1894 5146 pinna

296 5191 539 5251 obnoxia
570 5189 779 5244 fuerant
805 5183 1163 5238 liberaretur.
1203 5180 1283 5233 De
1315 5181 1417 5232 hac
1447 5191 1610 5247 paena
1651 5172 1892 5245 passibi-

299 5281 468 5340 litatis
488 5279 604 5335 sive
626 5271 968 5331 mortalitatis
981 5275 1232 5341 quaerunt
1259 5265 1478 5337 quidam
1521 5261 1797 5335 quomodo
1836 5261 1895 5314 in

302 5385 466 5429 carne
481 5366 698 5424 Salvato
706 5361 779 5416 ris
794 5367 930 5415 erat.
939 5357 1046 5413 Sed
1065 5355 1224 5412 facile
1236 5361 1319 5410 est
1330 5352 1469 5408 scire
1481 5350 1756 5423 quomodo
1769 5363 1898 5404 caro

303 5459 393 5516 illa
425 5454 668 5531 quandiu
696 5450 753 5505 in
795 5463 974 5502 massa
1029 5442 1254 5516 generis
1301 5440 1521 5496 humani
1569 5439 1670 5494 sub
1724 5435 1898 5508 origi-

300 5549 408 5607 nali
440 5525 656 5604 Idebito
715 5538 832 5603 fuit,
891 5549 1106 5607 poenam
1165 5547 1384 5604 quoque
1440 5525 1902 5600 praevaricationis

299 5656 420 5716 que
450 5641 635 5693 totum
669 5627 955 5683 tenebatur
982 5624 1037 5678 in
1067 5629 1180 5678 toto
1207 5620 1328 5691 ipso
1354 5635 1419 5674 ex
1450 5616 1774 5674 necessitate
1807 5631 1898 5670 su-

295 5711 503 5799 stinuit.
539 5734 844 5798 Postquam
875 5737 1006 5777 vero
1045 5735 1081 5774 a
1125 5725 1238 5773 toto
1284 5716 1404 5786 ipso
1447 5713 1790 5787 singulariter
1815 5711 1903 5766 di-

1956 632 2156 686 stinere
2186 646 2423 700 poenam,
2458 632 2718 702 quoniam
2750 633 2859 700 jam
2909 649 3015 687 non
3058 633 3250 688 habuit
3295 634 3536 704 culpam.

1957 721 2171 774 Poterat
2197 735 2328 789 ergo
2361 719 2509 790 juste
2540 720 2789 775 Salvator
2817 721 2872 774 in
2901 736 3063 776 carne
3094 738 3209 787 sua,
3241 738 3401 793 quam
3429 725 3546 780 sine

1957 808 2115 877 culpa
2154 808 2470 878 assumpsit,
2503 824 2723 878 poenam
2750 808 3112 875 mortalitatis,
3148 811 3545 880 passibilitatis-

1957 919 2064 974 que
2093 902 2482 968 infirmitatem,
2515 920 2620 959 non
2654 904 3024 975 assumpsisse
3056 924 3069 970 ;
3124 907 3220 961 sed
3268 923 3387 963 eam
3438 926 3547 965 non

1959 991 2138 1046 solum
2169 1008 2335 1061 super
2366 991 2420 1045 id
2453 993 2594 1062 quod
2625 1009 2726 1048 nos
2755 1009 2942 1048 sumus
2970 995 3250 1062 mortales,
3283 997 3408 1067 quia
3425 1013 3552 1067 pec-

1959 1087 2112 1135 cator
2142 1095 2249 1134 non
2285 1087 2418 1146 erat,
2457 1085 2553 1134 sed
2601 1097 2764 1150 super
2815 1081 2870 1136 id
2923 1081 3086 1136 etiam
3146 1085 3290 1154 quod
3344 1087 3550 1155 primus

1961 1178 2124 1233 homo
2151 1187 2274 1232 ante
2304 1186 2587 1247 peccatum
2619 1177 2732 1244 fuit,
2766 1179 2887 1249 quia
2927 1180 3234 1248 probandus
3276 1197 3386 1236 non
3435 1193 3553 1240 erat

1963 1280 1996 1321 a
2034 1265 2212 1336 prima
2268 1267 2626 1337 conceptione
2691 1266 2918 1338 gloriam
2985 1267 3406 1325 immortalitatis
3461 1273 3551 1326 in-

1963 1354 2176 1409 duisse.
2218 1355 2436 1408 Primus
2466 1355 2667 1426 quippe
2696 1356 2860 1412 homo
2889 1356 3016 1426 quia
3042 1357 3362 1427 probandus
3410 1369 3546 1429 erat,

1967 1451 2088 1506 talis
2119 1467 2244 1506 esse
2271 1452 2476 1517 debuit,
2515 1452 2606 1522 qui
2637 1461 2687 1506 et
2719 1469 2942 1522 peccare
2972 1460 3028 1508 et
3056 1470 3162 1508 non
3191 1471 3426 1525 peccare
3454 1473 3553 1528 po-

1965 1540 2178 1606 tuisset,
2214 1548 2270 1594 ut
2301 1539 2598 1594 voluntatis
2627 1556 2736 1595 non
2766 1542 3105 1596 necessitatis
3155 1553 3302 1599 esset
3349 1554 3554 1601 utrum-

1967 1645 2098 1700 que.
2135 1629 2327 1699 Neque
2359 1628 2504 1683 enim
2536 1628 2620 1683 vel
2659 1628 2934 1684 obedienti
2981 1629 3254 1696 meritum,
3305 1633 3391 1688 vel
3444 1651 3555 1690 non

1967 1724 2239 1779 obedienti
2277 1724 2437 1795 culpa
2477 1741 2600 1779 esse
2639 1725 2923 1794 potuisset,
2974 1727 3077 1781 nisi
3123 1735 3176 1781 et
3217 1728 3551 1800 obedientia,

1969 1820 2021 1867 et
2050 1813 2437 1883 prevaricatio
2467 1813 2764 1868 voluntaria
2793 1813 3002 1868 fuisset.
3068 1817 3254 1887 Itaque
3307 1817 3427 1888 quia
3485 1820 3558 1875 ad

1966 1901 2342 1972 probationem
2365 1909 2446 1956 est
2466 1910 2752 1972 utrumque
2777 1901 3027 1956 voluntas
3049 1904 3166 1971 ejus
3200 1907 3557 1975 exspectaba-

1965 2007 2065 2063 tur,
2097 1998 2165 2052 ad
2198 2007 2487 2069 utrumque
2517 1998 2565 2053 ei
2597 1999 2932 2069 possibilitas
2986 2002 3364 2071 praestabatur.
3417 2003 3558 2073 Quia

1967 2103 2097 2158 ergo
2129 2087 2390 2157 peccandi
2439 2095 2492 2142 et
2535 2103 2642 2142 non
2684 2089 2949 2157 peccandi
2993 2090 3409 2160 pOssibilitatem
3451 2095 3555 2148 ha-

1967 2176 2098 2242 buit,
2132 2176 2417 2246 oportebat
2450 2183 2506 2230 ut
2536 2184 2591 2230 et
2623 2176 2890 2231 moriendi
2924 2186 2972 2232 et
3007 2194 3111 2232 non
3133 2179 3401 2234 moriendi
3434 2198 3559 2252 pos-

1968 2273 2276 2328 sibilitatem
2307 2273 2556 2328 haberet.
2589 2273 2642 2328 Si
2675 2272 2819 2327 enim
2857 2290 2925 2329 ex
2971 2277 3292 2332 necessitate
3339 2279 3562 2336 immor-

1968 2363 2092 2417 talis
2124 2361 2334 2426 fuisset,
2369 2362 2532 2416 etiam
2565 2363 2951 2432 praevaricator
3004 2373 3053 2418 et
3111 2374 3366 2435 peccator
3420 2368 3561 2423 mori

1970 2466 2076 2506 non
2108 2450 2392 2521 potuisset,
2416 2458 2576 2521 atque
2609 2451 2682 2504 ita
2722 2450 3086 2506 inobedientia
3133 2469 3351 2523 pugnam
3399 2455 3560 2511 debi-

1971 2555 2075 2600 tam
2108 2562 2216 2601 non
2247 2546 2492 2601 haberet.
2527 2547 2642 2602 Nec
2688 2563 2749 2602 se
2795 2557 3218 2619 recognosceret
3265 2549 3562 2622 aliquando

1971 2643 2248 2707 peccator,
2284 2633 2331 2688 si
2366 2643 2614 2690 mortuus
2643 2633 2786 2689 intus
2818 2651 3036 2706 semper
3067 2637 3196 2692 foris
3228 2637 3454 2694 viveret.

2046 2768 2223 2824 Item:
2258 2767 2304 2822 si
2350 2783 2414 2822 ex
2472 2767 2796 2824 necessitate
2840 2768 3084 2824 mortalis
3140 2768 3348 2838 fuisset,
3406 2773 3564 2827 etiam

1973 2856 2342 2913 inobedientia
2373 2856 2678 2927 persistens
2725 2857 2869 2912 mori
2913 2857 3215 2922 debuisset,
3268 2867 3321 2914 et
3366 2860 3566 2931 injuste

1973 2945 2092 3001 sine
2124 2945 2285 3014 culpa
2313 2945 2617 3015 puniretur,
2651 2944 2697 2998 si
2757 2960 2866 3000 non
2927 2961 3166 3016 peccans
3222 2958 3552 3008 moreretur.

1977 3041 2318 3112 Quapropter
2346 3042 2470 3111 quia
2498 3041 2810 3111 probandus
2867 3049 2987 3097 erat
3041 3053 3093 3098 et
3147 3052 3326 3099 utrum
3373 3046 3571 3102 inobe-

1977 3130 2180 3186 dientia
2211 3129 2528 3200 persisteret
2555 3131 2994 3199 exspectabatur,
3027 3147 3156 3186 caro
3186 3148 3402 3203 quoque
3423 3135 3570 3190 illius

1905 3241 1954 3304 α
1983 3218 2280 3275 secundum
2309 3217 2512 3289 aliquid
2541 3218 2786 3273 mortalis
2831 3227 2964 3283 erat,
3015 3219 3144 3290 quia
3192 3229 3402 3291 poterat
3458 3239 3570 3279 non

1985 3315 2140 3381 mori,
2170 3323 2436 3386 quatenus
2465 3330 2530 3369 ex
2553 3330 2620 3369 eo
2638 3314 2784 3385 quod
2805 3314 2943 3368 mori
2957 3319 3168 3385 poterat
3190 3325 3500 3373 moreretur
3517 3320 3566 3375 si

1980 3413 2254 3474 peccaret,
2291 3412 2340 3456 et
2371 3419 2436 3458 ex
2467 3417 2533 3458 eo
2561 3402 2832 3468 similiter,
2889 3403 3012 3474 quia
3060 3419 3167 3458 non
3214 3404 3359 3459 mori
3406 3415 3572 3477 pote-

1981 3501 2084 3558 rat,
2116 3508 2223 3546 non
2255 3498 2582 3556 moreretur,
2616 3490 2660 3544 si
2705 3491 2759 3545 in
2806 3491 3113 3546 obcdientia
3160 3504 3564 3563 perseveraret.

1982 3589 2224 3644 Christus
2255 3596 2453 3653 autem,
2488 3587 2610 3659 quia
2644 3588 2814 3643 homo
2837 3587 3106 3658 perfectus
3139 3604 3170 3642 a
3200 3589 3464 3660 principio
3519 3601 3574 3648 et

1983 3677 2241 3748 probatus
2279 3676 2528 3731 inventus
2566 3683 2649 3730 est
2685 3676 2754 3729 ad
2784 3675 3169 3745 perfectionem
3193 3679 3280 3730 vel
3329 3678 3399 3733 ad
3440 3696 3570 3750 pro-

1985 3766 2277 3828 bationem,
2313 3772 2639 3834 expectatus
2668 3780 2774 3818 non
2805 3771 2907 3828 est,
2939 3773 2991 3819 et
3020 3765 3228 3822 idcirco
3254 3766 3394 3822 sicut
3433 3768 3577 3824 libe-

1987 3879 2106 3916 rum
2138 3860 2424 3916 arbitrium
2447 3860 2648 3928 habuit,
2711 3875 2815 3915 nec
2869 3867 3047 3915 tamen
3105 3862 3175 3915 ita
3233 3871 3291 3917 ut
3347 3879 3577 3932 peccare

1987 3958 2174 4022 posset
2204 3949 2277 4003 ita
2308 3964 2524 4020 quoque
2543 3957 2594 4003 et
2617 3948 3104 4014 immortalitatem,
3141 3957 3402 4021 quantum
3432 3952 3484 4006 in
3517 3970 3578 4010 se

1987 4047 2122 4105 erat,
2158 4038 2358 4092 habere
2390 4037 2592 4102 debuit,
2627 4045 2679 4092 et
2710 4036 2779 4091 ita
2811 4045 2863 4092 ut
2895 4037 3034 4093 mori
3065 4040 3289 4094 omnino
3320 4054 3426 4095 non
3457 4057 3582 4112 pos-

1989 4143 2095 4191 set.
2136 4134 2289 4190 Undc
2321 4137 2529 4190 constat
2561 4133 2706 4204 quod
2737 4133 2950 4188 Christo
2979 4134 3186 4189 homini
3243 4152 3271 4190 a
3309 4136 3580 4209 principio

1989 4240 2098 4279 non
2128 4223 2304 4279 solum
2333 4221 2423 4277 illa
2452 4221 2822 4276 immortalitas
2837 4220 3160 4290 debebatur,
3185 4241 3350 4296 quam
3373 4226 3583 4297 primus

1990 4313 2158 4368 homo
2188 4311 2374 4366 habuit
2403 4319 2526 4366 ante
2558 4311 3088 4381 prmvaricationem,
3122 4313 3220 4368 sed
3251 4313 3346 4368 illa
3367 4331 3584 4388 quoque

1992 4425 2153 4482 quam
2185 4423 2330 4464 nunc
2359 4408 2632 4465 secundus
2661 4407 2828 4463 habet
2853 4418 2976 4480 post
3004 4411 3481 4481 resurrectionem,
3527 4421 3586 4468 ut

2001 4497 2252 4554 videlicet
2284 4498 2421 4554 sicut
2451 4514 2512 4552 ex
2547 4497 2828 4553 consortio
2876 4497 3104 4553 Deitatis
3149 4499 3344 4570 spiritu
3380 4501 3588 4557 confir—

1939 4593 2175 4656 Dmatus
2204 4595 2325 4642 erat
2355 4587 2425 4642 ad
2454 4585 2753 4651 veritatem,
2788 4592 2845 4640 ut
2874 4602 3106 4658 peccare
3137 4603 3246 4644 non
3274 4597 3480 4659 posset,
3513 4589 3586 4645 ita

1999 4701 2216 4760 quoque
2245 4701 2312 4740 ex
2350 4683 2547 4739 merito
2577 4683 2792 4738 virtutis
2822 4698 2993 4740 carne
3038 4683 3385 4740 continuatus
3443 4695 3592 4744 esset

1997 4774 2064 4831 ad
2095 4773 2585 4845 incorruptionem,
2618 4779 2673 4825 ut
2702 4770 2842 4827 mori
2888 4787 2995 4826 non
3044 4780 3256 4842 posset.
3306 4773 3416 4828 Sed
3463 4774 3592 4845 quia

1999 4879 2126 4920 caro
2153 4862 2426 4935 peccatrix
2458 4878 2487 4916 a
2516 4876 2679 4932 pcena
2707 4861 2918 4932 peccati
2969 4860 3188 4916 liberari
3241 4877 3347 4917 non
3397 4863 3586 4934 potuit,

1999 4963 2110 5018 nisi
2138 4966 2255 5031 ejus
2286 4978 2414 5018 caro
2445 4978 2564 5032 quae
2592 4960 2709 5016 sine
2738 4967 2960 5030 peccato
3007 4959 3124 5028 fuit,
3177 4968 3454 5031 pateretur
3495 4961 3586 5016 in-

2001 5051 2312 5107 ﬁrmitatem
2339 5050 2720 5122 passibilitatis
2751 5058 2804 5104 et
2835 5047 3183 5103 mortalitatis
3213 5049 3267 5104 in
3299 5065 3464 5105 carne
3495 5066 3588 5104 as—

2003 5148 2242 5210 sumpta,
2278 5139 2497 5195 retinuit
2527 5146 2812 5209 potestate,
2847 5137 3102 5192 sustinuit
3134 5138 3434 5204 voluntate,
3479 5155 3592 5194 non

2003 5254 2203 5309 passus
2231 5245 2312 5291 est
2343 5236 2694 5292 necessitate.
2737 5237 2818 5290 De
2873 5251 3037 5290 sensu
3084 5244 3264 5290 autem
3317 5235 3594 5306 passionis

2005 5326 2059 5380 in
2092 5341 2252 5382 carne
2284 5325 2484 5380 Christi
2515 5325 2734 5396 quidam
2765 5323 2906 5379 male
2936 5324 3176 5380 sensisse
3223 5324 3594 5393 inveniuntur,

2007 5431 2317 5478 asserentes
2347 5437 2568 5477 carnem
2602 5421 2770 5488 illam,
2797 5421 2851 5476 in
2883 5421 3132 5478 omnibus
3165 5421 3248 5476 his
3279 5437 3399 5492 qua
3429 5422 3482 5476 in
3532 5437 3597 5478 ea

2009 5520 2063 5568 et
2093 5511 2239 5568 circa
2269 5527 2390 5566 eam
2414 5509 2653 5564 exhibita
2684 5517 2806 5565 sunt
2836 5511 3106 5581 passionis
3131 5526 3361 5583 genera,
3410 5510 3600 5566 simili-

2011 5601 2250 5657 tudinem
2281 5598 2500 5670 quidem
2533 5598 2802 5668 passionis
2830 5608 2883 5654 et
2912 5600 3120 5654 doloris
3140 5599 3476 5670 suscepisse,
3501 5599 3602 5657 sed

2011 5697 2218 5754 nullum
2248 5693 2476 5752 omnino
2505 5691 2752 5748 dolorem
2782 5700 2874 5748 aut
2901 5695 3207 5764 passionem
3240 5694 3594 5752 sustinuisse.

586 5781 788 5876 ξιὶςεο
819 5811 874 5866 in
901 5809 1022 5881 ipso
1051 5813 1219 5872 esset,
1251 5781 1355 5861 ηέο
1383 5819 1508 5862 cum
1530 5781 1650 5874 i'pgo
1669 5801 1724 5855 in
1743 5816 1908 5856 causa
2016 5787 2125 5844 Sed
2155 5801 2264 5842 non
2290 5781 2572 5839 attendunt
2607 5789 2802 5853 quanta
2848 5783 3166 5838 absurditas
3211 5783 3482 5853 ejusmodi
3518 5799 3607 5840 as-

283 5877 688 6005 paiticiparet,
715 5901 832 5972 jam
864 5877 995 5955 nihil
1018 5911 1182 5980 pense
1200 5893 1408 5964 debuit,
1432 5889 1562 5965 quia
1579 5889 1756 5962 culpae
1773 5886 1910 5944 nihil
2019 5883 2312 5944 sertionem
2340 5885 2726 5952 consequatur.
2768 5877 3056 5949 Quomodo
3103 5881 3246 5938 enim
3285 5881 3340 5936 in
3389 5880 3600 5958 Christo
