3924 6404
406 427 512 481 899

1554 405 1890 464 WERNERI
1927 405 2217 463 ABBATIS
2257 406 2314 463 S.
2356 405 2576 464 BLASII

3603 406 3714 460 900

405 565 536 608 vera
563 543 878 618 compassio
907 538 1025 607 fuit,
1057 540 1105 595 si
1134 553 1267 595 vera
1292 535 1474 608 passio
1504 551 1614 591 non
1655 533 1749 590 fuit
1772 535 1802 588 εἴ
1849 532 2005 602 Quo-
2033 537 2084 596 Α
2119 533 2290 590 victor
2318 534 2606 606 existeret,
2640 543 2905 607 quatenus
2936 541 2987 590 et
3019 512 3124 589 sibi
3153 531 3512 589 tentationem
3544 529 3711 586 vitio-

406 635 571 694 modo
602 631 766 688 stabit
792 627 939 701 quod
969 625 1095 681 dicit
1123 623 1394 694 propheta
1424 638 1438 674 :
1470 641 1493 672 α
1529 621 1671 676 Vere
1703 619 2005 691 languor-es

409 741 630 789 nostros
659 729 778 799 ipse
807 725 947 792 tulit,
981 731 1034 776 et
1059 719 1287 776 dolores
1331 725 1556 772 nostros
1605 716 1726 787 ipse
1772 714 2004 785 portavit

409 824 548 892 (Ιεα.
587 817 732 888 Lm).
780 839 800 864 ο
835 813 891 870 Si
921 810 1168 868 Christus
1215 807 1270 863 in
1316 821 1478 863 cruce
1521 805 1765 861 dolorem
1807 817 2001 874 passus

408 927 516 966 non
549 907 645 963 fuit
676 949 689 972 ,
734 919 907 976 quare
947 908 1228 969 tantopere
1257 896 1484 952 calicem
1514 893 1791 965 passionis
1821 900 2002 946 trans-

411 1007 536 1062 ferri
576 1021 610 1059 a
636 1019 695 1059 se
725 999 1018 1073 postulavit
1043 999 1071 1051 εἰ
1102 995 1322 1064 (Matth.
1357 997 1541 1058 xxvr.)
1576 990 1718 1060 Quid
1748 989 1852 1044 sibi
1898 1003 2000 1043 vo-

409 1098 508 1153 luit
533 1092 760 1166 sanguis
806 1089 896 1144 ille
951 1086 1252 1150 desudans,
1311 1081 1615 1151 angustiam
1671 1077 2005 1133 imminentis

410 1184 604 1243 mortis
625 1165 959 1238 contestatus
978 1176 1006 1229 ?
1035 1173 1178 1244 Quid
1201 1172 1307 1227 sibi
1327 1170 1499 1226 voluit
1517 1170 1663 1241 quod
1692 1167 1812 1239 ipse
1845 1165 2005 1222 Chri—

409 1292 522 1338 stus
549 1281 604 1335 in
637 1276 968 1339 inﬁrmitate,
1002 1271 1309 1328 secundum
1339 1283 1503 1341 quam
1543 1281 1675 1322 caro
1690 1263 2006 1336 passionem

411 1370 604 1436 timuit,
629 1375 684 1422 et
703 1365 1004 1428 voluntate,
1046 1359 1352 1416 secundum
1378 1373 1537 1428 quam
1561 1354 1784 1426 spiritus
1805 1367 2004 1424 prom-

413 1471 537 1535 ptus
588 1456 711 1523 fuit,
741 1467 1026 1525 exponens
1042 1450 1154 1504 ait:
1179 1473 1201 1497 «
1233 1447 1466 1518 Spiritus
1488 1444 1706 1517 quidem
1725 1448 2009 1514 promptus

413 1567 515 1625 est,
546 1570 672 1612 caro
696 1559 880 1608 autem
913 1546 1132 1603 inﬁrma
1151 1547 1180 1601 ?
1206 1569 1227 1594 ι
1263 1543 1463 1614 (Ibid.)
1495 1541 1589 1596 Isti
1618 1555 1756 1613 ergo
1777 1538 1870 1610 qui
1910 1553 2013 1593 ne-

409 1653 544 1723 gant
571 1645 629 1700 in
659 1641 940 1698 Salvatore
968 1634 1269 1692 secundum
1298 1631 1671 1688 inﬁrmitatem
1705 1626 1888 1685 carnis
1912 1640 2013 1680 ve-

411 1761 530 1802 ram
555 1742 726 1798 fuisse
755 1736 1086 1810 passionem,
1120 1739 1379 1804 quantum
1411 1730 1468 1784 in
1499 1744 1560 1784 se
1589 1734 1692 1795 est,
1725 1740 1846 1780 eam
1895 1737 2016 1794 qua

409 1851 507 1909 per
535 1830 848 1906 passionem
867 1824 1067 1882 Christi
1105 1821 1248 1879 facta
1310 1827 1414 1887 est,
1465 1816 1871 1875 convincuntur
1912 1827 2015 1868 ne-

411 1946 546 2006 gare
576 1922 1028 1996 redemptionem.

484 2047 625 2103 Sunt
651 2041 744 2098 alii
776 2037 869 2112 qui
899 2051 1007 2093 non
1042 2032 1244 2090 minori
1289 2027 1565 2087 dementia
1613 2025 1683 2082 de
1730 2021 2017 2080 aﬁ'ectibus

413 2143 667 2202 humanis
696 2138 751 2194 in
783 2134 1015 2200 Christo,
1049 2128 1350 2187 secundum
1394 2142 1532 2200 quos
1579 2122 1864 2180 veritatem
1914 2133 2017 2174 na-

413 2244 552 2291 turae
576 2245 704 2288 cum
729 2223 1062 2281 humanitate
1109 2216 1394 2289 suscepit;
1441 2214 1644 2288 quidan
1684 2227 1793 2266 non
1843 2207 2017 2264 solum

415 2325 576 2389 falsa,
617 2318 718 2375 sed
752 2312 1030 2371 horrenda
1059 2309 1218 2366 etiam
1254 2305 1637 2377 blasphemare
1667 2315 1778 2356 non
1818 2298 2016 2353 timueo

416 2429 564 2479 runt.
588 2416 732 2486 Quia
753 2413 895 2470 enim
919 2405 1213 2481 Apostolus
1240 2405 1344 2460 ait:
1374 2427 1395 2451 α
1432 2401 1554 2457 Non
1575 2399 1842 2454 habemus
1875 2411 2017 2467 pon-

420 2510 643 2572 tificem,
673 2503 766 2577 qui
795 2516 906 2556 non
933 2495 1107 2570 possit
1164 2491 1403 2564 compati
1461 2486 1867 2577 infirmitatibus
1922 2498 2019 2577 no-

421 2599 575 2665 stris,
608 2573 873 2650 tentatum
907 2595 1087 2644 autem
1118 2600 1218 2654 per
1247 2580 1427 2638 omnia
1474 2579 1656 2650 (Hebr.
1713 2574 1811 2642 iv).
1849 2595 1870 2621 ι»
1903 2573 2017 2665 hs-

428 2660 618 2745 serunt
640 2684 940 2737 humanum
970 2673 1226 2730 affectum
1257 2671 1312 2725 in
1359 2668 1575 2724 Christo
1631 2672 1812 2720 motus
1866 2660 2021 2716 vitio-

421 2799 540 2841 rum
577 2778 824 2836 sensisse
862 2773 1070 2843 absque
1109 2782 1382 2825 consensu
1427 2772 1608 2820 tamen
1636 2759 1886 2828 rationis,
1939 2773 2019 2812 se-

427 2871 665 2930 cundum
695 2857 1118 2932 concupiscendi
1142 2854 1529 2912 infirmitatem
1561 2867 1719 2924 quam
1750 2864 1868 2916 nos,
1929 2846 2023 2919 qui

429 2967 747 3033 peccatores
777 2966 986 3015 sumus,
1024 2964 1090 3004 ex
1127 2945 1221 3001 illa
1267 2941 1522 3015 originali
1570 2937 1919 3009 corruptione
1964 2935 2022 2989 in

427 3073 613 3122 carne,
637 3067 799 3124 quam
829 3056 1129 3120 portamus,
1163 3042 1382 3098 illicitos
1411 3037 1686 3111 appetitus
1736 3042 1785 3090 et
1840 3042 2022 3124 rnotus

424 3122 884 3215 concupiscentia:
913 3132 1190 3207 surgentis
1217 3139 1271 3186 et
1302 3129 1414 3185 vitii
1463 3126 1720 3184 tentantis
1767 3122 2021 3179 delecta-

423 3238 648 3298 tionem,
677 3231 840 3286 etiam
871 3223 1042 3291 inviti,
1076 3222 1317 3278 solemus
1371 3217 1606 3274 sentire.
1664 3215 1781 3270 Nos
1838 3220 2021 3267 autern

2043 1906 2096 1965 Β

2123 649 2241 686 rum
2282 635 2593 703 superando
2631 633 2916 704 praemium
2950 630 3179 702 justitiaa
3236 630 3542 703 acquireret
3573 671 3586 697 ,
3652 637 3713 683 et

2124 720 2280 777 nobis
2312 721 2364 776 in
2396 721 2702 777 tentatione
2732 721 2923 794 positis
2945 720 3233 777 resistendi
3263 729 3315 774 et
3356 718 3601 774 vincendi
3650 717 3714 771 in

2126 821 2419 892 semetipso
2451 820 2766 890 exemplum
2799 819 3084 875 formarat.
3115 818 3222 874 Sed
3276 818 3414 872 absit
3464 833 3496 872 a
3545 832 3717 872 sensu

2127 910 2436 964 Christiano
2474 917 2532 964 ut
2569 910 2730 964 ullam
2798 909 2854 962 in
2920 924 3080 964 carne
3148 914 3500 962 sacrosancta
3561 905 3720 978 Agni

2125 1007 2401 1064 vernaculi
2431 1008 2750 1062 inordinata:
2779 1005 3153 1061 delectationis
3181 1014 3232 1060 et
3261 1005 3719 1074 concupiscentiae

2124 1096 2327 1152 illicitae
2358 1097 2658 1152 illationem
2690 1095 2873 1167 aliquo
2903 1095 3062 1150 modo
3095 1094 3282 1160 fuisse,
3313 1102 3402 1147 aut
3428 1093 3588 1158 dicat,
3614 1100 3722 1146 aut

2126 1193 2330 1260 credat,
2365 1193 2492 1265 quia
2521 1194 2566 1248 si
2596 1195 2764 1249 ullam
2814 1209 3009 1265 pravae
3052 1191 3426 1249 delectationis
3473 1190 3717 1246 radicem

2127 1291 2220 1338 aut
2249 1290 2454 1338 motum
2480 1283 2901 1354 concupiscendi
2930 1282 3296 1337 inordinatum
3320 1281 3373 1335 in
3413 1279 3499 1334 illa
3543 1279 3718 1336 fuisse

2128 1372 2458 1441 diceremus,
2493 1372 2734 1444 profecto
2766 1373 2837 1427 ab
2864 1371 3010 1427 omni
3038 1371 3187 1426 initio
3215 1369 3435 1426 liberam
3482 1385 3722 1442 negare-

2127 1485 2269 1524 mus.
2306 1467 2596 1538 Quomodo
2626 1479 2805 1525 autem
2841 1469 3034 1524 vitium
3077 1467 3382 1534 mundaret,
3433 1467 3476 1522 si
3523 1467 3718 1523 vitium

2127 1566 2371 1629 portaret
2402 1559 2635 1614 ?Motus
2693 1558 2917 1630 quidem
2973 1557 3310 1612 inordinatus
3369 1572 3434 1611 ex
3484 1553 3716 1610 inﬁrmi-

2127 1654 2232 1702 tate
2271 1647 2695 1718 concupiscendi
2734 1663 2968 1721 surgens
3003 1662 3126 1703 cum
3166 1644 3286 1716 ipsa
3340 1645 3712 1715 corruptione,

2127 1735 2195 1792 de
2223 1753 2326 1808 qua
2355 1736 2529 1793 oritur
2556 1752 2666 1793 non
2695 1736 2870 1792 solum
2901 1751 3060 1806 poena
3090 1742 3192 1800 est,
3226 1732 3322 1790 sed
3352 1731 3517 1805 culpa
3549 1734 3716 1805 :quia

2125 1842 2306 1889 tamen
2340 1834 2392 1888 in
2424 1833 2713 1906 baptizatis
2743 1833 2811 1888 ad
2843 1831 3243 1888 damnationem
3260 1846 3366 1886 non
3397 1830 3712 1902 imputatur,

2126 1923 2249 1995 quia
2279 1939 2376 1994 per
2419 1923 2653 1996 gratiam
2702 1938 2864 1978 novae
2920 1921 3352 1994 regenerationis
3405 1926 3709 1984 excusatur,

2126 2012 2266 2068 sicut
2288 2012 2416 2067 dicit
2445 2012 2736 2083 Apostolus
2769 2029 2782 2066 :
2840 2035 2863 2060 σι
2895 2012 3014 2066 Iam
3055 2009 3189 2064 nihil
3230 2007 3585 2064 damnationis
3625 2015 3713 2063 est

2127 2101 2211 2155 his
2240 2101 2334 2173 qui
2365 2108 2494 2156 sunt
2521 2100 2576 2155 in
2605 2100 2818 2157 Christo
2847 2100 2977 2156 Iesu
3009 2100 3190 2170 (Rom.
3225 2100 3365 2166 Vili).
3405 2121 3424 2145 η
3457 2097 3584 2152 Haec
3621 2104 3712 2151 ta-

2129 2207 2254 2246 men
2287 2189 2566 2262 corruptio
2595 2207 2695 2262 per
2723 2189 2957 2263 gratiam
2990 2188 3317 2244 sacramenti
3343 2203 3450 2243 non
3490 2186 3712 2259 quidem

2127 2279 2321 2351 accipit
2351 2287 2408 2334 ut
2439 2279 2601 2351 culpa
2627 2294 2737 2335 non
2767 2279 2855 2346 sit,
2886 2278 2985 2333 sed
3013 2286 3072 2333 ut
3098 2276 3420 2333 damnabilis
3447 2291 3555 2332 non
3592 2275 3658 2330 sit
3693 2295 3706 2340 ;

2128 2378 2252 2451 quia
2280 2378 2326 2433 si
2355 2377 2518 2450 culpa
2545 2376 2771 2433 omnino
2800 2392 2910 2432 non
2941 2383 3106 2444 esset,
3138 2391 3246 2432 non
3275 2375 3501 2430 haberet
3537 2389 3709 2430 excu-

2129 2468 2255 2535 sari,
2290 2467 2418 2539 quia
2439 2482 2546 2522 non
2577 2467 2778 2522 debent
2834 2465 3110 2538 imputari.
3171 2463 3510 2536 Quapropter
3563 2463 3711 2517 illam

2129 2556 2495 2612 infirmitatem
2525 2556 2783 2611 humanae
2813 2562 3036 2620 naturae,
3061 2570 3184 2625 que
3206 2568 3366 2626 poena
3396 2561 3494 2620 est,
3535 2552 3712 2608 solum

2129 2672 2248 2712 cum
2276 2654 2619 2726 susceptione
2651 2654 2834 2710 carnis
2887 2654 3172 2710 Christum
3219 2651 3575 2724 assumpsisse
3613 2668 3711 2708 ve-

2128 2745 2325 2801 raciter
2355 2745 2586 2800 dicimus
2621 2762 2634 2799 :
2667 2743 2818 2798 illam
2854 2759 3002 2813 vero,
3052 2759 3175 2815 quae
3221 2742 3268 2796 si
3308 2757 3466 2814 poena
3506 2746 3610 2808 est,
3657 2749 3716 2796 ut

2130 2844 2291 2899 etiam
2333 2843 2492 2914 culpa
2537 2842 2625 2908 sit,
2675 2840 2980 2896 nullatenus
3027 2839 3313 2896 admisisse
3357 2839 3718 2894 indubitanter

2130 2931 2486 2987 afﬁrmamus.
2518 2932 2709 3003 Neque
2740 2931 2884 2986 enim
2915 2930 2994 2986 sic
3023 2930 3283 2985 victorem
3333 2928 3580 2984 vitiorum
3629 2928 3717 2982 di—

2130 3037 2254 3078 cere
2285 3021 2561 3090 volumus,
2595 3028 2654 3074 ut
2684 3035 2806 3074 eum
2837 3019 2953 3091 ipsa
2983 3036 3103 3091 qua:
3132 3018 3374 3074 vinceret
3420 3018 3543 3073 vitia
3590 3034 3716 3088 por-

2131 3127 2275 3175 tasse
2331 3118 2623 3192 aliquando
2678 3134 2744 3174 ac
2805 3117 3045 3173 sensisse
3099 3117 3368 3172 dicamus.
3435 3116 3720 3187 Propterea

2130 3208 2274 3265 enim
2308 3225 2406 3279 per
2436 3207 2606 3262 solam
2637 3223 2856 3279 pmnam
2886 3205 3147 3261 inﬁrmari
3187 3203 3480 3274 consensit,
3521 3213 3578 3259 ut
3626 3220 3720 3260 eos

423 3275 843 3384 iii‘o-t‘undcirco
900 3275 1174 3370 Christum
1228 3311 1283 3364 in
1339 3322 1506 3365 carne
1563 3319 1661 3360 sua
1712 3299 2020 3359 voluntarie
2052 3275 2099 3336 θ
2131 3297 2222 3369 qui
2253 3297 2305 3351 in
2337 3296 2494 3369 culpa
2526 3304 2578 3353 et
2608 3296 2661 3351 in
2684 3312 2845 3369 pmna
2863 3295 3228 3368 azgrotabant,
3254 3295 3486 3367 primum
3509 3293 3720 3364 aculpa

424 3419 772 3484 sustinuisse,
827 3421 888 3469 ut
943 3408 1098 3483 quasi
1154 3407 1263 3463 illis
1315 3401 1650 3461 tentantibus
1705 3395 2021 3457 resistendo

2124 3391 2467 3465 justiﬁcaret,
2500 3400 2553 3449 et
2581 3401 2768 3466 postea
2797 3409 2830 3449 a
2859 3407 3023 3466 poena
3049 3391 3327 3448 liberaret.

1355 3671 1974 3781 DOMINICA
2049 3670 2180 3772 IN
2266 3665 2726 3773 PALMIS

505 3966 526 3992 (ι
571 3941 704 3996 Cum
741 3930 1279 4007 appropinquassent
1335 3918 1752 3992 Hierosolymis,
1815 3924 1891 4007 et_
1925 3930 2025 3972 ve-

425 4033 635 4089 nissent
667 4005 984 4096 Bethphage
1015 4018 1085 4074 ad
1133 4023 1374 4070 montem
1425 4008 1641 4072 Oliveti,
1688 4017 1818 4063 tunc
1865 4005 2023 4096 Iesus

425 4121 572 4178 misit
600 4119 737 4174 duos
767 4092 1090 4180 discipulos,
1125 4104 1313 4160 dicens
1343 4101 1422 4156 eis
1457 4117 1469 4153 :
1506 4100 1582 4152 Ite
1631 4097 1687 4151 in
1739 4092 2023 4152 castellum

428 4209 574 4284 quod
604 4212 796 4263 contra
816 4215 916 4256 vos
973 4204 1076 4263 est,
1126 4200 1180 4249 et
1231 4191 1410 4246 statim
1465 4185 1751 4242 invenietis
1810 4182 2024 4238 asinam

428 4273 732 4371 alligatam,
762 4297 815 4345 et
844 4286 1053 4359 pullum
1083 4283 1357 4371 ejusicum
1389 4275 1790 4371 eaalligatum,
1823 4273 2025 4371 cuine-

431 4359 792 4454 movunquam
823 4375 1108 4431 hominum
1140 4369 1300 4437 sedit,
1338 4364 1712 4454 solviteiillurn
1760 4370 1814 4454 et
1858 4359 2026 4454 addu:

2133 3927 2237 3969 nec
2266 3927 2364 3968 sua
2395 3911 2596 3967 virtute
2627 3911 2864 3967 evadere
2893 3917 3166 3982 poterant.
3197 3911 3334 3966 Nam
3367 3911 3502 3967 sicut
3543 3911 3718 3978 navis,

2135 4001 2309 4058 fracto
2339 4000 2730 4072 gubernaculo,
2766 3999 2895 4056 illuc
2923 3999 3140 4055 ducitur
3169 4016 3274 4072 quo
3302 4008 3593 4073 tempestas
3633 4002 3724 4056 im-

2135 4091 2304 4162 pellit,
2340 4092 2419 4146 sic
2448 4092 2611 4146 horno
2643 4089 2846 4144 divinae
2873 4089 3061 4161 gratiae
3118 4090 3320 4146 auxilio
3366 4090 3571 4159 perdito
3627 4108 3722 4162 per

2135 4187 2422 4251 peccatum
2451 4195 2560 4234 non
2594 4178 2738 4251 quod
2769 4178 2882 4234 vult
2911 4179 3050 4251 agit,
3082 4179 3178 4234 sed
3200 4179 3344 4250 quod
3364 4179 3631 4235 diabolus.
3654 4181 3722 4235 Et

2136 4269 2276 4326 sicut
2301 4269 2538 4340 primum
2559 4269 2616 4323 in
2654 4275 2922 4338 potestate
2947 4276 3032 4323 est
3056 4268 3243 4340 populi
3285 4267 3464 4325 facere
3494 4269 3597 4324 sibi
3626 4285 3722 4325 re-

2136 4375 2265 4432 gem
2297 4374 2460 4426 quem
2482 4357 2614 4424 vult,
2648 4356 2850 4413 factum
2875 4365 3053 4412 autem
3108 4357 3177 4412 de
3223 4373 3394 4429 regno
3449 4358 3720 4430 expellere

427 4477 531 4534 cite
563 4445 714 4528 mihi.
746 4469 813 4523 Et
843 4467 888 4521 si
916 4463 1037 4535 quis
1061 4460 1222 4517 vobis
1252 4455 1459 4530 aliquid
1499 4452 1718 4519 dixerit,
1765 4449 1927 4506 dicite
1977 4447 2028 4503 ei
2130 4451 2251 4521 jam
2280 4463 2389 4503 non
2421 4455 2502 4502 est
2533 4447 2588 4500 in
2619 4454 2887 4518 potestate
2917 4445 3057 4518 ejus,
3086 4455 3140 4502 et
3167 4446 3241 4501 ita
3269 4447 3518 4502 voluntas
3538 4447 3718 4519 papuli

427 4565 555 4639 quia
583 4558 852 4618 Dominus
881 4566 1104 4626 operam
1151 4548 1271 4619 ejus
1319 4545 1594 4639 desiderat
1640 4549 1693 4597 et
1742 4537 2027 4639 confestim

424 4627 656 4712 dimittet
684 4663 782 4705 eos
812 4645 991 4716 (Matt.
1046 4641 1190 4709 χχι).
1235 4661 1258 4685 η
1313 4633 1628 4705 Betbpbage
1671 4627 2020 4716 sacerdotum

424 4743 633 4802 viculus
653 4713 847 4796 eratet
898 4728 1266 4790 confessionis
1321 4723 1578 4796 portabat
1626 4728 1834 4791 typum,
1895 4713 2022 4788 quia

424 4835 620 4893 domus
649 4831 835 4887 bucca
863 4823 1279 4892 interpretatur.
1316 4812 1550 4869 Pulchre
1601 4824 1737 4882 ergo
1785 4805 2024 4862 refertur

426 4925 561 4982 situs
589 4921 645 4976 in
674 4924 860 4974 monte
891 4909 1112 4975 Oliveti,
1145 4922 1269 4963 cum
1291 4904 1360 4959 sit
1383 4901 1489 4957 olei
1520 4907 1718 4954 natura
1747 4896 1886 4952 lucis
1912 4893 2022 4948 mi-

423 5023 658 5080 nistrare
688 5023 742 5072 et
770 5013 1018 5068 laborum
1044 5006 1410 5074 dolorumque
1441 4999 1706 5064 solamen,
1731 4994 1858 5069 quia
1895 5008 2025 5050 con-

425 5112 640 5169 ﬁtentes
667 5111 892 5179 peccata
926 5113 1023 5154 sua
1055 5096 1266 5152 Christo
1296 5091 1597 5179 adhaerent,
1630 5086 1872 5179 qtii__nos
1921 5099 2025 5137 un-

424 5203 603 5260 ctione
641 5174 874 5268 spiritali
915 5196 968 5244 et
1007 5184 1257 5242 scientias
1285 5182 1414 5237 luce
1446 5177 1681 5268 refovet.
1719 5174 1802 5230 Ne
1841 5180 2022 5268 autem

424 5261 854 5347 absconderetur
883 5277 1074 5335 civitas
1105 5286 1273 5344 supra
1327 5276 1566 5324 montem
1624 5267 1768 5320 hunc
1821 5261 2024 5333 posita,

422 5380 580 5436 mittit
612 5370 916 5443 discipulos
943 5367 1000 5422 in
1029 5361 1331 5426 castellum,
1365 5356 1513 5431 quod
1543 5361 1737 5412 contra
1780 5367 1882 5443 eos
1919 5357 2020 5417 est,

426 5477 482 5524 ut
511 5483 607 5540 per
633 5439 774 5520 illos
803 5459 967 5516 totius
1023 5460 1210 5511 contra
1240 5447 1434 5540 ipositi
1488 5445 1640 5501 orbis
1697 5439 2024 5496 munitiones

428 5537 693 5629 penetret.
724 5549 892 5605 Asina
922 5554 976 5602 et
1023 5543 1206 5615 pullus
1229 5537 1410 5629 Judaei
1440 5543 1586 5629 sunt,
1611 5538 1880 5629 et-gentes

426 5615 549 5717 pter
577 5639 844 5716 quasdam
875 5632 1278 5691 similitudines.
1328 5627 1425 5682 Est
1462 5623 1613 5680 enim
1662 5623 1766 5676 hoc
1815 5615 2021 5673 animal

425 5715 784 5805 immundum,
816 5742 868 5791 et
897 5749 1010 5805 prae
1037 5729 1252 5787 caeteris
1276 5721 1541 5799 jumentis
1567 5720 1806 5787 stultum,
1849 5725 1903 5772 et
1949 5715 2026 5770 in-

428 5830 661 5898 ﬁrmum,
689 5835 743 5885 et
769 5821 1035 5898 ignobile,
1071 5826 1123 5875 et
1149 5814 1500 5873 oneriferum.
1534 5810 1624 5867 Sic
1651 5809 1871 5863 fuerunt
1919 5806 2021 5860 ho-

427 5936 604 5998 mines
632 5941 757 5994 ante
784 5928 1079 5988 Christum.
1109 5920 1281 5995 Ligati
1311 5918 1476 5977 etiam
1504 5932 1535 5973 a
1573 5913 1795 5972 diabolo
1839 5918 2018 5979 erant,

2137 4538 2193 4592 in
2221 4537 2608 4594 necessitatem
2653 4535 3010 4591 convertitur.
3051 4535 3144 4592 Sic
3187 4535 3367 4602 homo,
3408 4537 3718 4610 priusquam

2135 4634 2345 4699 peccet,
2375 4625 2604 4681 liberum
2637 4625 2805 4680 habet
2848 4624 3152 4693 arbitrium,
3200 4635 3380 4684 utram
3423 4627 3554 4682 velit
3597 4643 3720 4682 esse

2131 4716 2236 4772 sub
2263 4730 2440 4788 regno
2471 4713 2696 4769 diaboli.
2727 4714 2864 4769 Cum
2893 4721 3075 4770 autem
3106 4715 3385 4785 peccando
3407 4716 3455 4771 ei
3476 4715 3718 4789 subjuga.

2131 4814 2220 4862 tur
2243 4820 2358 4860 non
2377 4811 2562 4875 potest
2581 4803 2651 4858 de
2668 4807 2940 4874 potestate
2960 4803 3078 4872 ejus
3117 4805 3288 4872 exire,
3321 4805 3443 4876 quia
3471 4805 3716 4861 voluntas

2132 4911 2215 4960 est
2246 4916 2516 4959 conversa
2545 4902 2600 4954 in
2630 4901 3030 4957 necessitatem.
3063 4903 3179 4958 Hoc
3208 4911 3289 4958 est
3336 4904 3478 4975 quod
3519 4919 3715 4975 pecca-

2131 5001 2280 5048 tores
2310 4991 2489 5046 solent
2516 4989 2702 5046 dicere
2737 5005 2748 5044 :
2783 4991 3061 5047 Vellemus
3087 5007 3212 5048 esse
3237 4994 3429 5058 sancti,
3475 4995 3570 5049 sed
3608 5010 3713 5050 non

2134 5097 2462 5154 possumus.
2503 5081 2705 5135 Verum
2732 5080 2938 5145 dicunt,
2971 5081 3068 5136 sed
3099 5097 3208 5136 non
3255 5083 3454 5138 habent
3495 5099 3715 5139 excusa-

2134 5172 2358 5236 tionem,
2392 5170 2517 5241 quia
2548 5171 2779 5240 primum
2809 5177 3098 5240 potuerunt
3125 5185 3234 5226 non
3264 5187 3387 5227 esse
3417 5173 3520 5228 sub
3558 5182 3710 5244 pote—

2133 5268 2273 5316 state
2303 5258 2525 5324 diaboli,
2557 5261 2626 5313 de
2656 5275 2764 5330 qua
2793 5259 2897 5312 nisi
2928 5260 3078 5314 solus
3125 5261 3272 5316 Deus
3327 5277 3486 5317 nemo
3541 5272 3712 5333 potest

2133 5349 2370 5420 eripere.
2420 5347 2626 5418 Populo
2663 5349 2885 5419 quidem
2916 5348 3192 5404 nationum
3223 5349 3464 5421 perﬁdiae
3492 5352 3711 5408 vinculis

2133 5438 2338 5493 irrelito
2367 5452 2530 5492 nemo
2559 5453 2796 5508 unquam
2823 5437 3106 5493 hominum
3137 5439 3297 5506 sedit,
3331 5439 3385 5494 id
3414 5448 3496 5496 est
3540 5441 3709 5496 nullus

2131 5529 2322 5584 doctor
2359 5526 2571 5582 frenum
2610 5527 2968 5582 correctionis
3021 5527 3267 5594 contulit,
3324 5544 3432 5598 quo
3485 5530 3572 5585 vel
3621 5530 3710 5585 lin-

2130 5640 2295 5697 gnam
2326 5640 2355 5678 a
2383 5624 2526 5680 malo
2538 5624 2798 5680 cohibere
2826 5625 2913 5680 vel
2936 5626 2989 5680 in
3012 5626 3157 5680 viam
3181 5626 3303 5683 vitae
3322 5627 3705 5700 cogereturire.

2130 5715 2359 5770 Sederat
2387 5729 2620 5784 namque
2651 5713 2742 5769 ille
2771 5719 2935 5770 homo
2966 5715 3022 5769 id
3051 5723 3136 5770 est
3170 5716 3240 5770 ad
3287 5715 3568 5772 utilitatem
3597 5717 3706 5785 ejus

2131 5804 2500 5876 requiesceret
2530 5802 2804 5870 docendo,
2837 5803 2884 5858 si
2914 5804 3034 5874 quis
3063 5804 3438 5862 rationabilius
3459 5805 3703 5876 ejusstul-

2128 5909 2301 5968 titiam
2329 5909 2682 5984 reprimendo
2711 5909 3040 5983 corrigeret.
3078 5912 3234 5970 Unde
3287 5927 3398 5971 non
3442 5913 3704 5970 immerito
