3924 6442
189 441 292 500 901

1145 431 1724 491 DEFLORATIONES
1753 430 1852 489 SS.
1883 430 2190 488 PATRUM.
2224 463 2290 474 -—
2321 430 2449 489 LIB.
2485 433 2523 488 l.

3375 435 3478 493 902

186 568 287 622 duo
314 562 584 636 discipuli,
621 562 731 617 duo
761 559 984 618 ordines
1011 558 1429 631 prmdicatorum
1455 556 1772 630 intelligun-
1804 558 1861 620 Α
1892 555 1979 625 lis,
2004 557 2200 630 quibus
2231 557 2501 628 turpitudo
2531 564 2731 614 nostra:
2761 559 2944 613 carnis
2975 556 3208 630 tegitur;
3232 557 3315 612 his
3327 557 3477 629 prius

189 664 288 715 tur,
319 653 522 708 Iudaeis
549 651 810 707 videlicet
839 657 892 705 et
913 649 1167 722 gentibus
1188 647 1505 702 missorum.
1552 645 1786 715 Quidam

193 759 317 799 vero
357 745 490 796 istos
550 741 691 794 duos
740 739 1050 811 intelligunt
1108 738 1329 791 Petrum
1375 745 1423 790 et
1457 735 1782 804 Philippum,

194 840 440 912 quoniam
475 838 584 909 ipsi
623 837 861 908 primum
909 843 1099 907 gentes
1133 834 1482 887 adduxerunt
1529 830 1596 886 ad
1627 830 1787 885 Chri-

193 940 346 994 stum,
405 927 692 996 Philippus
752 923 1052 980 Samariam
1096 921 1251 994 quasi
1307 922 1562 988 asinam;
1598 919 1790 974 Petrus

197 1025 501 1082 Cornelium
536 1022 696 1094 quasi
755 1019 1016 1076 Samaiiae
1059 1019 1290 1089 pullum.
1357 1016 1472 1071 Bini
1528 1023 1792 1071 vocantur

195 1113 438 1187 apostoli,
498 1111 617 1166 bini
668 1109 970 1176 mittuntur,
1014 1107 1143 1180 quia
1192 1105 1431 1161 charitus
1477 1120 1585 1158 non
1617 1112 1699 1158 est
1735 1103 1788 1156 in

199 1219 324 1260 uno.
369 1201 529 1258 Unde
561 1199 824 1269 scriptum
857 1205 937 1252 est
971 1215 982 1250 :
1022 1218 1043 1242 «ι
1083 1195 1173 1249 Va:
1203 1194 1305 1248 soli
1337 1193 1572 1262 (Eccles.
1609 1195 1714 1260 ιν).
1761 1213 1782 1240 ιο

196 1303 305 1356 Duo
331 1298 576 1355 educunt
605 1295 870 1350 Hebraeos
902 1292 972 1347 de
1001 1291 1256 1363 Egypto.
1296 1291 1414 1344 Duo
1444 1295 1656 1360 portant
1685 1287 1790 1341 bo-

197 1399 331 1445 trum
352 1388 420 1442 de
449 1393 644 1441 sancta
675 1392 841 1448 terra,
882 1388 948 1436 ut
975 1395 1196 1450 semper
1253 1377 1531 1448 praepositi
1553 1377 1792 1447 jungant

199 1475 346 1550 operi
374 1473 696 1531 scientiam.
738 1472 855 1525 Duo
885 1468 1142 1523 mandata
1173 1467 1241 1522 de
1272 1466 1487 1522 duobus
1519 1464 1796 1536 proferant

201 1565 418 1621 tabulis.
456 1561 693 1617 Duobus
723 1557 964 1614 fontibus
1019 1555 1306 1610 abluantur
1335 1563 1386 1609 et
1439 1553 1686 1618 abluant,
1742 1559 1796 1606 et

200 1661 408 1716 duobus
439 1657 696 1714 vectibus
722 1669 902 1709 arcam
934 1651 1150 1707 Domini
1174 1657 1409 1722 portent,
1433 1655 1488 1704 et
1518 1648 1659 1702 inter
1685 1646 1795 1701 duo

201 1759 477 1818 cherubim
538 1755 834 1812 Dominum
905 1758 1252 1825 agnoscant;
1287 1749 1476 1819 spiritu
1525 1756 1579 1802 et
1617 1754 1796 1802 mente

202 1849 494 1922 psallentes
529 1861 542 1899 :
583 1867 607 1895 ι
646 1842 869 1908 Solvite,
924 1839 1114 1912 inquit,
1148 1855 1253 1910 per
1279 1835 1582 1892 doctrinam
1624 1842 1673 1890 et
1699 1849 1798 1904 per

204 1917 491 1994 miracula.
534 1959 556 1982 υ
594 1931 952 1988 Acsidiceret
983 1946 996 1982 :
1035 1951 1055 1976 ι
1094 1923 1795 1997 Quaecunquesolveritisin
1823 1917 1876 1976 Β

203 2037 344 2085 terra
374 2032 536 2081 erunt
565 2020 747 2076 soluta
776 2026 828 2074 et
848 2018 900 2072 in
931 2016 1316 2085 cmlisUllalth.
1348 2016 1528 2081 xvut).
1567 2035 1588 2059 υ
1625 2010 1796 2066 Alieni

201 2125 422 2197 alligant
468 2129 527 2176 ut
575 2117 894 2190 possideant
927 2135 940 2178 ;
971 2113 1218 2169 Christus
1267 2111 1434 2166 solvit
1480 2119 1534 2164 ut
1582 2116 1786 2164 teneat.

208 2236 228 2263 .
265 2195 568 2269 Confestim
618 2205 848 2262 dimittet
895 2219 990 2260 eos
1021 2202 1358 2269 Dominus,»
1395 2199 1646 2255 videlicet
1705 2195 1797 2268 qui

197 2310 322 2381 jure
348 2305 648 2365 creationis
677 2301 956 2357 desiderat
977 2308 1032 2354 ut
1060 2298 1236 2354 omnis
1288 2304 1535 2352 creatura
1555 2309 1654 2349 suo
1681 2309 1799 2347 ser-

207 2399 333 2454 vitio
355 2395 725 2466 mancipetur.
765 2389 948 2444 Primo
987 2387 1234 2444 homines
1281 2395 1542 2442 vocantur
1569 2399 1666 2455 per
1693 2381 1798 2436 do-

204 2498 430 2553 ctrinam
463 2503 518 2549 et
577 2487 844 2545 miracula
881 2486 1277 2557 apostolorum,
1336 2483 1535 2538 deinde
1583 2480 1802 2536 dimittit

205 2602 296 2643 eos
324 2582 596 2640 Dominus
637 2578 690 2632 in
720 2576 951 2633 arbitrio
981 2590 1101 2640 suo,
1133 2580 1191 2628 ut
1238 2571 1326 2628 vel
1351 2571 1403 2625 in
1435 2569 1543 2626 fide
1575 2585 1675 2641 qua
1708 2583 1801 2624 vo-

207 2684 304 2740 cati
335 2691 462 2736 sunt
494 2683 832 2739 remaneant,
867 2672 951 2728 vel
999 2672 1050 2726 in
1073 2670 1326 2741 antiquas
1375 2665 1802 2724 consuetudines

209 2772 448 2836 redeant,
480 2765 657 2822 Judaei
689 2761 942 2819 videlicet
971 2761 1025 2814 in
1047 2775 1173 2814 suas
1187 2756 1597 2828 superstitiones
1627 2769 1801 2826 gene-

210 2870 365 2936 rales,
396 2863 642 2938 gentiles
700 2873 834 2915 vero
891 2857 946 2912 in
974 2855 1264 2927 spurcitias
1296 2869 1420 2908 snas
1453 2871 1468 2917 ;
1502 2867 1623 2907 nam
1656 2850 1802 2922 quod

212 2957 382 3015 vocati
411 2968 612 3010 sumus
668 2948 767 3004 Dei
796 2955 902 3003 est.
943 2945 1102 3015 Quod
1155 2952 1337 3006 autem
1363 2942 1530 3013 digne
1577 2940 1802 2994 invoca-

212 3047 351 3102 tione
373 3043 636 3105 vivimus,
674 3035 926 3092 nimirum
972 3034 1176 3105 pariter
1229 3039 1282 3087 et
1312 3031 1410 3086 Dei
1431 3037 1541 3085 est.
1582 3029 1645 3083 Et
1701 3028 1805 3083 hoc

214 3152 290 3200 est
318 3139 465 3214 quod
503 3137 582 3193 ait
615 3153 629 3190 :
661 3131 900 3189 Dimittet
948 3146 1064 3196 eos,
1102 3144 1212 3184 non
1254 3127 1324 3183 ad
1379 3125 1673 3192 diabolum,
1708 3123 1806 3182 sed

214 3233 265 3287 in
291 3227 522 3288 arbitrio
547 3239 682 3281 suo.

285 3381 311 3413 α
341 3361 553 3416 Euntes
585 3361 767 3410 autem
818 3345 1067 3420 discipuli
1105 3345 1350 3402 fecerunt
1379 3344 1519 3401 sicut
1554 3341 1814 3415 praecepit

215 3451 317 3508 illis
345 3451 530 3504 Iesus.
574 3438 930 3498 Solventibus
968 3444 1145 3493 autem
1174 3434 1283 3490 illis
1329 3433 1580 3489 dixerunt
1607 3428 1814 3486 domini

218 3549 334 3618 ejus
383 3545 453 3602 ad
495 3537 802 3607 eoszQuid
845 3534 1055 3592 solvitis
1084 3532 1291 3604 pullum
1318 3533 1346 3585 εἲ
1375 3530 1457 3584 Illi
1514 3529 1812 3618 dixerunt_:

218 3614 353 3706 Quia
381 3631 625 3690 Domino
649 3622 992 3682 necessarius
1021 3628 1125 3677 est.
1158 3618 1229 3674 Et
1257 3618 1577 3673 dimiserunt
1605 3615 1711 3706 eis.
1746 3614 1817 3670 Et

219 3704 486 3782 duxerunt
513 3717 736 3793 pullum
767 3714 839 3769 ad
869 3711 1074 3778 Iesum,
1109 3717 1163 3766 et
1185 3709 1458 3780 jactantes
1493 3704 1818 3762 vestimenta

221 3841 317 3880 sua
337 3836 508 3894 supra
535 3815 776 3890 pullum,
799 3820 852 3867 et
873 3827 996 3867 eum
1012 3809 1249 3879 desuper
1278 3805 1473 3894 sedere
1490 3803 1812 3894 iecerunt...»

220 3888 429 3971 Marcus
459 3888 655 3965 scribit
711 3901 914 3974 pullum
973 3904 1095 3953 ante
1122 3897 1352 3968 januam
1401 3892 1533 3948 foris
1561 3890 1617 3946 in
1674 3888 1819 3944 bivio

223 4003 444 4075 ligatum
467 4007 523 4054 et
554 3997 834 4051 inventum
867 3989 1060 4058 (Marc.
1099 3990 1202 4054 χι).
1233 3983 1411 4038 Janua
1463 3988 1548 4035 est
1572 3979 1689 4050 ipse
1728 3977 1821 4049 qui

227 4074 293 4158 ait
325 4120 338 4157 :
379 4125 401 4149 «
432 4099 562 4172 Ego
594 4107 716 4148 sum
747 4087 943 4144 ostium
985 4084 1170 4141 ovium
1203 4099 1217 4136 :
1249 4096 1353 4152 per
1381 4095 1466 4134 me
1488 4077 1535 4132 si
1582 4075 1716 4172 quis
1734 4074 1824 4128 in-

226 4189 434 4247 troierit
467 4165 792 4244 salvebitur,
828 4182 884 4232 et
933 4188 1132 4246 pascua
1163 4170 1402 4225 inveniet
1452 4169 1637 4236 (Joan.
1671 4165 1753 4234 χ).
1798 4185 1818 4210 ι

230 4289 321 4344 His
357 4283 587 4358 pascuis
649 4274 878 4347 populus
924 4270 1167 4358 gentium
1206 4265 1462 4358 carebat,
1677 4267 1826 4358 extra

226 4346 476 4449 januam,
513 4371 568 4425 in
604 4346 753 4422 bivio
779 4364 978 4434 ligatus
1001 4357 1203 4414 stabat.
1241 4355 1408 4449 Recte
1449 4351 1505 4404 in
1535 4346 1828 4449 bivio,quia

1837 3269 1886 3331 C

1893 647 2031 700 nudi
2086 646 2288 716 populi,
2335 646 2432 700 sed
2463 646 2624 701 modo
2651 662 2749 716 per
2778 646 3056 717 apostolos
3087 646 3284 716 ornati,
3318 645 3479 702 Chri-

1895 746 2032 789 stum
2061 751 2330 789 sessorem
2359 735 2580 800 babent,
2611 743 2668 788 ut
2722 750 2829 789 non
2858 743 3050 807 regnet
3102 743 3382 805 peccatum
3417 734 3475 790 in

1895 821 2094 878 lasciva
2151 839 2336 889 carne,
2405 823 2502 877 sed
2551 821 2762 891 justitia
2820 831 2872 877 ct
2899 839 3002 894 pax
3048 831 3100 878 et
3120 824 3381 896 gaudium
3423 823 3481 878 in

1897 911 2098 982 Spiritu
2127 927 2185 966 sa
2195 921 2339 966 ucto.

1973 1067 1994 1091 ιι
2028 1045 2141 1099 Hoc
2198 1053 2378 1099 autem
2432 1053 2600 1099 totum
2631 1043 2831 1099 factum
2861 1053 2960 1110 est,
3011 1053 3065 1099 ut
3095 1044 3485 1115 adimpleretur

1898 1133 2041 1203 quod
2075 1134 2276 1188 dictum
2307 1142 2386 1187 est
2432 1149 2532 1203 per
2587 1133 2905 1202 prophetam
2956 1132 3228 1189 dicentem
3261 1153 3271 1188 :
3307 1133 3482 1190 Dicite

1899 1219 2022 1276 ﬁliae
2051 1221 2180 1276 Sion
2213 1239 2227 1275 :
2259 1222 2401 1277 Ecce
2430 1238 2525 1276 rex
2558 1229 2680 1276 tuus
2718 1221 2864 1275 venit
2877 1221 2974 1276 tibi
3013 1229 3350 1286 mansuetus,
3392 1236 3486 1278 se—

1897 1319 2035 1373 dens
2063 1333 2227 1387 super
2255 1318 2467 1387 pullum
2502 1317 2668 1375 asina:
2706 1318 3030 1389 subjugalis.
3067 1342 3089 1367 η
3123 1319 3240 1375 Hoc
3267 1318 3322 1374 in
3380 1334 3485 1390 po-

1899 1407 2065 1477 pheta
2092 1406 2354 1461 Zacharia
2381 1405 2644 1476 scriptum
2672 1415 2774 1470 est,
2806 1424 2837 1459 a
2867 1407 3024 1476 cujus
3053 1407 3323 1463 sententia
3351 1409 3487 1464 Mat-

1900 1496 2070 1550 thmus
2099 1503 2153 1550 et
2180 1495 2419 1550 Joannes
2459 1494 2682 1550 minime
2711 1495 2989 1563 recedunt,
3023 1495 3130 1550 etsi
3161 1496 3326 1551 verba
3387 1511 3486 1565 po-

1901 1601 2030 1646 nant
2061 1592 2295 1647 diversa.
2333 1591 2544 1662 thuia
2565 1593 2684 1663 ipsa
2704 1600 2787 1647 est
2818 1592 3179 1660 Hierusalem,
3222 1593 3486 1664 quaaSion

1901 1680 2067 1735 ﬁliam
2096 1680 2226 1736 Sion
2255 1680 2386 1736 dicit
2403 1679 2648 1735 bonosin
2667 1679 2761 1735 illo
2789 1695 2935 1736 ceco
2966 1681 3188 1751 populo.
3209 1681 3382 1737 Dicite
3411 1682 3483 1752 ei,

1902 1779 2310 1849 praedicatores,
2343 1793 2412 1832 ne
2442 1776 2648 1843 timeat,
2679 1777 2778 1832 sed
2809 1778 3088 1833 exsultans
3101 1787 3364 1851 agnoscat
3391 1794 3486 1834 re-

1905 1883 2030 1938 gem
2062 1881 2241 1931 suum,
2272 1873 2485 1921 mentes
2515 1873 2820 1937 regentem,
2852 1874 2906 1921 et
2934 1867 3004 1921 ad
3052 1883 3285 1936 regnum
3313 1867 3490 1923 coelo-

1906 1971 2031 2009 rum
2061 1954 2470 2025 perducentem,
2519 1970 2588 2008 ne
2618 1969 2739 2010 cum
2779 1954 3032 2026 reprobis
3087 1955 3233 2011 dicat
3265 1971 3278 2010 :
3313 1979 3336 2002 ιι
3365 1955 3489 2011 Non

1902 2043 2167 2097 habemus
2223 2057 2411 2114 regem
2442 2042 2545 2096 nisi
2574 2042 2841 2098 Caesarem
2869 2045 3053 2111 (Joan.
3086 2043 3226 2109 nx).
3263 2066 3285 2092 υ
3329 2044 3488 2099 Man-

1903 2139 2086 2186 suetus
2111 2131 2254 2186 venit
2276 2146 2382 2185 non
2414 2131 2613 2185 sedens
2657 2131 2709 2184 in
2724 2145 2882 2186 curru
2901 2146 3071 2187 aureo
3108 2147 3342 2202 purpura
3371 2131 3482 2187 {ul-

1904 2235 2063 2292 gens,
2090 2234 2196 2274 nec
2226 2234 2395 2289 super
2449 2233 2647 2289 equum
2677 2219 2967 2274 discordiae
3006 2227 3332 2285 amatorem,
3391 2220 3492 2277 sed

1906 2324 2070 2378 super
2090 2307 2316 2362 bestiam
2350 2307 2499 2377 pacis
2526 2307 2781 2362 amicam.
2820 2307 3130 2363 Secundum
3169 2307 3405 2364 litteram
3435 2309 3492 2364 in

1908 2411 2077 2468 parvo
2103 2396 2297 2451 itinere
2338 2403 2626 2464 utrumque
2655 2395 2858 2450 animal
2901 2411 3008 2451 non
3037 2395 3251 2451 videtur
3277 2397 3492 2454 sedisse

1908 2493 2192 2560 Dominus,
2224 2492 2324 2548 sed
2356 2491 2536 2563 magis
2579 2492 2840 2562 competit
2892 2499 2949 2546 ut
2977 2493 3125 2562 pullo
3155 2508 3286 2548 usus
3324 2493 3393 2548 sit
3420 2493 3493 2550 ad

1909 2581 2240 2648 sedendum,
2263 2580 2418 2636 asina
2448 2581 2615 2636 ducta
2639 2580 2840 2636 libera.
2866 2580 3091 2650 Mystice
3122 2589 3298 2636 autem
3327 2597 3495 2654 super

1911 2679 2174 2749 p0pulum
2234 2685 2520 2746 utrumque
2563 2677 2666 2731 sub
2711 2677 2950 2733 dominio
2979 2679 3100 2747 ejus
3153 2677 3496 2735 humiliatum

1912 2767 2070 2835 sedit,
2107 2768 2262 2822 Petro
2291 2775 2343 2821 et
2370 2766 2530 2821 Paulo
2551 2765 2732 2820 missis
2751 2767 2818 2820 ad
2833 2781 2950 2822 eos.
2997 2766 3137 2834 Quia
3157 2781 3297 2838 ergo
3326 2766 3495 2823 lasci-

1911 2880 2010 2921 vus
2042 2872 2095 2919 et
2123 2863 2414 2918 indomitus
2442 2862 2660 2933 gentilis
2717 2863 2947 2934 populus
2975 2863 3202 2919 credidit
3241 2863 3497 2934 exemplo

1913 2951 2150 3008 ﬁdelium
2181 2952 2249 3006 de
2304 2952 2621 3024 Synagoga,
2655 2967 2778 3022 qua:
2800 2952 3000 3024 jugum
3053 2951 3195 3024 legis
3233 2959 3489 3019 traxerat,

1914 3041 2052 3096 bene
2081 3039 2314 3095 refertur
2341 3039 2520 3110 pullus
2554 3039 2720 3093 fuisse
2764 3038 2908 3094 ﬁlius
2935 3039 3104 3094 asinae
3171 3040 3494 3112 subjugalis.

1913 3136 2214 3192 Considera
2244 3136 2373 3207 quia
2408 3137 2547 3190 sicut
2600 3136 2705 3191 hoc
2758 3151 2930 3206 genus
2983 3135 3237 3204 jnmenti,
3289 3135 3334 3189 si
3367 3135 3496 3208 quid

1916 3233 2075 3290 errat,
2099 3225 2154 3279 in
2183 3224 2528 3295 simplicitate
2558 3231 2727 3290 errat,
2757 3232 2810 3278 et
2839 3239 2947 3279 non
2978 3224 3030 3278 in
3085 3225 3397 3294 asperitate,
3425 3223 3497 3278 ita

1917 3314 2165 3370 homines
2189 3313 2288 3385 qui
2333 3312 2679 3369 crediderunt
2727 3312 2780 3366 in
2839 3313 3108 3368 Christum
3149 3329 3213 3368 ex
3270 3321 3499 3384 utroque

1917 3411 2119 3483 populo
2149 3418 2275 3466 ante
2303 3408 2594 3476 Christum,
2626 3424 2736 3465 non
2789 3408 2846 3463 in
2873 3407 3094 3476 malitia,
3125 3408 3222 3464 sed
3252 3409 3307 3464 in
3335 3410 3500 3481 igno-

1920 3499 2094 3556 rantia
2126 3505 2508 3571 peccaverunt.

1999 3657 2020 3682 α
2055 3635 2231 3690 Eunte
2260 3641 2444 3688 autem
2501 3631 2616 3698 illo,
2665 3631 2820 3687 multi
2875 3630 3298 3688 substernebant
3328 3631 3505 3699 vesti-

1923 3729 2105 3778 menta
2153 3737 2250 3776 sua
2295 3721 2350 3776 in
2396 3721 2481 3776 via
2513 3737 2527 3776 :
2562 3720 2653 3776 alii
2683 3727 2866 3776 autem
2923 3719 3204 3776 credebant
3231 3735 3413 3776 ramos
3441 3720 3512 3778 de

1925 3811 2230 3877 arboribus,
2263 3819 2314 3866 et
2328 3809 2650 3864 sternebant
2678 3809 2730 3862 in
2747 3808 2852 3865 via.
2880 3829 2903 3859 ι
2922 3809 3056 3865 Vide
3070 3809 3326 3879 quoniam
3345 3824 3512 3880 super

1922 3900 2230 3970 jumentum
2261 3897 2490 3970 apostoli
2539 3900 2840 3969 posuerunt
2886 3897 3218 3953 vestimenta
3256 3913 3371 3962 sua,
3414 3896 3515 3952 sub

1932 3989 2167 4060 pedibus
2216 4003 2348 4044 vero
2404 3986 2589 4043 ceteri
2613 3986 2870 4055 jumenti.
2934 3985 3200 4040 Mandatis
3227 3986 3371 4041 enim
3388 4000 3518 4056 apo-

1923 4086 2180 4142 stolorum
2211 4092 2525 4141 sternuntur
2570 4083 2861 4139 Christiani
2890 4092 2945 4138 et
2975 4083 3326 4148 adornantur,
3369 4081 3511 4156 legis

1931 4182 2110 4230 autem
2128 4174 2379 4230 mandata
2396 4172 2748 4238 conculcant,
2784 4172 2837 4227 id
2853 4179 2935 4230 est
2965 4171 3437 4228 circumcisionem
3467 4178 3521 4228 et

1932 4271 2165 4319 caeteras
2194 4261 2615 4319 consuetudines
2665 4260 2948 4318 Judaicas.
2997 4260 3332 4316 Vestimenta
3358 4276 3522 4315 nam-

1935 4368 2040 4422 que
2092 4351 2264 4406 turbze
2298 4359 2421 4404 sunt
2462 4349 2603 4422 legis
2647 4349 2924 4412 mandata,
2977 4347 3032 4402 in
3088 4347 3192 4414 via,
3254 4349 3307 4402 id
3355 4349 3522 4404 estin

229 4445 337 4530 non
366 4485 536 4527 unam
570 4462 698 4519 ﬁdei
719 4459 862 4516 viam
885 4455 1125 4520 tenebat,
1157 4451 1254 4508 sed
1283 4448 1480 4504 dubios
1536 4445 1704 4502 calles
1734 4459 1827 4498 er-
1931 4447 2199 4503 Chi-istos
2222 4446 2545 4502 Christianis
2597 4447 2942 4503 conculcata.
3006 4445 3187 4499 Turba
3213 4445 3356 4500 enim
3413 4461 3523 4516 qua

231 4577 427 4619 roneus
458 4553 824 4628 sequebatur.
881 4547 940 4601 lu
970 4543 1117 4599 bivio
1145 4541 1321 4596 stabat
1340 4535 1526 4628 qui-in
1579 4534 1830 4628 libertate
1860 4625 1888 4628 _
1934 4535 2255 4593 vestimenta
2287 4551 2386 4590 sua
2431 4535 2710 4590 sternebat
2737 4534 2794 4588 in
2848 4533 2936 4589 via
2956 4534 3242 4589 credentes
3295 4540 3420 4587 sunt
3457 4549 3524 4589 ex

233 4649 442 4708 arbitrii
470 4621 613 4702 inter
658 4645 888 4694 mortem
934 4638 988 4689 et
1043 4631 1208 4688 vitam
1263 4625 1567 4682 dubitabal-
1631 4621 1828 4678 Μιιῑίοῑ
1853 4625 1904 4686 D
1935 4631 2371 4698 circumcisione,
2395 4631 2487 4703 qui
2507 4629 2753 4685 videntes
2766 4637 2816 4685 et
2833 4635 3198 4700 agnoscentes
3229 4627 3519 4696 Christum,

236 4751 436 4824 quippe
466 4740 740 4800 Dominus
780 4732 1036 4797 habebat,
1069 4728 1197 4800 quia
1225 4721 1546 4824 multa
1572 4721 1830 4824 dogmata

236 4807 399 4896 variis
452 4829 742 4890 erroribus
789 4829 1050 4896 raptatus,
1110 4823 1240 4889 quot
1289 4814 1430 4869 vitiis
1459 4807 1825 4873 deserviebat,

235 4945 312 4993 tot
339 4936 630 4991 dammas
659 4941 782 4981 eum
809 4917 1190 4994 possidebant.
1231 4912 1340 4969 Sed
1361 4909 1694 4966 dominatum
1725 4903 1830 4960 sibi

237 5024 520 5082 vindicare
555 5033 668 5073 non
712 5017 962 5084 poterant
1014 5020 1154 5078 quos
1182 5001 1435 5058 dominos
1465 4997 1663 5054 fecerat
1719 5009 1829 5050 non

237 5130 448 5183 natura,
481 5114 587 5171 sed
636 5109 792 5180 culpa
827 5125 840 5166 :
874 5115 931 5161 et
959 5102 1089 5157 ideo
1119 5115 1243 5156 cum
1297 5092 1564 5150 Dominus
1609 5089 1828 5183 dicitur,

236 5177 376 5266 unus
405 5177 742 5278 agnoscitur
769 5213 781 5251 :
812 5210 937 5250 nam
967 5200 1021 5248 et
1076 5189 1122 5244 si
1152 5185 1302 5278 multi
1332 5183 1408 5238 dii
1437 5190 1492 5237 et
1519 5179 1670 5278 multi
1723 5177 1829 5278 do—

235 5299 386 5365 mini,
420 5269 759 5369 generaliter
800 5293 982 5339 tamen
1013 5294 1152 5336 unus
1180 5277 1329 5331 Deus
1355 5281 1410 5328 et
1439 5284 1608 5369 unus”
1627 5269 1824 5323 Domi-

236 5415 360 5454 nus.
428 5367 541 5462 Qui
599 5402 734 5459 ergo
790 5384 844 5439 in
875 5378 1138 5438 solvendo
1193 5373 1341 5446 pullo
1371 5367 1828 5462 contradixerunt,

235 5486 417 5542 audito
440 5455 691 5537 Domini
696 5473 935 5538 nomine,
969 5469 1272 5541 quiescunt,
1305 5461 1432 5533 quia
1463 5455 1711 5529 magistri
1741 5469 1834 5509 er-

236 5591 444 5640 rerum,
471 5569 568 5642 qui
597 5562 912 5622 doctoribus
971 5555 1170 5614 Christi
1198 5549 1558 5611 obsistebant,
1609 5551 1834 5600 eatenus

238 5688 362 5727 suas
392 5665 651 5724 tenebras
673 5658 1055 5716 defenderunt,
1075 5653 1251 5707 donec
1273 5643 1557 5702 miraculis
1581 5643 1836 5696 attestan-

237 5769 379 5824 tibus
408 5763 511 5821 Dei
545 5761 726 5815 virtus
756 5754 1000 5812 emicuit.
1035 5751 1126 5806 Sic
1157 5763 1294 5821 ergo
1324 5743 1470 5798 liber
1497 5735 1837 5796 credentium

237 5856 471 5930 populus
499 5849 594 5924 qui
625 5850 798 5904 Deum
855 5842 1022 5900 corde
1057 5845 1234 5912 portet
1287 5831 1606 5930 adducitur.
1644 5826 1837 5930 Vestes

233 5919 608 6027 apostolorum
639 5951 765 6002 sunt
792 5947 1066 6015 praecepta
1111 5933 1293 5992 divina
1321 5938 1372 5988 et
1399 5925 1574 6001 gratia
1620 5919 1837 5996 specia-

1935 4719 2166 4795 gloriam
2199 4735 2358 4790 quam
2385 4717 2660 4773 habebant
2687 4734 2751 4772 ex
2784 4716 2924 4788 lege,
2959 4715 3280 4785 dejecerunt
3333 4713 3388 4769 in
3419 4723 3523 4771 ter-

1935 4826 2078 4877 ram,
2108 4810 2320 4879 seipsos
2375 4807 2740 4870 humiliantes,
2783 4814 2833 4860 et
2862 4820 2984 4860 cum
3021 4801 3275 4874 Apostolo
3329 4803 3522 4859 dicen-

1939 4906 2023 4955 tes
2057 4916 2070 4952 :
2102 4898 2237 4966 Qui:
2265 4897 2397 4951 mibi
2427 4896 2641 4951 luerunt
2671 4894 2842 4961 lucra,
2875 4894 2990 4948 huic
3041 4890 3354 4948 existimavi
3389 4905 3522 4962 pro-

1936 4996 2061 5060 pter
2071 4988 2346 5042 Christum
2361 4984 2709 5047 detrimenta,
2740 4990 2795 5037 et
2809 4981 3048 5037 arbitror
3057 4989 3301 5036 stercora
3314 4988 3524 5045 esse,ut

1938 5077 2212 5132 Christum
2242 5073 2579 5131 lucrifaciam
2607 5072 2876 5144 (Philipp.
2891 5078 2991 5140 tu).
3003 5068 3140 5138 Quia
3152 5075 3330 5126 autem
3342 5085 3523 5125 ramos

1937 5174 2218 5230 caedebant
2237 5172 2306 5226 de
2359 5169 2666 5233 arbori'rus,
2712 5175 2835 5222 sunt
2898 5167 3186 5222 credentes
3229 5172 3284 5220 et
3329 5165 3524 5220 eruditi

1940 5263 2212 5328 doctores,
2288 5258 2380 5331 qui
2431 5275 2494 5313 ex
2552 5257 2834 5328 prophetis
2887 5254 3217 5325 accipientes
3274 5254 3527 5325 exempla

1941 5351 2098 5424 quasi
2154 5350 2222 5405 de
2269 5348 2567 5403 arboribus
2597 5361 2775 5400 ramos
2791 5352 2915 5400 ante
2944 5343 3202 5414 gentilem
3259 5342 3527 5413 populum

1941 5446 2247 5496 straverunt
2275 5437 2334 5492 in
2364 5438 2471 5500 via,
2504 5435 2556 5489 id
2603 5443 2688 5490 est
2721 5433 2773 5488 in
2793 5433 3037 5498 Christo,
3061 5439 3118 5485 ut
3141 5431 3258 5485 sine
3289 5430 3527 5487 offendi-

1941 5530 2066 5586 culo
2095 5528 2324 5582 intraret
2357 5523 2798 5579 insanctuarium
2836 5521 2957 5577 Dei.
3009 5520 3106 5576 Vel
3131 5520 3203 5574 ita
3234 5537 3248 5573 :
3283 5520 3532 5577 Salvator

1939 5629 2184 5698 iumento
2214 5624 2458 5679 insidens
2511 5619 2951 5691 Hierosolymam
2967 5617 3162 5687 tend-it,
3209 5633 3322 5673 non
3348 5620 3530 5674 solum

1946 5713 2167 5790 quando
2204 5713 2468 5783 cujusque
2515 5709 2695 5765 ﬁdelis
2751 5709 2936 5763 anima
2974 5723 3182 5779 regens
3235 5708 3305 5762 ad
3336 5722 3530 5778 pacem

1945 5814 2150 5871 intimae
2175 5808 2409 5868 visionis
2425 5805 2594 5874 ducit,
2618 5805 2714 5861 sed
2756 5804 2919 5860 etiam
2948 5819 3070 5861 cum
3103 5811 3305 5859 sanctae
3335 5803 3530 5858 Eccle-

1947 5911 2044 5968 siae
2073 5905 2456 5966 nniversaliter
2472 5902 2731 5976 providet
2770 5910 2824 5958 et
2859 5916 2979 5958 eam
3007 5899 3062 5956 in
3093 5914 3341 5973 supernae
3380 5898 3534 5968 pacis
