3924 6394
442 374 545 430 903

1578 356 1917 416 WERNEBI
1954 356 2241 426 ABBATIS
2278 357 2343 416 S.
2391 355 2622 416 BLASII.

3642 362 3748 418 θοι

447 494 783 555 desiderium
813 487 1087 549 accendit.
1158 486 1332 543 Pedes
1380 485 1614 553 jumenti
1645 491 1776 541 sunt
1819 484 2046 540 extremi
2076 488 2125 551 Α
2159 481 2331 554 Quem
2365 491 2489 565 ante
2519 481 2710 538 ﬁdeles
2730 482 3077 541 crediderunt
3131 492 3440 552 venturum,
3469 483 3621 541 hunc
3648 500 3749 542 nos

447 602 586 661 quos
608 585 675 640 ad
702 580 1061 653 judicandum
1096 575 1372 633 constituit
1421 575 1735 647 Apostolus,
1796 574 1888 647 qui
1917 582 1969 630 et
2000 574 2045 628 si

446 693 557 733 non
592 674 698 729 sint
726 672 950 726 dorsum
968 667 1022 721 in
1043 682 1151 737 quo
1162 665 1298 720 sedit
1315 665 1483 730 Deus,
1507 672 1691 719 tamen
1710 664 2047 718 instruuntur

447 782 568 823 cum
594 760 858 818 militibus
884 774 912 811 a
942 757 1173 811 Joanne.
1206 754 1358 809 Multi
1386 753 1588 826 quippe
1638 760 1884 808 sternunt
1914 768 2039 806 ves-

445 864 673 919 timenta
701 858 756 912 in
788 856 953 918 viam,
987 853 1113 924 quia
1145 851 1418 907 exercitus
1464 859 1773 922 martyrum
1809 863 2046 921 corpora

447 968 542 1008 sua
572 949 896 1008 animarum,
928 942 1107 997 vicum
1140 947 1457 1013 tegumenta
1497 954 1597 1009 pro
1629 937 1862 994 Domino
1890 938 2041 1004 dant,

446 1056 555 1115 quo
584 1034 942 1109 sequentibus
973 1029 1163 1086 electis
1190 1028 1390 1084 callem
1407 1028 1610 1085 faciant
1626 1032 1777 1083 recte
1802 1025 2042 1081 vivendi.

442 1143 503 1198 In
532 1138 625 1193 via
678 1132 915 1204 denique
973 1134 1223 1183 stemnnt
1267 1126 1607 1193 vestimenta,
1667 1123 1758 1196 qui
1812 1139 2042 1195 corpora

442 1244 543 1286 sua
589 1225 849 1282 edomant
895 1226 955 1274 ut
985 1216 1218 1272 Domino
1273 1215 1381 1270 iter
1428 1214 1497 1270 ad
1536 1221 1774 1269 mentem
1825 1223 2040 1283 parent,

443 1317 529 1375 vel
564 1310 821 1383 exempla
847 1308 992 1364 bona
1048 1304 1403 1376 sequentibus
1453 1302 1756 1375 praebeant.
1794 1301 2043 1357 Frondes

446 1421 581 1463 vero
608 1404 699 1460 vel
726 1413 911 1456 ramos
964 1395 1035 1451 de
1073 1393 1363 1450 arboribus
1400 1392 1640 1457 caedunt,
1674 1389 1768 1462 qui
1825 1391 2044 1445 Patrum

438 1491 749 1553 sententias
780 1486 868 1544 vel
897 1482 1144 1554 exempla
1168 1488 1423 1553 carpunt,
1449 1488 1503 1536 et
1530 1480 1584 1535 in
1615 1478 1703 1534 via
1732 1478 1834 1533 Dei
1864 1477 1933 1533 ad
1950 1493 2046 1532 au-

442 1591 636 1651 ditoris
660 1586 901 1644 animum
948 1578 1219 1637 venientis
1249 1576 1440 1633 humili
1498 1575 1884 1647 praedicatione
1916 1575 2045 1629 sub-

440 1683 687 1740 mittunt.
724 1673 864 1729 Justi
893 1684 1133 1742 namque
1176 1673 1237 1722 ut
1264 1666 1447 1738 palma
1476 1664 1769 1732 ﬂorebunt,
1825 1663 2043 1734 angusti

440 1774 497 1828 in
516 1765 820 1829 radicibus,
852 1759 950 1817 lati
1008 1758 1065 1814 in
1097 1756 1323 1813 ﬂoribus
1364 1763 1420 1811 et
1448 1753 1734 1818 fructibus,
1788 1752 2041 1824 quoniam

2153 570 2371 628 venisse
2404 572 2702 627 credimus.
2742 572 2801 626 In
2847 572 2966 641 ejus
2995 572 3195 645 quippe
3235 574 3398 629 laude
3426 573 3668 630 coelestia
3694 586 3750 631 et

2155 668 2371 716 terrena
2402 661 2715 727 concinunt,
2747 660 2871 732 quia
2902 676 3011 734 quo
3043 672 3301 718 nascente
3355 662 3607 718 caelestes
3635 662 3748 717 vir-

2152 766 2298 814 tutes
2327 759 2616 815 decantant
2654 758 2829 831 gloria
2875 760 2928 814 in
2960 759 3193 816 excelsis
3222 760 3357 830 Deo,
3399 768 3453 816 et
3497 760 3553 814 in
3599 767 3749 816 terra

2153 862 2259 918 pax
2290 847 2622 917 hominibus,
2657 842 2851 904 eodem
2881 849 3064 904 mundi
3110 850 3353 921 principe
3381 849 3750 920 triumphator

2155 936 2412 991 mortales
2444 935 2619 992 vicem
2641 935 2817 991 laudis
2846 938 3174 1007 rependunt,
3231 939 3472 995 dicentes
3504 955 3520 995 :
3553 939 3660 992 Pax
3688 936 3746 992 in

2154 1024 2300 1079 ccnlo
2330 1033 2381 1079 et
2438 1024 2621 1097 gloria
2680 1024 2732 1079 in
2764 1026 3022 1081 excelsis.
3060 1026 3258 1084 Turba:
3277 1025 3473 1098 Quippe
3504 1026 3744 1093 refectae,

2152 1113 2222 1169 de
2243 1113 2482 1185 quinque
2530 1113 2770 1185 panibus
2829 1122 2879 1169 et
2908 1113 3118 1170 duobus
3171 1114 3412 1187 piscibus
3463 1115 3749 1172 voluerunt

2153 1225 2353 1282 rapere
2381 1209 2573 1267 Jesum
2605 1210 3011 1268 etconstituere
3030 1228 3242 1284 regem,
3275 1213 3372 1268 sed
3402 1213 3519 1284 ipse
3540 1212 3674 1286 lugit
3688 1212 3747 1266 in

2150 1307 2411 1355 montem.
2443 1300 2603 1356 Nunc
2638 1307 2819 1355 autem
2872 1316 2986 1355 non
3042 1300 3287 1372 reprimit
3337 1316 3499 1358 voces
3552 1317 3745 1357 eorum

2151 1386 2242 1460 qui
2272 1405 2503 1460 regnum
2534 1388 2708 1444 David
2755 1389 3167 1445 restaurandum
3220 1389 3276 1445 in
3325 1406 3390 1447 eo
3419 1390 3734 1448 concinunt.

2148 1477 2206 1532 1n
2246 1492 2355 1550 quo
2384 1485 2511 1550 apte
2539 1477 2702 1534 docet
2757 1477 2899 1550 quod
2958 1478 3147 1535 aeterni
3188 1478 3398 1551 imperii
3442 1494 3538 1535 rex
3592 1486 3744 1536 esset

2149 1573 2205 1629 in
2237 1575 2413 1643 ccelis,
2447 1590 2557 1630 non
2604 1582 2815 1631 tantum
2848 1575 2906 1631 in
2964 1576 3148 1632 terris.
3186 1578 3266 1632 Ad
3297 1576 3439 1649 quod
3482 1593 3578 1648 per
3603 1594 3742 1635 con-

2127 1654 2408 1736 'temptum
2440 1663 2718 1732 mortis,et
2735 1664 2972 1738 gloriam
2996 1665 3427 1731 resurrectionis,
3461 1674 3513 1722 et
3543 1667 3739 1722 trium—

2150 1752 2321 1825 phum
2343 1753 2683 1809 ascensionis
2721 1752 3045 1824 perveniret.
3108 1753 3245 1811 Hinc
3283 1763 3404 1827 post
3457 1771 3740 1811 resurrec-

439 1862 621 1917 bonus
649 1855 792 1912 odor
820 1846 1024 1907 Christi
1053 1853 1199 1912 sunt,
1234 1849 1290 1902 et
1318 1851 1571 1900 sternunt
1615 1841 1762 1897 viam
1814 1840 2036 1896 manda-
2067 1843 2120 1904 B
2150 1842 2353 1898 tionem
2382 1841 2456 1897 ait
2484 1841 2765 1914 discipulis
2790 1861 2802 1897 :
2835 1864 2856 1889 α
2888 1842 3031 1898 Data
3055 1842 3283 1898 estmihi
3303 1843 3483 1899 omnis
3499 1850 3740 1916 potestas

444 1938 619 2007 torum
645 1942 747 2000 Dei
778 1942 921 1996 bona
950 1936 1118 1993 fama.

519 2061 541 2088 α
577 2037 647 2092 Et
674 2047 802 2090 cum
825 2030 939 2099 jam
963 2021 1431 2097 appropinquaret
1449 2021 1519 2077 ad
1539 2019 1868 2077 descensum
1878 2033 2041 2074 mon-

446 2128 515 2185 tis
540 2121 745 2183 Oliveti
799 2124 1089 2188 coeperunt
1116 2128 1311 2169 omnes
1366 2111 1537 2167 turba
1591 2106 2041 2166 descendentium

442 2224 755 2300 gaudentes
783 2215 1008 2272 laudare
1038 2210 1331 2300 Dominum
1348 2224 1485 2300 voce
1502 2223 1740 2300 magna.
1761 2226 1785 2259 ι
1806 2208 2043 2300 Descen-

439 2294 603 2371 dente
632 2306 869 2366 Domino
915 2302 986 2357 de
1013 2307 1201 2357 monte
1231 2296 1451 2363 Oliveti,
1505 2296 1561 2351 id
1590 2303 1674 2352 est
1728 2294 2042 2350 humiliante

443 2420 506 2461 se
535 2401 606 2458 ad
631 2395 1000 2455 inﬁrmitatem
1042 2396 1247 2445 nostrae
1275 2387 1482 2453 carnis,
1513 2401 1638 2442 cum
1689 2384 1758 2440 si:
1779 2384 1833 2438 in
1864 2383 2043 2440 forma

444 2492 573 2550 Dei.
612 2488 749 2545 Cum
767 2484 861 2540 illo
889 2478 1230 2537 descendunt
1253 2475 1446 2542 turba,
1478 2474 1535 2530 id
1584 2481 1669 2530 est
1692 2471 2043 2528 humiliantur

444 2588 548 2645 sub
576 2599 747 2642 manu
768 2581 892 2652 ejus
921 2576 1013 2650 qui
1034 2570 1418 2631 misericordia
1455 2569 1725 2643 indigent,
1771 2576 1832 2625 ut
1884 2569 1955 2624 ab
1973 2583 2040 2626 eo

447 2676 776 2735 exaltentur.

521 2788 544 2816 «
578 2762 780 2819 Turba
804 2764 990 2814 autem
1019 2768 1140 2826 quas
1167 2748 1569 2823 praecedebant,
1599 2753 1655 2804 et
1681 2762 1804 2819 quae
1833 2762 2034 2818 seque-

447 2857 669 2918 bantur,
700 2845 1010 2907 clamabant
1035 2841 1285 2899 dicentes
1306 2839 1590 2895 :Hosanna
1610 2834 1722 2892 ﬁlio
1738 2835 2039 2903 David,Be-

444 2952 698 3011 nedictus
727 2946 821 3020 qui
848 2942 998 3001 venit
1043 2957 1136 2997 rex
1164 2940 1218 2994 in
1275 2937 1501 2995 nomine
1529 2934 1775 2991 Domini.
1824 2935 1941 2990 Pax
1983 2934 2040 2989 in

444 3041 586 3101 cmlo
639 3046 694 3095 et
746 3033 926 3110 gloria
978 3031 1033 3087 in
1090 3026 1345 3085 excelsis.
1383 3049 1405 3076 ι
1439 3024 1768 3082 Benedictus
1789 3023 1883 3096 qui
1895 3022 2043 3080 venit

439 3144 676 3204 regnum
706 3123 879 3199 patris
899 3119 1074 3178 nostri
1101 3116 1281 3174 David
1315 3132 1329 3172 :
1362 3115 1620 3171 Hosanna
1646 3113 1705 3204 in
1731 3112 1986 3204 excelsis.
2009 3134 2033 3160 ιι

2150 1930 2206 1986 in
2234 1931 2374 1986 coelo
2391 1939 2444 1986 et
2472 1931 2527 1985 in
2557 1938 2698 1986 terra
2742 1930 2973 2001 (Matth.
2998 1934 3221 2003 xxvnr).
3249 1956 3271 1981 ι
3293 1931 3562 1988 Consonat
3618 1933 3738 1988 laus

2150 2019 2320 2075 turba:
2351 2020 2473 2076 voci
2516 2018 2807 2089 Gabrielis,
2866 2019 2958 2093 qui
2986 2020 3059 2075 ait
3086 2019 3242 2075 matri
3294 2020 3538 2075 Domini.
3579 2043 3603 2068 ι
3638 2021 3738 2077 Hic

2150 2115 2255 2170 erit
2294 2117 2530 2188 Magnus
2560 2123 2613 2171 et
2642 2114 2807 2171 Filius
2850 2116 3116 2172 Altissimi
3156 2116 3455 2184 vocabitur,
3481 2125 3533 2173 et
3583 2116 3735 2173 dabit

2149 2203 2226 2258 illi
2256 2205 2527 2260 Dominus
2558 2206 2707 2260 Deus
2736 2205 2924 2261 sedem
2954 2205 3125 2277 patris
3154 2205 3329 2261 David
3362 2206 3500 2277 ejus,
3533 2215 3586 2262 et
3638 2223 3733 2263 re-

2149 2292 2341 2366 gnabit
2360 2293 2415 2348 in
2446 2293 2611 2349 domo
2638 2294 2811 2350 Jacob
2842 2293 2896 2348 in
2940 2302 3207 2351 aeternum
3237 2295 3389 2366 (Luc.
3411 2297 3471 2367 1):
3513 2315 3536 2346 ι
3569 2295 3732 2353 Recte

2149 2398 2287 2456 ergo
2307 2381 2546 2439 clamant
2570 2399 2585 2437 :
2610 2405 2632 2432 α
2668 2384 2930 2439 Hosanna
2976 2383 3031 2438 in
3060 2384 3309 2452 excelsis,
3341 2383 3396 2439 id
3452 2392 3533 2440 est
3585 2384 3729 2441 salva

2147 2495 2251 2535 nos
2279 2479 2336 2534 in
2359 2479 2701 2551 cmlestibus,
2732 2479 2826 2536 ubi
2855 2479 3067 2538 scilicet
3084 2496 3397 2555 omnegenu
3413 2480 3514 2537 sibi
3543 2482 3728 2539 ﬂecte-

2148 2575 2254 2636 tur,
2302 2568 2631 2641 cmlestium,
2686 2569 3026 2626 terrestrium
3083 2577 3138 2627 et
3192 2569 3525 2628 infernarum
3569 2571 3727 2643 (Phi-

2150 2658 2288 2730 lipp.
2319 2657 2403 2730 ιι).
2450 2678 2474 2709 ι

2216 2746 2524 2802 Notandum
2582 2745 2730 2819 quod
2812 2747 3059 2804 hosanna
3103 2747 3427 2806 Hebraicum
3506 2747 3727 2806 verbum

2147 2835 2510 2908 compositum
2539 2843 2625 2892 est
2651 2853 2718 2892 ex
2751 2844 3002 2909 corrupto
3020 2844 3075 2894 et
3101 2837 3331 2910 integro.
3362 2837 3519 2896 Salva
3570 2854 3728 2896 nam-

2147 2941 2253 2997 que
2291 2924 2413 2982 sive
2437 2923 2687 2983 salviﬁca
2714 2925 2859 2997 apud
2887 2941 2984 2983 eos
2996 2926 3203 2984 dicitur
3228 2926 3348 2983 hosi
3376 2933 3429 2984 et
3455 2942 3597 2985 anna
3649 2936 3731 2985 est

2147 3013 2456 3084 interjectio
2483 3014 2851 3086 deprecantis.
2916 3014 3165 3088 Denique
3220 3015 3275 3071 in
3304 3016 3514 3088 psalmo
3559 3032 3725 3086 cxm,

2148 3111 2241 3168 ubi
2266 3127 2381 3167 ιη
2415 3113 2742 3184 Interpretes
2790 3110 3219 3169 transtulerunt:
3247 3111 3295 3168 Ο
3322 3112 3566 3181 Domine,
3616 3115 3728 3170 sal-

442 3200 1090 3287 Praaceduntpmphetaa,
1136 3211 1439 3278 sequuntur
1474 3201 1735 3274 apostoli.
1793 3201 2038 3272 Abyssus
2067 3205 2117 3270 Ο
2147 3217 2270 3257 vum
2330 3218 2417 3257 me
2456 3200 2563 3272 fac,
2625 3201 2679 3256 in
2713 3201 2947 3257 Hebraeo
2978 3201 3240 3273 scriptum
3269 3209 3390 3259 est:
3422 3205 3573 3258 Anna
3598 3204 3731 3260 ado-

437 3310 697 3381 abyssum
750 3304 965 3359 invocat
992 3298 1166 3357 (Psal.
1196 3294 1326 3363 xm),
1368 3292 1426 3347 id
1455 3300 1540 3348 est
1558 3290 1645 3346 lex
1668 3289 1847 3362 legem
1900 3290 2036 3345 alte-

436 3414 574 3455 ram.
609 3390 907 3449 Praacessit
926 3385 1190 3444 Judaicus
1219 3381 1472 3455 populus,
1503 3387 1727 3436 secutus
1756 3386 1841 3435 est
1887 3393 2034 3449 gen-

438 3488 581 3543 tiles.
611 3480 875 3539 Homines
903 3476 1095 3532 ﬁdeles
1137 3472 1375 3529 clamant
1393 3468 1503 3525 ﬁlio
1546 3466 1728 3523 David
1767 3485 1781 3522 :
1814 3468 2037 3523 Hosan-

435 3591 545 3631 na:
578 3570 726 3645 quod
756 3567 943 3624 Latine
974 3563 1173 3619 dicitur
1214 3559 1384 3645 salus,
1442 3557 1581 3645 quia
1605 3556 1829 3612 credunt
1859 3555 2035 3611 David

434 3642 612 3717 ﬁlium
653 3658 755 3713 Dei
808 3653 998 3716 ﬁlium,
1056 3662 1223 3704 unum
1281 3644 1452 3700 ﬁlium
1503 3642 1714 3698 salvare
1762 3650 2031 3712 terrenos,

433 3759 493 3807 ut
541 3747 678 3821 justi
733 3746 789 3800 in
837 3739 1161 3812 angelorum
1208 3736 1422 3790 ruinam
1451 3730 1814 3821 aediﬁcentur.
1844 3727 2032 3821 Conﬁ-

431 3818 619 3897 tentur
650 3835 815 3891 etiam
870 3827 1222 3886 benedictum
1270 3822 1365 3896 qui
1404 3821 1551 3877 venit
1579 3820 1635 3874 in
1662 3818 1883 3874 nomine
1914 3818 2031 3874 Do-

432 3938 584 4005 mini,
644 3934 701 3989 id
756 3938 839 3987 est
884 3928 1053 3983 Patris
1097 3922 1202 3989 sui,
1262 3920 1517 3993 quoniam
1574 3918 1742 3974 Filius
1785 3918 1853 3973 de
1873 3918 2032 4005 Patre

432 4004 663 4098 suscipit
691 4034 913 4086 nomen,
945 4023 999 4073 et
1016 4016 1174 4070 Pater
1192 4012 1260 4067 de
1291 4008 1451 4065 Filio.
1484 4006 1804 4064 Benedictio
1822 4022 1941 4078 quae
1974 4004 2034 4061 ﬁt

429 4127 485 4182 in
512 4126 631 4181 Deo
661 4116 939 4178 confessio
969 4112 1092 4170 sola
1120 4117 1204 4167 est
1233 4116 1286 4165 et
1315 4106 1558 4164 laudatio
1589 4105 1859 4161 bonorum
1908 4120 2031 4175 quae

429 4211 673 4288 praestita
701 4215 785 4265 est
826 4205 898 4261 ab
954 4218 1042 4269 eo,
1070 4195 1388 4256 Benedictio
1449 4209 1581 4252 vero
1620 4211 1742 4267 quae
1772 4192 1883 4249 ﬁta
1912 4192 2029 4249 Deo

429 4314 485 4369 in
515 4308 675 4367 nobis
713 4302 991 4378 impletur,
1024 4300 1155 4357 dum
1204 4296 1321 4367 ejus
1359 4290 1645 4352 beneﬁciis
1700 4289 2016 4365 implemur.

2145 3289 2255 3357 nsi,
2281 3289 2406 3346 hosi
2436 3305 2601 3346 anna.
2636 3290 2798 3359 Quod
2835 3290 3105 3361 interpres
3136 3298 3323 3347 noster
3375 3291 3729 3364 Hieronymus

2145 3378 2460 3452 diligentius
2489 3379 2769 3436 elucidans
2825 3379 2898 3434 ita
2928 3379 3202 3435 transtulit
3230 3397 3245 3434 :
3281 3402 3304 3429 ιι
3340 3379 3598 3447 Obsecro,
3628 3382 3731 3439 Do-

2142 3469 2310 3536 mine,
2368 3468 2541 3535 salva,
2581 3468 2837 3524 obsecro.
2877 3491 2898 3517 η
2934 3468 3084 3524 Idem
3120 3483 3355 3549 namque
3382 3468 3665 3543 signiﬁcat,
3694 3488 3728 3528 ο

2144 3566 2400 3632 Domine,
2433 3584 2530 3639 per
2557 3565 2996 3637 interjectionem
3034 3568 3392 3638 obsecrantis,
3441 3569 3586 3641 quod
3635 3570 3729 3626 ob—

2144 3671 2302 3712 secro
2344 3656 2575 3712 Domine
2630 3672 2728 3727 per
2780 3655 2967 3728 ipsum
3022 3656 3247 3712 verbum
3302 3657 3718 3717 obsecrationis.

2144 3746 2403 3801 Hosanna
2424 3746 2609 3817 itaque
2640 3744 2812 3815 salva,
2838 3745 3067 3802 obsecro
3087 3744 3385 3818 signiﬁcat,
3407 3758 3726 3822 consumpta

2140 3834 2339 3902 vocali,
2373 3852 2493 3906 quae
2521 3834 2745 3890 verbum
2790 3834 3122 3891 antecedens
3158 3835 3409 3892 terminat
3451 3851 3572 3893 cum
3610 3855 3727 3911 per-

2141 3924 2280 3981 fecte
2311 3923 2510 3980 dicitur
2536 3923 2684 3980 hosi.
2724 3922 2882 3993 Quod
2911 3923 3122 3981 metrici
3134 3924 3460 3981 scandendis
3479 3928 3726 3984 versibus

2143 4011 2527 4084 synalinpham
2584 4020 2803 4083 vocant,
2876 4012 3127 4085 quamvis
3195 4013 3445 4085 scriptam
3498 4015 3723 4073 litteram

2140 4111 2469 4167 scandentes
2484 4110 2809 4166 transiliam.
2840 4112 2901 4166 In
2931 4109 3035 4167 hoc
3056 4118 3236 4167 autem
3252 4112 3420 4168 verbo
3448 4113 3719 4181 Hosanna,

2138 4200 2316 4256 littera
2371 4215 2481 4256 non
2534 4199 2814 4266 scribitur,
2876 4199 2976 4256 sed
3004 4215 3170 4256 sensu
3224 4199 3560 4274 loquentium
3576 4204 3726 4263 salvo

2135 4289 2381 4347 funditus
2408 4288 2805 4346 intermittitur.

1482 4647 1610 4752 IN
1686 4644 1902 4751 DIE
1975 4641 2673 4750 PALMABUM

504 4939 526 4967 ς.
559 4914 736 4973 Dicite
764 4908 895 4966 ﬁliae
925 4905 1056 4964 Sion
1088 4919 1104 4959 :
1139 4902 1285 4958 Ecce
1313 4898 1429 4954 Rex
1444 4902 1571 4951 tuus
1592 4893 1741 4950 venit
1754 4892 1859 4948 tibi
1872 4906 2027 4947 man—
2053 4894 2106 4955 D
2135 4890 2281 4948 dicat
2307 4887 2589 4961 subjungit
2621 4904 2634 4945 :
2673 4911 2696 4938 ι
2729 4889 2878 4946 Ecce
2938 4903 3031 4945 rex
3063 4895 3186 4944 tuus
3240 4888 3406 4944 venit.
3465 4906 3488 4939 ι
3519 4886 3714 4944 Reces-

428 5015 636 5071 suetus,
667 5001 869 5059 sedens
915 5009 1083 5067 super
1111 4990 1324 5047 asinam
1354 4993 1412 5043 et
1435 4984 1645 5057 pullum
1673 4981 2024 5054 subjugalem

426 5095 695 5168 (Zachar.
734 5090 829 5161 tx).
862 5083 1090 5143 Mandat
1118 5078 1382 5168 vobisrex
1404 5073 1666 5168 caelestis,
1686 5070 2023 5168 fratr-asotia.-

426 5159 650 5251 rissimi,
705 5159 809 5253 per
863 5173 1186 5249 prophetam
1241 5163 1579 5231 Zachariam,
1602 5159 1900 5253 ggau-dium
1938 5159 2023 5253 sui

425 5247 725 5331 adventus:
768 5247 930 5324 Venit
956 5261 1026 5318 ad
1071 5253 1569 5315 reconciliationem
1600 5248 1887 5313 Dominus,
1931 5247 2023 5320 qui

424 5380 492 5421 ex
536 5368 765 5435 peccato
821 5351 985 5429 primi
1041 5345 1284 5422 parentis
1311 5342 1501 5435 vobis
1556 5341 1733 5397 fuerat
1787 5338 2020 5435 alienus.

422 5453 485 5508 Et
517 5428 803 5520 antequam
832 5428 1101 5509 veniret”
1132 5433 1399 5509 pmmisit
1423 5432 1661 5520 legatos,
1708 5428 2021 5520 prophetas,

425 5517 789 5610 patriarchas,
820 5533 1012 5590 dicens
1031 5528 1114 5585 eis
1142 5544 1158 5583 :
1198 5547 1221 5578 ι
1252 5522 1427 5610 Dicite
1459 5518 1583 5610 ﬁliae
1611 5519 1765 5610 Sion,
1799 5538 1824 5570 ι
1848 5517 1909 5610 id
1933 5522 2022 5610 est

424 5605 738 5684 annuntiate
766 5619 1031 5679 Ecclesia
1084 5630 1247 5672 mem.
1309 5609 1483 5681 Quam
1504 5606 1672 5665 ﬁliam
1704 5605 1837 5662 Sion
1896 5605 2021 5661 ideo

426 5723 605 5782 vocat,
636 5713 762 5785 quia
792 5708 906 5764 ﬁlia
934 5700 1332 5778 speculationis
1358 5707 1416 5755 et
1442 5694 1828 5754 delectationis
1858 5693 2021 5785 debet

424 5819 566 5861 esse.
594 5782 730 5859 Sion
756 5799 908 5856 enim
929 5792 1242 5868 speculatia
1263 5789 1683 5861 interpretatur:
1710 5799 1832 5856 quas
1855 5798 1890 5840 a
1907 5782 2019 5855 spi-

426 5890 721 5949 ritualibus
745 5885 997 5945 hostibus
1020 5880 1186 5938 debet
1212 5876 1317 5934 sibi
1368 5874 1686 5978 providere.
1718 5872 1830 5929 Sed
1885 5870 2017 5944 quid

2102 4979 2278 5037 'serat
2333 4978 2599 5036 Dominus
2651 4994 2750 5049 per
2796 4985 3084 5050 peccatum
3112 4977 3182 5032 ab
3226 4977 3465 5033 humano
3492 4990 3710 5048 genere,

2133 5069 2228 5141 qui
2256 5068 2537 5140 proximus
2566 5067 2619 5125 ei
2664 5068 2843 5124 fuerat
2894 5065 3290 5123 rationabiliter
3332 5064 3557 5122 viventi.
3610 5063 3713 5121 Sed

2132 5159 2226 5230 qui
2257 5165 2569 5214 recesserat
2599 5172 2701 5227 per
2731 5155 3048 5225 injustitiam
3098 5163 3363 5221 nostram,
3419 5153 3570 5210 venit
3619 5167 3712 5223 per

2131 5246 2560 5304 misericordiam
2589 5261 2767 5301 suam.
2801 5246 2902 5300 Per
2928 5245 3142 5302 viscera
3162 5243 3307 5300 enim
3330 5241 3710 5298 misericordiae

2130 5336 2254 5405 Dei,
2283 5336 2522 5393 visitavit
2549 5350 2650 5391 nos
2671 5335 2859 5391 oriens
2888 5350 2953 5390 ex
2981 5334 3093 5391 alto
3128 5333 3295 5397 (Luc.
3332 5334 3400 5403 ι).
3438 5330 3712 5388 Inclinavit

2131 5426 2302 5484 caelos
2330 5433 2385 5482 et
2411 5424 2717 5491 descendit,
2747 5431 2802 5481 et
2831 5424 3013 5497 caligo
3041 5423 3145 5479 sub
3176 5419 3704 5495 pedibusejus(Psal.

2122 5515 2295 5585 xvu).
2333 5513 2622 5570 Inclinavit
2651 5513 2842 5579 ccelos,
2881 5512 2934 5567 id
2991 5520 3076 5568 est
3104 5510 3405 5567 humiliavit
3457 5508 3702 5574 caelestia,

2121 5604 2331 5662 scilicet
2360 5602 2651 5669 Deitatem,
2684 5609 2739 5660 et
2753 5601 2904 5673 ipsos
2924 5600 3157 5675 angelos
3176 5616 3278 5673 per
3292 5596 3704 5656 commiseratio-

2120 5708 2266 5757 nem,
2300 5706 2465 5763 quam
2494 5688 2682 5744 habuit
2711 5688 2781 5745 de
2811 5685 3157 5760 reparatione
3201 5684 3421 5741 humani
3449 5683 3660 5759 generis
3686 5699 3699 5737 :

2120 5788 2174 5837 et
2202 5778 2320 5851 ipse
2347 5778 2642 5836 descendit
2689 5776 2929 5834 uniendo
2992 5774 3096 5832 sibi
3126 5776 3417 5831 humanam
3449 5781 3681 5828 naturam

2118 5854 2369 5926 Inclinati
2399 5864 2525 5924 sunt
2571 5867 2776 5940 angeli,
2834 5880 2959 5925 cum
3014 5865 3339 5923 accedentes
3392 5861 3464 5919 ad
3517 5862 3696 5931 Deum,
