3924 6402
105 440 207 494 905

1056 432 1637 491 DEFLORATIONES
1676 433 1783 491 SS.
1831 436 2133 495 PATRUM.
2160 466 2234 479 -—
2262 436 2388 492 LIB.
2431 438 2475 492 Ι.

3315 453 3417 505 906

104 560 485 616 ministrabant
515 560 589 614 ei.
626 556 736 614 Sed
764 558 1009 629 quamvis
1035 558 1273 627 humilis,
1307 558 1553 629 quamvis
1582 574 1711 629 par-
1743 546 1800 619 Α
1831 562 1979 632 quasi
2009 561 2128 619 vilis
2157 569 2208 617 et
2236 563 2658 633 contemptibilis
2706 573 2856 623 extra
2901 568 3174 626 civitatem
3222 571 3423 643 ejectus

105 652 271 723 ticeps
298 657 507 705 nostra:
538 647 871 720 fragilitatis.
905 656 1085 702 tamen
1113 647 1309 719 caligo,
1329 647 1380 701 id
1429 655 1505 703 est
1555 647 1730 703 obca-

108 741 244 795 catio
284 739 703 792 mundanorum
748 736 846 791 fuit
889 736 988 790 sub
1043 736 1273 805 pedibus
1328 735 1465 805 ejus,
1529 735 1584 790 id
1650 743 1731 791 est

107 838 347 909 plenarie
378 835 678 904 subjecta;
725 841 776 890 et
821 851 941 889 cum
976 832 1127 888 fortis
1155 833 1309 888 miles
1364 834 1432 888 ad
1489 849 1727 905 pugnam

115 928 367 991 venisset,
402 925 461 978 in
492 924 616 979 sole
663 924 840 994 posuit
886 922 1291 977 tabernaculum
1340 939 1494 976 suum
1550 924 1725 989 (Psal.

113 1018 291 1085 xvnr).
354 1012 801 1067 Tabernaculum
858 1011 1051 1066 Christi
1107 1010 1239 1065 illud
1305 1010 1621 1083 intelligitur
1673 1010 1729 1065 in

115 1129 215 1183 quo
246 1110 513 1167 militavit
542 1110 664 1165 Deo
696 1108 864 1174 Patri,
899 1109 1029 1163 illud
1062 1108 1256 1180 posuit,
1298 1107 1352 1162 id
1401 1116 1481 1162 est
1525 1108 1731 1164 consti-

115 1202 208 1256 tuit
245 1201 300 1255 in
339 1200 483 1267 sole,
529 1199 638 1253 hoc
676 1205 757 1253 est
793 1197 847 1251 in
889 1196 1125 1269 Virgine,
1185 1214 1305 1267 qua:
1360 1196 1461 1251 fuit
1505 1198 1729 1268 pulchra

110 1299 166 1346 ut
193 1291 340 1357 luna,
375 1289 559 1343 electa
587 1294 645 1341 ut
676 1287 787 1341 sol.
827 1287 994 1352 Luna,
1045 1286 1170 1355 quia
1217 1285 1525 1340 illuminans
1571 1294 1726 1340 tene-

110 1388 232 1443 bras
253 1385 432 1442 noctis
458 1399 473 1455 ;
509 1384 598 1441 sol
633 1383 759 1455 quia
778 1382 893 1439 sola
919 1398 1033 1455 prae
1062 1383 1266 1439 caateris
1294 1382 1469 1439 calore
1500 1382 1729 1455 Spiritus

113 1476 276 1532 sancti
306 1473 526 1529 inarsit.

181 1604 377 1659 Parato
408 1601 603 1671 itaque
634 1597 983 1655 tabernaculo
1013 1613 1131 1664 suo,
1162 1597 1459 1669 procedens
1486 1597 1554 1653 de
1598 1600 1724 1651 tha-

114 1694 253 1757 lamo
283 1707 406 1759 suo,
442 1698 711 1759 tanquam
755 1703 982 1757 sponsus
1029 1684 1209 1756 (ibid.)
1263 1686 1500 1741 Ecclesia
1555 1686 1725 1740 factus

116 1790 192 1837 est
218 1797 315 1853 per
343 1778 531 1835 carnis
552 1776 1011 1846 conjunctionem.
1038 1774 1355 1845 Procedens,
1376 1775 1615 1844 inquam,
1657 1774 1723 1828 de

117 1880 350 1935 thalamo
379 1893 509 1943 suo,
541 1876 600 1930 id
630 1882 710 1930 est
736 1874 803 1929 de
832 1881 983 1928 utero
1009 1873 1283 1944 virginali,
1332 1872 1618 1928 exsultavit
1668 1879 1723 1926 ut

116 1970 289 2042 gigas,
321 1967 379 2022 id
410 1973 498 2020 est
527 1972 589 2019 ut
637 1964 807 2033 fortis,
857 1969 916 2017 ut
957 1961 1245 2017 invicibilis
1291 1960 1359 2016 ad
1405 1959 1723 2016 currendam

116 2059 259 2116 viam
288 2056 505 2111 militia
528 2067 693 2123 sum;
754 2059 807 2107 et
863 2051 1011 2106 venit
1065 2050 1132 2106 ad
1176 2049 1490 2105 bellandum
1544 2057 1730 2105 contra

119 2153 419 2226 principem
452 2149 623 2220 hujus
664 2147 869 2217 mundi,
920 2147 1149 2202 dicens:
1206 2170 1227 2195 α
1277 2148 1435 2203 Nunc
1479 2146 1730 2217 princeps

121 2243 279 2313 hujus
307 2241 504 2296 mundi
535 2238 784 2309 ejicietur
811 2238 955 2293 foras
984 2237 1169 2304 (Joan.
1202 2239 1330 2306 xu),
1374 2259 1396 2285 υ
1449 2236 1652 2291 scilicet
1698 2251 1731 2290 a

120 2331 391 2386 mentibus
429 2328 739 2397 hominum,
781 2326 836 2380 in
874 2326 1068 2397 quibus
1097 2325 1365 2397 regnabat
1387 2325 1558 2395 prius.
1599 2323 1728 2380 Ele-

123 2429 199 2502 git
232 2436 415 2485 autem
446 2441 659 2499 paucos
688 2441 868 2480 secum
899 2432 953 2479 et
980 2439 1263 2495 pauperes,
1291 2431 1348 2477 ut
1377 2422 1451 2478 ait
1493 2425 1729 2491 Aposto-

123 2518 245 2574 lus:
284 2541 306 2566 ιι
342 2516 533 2588 Elegit
576 2531 697 2585 qua;
739 2512 897 2568 stulta
942 2520 1063 2566 sunt
1107 2511 1291 2567 mundi
1338 2518 1396 2566 ut
1439 2510 1733 2567 confundat

126 2608 412 2679 sapientes,
478 2612 534 2660 et
573 2603 788 2658 inﬁrma
843 2602 1031 2657 mundi
1095 2610 1155 2656 ut
1216 2601 1509 2657 confundat
1573 2600 1733 2655 fortia

126 2706 175 2775 (Ι
201 2704 327 2762 Cor.
366 2703 429 2774 ι).
468 2727 492 2753 υ
531 2701 676 2771 Quid
704 2701 847 2757 enim
896 2702 1096 2769 Petrus,
1131 2699 1261 2770 quid
1315 2700 1572 2768 Andreas,
1630 2698 1731 2753 nisi

131 2794 441 2865 insipientes
470 2800 527 2847 et
558 2790 827 2864 ignobiles
855 2791 883 2843 ?
925 2790 991 2845 Et
1035 2801 1215 2844 tamen
1260 2788 1326 2843 de
1376 2788 1479 2842 illis
1524 2789 1727 2860 paucis,

132 2900 265 2938 unus
291 2881 601 2946 succubuit,
636 2880 690 2933 id
719 2887 798 2935 est
824 2878 1007 2947 Judas,
1041 2878 1131 2949 qui
1161 2895 1284 2933 eum
1334 2877 1574 2933 tradidit.
1632 2878 1730 2932 Ju-

136 2981 227 3037 das
256 2983 399 3037 enim
431 2979 667 3052 cupidus
695 2986 807 3034 erat
836 2986 891 3033 et
917 2978 1005 3033 fur
1041 2985 1094 3034 et
1140 2978 1344 3033 loculos
1392 2978 1616 3045 habens,
1667 2994 1732 3033 ea

134 3087 247 3141 quae
276 3071 633 3126 mittebantur
678 3068 928 3140 portabat
972 3069 1159 3136 (Joan.
1216 3069 1342 3138 xu).
1394 3069 1496 3121 Iste
1544 3067 1733 3123 videns

135 3160 349 3215 Mariam
382 3165 724 3232 unguentum
755 3158 1047 3230 pretiosum
1094 3172 1255 3227 super
1300 3164 1459 3227 caput
1512 3156 1731 3212 Domini

137 3255 348 3327 fudisse,
381 3258 494 3313 ait:
529 3258 602 3313 Ut
621 3256 748 3325 quid
766 3254 992 3326 perditio
1012 3256 1128 3309 haec
1147 3256 1176 3307 ‘I
1198 3254 1374 3309 Potuit
1409 3254 1553 3308 enim
1585 3253 1727 3308 istud
1757 3275 1807 3340 ρ

135 3346 423 3402 venundari
455 3345 629 3400 multo
660 3353 712 3399 et
740 3344 854 3399 dari
885 3344 1250 3415 pauperibus(
1285 3343 1481 3399 Matth.
1533 3346 1715 3411 xxvr).

135 3436 310 3505 Itaque
366 3435 503 3491 abiit
560 3432 630 3490 ad
693 3448 936 3488 summos
989 3432 1310 3500 sacerdotes,
1370 3440 1427 3488 ut
1480 3432 1730 3503 proderet

137 3548 271 3587 eum.
304 3532 508 3588 Infelix
540 3529 705 3586 Judas
728 3532 1029 3586 lDamnum
1059 3530 1315 3585 credebat
1341 3547 1397 3583 se
1428 3529 1626 3584 habere
1673 3529 1730 3582 in

136 3618 384 3677 effusione
422 3619 734 3692 unguenti:
780 3619 1057 3688 voluitque
1100 3634 1514 3687 recompensare
1557 3618 1728 3689 pretio

138 3709 389 3782 magistri.
432 3709 546 3766 Sed
583 3724 705 3763 cum
744 3724 952 3763 summa
992 3707 1362 3762 misericordia
1406 3706 1727 3778 discipulum

137 3816 392 3863 errantem
421 3808 588 3864 vellet
617 3805 904 3878 corripere,
954 3806 1167 3861 dicebat
1217 3824 1229 3860 :
1286 3828 1308 3854 α
1363 3805 1467 3873 Qui
1514 3805 1730 3877 intingit

138 3912 338 3952 mecum
367 3913 594 3952 manum
624 3895 680 3949 in
708 3895 1018 3965 paropside,
1052 3895 1138 3949 hic
1184 3911 1271 3948 me
1324 3894 1610 3948 traditurus
1650 3901 1729 3949 est

140 3985 333 4057 (ibid),
361 4010 383 4035 »
410 3995 468 4042 ut
487 4002 613 4042 cum
640 3983 820 4050 sciret,
842 4001 966 4039 eum
1003 3999 1334 4056 cognoscere
1373 3983 1727 4055 cogitationes

139 4100 271 4154 suas,
294 4085 599 4155 paeniteret.
623 4083 754 4137 Aliis
773 4090 951 4137 autem
990 4098 1182 4137 manus
1208 4081 1599 4136 retrahentibus
1625 4082 1725 4135 Ju-

139 4170 228 4227 das
255 4172 610 4244 impudentia,
642 4187 748 4241 qua
777 4170 1083 4241 proditurus
1101 4177 1214 4226 erat
1242 4170 1552 4237 Dominum,
1601 4186 1727 4224 ma-

139 4276 259 4316 num
287 4279 408 4317 cum
439 4260 701 4333 Magistro
753 4260 808 4313 in
864 4259 1101 4315 catinum
1158 4259 1326 4325 misit,
1384 4266 1443 4313 ut
1502 4259 1727 4314 audacia

139 4374 229 4414 sua
261 4360 460 4415 bonam
511 4357 896 4414 conscientiam
950 4356 1225 4412 mentiret.
1300 4356 1368 4410 Et
1428 4372 1551 4411 cum
1606 4357 1724 4412 Do-

140 4447 306 4503 minus
333 4448 572 4504 diceret:
614 4470 636 4496 ‹ι
659 4447 808 4503 Unus
827 4462 895 4500 ex
913 4445 1069 4501 vobis
1099 4445 1271 4499 tradet
1298 4460 1385 4499 me
1428 4446 1610 4517 (ibid.)
1644 4460 1657 4514 ;
1695 4467 1716 4495 υ
1750 4508 1754 4513 _

141 4544 189 4591 et
206 4538 293 4591 alii
312 4537 554 4594 dicerent
579 4554 591 4590 :
622 4558 643 4584 «ι
668 4535 922 4605 Nunquid
943 4551 1047 4606 ego
1066 4551 1185 4588 sum
1206 4534 1473 4589 Domine?
1499 4556 1519 4582 ιι
1540 4534 1724 4604 (ἰὺίᾰ.)

1835 667 1932 727 est,
1966 668 2018 715 et
2039 676 2250 716 crucem
2280 677 2431 716 suam
2462 664 2696 733 portavit
2741 673 2792 720 et
2834 666 2973 722 inter
3017 668 3250 725 latrones
3296 687 3423 727 cru-

1834 747 2021 803 ciﬁxus
2049 757 2127 804 est
2155 749 2210 804 in
2242 749 2359 805 loco
2387 751 2666 820 Calvarize,
2699 761 2751 808 et
2780 754 2871 809 ubi
2900 756 2977 810 rei
2999 756 3419 831 decollabantur,

1835 837 2141 892 interfectus
2170 846 2265 892 est.
2300 839 2406 893 Sed
2437 857 2558 895 cum
2588 859 2755 913 prava
2784 843 3079 901 intentione
3106 848 3222 902 hinc
3267 847 3425 905 fecis-

1833 940 1951 987 sent
1976 934 2164 1000 Judzei,
2199 935 2317 1005 pius
2344 937 2605 992 Dominus
2637 957 2836 1011 magna
2877 942 3271 1013 dispensatione
3309 949 3427 1003 hac

1837 1023 1933 1076 tria
1972 1021 2107 1077 ﬁerit
2134 1024 2303 1079 voluit
2336 1044 2347 1079 :
2382 1042 2488 1080 non
2533 1028 2705 1082 solum
2762 1030 2907 1084 enim
2960 1031 3016 1086 in
3068 1034 3171 1089 hoc
3224 1051 3424 1106 genere

1834 1112 2019 1165 mortis
2074 1113 2243 1168 voluit
2299 1113 2427 1168 dare
2481 1116 2908 1188 redemptionem
2957 1121 3286 1193 hominibus,
3326 1124 3423 1180 sed

1832 1208 1993 1262 etiam
2033 1209 2198 1265 vitam
2262 1221 2495 1266 nostram
2550 1214 2862 1271 informare.
2921 1218 3047 1273 Non
3113 1221 3256 1275 enim
3313 1222 3427 1278 sine

1831 1314 1991 1353 causa
2020 1300 2191 1354 voluit
2218 1302 2394 1370 potius
2422 1301 2665 1375 cruciﬁgi
2693 1322 2855 1374 quam
2881 1306 3130 1377 lapidari,
3179 1310 3267 1365 vel
3314 1311 3421 1367 alio

1830 1398 2031 1453 genere
2076 1385 2322 1455 supplicii
2350 1386 2548 1456 puniri,
2606 1388 2698 1442 sed
2756 1397 2812 1443 ut
2866 1390 3067 1460 aliquid
3120 1393 3315 1450 debeat
3368 1395 3425 1449 in

1831 1478 2095 1547 ejectione
2126 1488 2177 1534 et
2206 1480 2554 1537 cruciﬁxione
2585 1500 2616 1539 a
2646 1484 2802 1540 nobis
2831 1485 3077 1559 intelligi,
3100 1488 3256 1545 docet
3283 1492 3425 1563 Apo-

1828 1567 1997 1621 stolus
2025 1584 2146 1621 cum
2178 1568 2308 1625 dicit
2339 1590 2351 1625 :
2391 1594 2412 1620 α
2445 1572 2718 1627 Exeamus
2748 1575 2815 1629 ad
2845 1593 2969 1630 eum
3001 1585 3151 1633 extra
3175 1587 3366 1648 castra,
3395 1602 3417 1630 υ

1831 1663 1933 1712 etc.
1994 1657 2285 1712 Videamus
2336 1659 2499 1731 igitur
2545 1664 2817 1732 quomodo
2892 1665 3185 1723 debeamus
3252 1671 3420 1741 exire,

1830 1762 1883 1809 et
1910 1771 1940 1809 a
1973 1755 2166 1825 quibus
2194 1758 2397 1825 castris,
2450 1767 2502 1814 et
2548 1761 2693 1831 quod
2739 1761 3127 1835 improperium
3175 1774 3415 1839 portare.

1831 1841 2080 1911 Quandiu
2111 1844 2166 1898 in
2196 1847 2406 1901 mortali
2438 1849 2540 1903 hoc
2587 1866 2812 1921 corpore
2857 1870 3058 1920 sumus,
3114 1871 3146 1909 a
3191 1856 3424 1916 Domino

1750 1921 1805 1983 B
1836 1934 2260 2005 peregrinamur.
2294 1936 2491 1991 Sumus
2520 1938 2663 1993 enim
2695 1940 2751 1994 in
2797 1941 2879 1995 his
2916 1944 3228 2013 corporibus
3276 1948 3427 2018 quasi

1836 2029 1892 2084 in
1920 2030 2125 2097 castris,
2183 2030 2446 2087 bellantes
2500 2040 2687 2091 contra
2740 2037 3072 2108 spiritualem
3124 2040 3422 2099 inimicum.

1838 2118 1946 2175 Sed
1975 2119 2028 2173 in
2058 2119 2140 2173 his
2167 2120 2369 2189 castris,
2402 2120 2457 2174 id
2486 2129 2565 2176 est
2592 2123 2647 2177 in
2693 2140 2854 2180 carne
2896 2126 3270 2186 delectandum
3318 2149 3429 2190 non

1837 2213 1936 2273 est,
1968 2207 2094 2277 quia
2121 2215 2179 2263 ut
2207 2209 2282 2263 ait
2306 2211 2592 2281 Apostolus
2624 2228 2636 2264 :
2695 2235 2716 2262 α
2768 2215 3051 2272 Debitores
3094 2236 3279 2277 sumus
3319 2239 3428 2279 non

1838 2306 1981 2360 carni
2013 2314 2071 2361 ut
2097 2308 2391 2363 secundum
2440 2326 2657 2366 carnem
2711 2312 2975 2369 vivamus.
3036 2315 3093 2372 Si
3149 2319 3293 2374 enim
3335 2338 3426 2378 se-

1838 2396 2072 2449 cundum
2102 2412 2317 2451 carnem
2349 2397 2606 2467 vixeritis,
2648 2401 2953 2458 moriemini
3005 2406 3179 2477 (Rom.
3230 2409 3365 2483 Vill).
3402 2434 3425 2461 υ

1837 2483 2159 2538 Exeundum
2191 2501 2320 2557 ergo
2352 2494 2432 2540 est
2451 2486 2518 2542 ab
2550 2488 2630 2543 his
2658 2491 2863 2556 castris,
2911 2500 2969 2547 ut
3010 2511 3119 2550 non
3171 2498 3431 2569 subjicia-

1839 2597 1961 2634 mur
1991 2580 2234 2637 dominio
2265 2584 2476 2653 carnis;
2510 2584 2672 2641 debet
2718 2589 2860 2642 enim
2892 2593 3109 2661 servire,
3160 2611 3268 2651 non
3324 2598 3432 2652 im-

1836 2686 2046 2740 perare.
2082 2671 2235 2726 Unde
2263 2674 2549 2741 Apostolus
2585 2694 2596 2730 :
2637 2698 2659 2724 «
2694 2677 2907 2750 Castigo
2938 2697 3133 2752 corpus
3152 2701 3351 2754 meum,
3385 2695 3439 2742 et

1839 2759 1893 2813 in
1922 2759 2230 2815 servitutem
2261 2762 2451 2833 redigo
2485 2763 2534 2831 (Ι
2580 2764 2700 2820 Cor.
2760 2770 2863 2837 ιχ),
2900 2791 2922 2817 ι»
2986 2772 3073 2825 vel
3101 2774 3350 2843 subjicio,
3382 2776 3438 2830 id

1839 2856 1917 2903 est
1947 2856 2002 2902 ut
2032 2849 2228 2904 serviat
2256 2850 2471 2905 animae.
2503 2853 2617 2908 Hoc
2647 2855 2794 2911 exire
2824 2865 2901 2911 est
2927 2857 3078 2929 illud,
3130 2863 3274 2931 quod
3320 2864 3436 2921 Do-

1839 2946 2018 3000 minus
2049 2946 2101 2999 in
2131 2946 2427 3018 Evangelio
2464 2949 2538 3003 ait
2572 2969 2582 3004 :
2624 2973 2645 2997 «
2680 2950 2782 3020 Qui
2812 2955 2927 3009 vult
2955 2958 3138 3013 venire
3164 2969 3287 3028 post
3326 2980 3434 3031 me,

1838 3033 2075 3105 abneget
2101 3036 2448 3106 semetipsum
2480 3046 2586 3093 etc.
2631 3040 2835 3109 (Matth
2901 3048 3033 3113 xvr).
3072 3069 3093 3094 ››
3148 3048 3437 3121 Abnegare

1838 3122 2099 3177 debemus
2126 3123 2179 3176 in
2210 3124 2366 3178 nobis
2396 3125 2545 3194 ipsis,
2605 3143 2714 3182 non
2769 3131 2913 3199 quod
2966 3133 3043 3187 ibi
3092 3134 3217 3190 fecit
3269 3139 3433 3210 Deus,

1841 3221 1933 3274 sed
1964 3237 2060 3275 nos
2110 3221 2364 3275 facimus.
2431 3221 2801 3296 Quodcunque
2851 3228 3056 3284 bonum
3099 3233 3361 3291 habemus
3403 3255 3437 3293 a

1836 3309 1948 3363 Deo
1978 3317 2075 3373 est,
2110 3310 2465 3380 quodcunque
2494 3314 2694 3367 malum
2747 3315 2816 3370 ab
2862 3318 3100 3376 homine.
3151 3322 3293 3393 Ergo
3342 3327 3433 3396 qui

1834 3398 2130 3467 furabatur,
2157 3398 2273 3467 jam
2306 3416 2412 3455 non
2444 3399 2663 3456 furetur.

1904 3515 2137 3569 Audistis
2167 3516 2295 3586 quid
2326 3526 2404 3572 est
2431 3519 2579 3575 exire
2606 3528 2761 3577 extra
2789 3531 2979 3593 castra,
3028 3528 3192 3583 modo
3239 3530 3431 3588 videa-

1835 3629 1956 3666 mus
1995 3613 2122 3682 quid
2180 3613 2247 3667 sit
2312 3624 2526 3686 portare
2586 3618 2974 3691 imprOperium
3038 3626 3250 3682 Christi.
3319 3631 3435 3687 Hoc

1834 3702 1979 3756 idem
2011 3711 2108 3769 est,
2139 3704 2283 3773 quod
2306 3705 2360 3759 in
2393 3706 2484 3761 illo
2513 3708 2797 3765 Dominico
2827 3711 3022 3767 dicitur
3054 3732 3065 3769 :
3104 3737 3125 3764 α
3169 3717 3237 3771 Et
3287 3721 3436 3776 tollat

1835 3816 2049 3855 crucem
2080 3818 2231 3856 suam
2263 3802 2465 3873 (ibid).
2504 3826 2525 3853 ι»
2563 3805 2705 3875 Quid
2736 3816 2814 3862 est
2843 3811 3030 3867 tollere
3058 3829 3271 3871 crucem
3324 3818 3431 3875 Do-

1834 3889 1965 3943 mini
1996 3891 2025 3942 ‘I
2053 3891 2314 3945 Dominus
2341 3892 2464 3947 ideo
2495 3895 2661 3949 voluit
2680 3898 2781 3951 hoc
2810 3916 2980 3970 genus
3026 3905 3275 3959 tormenti
3324 3908 3429 3961 eli-

1832 3994 1982 4049 gere,
2015 3986 2072 4033 ut
2097 3979 2220 4035 inde
2251 3998 2527 4037 sumamus
2555 3987 2862 4056 exemplum
2893 3990 2977 4044 vel
3008 3989 3238 4047 formam
3278 3995 3424 4052 vitae.

1835 4075 1982 4130 Sicut
2010 4075 2153 4130 enim
2201 4076 2485 4133 cruciﬁxus
2540 4097 2647 4136 non
2694 4091 2868 4153 potest
2917 4088 3162 4144 membra
3215 4108 3312 4147 sua
3358 4094 3429 4149 ad

1833 4162 2042 4233 aliquas
2071 4164 2306 4221 actiones
2335 4166 2539 4238 digere,
2589 4170 2779 4225 eodem
2830 4174 2992 4230 modo
3038 4185 3273 4233 veterem
3321 4183 3427 4238 ho-

1832 4256 2035 4310 minem
2065 4273 2188 4311 cum
2231 4259 2374 4315 vitiis
2423 4268 2477 4315 et
2521 4264 2968 4335 concupiscentiis
3010 4272 3204 4326 nostris
3251 4272 3426 4330 debe-

1831 4370 1951 4408 mus
1979 4354 2312 4427 cruciﬁgere,
2345 4365 2403 4411 ut
2430 4374 2603 4430 neque
2634 4377 2747 4431 pes,
2782 4380 2956 4434 neque
3001 4384 3211 4439 manus,
3254 4387 3429 4442 neque

1832 4442 1975 4497 aliud
2005 4444 2329 4511 membrum,
2363 4448 2530 4517 possit
2557 4450 2792 4519 aliquam
2847 4455 3117 4511 fallaciam
3165 4476 3427 4533 peragere

1831 4548 1929 4586 nec
1957 4533 2215 4604 cogitare.
2248 4534 2520 4591 Tollamus
2549 4555 2679 4610 ergo
2711 4556 2924 4598 crucem
2956 4546 3112 4612 hanc,
3145 4554 3196 4602 et
3226 4549 3280 4602 in
3320 4567 3425 4606 no-

140 4633 291 4689 Judas
318 4635 390 4690 ait
419 4652 431 4687 :
495 4656 518 4683 ι
548 4633 803 4702 Nunquid
860 4647 963 4703 ego
1018 4647 1137 4686 sum
1193 4630 1366 4685 Rabbi
1395 4632 1424 4683 ?
1453 4652 1475 4679 υ
1538 4631 1720 4701 (ibid)
1749 4636 1806 4701 D
1836 4631 1920 4685 bis
1944 4632 2319 4704 cruciﬁgamus
2348 4635 2494 4691 vitia.
2525 4637 2681 4693 Nunc
2709 4640 2873 4711 igitur
2901 4659 3173 4713 exeamus,
3216 4644 3424 4717 fratres,

140 4722 204 4777 Hi
230 4725 493 4779 vocabant
520 4722 836 4788 Dominum,
868 4721 958 4775 ille
1013 4720 1346 4791 magistrum,
1411 4719 1537 4790 quia
1582 4720 1728 4776 vole-

142 4809 229 4867 bat
252 4820 558 4883 peccatum,
591 4810 736 4882 quod
763 4817 1103 4881 conceperat,
1137 4809 1190 4863 in
1219 4811 1323 4865 hoc
1368 4808 1537 4865 verbo
1583 4809 1727 4880 quod

144 4906 354 4978 dixerat,
394 4911 671 4983 Magister,
713 4908 1032 4964 diminuere.
1073 4906 1251 4962 Minus
1296 4906 1440 4962 enim
1496 4907 1724 4963 videba-

144 4999 444 5055 turtradere
495 4998 811 5071 Magistrum
868 5013 1031 5069 quam
1081 4996 1392 5053 Dominum.
1439 4996 1546 5052 Sed
1583 4998 1728 5051 hunc

143 5085 390 5144 Dominus
419 5087 679 5162 patientia
706 5087 998 5158 superavit,
1033 5085 1160 5155 quia
1197 5101 1321 5141 eum
1365 5086 1582 5155 pertulit
1611 5102 1623 5138 :
1673 5089 1728 5141 et

146 5188 381 5253 quamvis
417 5185 632 5245 noverit
668 5201 792 5242 eum
834 5184 1185 5255 proditorem,
1233 5191 1412 5238 tamen
1457 5184 1638 5239 lavare
1676 5184 1726 5239 ei

150 5273 303 5343 pedes
329 5292 435 5332 non
465 5273 672 5331 abnuit.
705 5272 952 5329 Traditus
981 5279 1061 5327 est
1101 5273 1278 5342 itaque
1320 5272 1583 5327 Dominus
1624 5273 1724 5326 Ju-

146 5360 266 5418 dreis
295 5372 346 5420 et
374 5372 527 5421 extra
553 5371 763 5433 portam
815 5377 1002 5434 passus
1031 5369 1111 5417 est
1146 5361 1217 5416 ab
1247 5361 1343 5430 eis,
1388 5368 1446 5415 ut
1482 5359 1722 5416 sanctiﬁ-

148 5469 279 5517 oaret
303 5478 399 5533 per
449 5479 612 5519 suum
666 5460 986 5534 sanguinem
1043 5459 1327 5531 populum.
1401 5481 1423 5507 «
1456 5460 1724 5515 Exeamus

148 5547 298 5621 igitur
323 5555 389 5608 ad
415 5570 540 5611 eum
561 5559 713 5609 extra
758 5558 951 5619 castra,
1000 5548 1389 5622 improperium
1434 5549 1548 5619 ejus
1588 5565 1721 5620 por-

150 5643 305 5696 tantes
332 5644 509 5711 (Hebr.
542 5643 698 5714 xm).
734 5663 757 5692 ι)

210 5753 484 5812 Recordari
515 5755 678 5828 igitur
723 5753 995 5809 debemus
1030 5757 1286 5824 quantum
1332 5749 1719 5824 improperium

152 5853 239 5911 pro
266 5844 411 5900 nobis
436 5861 626 5916 passus
671 5851 752 5899 est
792 5842 1073 5911 Dominus,
1125 5840 1270 5911 quia,
1319 5856 1442 5896 cum
1490 5840 1558 5896 ad
1606 5847 1719 5895 lur-

152 5945 266 6002 pem
293 5933 567 5992 duceretur
592 5941 843 6001 mortem,
875 5938 1026 5988 extra
1054 5930 1326 5991 civitatem
1374 5930 1577 6002 ejectus
1621 5937 1717 6001 est,

447 6033 716 6100 PATROL.
749 6030 988 6099 CLVII.

1836 4721 2045 4777 Christo
2076 4723 2293 4779 obviam
2325 4741 2444 4779 cum
2475 4728 2689 4795 palmis,
2725 4728 2780 4783 id
2825 4739 2904 4785 est
2947 4733 3185 4789 victoriis
3230 4736 3427 4794 habitis

1834 4826 1996 4879 super
2022 4810 2242 4867 diabolo
2272 4821 2325 4867 et
2352 4814 2547 4885 opibus
2571 4816 2704 4885 ejus,
2737 4826 2788 4872 et
2817 4835 2939 4873 cum
2984 4819 3205 4877 ﬂoribus
3249 4825 3425 4881 virtu-

1836 4913 1966 4962 tum.
2009 4907 2213 4964 Oﬂ‘erat
2243 4910 2377 4965 alius
2404 4911 2590 4966 ﬂorem
2620 4913 2936 4986 dilectionis,
2969 4934 3088 4988 quae
3117 4920 3429 4993 principalis

1834 5004 1913 5052 est
1939 4997 2091 5051 radix
2122 4998 2361 5054 omnium
2394 5002 2665 5057 virtutum.
2697 5005 2777 5059 De
2812 5021 2917 5075 qua
2962 5007 3035 5061 ait
3082 5005 3376 5082 Gregorius
3408 5059 3420 5071 .

1838 5113 1861 5144 α
1898 5094 2046 5148 Sicut
2075 5095 2226 5149 multi
2256 5096 2461 5152 arboris
2488 5099 2645 5170 rami,
2676 5118 2745 5156 ex
2772 5118 2878 5157 una
2904 5103 3085 5159 radice
3135 5107 3420 5179 prodeunt,

1832 5190 1908 5246 sic
1945 5193 2129 5248 multa:
2166 5193 2388 5249 virtutes
2426 5213 2493 5251 ex
2548 5212 2655 5253 una
2708 5200 2963 5257 charitate
3013 5214 3356 5275 generantur.
3393 5232 3415 5259 »

1830 5281 1979 5335 Alius
2006 5281 2193 5337 offerat
2220 5282 2408 5339 florem
2440 5286 2764 5358 virginitatis
2809 5298 2863 5345 et
2912 5292 3082 5347 lilium
3131 5296 3412 5355 castitatis.

1830 5370 1958 5425 Haec
1998 5379 2076 5425 est
2112 5370 2207 5427 illa
2270 5372 2437 5429 virtus
2502 5391 2621 5445 quae
2686 5381 3081 5438 commendavit
3140 5383 3425 5458 Joannem,

1830 5482 1991 5536 quem
2023 5466 2286 5540 diligebat
2310 5469 2480 5537 Jesus,
2516 5471 2641 5541 quia
2671 5473 2825 5547 virgo
2874 5477 3074 5534 electus
3121 5488 3201 5535 est
3242 5499 3274 5538 a
3320 5485 3430 5543 Do-

1828 5556 1996 5623 mino,
2029 5573 2189 5627 quem
2221 5558 2335 5629 ipse
2366 5558 2549 5615 laudat
2576 5560 2630 5615 in
2677 5565 2997 5636 Apocalypsi
3032 5584 3043 5621 :
3101 5592 3123 5619 «
3183 5571 3249 5626 lli
3305 5583 3431 5633 sunt

1830 5644 2063 5715 quicum
2086 5646 2401 5702 mulieribus
2422 5664 2529 5703 non
2544 5658 2667 5705 sunt
2686 5652 3035 5727 coinquinati,
3058 5681 3081 5707 η
3109 5666 3209 5715 etc.
3233 5663 3424 5737 (Apoc.

1828 5744 1970 5814 xrv).
2004 5743 2151 5796 Alius
2181 5742 2249 5797 sit
2301 5744 2558 5812 praeditus
2612 5746 2743 5803 ﬂore
2800 5751 3131 5823 humilitatis,
3189 5757 3427 5815 imitatus

1828 5847 1952 5887 eum
1984 5831 2073 5901 qui
2104 5832 2222 5886 ait:
2288 5831 2539 5888 «Discite
2596 5850 2629 5890 a
2684 5852 2771 5891 me
2829 5840 2954 5910 quia
3007 5842 3152 5899 mitis
3205 5862 3326 5901 sum
3373 5857 3428 5905 et

1827 5929 2046 5987 humilis
2072 5929 2236 5986 corde
2260 5929 2482 6003 (Matth.
2515 5932 2615 6005 xi).
2644 5954 2666 5983 υ
2688 5933 2866 5991 Alium
2895 5938 3114 5997 decoret
3140 5940 3238 5998 flos
3256 5942 3427 5999 mise-

3027 6036 3110 6099 29
