3924 6428
470 370 575 428 907

1585 362 1940 419 WERNERI
1994 361 2284 420 ABBATIS
2321 359 2384 417 S.’
2430 361 2660 420 BLASlI

473 495 742 561 ricordiae,
786 493 912 565 quia
964 515 988 542 «ι
1037 491 1182 548 beati
1227 488 1619 552 misericordes,
1667 488 1923 558 quoniam
1971 487 2072 548 ipsi
2103 507 2158 567 Α
2189 487 2406 558 excipit.
2441 485 2649 555 Quibus
2678 487 2904 557 stipatus
2934 489 3193 559 templum
3232 490 3540 562 ingrediens
3594 509 3806 550 emen-

475 583 903 640 misericordiam
932 587 1349 652 consequentur.
1400 601 1422 626 ιι
1456 578 1604 632 Alius
1641 584 1820 632 teneat
1865 593 2076 632 ramum

474 682 835 754 poenitentiae,
867 681 993 752 quia
1027 702 1049 728 α
1082 678 1226 736 beati
1257 677 1348 750 qui
1377 675 1620 731 fecerunt
1639 675 2030 748 paenitentiam,
2051 698 2074 724 υ

477 780 586 828 etc.
627 772 777 827 Alius
831 777 1136 826 concremet
1201 769 1356 822 thura
1418 764 1740 830 orationum,
1803 763 2079 820 dicendo:

484 885 506 911 α
541 861 816 933 Dirigatur
848 858 1020 915 oratio
1061 873 1202 923 mea,
1263 863 1364 910 etc.
1435 856 1611 923 (Psal.
1667 857 1818 924 CXL).
1855 875 1878 901 »
1933 852 2085 908 Alius

478 958 660 1022 pascat
689 950 744 1004 in
768 949 976 1006 Christo
999 962 1312 1019 pauperem,
1335 943 1688 999 reminiscens
1720 943 1855 996 illud
1898 943 2082 997 Evan-

476 1041 710 1112 gelieum
747 1058 760 1094 :
791 1060 814 1086 α
850 1037 1007 1107 Quod
1039 1037 1130 1091 uni
1158 1053 1226 1090 ex
1257 1033 1497 1089 minimis
1527 1031 1662 1087 meis
1709 1031 1928 1100 fecistis,
1977 1039 2080 1086 etc.

477 1130 700 1196 (Matth.
735 1131 894 1192 xxv).
941 1150 961 1174 υ
992 1127 1059 1180 Et
1090 1125 1266 1179 nullus
1322 1124 1396 1177 ita
1439 1121 1663 1177 accedat
1715 1137 1916 1176 vacuus
1961 1127 2085 1176 ante

477 1218 789 1284 Dominum,
825 1225 882 1271 ut
906 1223 1214 1270 mereantur
1242 1228 1431 1268 omnes
1487 1210 1710 1281 aequari,
1771 1219 1823 1265 et
1879 1217 1938 1264 ut
1991 1225 2085 1264 eos

476 1307 830 1379 supersedens
860 1305 1054 1361 ducere
1095 1312 1148 1360 et
1193 1319 1384 1375 regere
1441 1301 1510 1356 ad
1555 1301 1767 1370 palmas
1821 1299 2081 1354 Hierusa-

478 1399 584 1455 lem
614 1397 886 1468 dignetur.
921 1393 1094 1468 Igitur
1121 1393 1461 1466 ingrediente
1490 1389 1724 1446 Domino
1754 1405 1876 1444 cum
1917 1389 2084 1444 turbis

480 1487 773 1555 civitatem,
819 1483 974 1541 turba
1028 1498 1321 1554 puerorum
1379 1497 1441 1536 ac
1496 1487 1666 1534 totum
1722 1479 1919 1550 vulgus
1960 1494 2082 1534 cum

477 1585 675 1658 palmis
700 1583 920 1642 obviam
947 1581 1172 1656 proruit,
1205 1587 1258 1636 et
1285 1594 1474 1666 regem
1501 1577 1692 1652 gloriae
1721 1592 1844 1632 cum
1871 1577 2084 1649 hymnis

2189 585 2267 631 tes
2297 584 2349 630 et
2379 575 2672 631 vendentes
2700 577 2980 632 columbas
3007 578 3075 634 de
3101 578 3193 634 illo
3231 595 3350 635 cum
3397 579 3629 654 ﬂagellis
3671 583 3808 652 eje-

2188 665 2278 730 cit,
2321 673 2375 720 et
2412 665 2671 734 templum
2739 666 2826 720 cui
2889 667 3130 738 corporis
3191 667 3612 737 dissolvendum,
3700 673 3808 727 sed

2189 771 2311 835 post
2361 763 2594 818 triduum
2652 763 3091 820 reaediﬁcandum
3142 765 3408 838 praedixit.
3466 769 3528 823 In
3584 770 3806 842 templo

2191 851 2370 923 itaque
2400 853 2568 908 multa
2596 853 2752 925 signa
2781 853 3034 922 faciebat,
3065 863 3116 911 et
3160 855 3338 911 turbas
3383 857 3620 926 quotidie
3672 875 3808 914 cae-

2191 941 2342 998 lestia
2369 941 2618 997 docebat.
2652 943 2851 1000 Verum
2893 943 3019 1014 quia
3065 944 3153 1000 hic
3195 944 3308 1000 dies
3353 947 3604 1018 exemplo
3645 947 3808 1003 illius

2193 1031 2376 1102 populi
2409 1031 2478 1086 ab
2508 1031 2758 1086 universa
2789 1033 3024 1088 Ecclesia
3055 1049 3177 1088 cum
3224 1035 3416 1105 palmis
3460 1044 3510 1092 et
3565 1036 3807 1092 ﬂoribus

2191 1121 2512 1186 celebratur,
2543 1121 2658 1176 dies
2706 1123 3012 1192 palmarum
3059 1131 3421 1195 nuncupatur.
3473 1125 3633 1181 Feria
3691 1143 3806 1182 au-

2193 1225 2300 1272 tem
2332 1226 2520 1288 quarta
2548 1235 2580 1273 a
2609 1218 2746 1274 Juda
2779 1219 3036 1289 traditur;
3097 1220 3232 1276 feria
3287 1222 3470 1293 quinta
3523 1223 3688 1294 panis
3749 1231 3806 1278 et

2191 1307 2376 1362 vinum
2407 1308 2460 1362 in
2489 1323 2684 1379 corpus
2713 1315 2766 1362 et
2793 1308 3111 1381 sanguinem
3144 1309 3260 1380 ejus
3279 1310 3434 1366 nobis
3460 1312 3799 1383 conﬁcitur;

2191 1397 2328 1452 feria
2357 1405 2510 1452 sexta
2541 1413 2637 1468 pro
2667 1397 2839 1452 salute
2870 1399 3114 1454 omnium
3141 1398 3470 1472 cruciﬁgitur
3496 1419 3512 1468 ;
3560 1402 3803 1459 sabbato

2191 1486 2248 1540 in
2274 1487 2521 1556 sepulcro
2549 1487 2846 1556 requievit;
2897 1487 3182 1544 Dominica
3219 1505 3252 1544 a
3287 1497 3458 1546 morte
3503 1507 3804 1564 resurgens

2190 1576 2356 1634 vitam
2387 1584 2439 1632 et
2463 1575 2725 1650 gaudium
2755 1577 3007 1634 omnibus
3033 1576 3092 1632 in
3128 1593 3185 1634 se
3233 1579 3571 1652 sperantibus
3620 1579 3797 1638 dedit.

1537 1945 1668 2048 IN
1771 1941 2180 2049 COENA
2253 1943 2744 2049 DOMINI.

1725 2187 2126 2256 Secundum
2176 2187 2548 2256 Joannem.

553 2380 576 2411 «ι
609 2360 745 2416 Ante
793 2355 937 2412 diem
978 2351 1174 2410 festum
1222 2352 1444 2408 Paschaa
1498 2351 1674 2407 sciens
1727 2351 1897 2419 Jesus,
1959 2349 2085 2421 quia
2112 2350 2165 2410 B
2194 2349 2317 2404 Non
2347 2349 2556 2406 lavabis
2583 2349 2716 2405 mihi
2746 2350 2912 2423 pedes
2938 2350 2996 2406 in
3023 2359 3302 2424 aeternum,
3337 2376 3358 2404 υ
3393 2355 3496 2412 hoc
3523 2364 3605 2412 est
3639 2374 3787 2414 nun-

479 2448 630 2507 venit
656 2450 792 2504 hora
822 2445 941 2515 ejus
969 2452 1028 2499 ut
1077 2450 1312 2498 transeat
1357 2457 1423 2497 ex
1468 2441 1574 2497 hoc
1620 2439 1822 2496 mundo
1863 2439 1932 2496 ad
1977 2440 2084 2494 Pa-

479 2546 636 2608 trem,
669 2553 793 2592 cum
825 2533 1100 2589 dilexisset
1127 2548 1253 2587 suos
1281 2533 1337 2586 in
1365 2530 1528 2586 ﬁnem
1559 2530 1746 2584 dilexit
1775 2545 1866 2585 eos
1895 2531 2081 2600 (Joan.

483 2629 602 2698 xu).
635 2648 658 2676 ι»
695 2627 899 2682 Pascha
931 2624 1212 2679 transitus
1241 2621 1454 2690 dicitur,
1506 2619 1633 2690 quia
1680 2619 1944 2674 Dominus
1990 2633 2087 2689 per

486 2717 781 2788 Egyptum
819 2711 1046 2778 transiit,
1094 2709 1396 2782 percutiens
1421 2707 1784 2782 primogenita
1839 2707 1973 2778 ejus,
2034 2713 2088 2762 et

488 2812 654 2868 Filios
682 2809 847 2866 Israel
893 2807 1147 2874 liberans,
1199 2814 1252 2861 et
1303 2805 1431 2877 quia
1484 2803 1578 2860 ﬁlii
1633 2804 1798 2860 Israel
1851 2803 2084 2859 transie-

488 2909 613 2957 runt
638 2901 732 2956 illa
759 2906 916 2954 nocte
942 2897 1008 2952 de
1037 2895 1286 2968 Egyptia
1323 2895 1598 2950 servitute.
1658 2893 1817 2964 Quod
1871 2891 2086 2966 signiﬁ-

485 2989 878 3047 catDominum
897 2985 1240 3042 transiturum
1261 2984 1327 3038 (le
1369 2985 1472 3040 hoc
1506 2983 1710 3038 mundo
1736 2982 1804 3039 ad
1849 2983 2081 3050 Patrem,

485 3088 546 3137 ut
572 3078 759 3134 ﬁdeles
789 3077 904 3148 ejus
959 3076 1027 3131 de
1075 3073 1464 3144 temporalibus
1518 3073 1587 3128 ad
1643 3073 1900 3128 coelestia.
1967 3096 1988 3122 «
2023 3074 2084 3126 In

483 3167 649 3225 ﬁnem
681 3165 871 3222 dilexit
892 3181 1035 3231 suos,
1071 3187 1093 3213 υ
1131 3163 1186 3218 id
1217 3171 1296 3219 est
1324 3163 1378 3218 in
1407 3163 1664 3234 seipsum.
1702 3185 1723 3211 (ι
1757 3161 1904 3216 Finis
1939 3161 2083 3218 enim

483 3259 640 3332 legis,
673 3256 748 3314 ait
773 3255 1080 3328 Apostolus,
1113 3260 1194 3308 est
1229 3253 1471 3308 Christus
1525 3254 1700 3318 (Rom.
1746 3253 1826 3321 x).
1861 3273 1883 3300 υ
1939 3250 2085 3306 Finis

481 3362 760 3420 quousque
792 3344 1022 3400 feliciter
1047 3358 1252 3410 eamus,
1286 3357 1395 3397 non
1426 3339 1521 3396 ubi
1550 3341 1840 3396 infeliciter
1885 3355 2084 3412 perea-

476 3463 623 3502 mus.
668 3443 767 3501 Vel
803 3443 859 3497 in
897 3440 1082 3509 ﬁnem,
1122 3440 1178 3494 id
1215 3446 1294 3494 est
1361 3439 1415 3493 in
1470 3446 1721 3506 mortem,
1776 3453 1886 3494 non
1939 3434 2086 3507 quod

476 3541 651 3592 morte
691 3532 1004 3589 terminetur
1057 3529 1252 3586 Christi
1307 3528 1544 3596 dilectio,
1598 3527 1694 3583 sed
1755 3527 1812 3581 in
1876 3533 2082 3582 tantum

479 3625 670 3681 dilexit
707 3620 852 3694 quod
889 3637 1056 3690 usque
1095 3617 1166 3674 ad
1219 3625 1449 3674 mortem
1505 3617 1720 3672 dilectio
1778 3631 1902 3672 eum
1965 3631 2086 3688 per-

2193 2455 2356 2508 quam
2386 2438 2616 2494 lavabis.
2651 2439 2802 2495 Sicut
2828 2447 2907 2494 est
2935 2443 3098 2498 homo
3145 2442 3363 2498 humilis
3408 2443 3478 2500 ad
3531 2449 3788 2505 servien-

2192 2527 2348 2594 dum,
2373 2527 2447 2582 ita
2477 2543 2667 2584 servus
2697 2545 2806 2584 non
2832 2529 3171 2602 suscipiendo
3199 2533 3494 2591 servitium.

2269 2648 2290 2674 α
2325 2625 2624 2694 Respondit
2651 2625 2699 2680 ei
2729 2627 2884 2682 Jesus
2915 2646 2928 2683 :
2961 2627 3018 2684 Si
3048 2645 3154 2685 non
3186 2630 3366 2689 lavero
3421 2640 3472 2688 te
3525 2650 3637 2690 non
3689 2637 3787 2694 ha-

2191 2713 2348 2770 bebis
2377 2723 2584 2784 partem
2615 2731 2848 2772 mecum.
2885 2739 2908 2766 ι)
2949 2719 3015 2774 Te
3043 2718 3174 2774 dicit
3201 2737 3298 2794 pro
3353 2721 3479 2778 solis
3531 2725 3778 2796 pedibus.

2193 2803 2298 2873 Qui
2339 2821 2447 2860 non
2486 2804 2699 2860 lavatur
2732 2822 2833 2876 per
2877 2807 3208 2879 baptismum
3272 2818 3323 2868 et
3387 2813 3780 2872 confessionem

2193 2893 2541 2964 poenitentiae,
2575 2910 2683 2949 non
2711 2896 2875 2951 habet
2901 2905 3107 2968 partem
3137 2915 3258 2954 cum
3287 2901 3426 2957 Jesu.

2271 3015 2292 3041 «ι
2329 2992 2478 3048 Dixit
2513 2993 2563 3048 ei
2603 2995 2793 3051 Simon
2830 2995 3016 3051 Petrus
3047 3015 3060 3053 :
3119 2997 3368 3068 Domine,
3423 3016 3531 3058 non
3575 3009 3776 3060 tantum

2192 3081 2358 3152 pedes
2381 3098 2552 3152 meos,
2584 3083 2679 3139 sed
2708 3092 2762 3140 et
2789 3101 2982 3140 manus
3029 3093 3084 3141 et
3133 3097 3312 3160 caput.
3349 3111 3372 3139 υ
3429 3091 3658 3149 Territus
3710 3111 3779 3150 ex

2191 3169 2410 3226 Domini
2449 3173 2800 3244 responsione
2851 3175 2918 3229 de
2965 3175 3205 3245 periculo
3259 3179 3442 3235 salutis
3490 3187 3657 3238 totum
3721 3201 3777 3240 se

2193 3257 2347 3315 offert
2375 3260 2445 3316 ad
2473 3261 2803 3318 abluendum
2834 3263 3076 3320 turbatus
3103 3281 3288 3324 amore
3314 3275 3365 3323 et
3394 3270 3598 3328 timore.

2269 3379 2292 3406 α
2325 3358 2466 3414 Dicit
2495 3359 2544 3414 ei
2573 3359 2726 3416 Jesus
2758 3379 2770 3416 :
2803 3359 2908 3430 Qui
2939 3361 3079 3417 lotus
3125 3370 3204 3418 est
3261 3381 3366 3422 non
3421 3367 3624 3442 indiget
3677 3371 3776 3428 nisi

2191 3454 2250 3504 ut
2276 3447 2443 3520 pedes
2471 3449 2633 3517 lavet,
2664 3450 2867 3506 scilicet
2895 3459 2975 3506 est
3012 3452 3243 3509 mundus
3281 3463 3436 3511 totus.
3501 3481 3524 3506 ε
3582 3460 3776 3516 Intelli-

2191 3536 2431 3609 gendum
2460 3546 2541 3594 est
2563 3547 2757 3610 praeter
2783 3539 2968 3612 pedes.
3008 3541 3172 3598 Totus
3223 3544 3386 3600 homo
3442 3546 3671 3604 abluitur
3721 3551 3774 3606 in

2193 3626 2484 3698 baptismo,
2515 3628 2610 3683 sed
2643 3635 2822 3684 tamen
2849 3646 2971 3686 cum
3003 3629 3060 3686 in
3095 3632 3256 3688 rebus
3305 3635 3551 3692 humanis
3595 3647 3774 3710 postea

480 3712 712 3770 duxerit.
745 3711 808 3766 In
838 3725 944 3782 quo
975 3708 1288 3778 exemplum
1311 3706 1482 3798 dedit,
1525 3713 1587 3762 ut
1631 3721 1821 3762 omnes
1873 3705 1932 3760 in
1985 3704 2084 3760 Dei
2115 3716 2164 3783 α
2193 3715 2410 3783 vivitur,
2443 3717 2665 3772 humani
2694 3716 2934 3786 aﬁ'ectus,
2993 3719 3108 3776 sine
3165 3721 3359 3793 quibus
3405 3740 3514 3781 non
3564 3704 3771 3798 vivitur,

479 3803 703 3863 veritate
727 3805 1082 3874 permaneant
1108 3813 1277 3868 usque
1308 3796 1366 3852 in
1393 3794 1580 3851 ﬁnem.

555 3934 578 3962 «
614 3908 799 3982 Surgit
826 3923 860 3964 a
887 3921 1043 3962 coena
1071 3911 1128 3961 et
1153 3904 1306 3977 ponit
1333 3903 1654 3962 vestimenta
1693 3917 1810 3958 sua.
1854 3901 1922 3957 Et
1961 3917 2085 3958 cum

482 3999 778 4072 accepisset
845 3997 1092 4064 linteum,
1161 3993 1448 4065 praecinxit
1517 4009 1594 4048 se.
1669 3991 1878 4048 Deinde
1943 3991 2088 4047 misit

481 4105 680 4164 aquam
710 4087 765 4142 in
795 4085 996 4159 pelvim
1035 4091 1088 4140 et
1116 4083 1280 4156 etrapit
1331 4083 1513 4140 lavare
1569 4081 1734 4156 pedes
1789 4079 2086 4152 discipulo-

479 4196 622 4248 rum,
647 4185 702 4234 et
728 4183 1008 4247 extergere
1039 4173 1204 4230 linteo
1235 4188 1342 4242 quo
1380 4179 1494 4228 erat
1537 4171 1880 4242 praecinctus.
1923 4192 1946 4220 υ
2004 4171 2088 4226 Ex

479 4283 685 4342 magna
712 4265 1012 4321 humilitate
1043 4278 1152 4319 non
1201 4261 1524 4334 dedignatus
1569 4268 1649 4316 est
1691 4261 1874 4317 lavare
1919 4258 2088 4332 pedes

484 4359 562 4414 illi
592 4356 754 4412 etiam
785 4353 940 4424 cujus
970 4368 1163 4408 manus
1210 4351 1328 4422 jam
1369 4349 1707 4421 praevidebat
1751 4349 1808 4404 in
1851 4350 2078 4407 scelere.

482 4445 626 4518 Quid
654 4443 876 4509 mirum,
903 4441 949 4496 si
977 4441 1160 4512 posuit
1189 4440 1529 4509 vestimenta,
1562 4439 1654 4510 qui
1695 4455 1820 4496 cum
1866 4439 1924 4494 in
1965 4439 2086 4496 for-

480 4552 573 4593 ma
591 4534 692 4592 Dei
721 4538 862 4589 esset
887 4531 1234 4604 semetipsum
1275 4529 1630 4586 exinanivit?
1675 4529 1946 4604 (Philipp.
1997 4529 2085 4600 ιι.)

480 4625 624 4696 Quid
651 4623 870 4692 mirum,
901 4621 948 4676 si
1005 4620 1288 4694 praecinxit
1339 4636 1396 4675 se
1452 4619 1634 4690 linteo,
1697 4617 1791 4690 qui
1847 4617 2085 4674 formam

479 4715 621 4773 servi
650 4711 922 4785 accipiens
948 4710 1136 4766 habitu
1161 4709 1410 4765 inventus
1439 4715 1518 4764 est
1545 4715 1604 4763 ut
1630 4709 1796 4764 homo
1823 4705 1852 4762 Ἰ
1891 4708 2026 4780 (ibid
2037 4709 2084 4780 .)

479 4803 624 4877 Quid
653 4802 871 4868 mirum,
904 4799 949 4855 si
977 4799 1124 4855 misit
1152 4815 1350 4869 aquam
1381 4797 1436 4853 in
1467 4797 1690 4869 pelvim,
1737 4796 1880 4851 unde
1929 4796 2084 4853 lava-

477 4902 561 4951 ret
585 4892 754 4964 pedes
783 4889 1189 4962 discipulorum,
1251 4887 1343 4958 qui
1399 4886 1456 4942 in
1513 4893 1708 4942 terram
1762 4886 2084 4960 sanguinem

478 4983 634 5053 fudit,
666 4995 774 5053 quo
803 4976 1203 5034 immunditiam
1233 4975 1460 5033 dilueret
1495 4983 1838 5048 peccatorum
1865 4975 1894 5030 ?
1941 4974 2086 5045 Quid

2193 3805 2345 3876 quasi
2375 3806 2540 3877 pedes
2567 3814 2708 3874 sunt,
2741 3808 2867 3878 quia
2919 3808 2964 3864 si
3021 3808 3316 3868 dixerimus
3360 3821 3633 3885 peccatum
3669 3833 3771 3874 non

2192 3894 2476 3965 habemus,
2508 3896 2800 3952 mentimur
2827 3897 2875 3968 (ι
2900 3898 3062 3956 Joan.
3090 3902 3150 3965 1).
3198 3899 3449 3970 Quotidie
3491 3903 3652 3978 igitur
3689 3907 3770 3964 la-

2194 3992 2286 4041 vat
2314 3984 2473 4040 nobis
2501 3985 2669 4055 pedes
2698 3985 2788 4056 qui
2819 3987 3056 4057 quotidie
3097 3987 3401 4062 interpellat
3450 4009 3548 4066 pro
3601 3995 3767 4053 nobis.

2193 4073 2350 4130 Unde
2377 4074 2538 4130 etiam
2571 4075 2812 4146 quotidie
2840 4075 3108 4134 dicimus:
3145 4100 3167 4128 α
3217 4079 3436 4138 Dimitte
3478 4083 3632 4140 nobis
3674 4085 3769 4142 de-

2194 4161 2310 4218 bita
2336 4170 2520 4220 nostra
2547 4165 2780 4236 (Matth.
2816 4166 2916 4236 vx).
2951 4188 2973 4216 υ
3000 4166 3067 4222 Et
3084 4167 3141 4223 in
3161 4169 3380 4228 Cantica
3409 4172 3723 4231 canticon
3753 4194 3766 4233 :

2202 4275 2224 4304 (ι
2255 4253 2386 4309 Lavi
2415 4253 2584 4324 pedes
2611 4269 2782 4323 meos,
2807 4255 3080 4325 quomodo
3099 4256 3390 4328 inquinabo
3409 4260 3529 4318 illos
3546 4263 3575 4318 ?
3591 4263 3768 4334 (Cant.

2193 4342 2273 4414 v).
2309 4365 2332 4392 υ
2369 4342 2620 4398 Timeant
2646 4343 2928 4414 inquinare
2957 4345 3123 4416 pedes
3147 4363 3294 4416 suos,
3333 4349 3426 4420 qui
3467 4353 3768 4426 surripiente

2194 4447 2379 4489 amore
2410 4433 2660 4488 humanae
2689 4433 2884 4503 laudis,
2911 4435 3122 4506 placere
3163 4437 3470 4496 hominibus
3501 4439 3757 4500 affectant.

2192 4521 2500 4578 Notandum
2531 4521 2658 4593 quia
2685 4523 2886 4580 erravit
2939 4525 3141 4596 Petrus,
3193 4543 3262 4583 ne
3322 4545 3420 4585 nos
3463 4545 3762 4604 erraremus,

2193 4627 2316 4668 cum
2345 4627 2404 4667 se
2434 4618 2603 4668 totum
2629 4612 2921 4670 lavandum
2965 4614 3084 4672 Deo
3137 4615 3348 4674 obtulit.
3413 4618 3584 4690 Quem
3634 4623 3766 4680 Deus

2194 4701 2428 4758 correxit
2455 4701 2745 4758 ostendens
2771 4703 2942 4760 semel
2995 4703 3322 4778 baptizatum
3369 4723 3480 4766 non
3529 4726 3638 4769 esse
3677 4729 3764 4772 re-

2191 4789 2594 4862 baptizandum.

2271 4931 2294 4960 (ι
2327 4909 2394 4965 Et
2421 4925 2520 4966 vos
2564 4911 2754 4966 mundi
2802 4911 2947 4984 estis,
2995 4911 3094 4969 sed
3145 4929 3254 4970 non
3305 4930 3512 4974 omnes.
3569 4917 3764 4978 Sciebat

2193 4998 2340 5054 enim
2379 5000 2625 5071 quisnam
2665 5009 2804 5058 esset
2840 5002 2930 5073 qui
2982 5001 3216 5059 traderet
3275 5021 3427 5063 eum.
3499 5008 3762 5088 Propterea

479 5073 696 5170 ξηὶΐιιῐῐῖ,
725 5067 774 5170 ξί
801 5067 966 5170 Ῑίξξῑθο
1003 5081 1123 5167 filio
1182 5073 1295 5121 em"
1348 5065 1672 5170 Ρΐωοίξὶίξωξ
1713 5063 1890 5170 Pedes
1945 5081 2080 5136 quos
2107 5085 2162 5148 D
2192 5089 2331 5144 dixit
2361 5063 2532 5146 z-Non
2559 5091 2684 5146 estis
2703 5063 2891 5146 mundi
2916 5107 3125 5148 omnes.
3156 5094 3443 5166 Postquam
3471 5063 3762 5170 «geri—sivit

474 5163 685 5220 laverat
722 5157 890 5225 tersit,
925 5156 1016 5227 qui
1045 5171 1206 5212 carne
1264 5171 1371 5226 qua
1417 5161 1532 5210 erat
1578 5154 1794 5210 indutus
1847 5170 2082 5228 evange-

474 5252 717 5309 listarum
747 5245 980 5320 vestigia
1007 5243 1346 5302 conﬁrmavit
1371 5245 1401 5298 ἢ

542 5354 703 5412 Venit
731 5366 862 5425 ergo
893 5349 964 5406 ad
992 5347 1272 5405 Simonem
1305 5348 1541 5417 Petrum,
1592 5355 1645 5404 et
1697 5347 1828 5405 dicit
1873 5347 1922 5405 ei
1971 5349 2077 5405 Pe-

473 5451 584 5500 trus
615 5463 628 5498 :
665 5465 689 5493 ι
721 5439 977 5508 Domine,
1012 5446 1067 5495 tu
1096 5438 1229 5494 mihi
1259 5437 1409 5496 lavas
1438 5437 1640 5510 pedes!
1677 5460 1700 5488 ι»
1734 5439 1860 5494 Non
1879 5446 1960 5495 est
1983 5439 2076 5494 in-

475 5531 828 5605 telligendum
859 5527 1003 5600 quod
1032 5535 1157 5598 post
1183 5527 1393 5598 aliquos
1438 5527 1676 5584 venisset
1720 5529 1790 5583 ad
1835 5524 2072 5600 Petrum,

473 5619 568 5674 sed
591 5620 661 5676 ab
687 5620 780 5675 illo
807 5617 1009 5690 incepit
1037 5617 1262 5674 lavatio.
1319 5617 1646 5692 Expavescit
1693 5632 1824 5690 ergo
1867 5617 2075 5691 primus

473 5709 838 5778 apostolorum
867 5706 1012 5776 quod
1035 5707 1179 5760 Deus
1209 5706 1350 5761 lavet
1379 5707 1587 5762 homini
1617 5707 1802 5777 pedes.

551 5831 573 5858 α
604 5807 902 5878 Respondit
928 5807 1100 5875 Jesus,
1131 5815 1186 5862 et
1215 5807 1345 5862 dicit
1369 5808 1418 5862 ei
1451 5827 1464 5862 :
1525 5807 1683 5877 Quod
1739 5825 1842 5882 ego
1905 5807 2066 5876 facio,

473 5897 647 5952 nescis
672 5894 858 5964 modo,
888 5895 1024 5951 scies
1061 5902 1240 5951 autem
1286 5903 1492 5967 postea.
1545 5897 1686 5954 Dicit
1733 5898 1781 5954 ei
1832 5898 2015 5953 Petrus
2048 5913 2062 5955 :

2190 5178 2360 5250 pedes
2386 5195 2595 5250 eorum,
2625 5181 2838 5253 accepit
2865 5181 3186 5238 vestimenta
3213 5199 3331 5240 sua.
3366 5186 3432 5242 Et
3467 5203 3586 5243 cum
3632 5205 3760 5246 recu-

2187 5269 2410 5341 buisset,
2429 5269 2624 5326 iterum
2653 5269 2790 5326 dixit
2816 5270 2894 5327 eis
2919 5289 2932 5326 :
2955 5270 3114 5327 Scitis
3141 5273 3270 5344 quid
3295 5273 3512 5332 fecerim
3543 5278 3750 5337 vobis?»

2187 5360 2304 5418 Hoc
2366 5360 2482 5417 vult
2545 5359 2754 5432 aperire
2820 5361 2964 5432 quod
3037 5361 3194 5420 Petro
3257 5363 3511 5423 dixerat:
3571 5390 3592 5418 α
3629 5367 3754 5425 Scies

2186 5457 2367 5507 autem
2395 5456 2602 5524 postea.
2637 5471 2662 5498 υ
2695 5450 2913 5522 Mystice
2940 5466 3114 5521 omna,
3142 5450 3200 5508 in
3228 5469 3336 5526 qua
3361 5471 3482 5512 cum
3510 5455 3754 5531 discipulis

2183 5539 2449 5595 Dominus
2513 5539 2803 5606 recubuit,
2867 5539 3140 5613 signiﬁcat
3201 5549 3414 5616 tempus
3475 5546 3748 5604 universum

2183 5645 2290 5700 quo
2321 5629 2436 5700 ipse
2465 5628 2814 5698 corporaliter
2840 5629 2894 5684 in
2923 5630 3163 5687 Ecclesia
3200 5631 3526 5702 demoratus,
3577 5645 3624 5693 et
3660 5637 3746 5694 da-

2183 5719 2340 5790 pibus
2368 5719 2518 5774 verbi
2551 5718 2795 5774 salutaris
2823 5735 2887 5775 ac
2915 5719 3298 5778 miraculorum
3321 5725 3602 5783 dulcedine
3631 5745 3742 5785 cun-

2179 5816 2292 5862 ctos
2320 5807 2504 5863 ﬁdeles
2551 5807 2718 5877 pavit,
2773 5815 2826 5862 et
2875 5805 2982 5864 ﬁde
3010 5825 3074 5864 ac
3104 5810 3392 5868 dilectione
3446 5813 3741 5873 audientium

2182 5899 2298 5967 ipse
2327 5906 2510 5968 pastus
2535 5904 2632 5952 est.
2665 5895 2908 5953 Surrexit
2927 5914 3058 5972 ergo
3089 5915 3121 5956 a
3147 5917 3322 5968 omne,
3348 5909 3403 5959 et
3427 5902 3742 5976 posuitvesti.
