3924 6406
110 415 218 468 909

1081 398 1662 460 DEFLORATIONES
1702 397 1808 456 SS.
1852 396 2160 455 PATRUM.
2201 429 2271 440 —
2300 397 2427 454 LIB.
2457 397 2506 452 Ι.

3343 398 3445 453 910

106 542 300 590 menta
333 547 445 587 sua
522 531 754 602 quando
813 529 1056 586 membra
1085 527 1331 598 corporis
1388 523 1637 595 deposuit
1690 522 1742 576 in
1774 522 1830 582 Α
1861 522 2082 577 medere
2114 526 2168 577 et
2199 521 2502 587 immolare,
2536 528 2588 575 et
2635 519 2886 574 umbram
2918 521 2995 576 rei
3044 520 3232 576 futurae
3264 522 3451 576 tandiu

104 639 298 680 cruce.
336 621 549 676 Linteo
596 619 877 691 praecinxit
934 635 1012 683 se,
1075 617 1295 689 quando
1353 630 1448 668 sua
1506 612 1751 667 membra

105 710 499 768 circumdedit
533 708 814 781 passionis
845 707 1135 762 exercitio.
1176 705 1367 760 Solum
1392 717 1624 773 namque
1653 717 1754 771 per

99 801 339 856 linteum
384 799 551 870 quod
613 796 903 853 multifario
932 795 1122 851 labore
1178 791 1484 860 conﬁcitur,
1531 789 1752 846 afflictio

104 900 398 971 passionis
435 897 564 969 ﬁgu
577 905 750 952 ratur.

183 1012 205 1036 σι
273 987 434 1042 Misit
499 1001 710 1058 aquam
750 984 803 1040 in
843 983 1063 1056 pelvim,
1111 1006 1132 1031 η
1209 990 1314 1038 etc.
1357 979 1657 1035 Defunctus
1696 976 1749 1032 in

107 1093 284 1134 cruce
338 1091 569 1148 aquam
616 1091 740 1130 cum
785 1073 1052 1145 sanguine
1116 1072 1182 1126 de
1215 1071 1379 1126 latere
1417 1085 1517 1124 suo
1555 1067 1747 1136 fundit,

110 1174 315 1246 quibus
350 1173 670 1228 credentes
698 1170 960 1225 mundare
990 1178 1042 1225 et
1073 1167 1410 1224 sanctiﬁcare
1441 1167 1712 1237 dignatur.

188 1264 515 1332 Postquam
549 1261 682 1316 lavit
713 1260 901 1331 pedes,
936 1258 1147 1329 accepit
1201 1257 1520 1312 vestimenta
1551 1272 1669 1322 sua,
1701 1259 1752 1309 et

116 1351 477 1407 recumbens
521 1348 740 1421 aperuit
777 1348 857 1404 eis
915 1347 1230 1419 mysterium
1282 1345 1588 1410 lavationis,
1623 1345 1753 1416 quia

113 1448 424 1513 postquam
455 1438 727 1510 patiendo
756 1437 812 1492 in
872 1452 1038 1492 cruce
1082 1435 1356 1491 lavacrum
1405 1434 1751 1490 remissionis

117 1537 282 1592 nobis
321 1535 720 1603 consecravit,
750 1535 958 1606 accepit
985 1533 1232 1590 membra
1261 1534 1369 1602 iam
1401 1531 1748 1599 immortalia,

121 1635 173 1683 et
205 1634 338 1698 post
384 1625 872 1684 resurrectionem
927 1622 1172 1695 exposuit
1201 1621 1281 1678 eis
1309 1621 1590 1677 utilitatem
1641 1638 1752 1678 suae

123 1715 440 1788 passionis.

202 1831 226 1868 ι
261 1813 384 1869 Vos
415 1811 643 1869 vocatis
671 1827 780 1878 me,
813 1810 1071 1884 Magister
1091 1818 1144 1866 et
1163 1808 1414 1876 Domine,
1437 1817 1490 1864 et
1522 1808 1659 1864 bene
1679 1807 1751 1864 di-

129 1902 277 1965 citis,
313 1918 447 1958 sum
491 1900 726 1958 etenim.
775 1900 832 1954 Si
869 1879 1002 1971 ergo
1040 1916 1145 1971 ego
1181 1899 1283 1954 lavi
1323 1898 1492 1970 pedes
1539 1911 1750 1953 vestros
1777 1879 1828 1940 Β

132 1991 416 2047 Dominus
451 1999 511 2046 et
568 1989 849 2061 Magister,
906 1996 959 2045 et
986 2004 1085 2045 vos
1113 1987 1325 2044 debetis
1355 1987 1493 2043 alter
1529 1987 1754 2043 alterius

133 2079 326 2136 lavare
346 2080 561 2152 pedes.
600 2103 623 2129 ιι
657 2080 727 2134 Et
753 2078 824 2133 ad
852 2077 1086 2134 litteram
1118 2085 1169 2134 et
1197 2077 1266 2132 ad
1305 2077 1592 2148 mysticum
1622 2092 1752 2131 sen-

138 2193 257 2232 sum
287 2178 401 2234 hoc
429 2177 704 2232 debemus
734 2173 952 2246 impleri
985 2193 998 2229 :
1030 2175 1100 2229 ad
1125 2175 1373 2239 litteram,
1407 2182 1463 2229 ut
1493 2190 1594 2245 per
1617 2173 1755 2230 cha-

136 2264 360 2321 ritatem
394 2265 712 2320 serviamus
765 2263 1016 2332 invicem,
1058 2280 1168 2318 non
1209 2263 1389 2318 solum
1431 2262 1484 2318 in
1525 2263 1756 2320 lavando

139 2354 314 2426 pedes
345 2353 614 2421 fratrum,
646 2353 744 2409 sed
773 2361 824 2408 et
854 2352 908 2406 in
939 2353 1198 2407 omnibus
1225 2352 1642 2408 necessitatibus
1663 2352 1758 2408 ad-

133 2452 389 2520 juvando
427 2471 442 2516 ;
485 2453 556 2506 ad
598 2451 888 2523 mysticum
918 2449 1274 2517 intellectum,
1306 2451 1524 2508 utsicut
1551 2451 1644 2506 ille
1659 2467 1759 2507 no-

144 2539 228 2594 bis
251 2541 659 2611 pcenitentibus
689 2547 915 2611 peccata
946 2539 1184 2605 dimittit,
1227 2539 1299 2594 ita
1331 2547 1387 2594 et
1441 2555 1542 2596 nos
1571 2540 1758 2595 dimit—

147 2635 325 2682 tamus
373 2628 672 2684 fratribus.
709 2629 780 2683 Et
824 2628 967 2684 sicut
1021 2627 1112 2683 ille
1149 2627 1282 2684 lavit
1319 2645 1420 2684 nos
1457 2646 1488 2684 a
1525 2628 1762 2701 peccatis

147 2715 559 2788 interpellando
623 2725 835 2789 patrem
864 2732 966 2790 pro
1021 2717 1199 2788 nobis,
1232 2718 1303 2773 ita
1333 2725 1385 2774 et
1413 2734 1513 2775 nos
1541 2734 1762 2775 oremus

152 2829 253 2885 pro
287 2814 564 2871 fratribus
577 2857 592 2869 .

233 2927 254 2951 α
290 2905 626 2976 Exemplum
653 2904 796 2960 enim
825 2904 950 2960 dedi
976 2904 1152 2971 vobis,
1210 2913 1267 2960 ut
1306 2907 1763 2979 quemadmodum

164 3007 265 3065 ego
297 2993 404 3050 feci
434 2994 618 3060 vobis,
652 2995 724 3049 ita
753 2998 808 3049 et
845 3010 943 3050 vos
984 2994 1214 3050 faciatis.
1261 3022 1283 3043 υ
1320 2997 1434 3053 Hoc
1463 3006 1542 3052 est
1583 3008 1765 3069 petere

167 3091 311 3160 quod
350 3091 650 3148 nesciebas
679 3091 894 3162 quando
922 3090 1092 3145 lavari
1130 3091 1300 3163 pedes
1354 3109 1462 3149 non
1521 3095 1761 3166 sinebas,

163 3178 262 3234 hoc
317 3180 415 3235 tibi
475 3187 676 3252 postea
713 3180 996 3236 sciendum
1054 3181 1297 3253 permisit
1335 3183 1621 3239 Dominus.
1668 3187 1766 3240 Est

165 3270 505 3325 consuetudo
564 3269 708 3340 apud
768 3268 1080 3342 plerosque,
1149 3279 1207 3325 ut
1247 3287 1369 3327 cum
1409 3289 1468 3328 se
1533 3273 1766 3329 invicem

165 3365 404 3437 hospitio
465 3367 788 3438 suscipiunt,
830 3367 1004 3438 pedes
1059 3367 1162 3422 sibi
1221 3368 1426 3425 lavent.
1493 3370 1594 3426 Ubi
1623 3373 1767 3442 apud

169 3463 386 3510 sanctos
417 3456 539 3511 haec
569 3456 904 3511 consuetudo
932 3471 1041 3512 non
1071 3465 1174 3524 est,
1209 3459 1373 3513 corde
1412 3459 1644 3525 faciunt;
1671 3462 1767 3518 sed

171 3543 364 3598 melius
404 3553 487 3600 est
518 3553 577 3600 ut
605 3545 860 3600 manibus
895 3545 991 3599 ﬁat
1030 3546 1174 3617 quod
1205 3547 1460 3603 Christus
1519 3549 1663 3606 fecit.
1706 3553 1766 3606 In

174 3646 276 3700 quo
304 3633 672 3690 admonemur
701 3642 761 3689 ut
791 3633 1028 3690 confessi
1055 3635 1289 3690 invicem
1318 3637 1516 3695 delicta
1561 3648 1763 3710 nostra,

171 3741 385 3787 oremus
422 3748 528 3806 pro
585 3731 766 3799 nobis,
825 3732 964 3790 sicut
1023 3733 1262 3791 Christus
1299 3735 1613 3809 interpellat
1666 3754 1766 3811 pro

168 3818 318 3875 nobis
330 3862 343 3876 .

502 3927 740 3986 SERMO
779 3929 852 3985 ΙΝ
890 3929 1112 3986 C(ENA
1150 3930 1426 3987 DOMINI.

243 4072 265 4099 ι
328 4052 597 4109 Dominus
637 4060 822 4132 noster
857 4054 1017 4109 Jesus
1084 4055 1330 4112 Christus
1369 4066 1526 4114 nocte
1567 4059 1621 4114 in
1661 4076 1768 4132 qua

173 4139 484 4197 tradebatur
513 4143 724 4214 accepit
753 4159 973 4214 panem,
1005 4151 1058 4198 et
1087 4147 1296 4218 gratias
1325 4163 1496 4219 agens
1519 4149 1684 4220 fregit
1713 4159 1766 4205 et

172 4225 298 4282 dixit
331 4245 342 4283 :
370 4232 620 4302 Accipite
651 4239 704 4285 et
733 4233 1079 4296 manducate;
1113 4234 1216 4290 hoc
1237 4243 1314 4288 est
1333 4251 1532 4307 corpus
1561 4255 1763 4306 meum,

180 4317 314 4386 quod
344 4335 444 4389 pro
476 4321 636 4376 vobis
667 4320 923 4388 tradetur,
969 4322 1074 4377 hoc
1102 4321 1261 4378 facite
1292 4324 1347 4377 in
1400 4342 1578 4381 meam
1609 4343 1766 4384 com-

177 4419 655 4475 memorationem.
697 4420 952 4476 Similiter
980 4429 1032 4476 et
1062 4421 1308 4492 calicem,
1333 4433 1616 4499 postquam
1647 4444 1766 4484 coe-

181 4504 321 4560 navit
348 4508 540 4565 dicens
575 4527 587 4562 :
621 4509 720 4565 llic
766 4517 848 4564 est
876 4509 1034 4578 calix,
1067 4527 1269 4567 novum
1299 4521 1680 4572 testamentum
1710 4519 1766 4574 in

1862 625 2104 676 servare,
2135 611 2310 665 donec
2357 609 2660 664 immolatio
2713 609 2824 664 veri
2863 611 3004 679 Agni
3042 608 3221 665 fieret.
3269 611 3454 681 Itaque

1861 707 1985 754 ante
2018 709 2232 770 tempus
2285 697 2554 769 passionis
2621 715 2755 767 suae,
2797 697 2965 753 voluit
3024 700 3232 754 Pascha
3295 707 3453 754 vetus

1860 802 1984 843 cum
2047 787 2331 858 discipulis
2400 787 2702 854 celebrare,
2745 795 2799 843 et
2851 804 3054 860 agnum
3108 788 3453 852 comedere;

1861 887 2058 942 deinde
2098 887 2374 942 veteribus
2440 886 2630 956 ﬁguris
2668 885 2831 941 ﬁnem
2875 887 3031 942 dare.
3080 888 3206 942 Post
3245 903 3457 943 ccenam

1860 975 2028 1046 igitur
2056 976 2204 1046 agni,
2238 992 2438 1031 novum
2471 976 2677 1031 Pascha
2706 973 2853 1030 finito
2883 975 3051 1030 veteri
3081 976 3372 1044 constituit,
3402 984 3457 1032 et

1860 1064 2139 1134 discipulis
2171 1080 2369 1136 corpus
2399 1081 2554 1119 suum
2605 1073 2656 1119 et
2707 1064 3028 1137 sanguinem
3061 1065 3357 1119 distribuit.
3398 1066 3456 1121 Si

1861 1162 2004 1216 enim
2036 1162 2188 1232 prius
2228 1163 2380 1217 daret
2423 1178 2627 1234 corpus
2667 1179 2841 1228 suum,
2889 1170 2940 1218 et
2992 1163 3188 1218 deinde
3228 1178 3452 1235 agnum,

1860 1268 1967 1306 non
1997 1251 2274 1307 videretur
2303 1259 2457 1306 vetus
2492 1251 2698 1306 Pascha
2729 1251 2936 1318 ﬁnisse,
2969 1260 3192 1322 prepter
3219 1268 3448 1309 novum.

1860 1340 2084 1411 Accepit
2123 1340 2306 1412 itaque
2344 1355 2561 1410 panem,
2605 1346 2657 1394 et
2697 1339 2998 1406 benedixit,
3032 1348 3083 1394 et
3112 1341 3258 1395 dedit
3288 1340 3394 1396 illis
3437 1360 3451 1407 ;

1859 1437 2046 1501 postea
2075 1429 2326 1485 calicem.
2358 1428 2657 1484 Sciendum
2688 1429 2813 1501 quia
2848 1436 2960 1484 tota
2990 1435 3183 1484 natura
3211 1430 3455 1486 humana

1860 1529 1914 1582 in
1953 1528 2136 1583 anima
2174 1536 2226 1583 et
2265 1543 2495 1598 corpore
2536 1534 2654 1582 erat
2691 1534 2972 1598 corrupta.
3017 1526 3266 1598 Oportuit
3320 1543 3452 1602 ergo

1861 1624 1917 1672 ut
1981 1619 2115 1682 Deo,
2158 1617 2249 1688 qui
2307 1616 2560 1672 veniebat
2599 1623 2884 1688 utrumque
2921 1615 3170 1687 liberare,
3211 1616 3456 1672 uniretur

1859 1713 2104 1777 uterque,
2135 1714 2192 1760 ut
2251 1705 2433 1761 anima
2469 1721 2568 1777 per
2605 1705 2863 1773 animam,
2905 1720 3102 1777 corpus
3130 1722 3228 1777 per
3255 1721 3454 1778 corpus

1858 1809 2226 1874 competenter
2253 1801 2592 1858 liberaretur.

1930 1917 2059 1975 Ideo
2087 1917 2246 1974 etiam
2275 1917 2329 1973 in
2361 1917 2538 1986 altari,
2559 1917 2629 1973 ad
2652 1924 2940 1990 utrumque
2956 1919 3454 1990 repraesentandum

1862 2022 2057 2080 panem
2087 2015 2139 2064 et
2165 2007 2349 2064 vinum
2378 2006 2722 2079 apponimus,
2764 2015 2820 2062 ut
2866 2023 2966 2078 per
3003 2022 3202 2080 panem
3249 2025 3452 2081 corpus

1865 2097 2065 2153 factum
2096 2103 2148 2152 et
2203 2113 2234 2150 a
2287 2096 2446 2152 nobis
2503 2095 2669 2169 digne
2713 2103 3002 2166 acceptum
3041 2105 3284 2152 nostrum
3323 2113 3453 2155 cor-

1865 2211 1968 2266 pus
2000 2193 2217 2264 corpori
2249 2192 2452 2249 Christi
2481 2191 2537 2247 in
2588 2191 2985 2248 immortalitate
3023 2200 3076 2248 et
3101 2193 3455 2265 impassibili-

1867 2291 1975 2339 tate
2008 2283 2332 2355 quandoque
2385 2281 2837 2338 conformandum
2895 2281 3227 2351 credamus;
3267 2290 3322 2339 et
3377 2283 3458 2339 si-

1867 2372 2070 2427 militer
2107 2388 2206 2442 per
2234 2370 2417 2427 vinum
2446 2371 2501 2426 in
2539 2371 2861 2442 sanguinem
2899 2385 3240 2439 conversum,
3285 2379 3338 2427 et
3376 2373 3461 2429 si-

1868 2469 2068 2525 militer
2097 2484 2130 2524 a
2180 2468 2340 2525 nobis
2369 2477 2700 2540 susceptum,
2759 2468 2971 2524 animas
3008 2477 3209 2526 nostrae
3265 2469 3460 2527 animae

1871 2558 2071 2613 Christi
2126 2559 2412 2614 credamus
2468 2556 2777 2613 conformes
2821 2556 2938 2612 ﬁeri
2978 2557 3034 2612 in
3071 2558 3293 2625 mundo,
3332 2559 3462 2616 dum

1871 2647 2124 2713 vivimus,
2159 2655 2211 2702 et
2238 2647 2294 2701 in
2322 2646 2519 2719 gloria,
2552 2647 2679 2701 dum
2699 2662 3051 2718 resurgemus
3084 2666 3097 2714 ;
3127 2656 3181 2703 et
3209 2663 3336 2703 cum
3351 2649 3465 2704 ani-

1871 2751 1963 2791 ma
1993 2735 2201 2791 Christi
2233 2736 2302 2791 ad
2342 2735 2546 2808 aliquid
2589 2751 2935 2808 corporeum,
2969 2736 3105 2792 sicut
3137 2751 3337 2809 corpus
3365 2754 3466 2811 per

1873 2849 2073 2905 panem
2103 2833 2549 2905 reprmsentenda
2578 2841 2724 2888 esset
2757 2835 2851 2903 (7),
2910 2833 3043 2888 nihil
3081 2833 3355 2890 inventum
3411 2837 3469 2892 in

1875 2922 2126 2978 omnibus
2156 2922 2423 2977 creaturis
2470 2921 2583 2976 suis
2612 2929 2711 2989 est,
2766 2938 2870 2993 per
2923 2923 3054 2993 quid
3082 2923 3314 2979 vicinius
3371 2942 3467 2981 re-

1874 3019 2298 3083 prasentaretur
2371 3026 2535 3082 quam
2603 3027 2704 3080 per
2754 3014 3095 3083 sanguinem,
3155 3013 3249 3083 qui
3304 3014 3470 3070 sedes

1874 3113 2046 3184 ipsius
2077 3112 2276 3166 animae
2325 3111 2536 3167 dicitur.
2591 3111 2700 3166 Sed
2756 3111 2882 3182 quia
2938 3111 3258 3182 sanguinem
3315 3115 3472 3186 quasi

1875 3201 2138 3257 horribile
2169 3209 2379 3257 natura:
2434 3201 2683 3254 humanae
2739 3216 2956 3256 sumere
2995 3201 3300 3271 videbatur,
3344 3203 3469 3260 ideo

1879 3294 2063 3347 vinum
2093 3307 2192 3361 per
2225 3289 2544 3362 sanguinem
2573 3289 2809 3360 positum
2831 3298 2912 3344 est
2940 3289 3009 3344 ad
3037 3289 3472 3362 designationem

1877 3381 2096 3435 animae.
2137 3381 2250 3434 Nec
2281 3365 2466 3434 tamen
2499 3378 2917 3450 intelligendum
2951 3386 3052 3445 est,
3088 3380 3231 3450 quod
3260 3381 3313 3434 in
3345 3395 3474 3436 san-

1877 3478 2042 3550 guine
2098 3476 2269 3531 solam
2309 3475 2566 3542 animam,
2623 3479 2679 3530 et
2733 3491 2842 3530 non
2897 3491 3119 3546 corpus,
3153 3476 3246 3532 vel
3287 3476 3344 3530 in
3373 3493 3470 3534 ac-

1879 3567 2128 3637 ceptione
2160 3565 2447 3638 sanguinis
2477 3572 2644 3620 totam
2667 3564 2903 3620 animam
2934 3572 2987 3620 et
3007 3580 3117 3620 non
3147 3572 3315 3620 totum
3345 3583 3470 3623 cor-

1877 3674 2000 3729 pus,
2064 3656 2318 3726 quamvis
2400 3654 2703 3726 separatim
2789 3669 3008 3725 corpus,
3071 3663 3122 3709 et
3181 3656 3473 3726 separatim

1879 3754 2227 3826 sanguinem,
2261 3769 2371 3807 non
2403 3744 2583 3808 tamen
2615 3752 2722 3818 bis,
2748 3752 2843 3806 sed
2874 3751 3042 3807 semel
3073 3751 3346 3809 Christum
3376 3771 3474 3812 ac-

1878 3845 2134 3915 cipimus.
2196 3843 2305 3898 Sed
2361 3843 2465 3896 iste
2496 3858 2639 3909 mos,
2697 3841 2773 3896 ita
2799 3843 3092 3912 separatim
3148 3844 3470 3914 accipiendi,

1876 3934 2004 3989 inde
2034 3934 2090 3987 in
2142 3931 2392 3988 Ecclesia
2445 3931 2688 3996 inolevit,
2730 3931 2873 4003 quod
2920 3931 3162 3985 Christus
3212 3932 3269 3986 in
3317 3949 3476 3990 coena

1877 4022 2159 4092 discipulis
2188 4020 2482 4091 separatim
2515 4020 2681 4086 dedit,
2717 4027 2773 4074 ut
2829 4036 2926 4090 per
2953 4020 3056 4075 hoc
3084 4019 3471 4095 intelligerent,

1876 4121 2069 4174 animae
2101 4127 2149 4173 et
2181 4117 2397 4189 corpori
2428 4117 2625 4171 Christi
2654 4116 2842 4171 deberi
2888 4116 3240 4171 conformari.
3307 4119 3476 4176 Trina

1877 4210 2054 4281 itaque
2122 4206 2417 4262 refectione
2483 4206 2632 4261 Deus
2700 4206 2933 4260 animam
2981 4205 3198 4261 fidelem
3241 4208 3469 4278 pascit:

2375 4312 2474 4366 per
2549 4303 2970 4362 sacramentum,
3049 4311 3148 4366 per
3186 4295 3466 4367 spiritum.

1879 4397 2110 4467 Quando
2139 4412 2240 4451 nos
2278 4411 2377 4465 per
2414 4394 2583 4449 verba
2635 4409 2730 4449 sua
2793 4402 2848 4449 et
2887 4401 3231 4450 sacramenta
3272 4398 3469 4468 reficit,

1877 4487 2057 4543 favum
2088 4485 2247 4540 nobis
2278 4483 2552 4539 edendum
2593 4484 2845 4554 proponit
2878 4498 2891 4552 ;
2921 4484 3138 4555 quando
3168 4503 3299 4542 vero
3329 4487 3471 4545 intus

1877 4316 1976 4371 per
2049 4297 2298 4362 verbum,

187 4607 302 4649 meo
325 4597 612 4671 sanguine,
644 4599 749 4654 hoc
789 4598 967 4669 facite,
1010 4571 1434 4676 quotiescunque
1487 4571 1677 4663 bibitis
1793 4600 1846 4661 D
1876 4593 1976 4676 ΡΞΓ
2282 4588 2581 4676 in???”
2612 4571 2807 4676 reﬁci"
2829 4571 3113 4676 {nelme
3141 4576 3473 4672 gus‘apdum

191 4705 363 4749 meam
428 4697 1044 4754 commemorationem.
1135 4699 1574 4776 Quotiescunque
1629 4706 1774 4762 enim

190 4783 580 4842 manducabitis
601 4801 793 4856 panem
823 4787 986 4853 hunc,
1034 4795 1084 4842 et
1113 4789 1340 4845 calicem
1372 4792 1586 4861 bibetis,
1619 4811 1774 4850 mor-

193 4872 292 4924 tem
320 4872 537 4930 Domini
567 4875 956 4930 annuntiabitis
975 4875 1152 4934 donec
1186 4879 1366 4936 veniat
1388 4883 1438 4951 (Ι
1457 4884 1576 4940 Cor.
1610 4886 1705 4954 χι).
1744 4906 1767 4936 ι

192 4955 516 5033 lmminente,
548 4963 743 5020 fratres
763 4965 1086 5036 charissimi,
1122 4968 1334 5024 Domini
1375 4974 1646 5041 passionis
1677 4990 1773 5030 ar-

195 5053 362 5130 ticulo,
393 5063 613 5138 quando
633 5063 741 5132 jam
771 5080 913 5135 pene
941 5074 1094 5120 erant
1122 5067 1176 5122 in
1206 5068 1322 5140 ipsa
1342 5073 1644 5140 traditione,
1670 5076 1776 5131 Do-

194 5145 360 5205 minus
391 5154 479 5224 qui
534 5154 698 5225 prius
750 5152 959 5224 legales
988 5155 1372 5214 observantias
1413 5165 1466 5216 et
1505 5163 1776 5221 sacriﬁcia

195 5238 444 5310 tenuerat,
478 5258 601 5314 quae
629 5242 812 5298 omnia
842 5241 1014 5316 ﬁgura
1045 5245 1258 5302 fuerant
1299 5249 1690 5308 incarnationis
1722 5264 1776 5311 et

197 5336 447 5415 passionis
477 5340 698 5408 Christi,
730 5341 981 5398 veniente
1037 5345 1283 5415 veritate,
1329 5349 1494 5404 voluit
1524 5352 1774 5409 umbram

202 5414 484 5506 destruere.
523 5427 712 5496 Agnus
743 5425 1052 5484 immolatus
1084 5429 1140 5484 in
1169 5414 1390 5504 antiqua
1411 5435 1552 5506 lege,
1585 5444 1637 5491 et
1654 5438 1775 5494 aliae

201 5501 372 5569 hostia;
407 5514 803 5570 immolandum
841 5533 1031 5572 verum
1070 5535 1277 5593 agnum
1303 5501 1371 5577 in
1428 5501 1588 5582 cruce
1627 5543 1774 5598 pra:-

204 5598 508 5674 ﬁgurabant.
549 5611 731 5668 Voluit
779 5613 948 5686 igitur
1002 5631 1205 5690 agnum
1270 5618 1620 5693 ﬁgurativum
1676 5641 1774 5682 co-

265 5732 331 5802 (7)
367 5737 443 5794 De
482 5753 732 5805 consec.,
789 5739 914 5794 dist.
958 5756 1016 5808 ιι,
1058 5746 1260 5800 Panis.
1301 5746 1372 5804 IV
1427 5749 1582 5805 Sent.
1633 5751 1764 5807 dist.

205 5811 405 5885 “ipp:
458 5811 572 5868 Sub
601 5811 749 5875 Alia,
777 5819 842 5885 et
865 5813 972 5868 Sed
1007 5832 1203 5885 quare.

269 5875 452 5944 (8)‘De
510 5896 736 5938 consec.
779 5882 917 5938 Dist.
959 5875 1030 5952 n,’
1062 5888 1125 5943 in
1185 5891 1382 5961 calice,
1451 5901 1504 5949 et
1539 5910 1594 5953 iv
1641 5895 1775 5953 Sen.

1875 4664 2100 4723 effundit
2128 4664 2232 4735 (8).
2282 4661 2389 4717 Sed
2421 4670 2470 4716 et
2498 4662 2604 4716 hoc
2658 4660 2952 4715 notandum
2982 4661 3108 4732 quia
3129 4677 3271 4733 aqua
3297 4664 3349 4717 in
3391 4680 3478 4722 sa-

1873 4761 2148 4812 cramento
2174 4751 2298 4807 ideo
2327 4750 2542 4822 ponitur
2572 4765 2694 4805 cum
2726 4749 2870 4815 vino,
2925 4758 2982 4804 ut
3013 4765 3156 4820 aqua
3177 4767 3298 4807 cum
3332 4769 3468 4810 san-

1873 4853 2036 4924 guine
2065 4865 2185 4922 qua:
2251 4849 2320 4904 de
2350 4848 2517 4903 latere
2549 4847 2756 4902 Christi
2795 4846 2944 4901 ﬂuxit
3010 4857 3459 4918 repraesentetur.

1874 4942 2008 5011 Quae
2053 4956 2195 5012 aqua
2235 4936 2512 5010 signiﬁcat
2549 4935 2829 5007 populum,
2872 4935 2957 4993 vel
2996 4937 3344 5008 baptismum,
3410 4940 3470 4996 in

1874 5047 1982 5104 quo
2054 5028 2286 5101 populos
2351 5043 2449 5098 per
2519 5024 2838 5081 effusionem
2913 5026 3196 5098 sanguinis
3268 5028 3469 5085 Christi

1872 5130 2180 5186 mundatur.
2209 5128 2326 5183 Nec
2389 5125 2764 5192 dubitandum,
2809 5124 2940 5197 quin
2979 5126 3134 5196 panis
3173 5143 3274 5198 per
3311 5143 3466 5186 sacra

1872 5231 2040 5290 verba
2079 5226 2475 5284 benedictionis
2531 5225 2851 5293 sacerdotis,
2919 5241 3139 5282 versum
3168 5225 3225 5280 in
3263 5242 3465 5300 corpus

1874 5327 2092 5386 Domini
2122 5333 2492 5393 convertatur,
2526 5323 2602 5379 ita
2621 5330 2706 5379 est
2743 5323 3041 5379 substantia
3066 5325 3222 5396 panis
3252 5341 3364 5382 non
3387 5343 3469 5384 re-

1872 5434 2124 5492 maneat;
2156 5425 2255 5480 sed
2287 5423 2527 5479 colorem
2551 5428 2605 5476 et
2633 5436 2890 5491 saporem
2912 5421 3069 5491 panis
3090 5437 3393 5491 remanere,
3413 5432 3469 5482 et

1875 5526 1976 5581 sub
2009 5539 2122 5579 una
2144 5524 2221 5593 (9)
2252 5521 2436 5592 Specie
2465 5534 2652 5575 veram
2686 5517 2882 5574 Christi
2912 5519 3163 5591 corporis
3199 5522 3461 5578 substan-

1873 5624 1999 5678 tiam
2029 5621 2224 5676 latere.
2262 5619 2405 5674 Nam
2443 5617 2489 5672 si
2527 5615 2583 5670 in
2621 5631 2686 5671 ea
2739 5616 2995 5687 qualitate
3032 5616 3090 5672 in
3129 5633 3235 5689 qua
3274 5636 3467 5678 revera

1874 5750 2007 5805 dist.
2048 5764 2104 5810 ιι,
2137 5761 2259 5814 cap.
2293 5762 2401 5817 qua
2431 5744 2496 5799 de
2525 5757 2779 5798 consecr.

1946 5823 2023 5890 (9)
2054 5820 2132 5874 De
2162 5812 2411 5874 censecr.
2448 5817 2575 5870 dist.
2603 5830 2686 5880 ιιι,
2720 5829 2841 5884 cap,
2875 5812 3007 5871 Nos.
