3924 6434
554 440 655 501 stt
1692 448 2035 510 WERNERI
2072 446 2369 509 ABBATIS
2423 453 2486 513 s.
2534 454 2758 518 BLASII
3769 482 3856 540 9n

699 579 1006 644 appareret,
1076 571 1271 677 vivum
1274 666 1295 677 '
1310 574 1586 677 hominem
1613 575 1849 677 animus
1912 575 2150 677 hominis
2176 574 2234 639 A
2263 576 2437 677 Hodie
2463 584 2702 677 coenavit
2727 587 2992 677 Dominus
3020 607 3145 648 cum
3174 589 3465 670 discipulis
3493 601 3608 658 suis
3638 605 3852 677 (lauit.

553 662 875 762 abhorreret
903 679 1209 762 assumere.
1247 664 1404 722 Unde
1443 681 1569 762 cum
1586 756 1597 762 _
1607 666 1887 762 Dominus
1909 666 2117 762 diceret
2154 680 2171 720 :
2280 670 2450 762 ixvi).
2478 672 2656 762 Hodie
2686 676 2907 733 tradidit
2924 678 3035 735 illis
3055 697 3254 755 corpus
3273 662 3673 762 etsanguinem

560 775 582 800 α
616 751 735 807 Nisi
763 752 1232 809 manducaveritis
1264 770 1488 811 carnem
1523 755 1643 810 Filii
1675 757 1916 822 homnis,
1949 764 1998 811 et
2024 754 2173 809 bibe-
2279 755 2455 814 Hodie
2481 760 2655 832 gloria
2686 764 2826 821 Patri
2866 775 2919 823 et
2945 768 3082 826 Filio
3138 751 3245 829 non
3274 751 3496 833 canitur.
3529 780 3710 839 Hodie
3735 751 3857 841 con;

556 849 674 906 ritis
714 850 832 919 ejus
865 852 1222 921 sanguinem,
1260 860 1435 920 netc.,
1470 854 1660 925 (Joan.
1697 854 1930 924 vt),ha:e
1950 852 2172 908 audien-
2277 856 2530 904 secratur
2586 851 2759 909 tribus
2818 856 3000 913 modis
3055 859 3237 917 oleum
3313 865 3475 922 trium
3524 869 3849 932 ofﬁciorum.

557 950 638 995 tes
677 939 898 1012 quidam
932 940 1183 994 abierunt
1232 950 1557 1009 retrorsum,
1602 942 1961 998 abhorrentes
1990 950 2047 1038 et
2064 958 2171 1011 pu-
2277 943 2452 1002 Hodie
2517 958 2832 1007 reservatur
2883 970 3091 1027 corpus
3127 958 3343 1017 Domini
3370 981 3540 1038 usque
3585 969 3645 1024 in
3678 972 3857 1028 crasti-

556 1038 731 1085 tantes
759 1045 885 1085 eum
920 1028 1023 1084 sub
1050 1030 1153 1086 hac
1183 1030 1371 1102 specie
1400 1048 1520 1103 quae
1547 1031 1627 1087 eis
1648 1033 1950 1104 apparebat
1970 1029 2168 1100 jubere
2274 1048 2425 1098 num,
2457 1033 2701 1094 reficitur
2731 1057 2950 1114 quoque
2980 1045 3036 1099 in
3064 1028 3576 1111 commemoratione
3602 1058 3855 1117 refectio-

547 1127 783 1186 comedi_
2272 1115 2359 1172 nis
2407 1118 2635 1176 Christi.
2675 1124 2848 1182 Hodie
2877 1126 3124 1185 lavantur
3153 1135 3321 1204 pedes
3370 1136 3594 1195 fratrum
3624 1152 3681 1198 et
3710 1115 3855 1215 pavi-

620 1217 797 1274 Debet
852 1232 990 1291 ergo
1018 1218 1340 1274 necessario
1368 1217 1713 1275 Christianus
1741 1217 1989 1286 credere,
2042 1234 2165 1274 ma-
2271 1224 2458 1314 menta
2511 1219 2779 1279 ecclesiae.
2838 1224 3013 1284 Hodie
3069 1230 3344 1288 nudantur
3389 1234 3569 1293 altaria
3596 1255 3779 1314 usque
3805 1240 3855 1298 in

546 1305 710 1362 nibus
739 1305 1042 1363 sacerdotis
1071 1306 1369 1377 cujuslibet
1402 1315 1457 1363 et
1503 1307 1884 1363 tantummodo
1915 1306 2162 1363 ordinem
2270 1303 2509 1387 Sabbato
2538 1314 2746 1366 sancto.
2782 1312 2953 1370 Hodie
2984 1318 3313 1387 poenitentes
3340 1324 3560 1383 veniunt
3585 1329 3663 1383 ad
3691 1303 3853 1387 abso-

548 1394 844 1452 sacerdotii
898 1394 1154 1450 habentis
1207 1395 1323 1452 sive
1361 1394 1495 1451 boni
1550 1412 1649 1452 seu
1678 1395 1831 1463 mali,
1876 1395 2124 1466 aequalite

2268 1386 2578 1486 lutionem}
2611 1401 2664 1449 et
2690 1394 2823 1451 illud
2880 1400 3199 1470 mysterium
3261 1407 3408 1477 quod
3459 1410 3619 1467 hodie
3648 1410 3733 1481 ﬁt,
3765 1431 3854 1486 per

544 1501 646 1557 per
675 1482 848 1541 verba
893 1484 1224 1555 potestativa
1254 1484 1673 1554 benedictionis,
1707 1500 1908 1557 corpus
1945 1484 2164 1540 Domini
2268 1480 2825 1573 lOIPm__01_)S€l'VatUF
2849 1501 3049 1544 unum
3084 1509 3097 1546 ε
3144 1492 3242 1548 ⁸εά
3297 1495 3457 1553 Ῑιοάίθ
3508 1480 3849 1573 δάίωρῖείατν

543 1597 714 1654 posse
737 1580 1076 1649 consecrari,
1124 1589 1178 1638 et
1208 1581 1469 1653 Spiritum
1499 1589 1748 1639 sanctum
1779 1581 1834 1636 in
1860 1596 2161 1637 consecra-
2267 1573 2322 1622 εἴ
2348 1567 2512 1626 home
2541 1570 2846 1630 ίοθδοδίυν·
2878 1576 3050 1634 Ηοάίθ
3075 1578 3167 1635 in“
3198 1597 3284 1638 ι’θε
3326 1583 3553 1642 enim“?
3579 1567 3707 1661 qni?
3756 1567 3852 1663 Pu"

540 1672 690 1729 tione
729 1670 827 1726 illa
866 1670 1095 1727 adesse.
1144 1671 1277 1728 Haec
1306 1670 1511 1727 oblatio
1550 1670 1805 1743 corporis
1845 1669 2066 1736 Christi,
2096 1674 2158 1726 ut
2265 1670 2433 1719 totum
2493 1682 2697 1723 annum
2749 1686 2859 1727 non
2910 1680 3291 1747 recuperatur,
3349 1681 3395 1736 si
3435 1682 3739 1747 άὶωἱιιίιιιιι,
3786 1690 3850 1746 Et

547 1770 891 1844 Augustinus
968 1776 1220 1837 testatur,
1278 1768 1404 1825 ideo
1468 1769 1707 1843 quotidie
1755 1769 1995 1838 iteratur,
2039 1770 2124 1838 (10

2261 1753 2387 1846 ideo
2416 1755 2535 1846 dies
2554 1756 2661 1814 ista
2687 1776 2886 1835 magna
2911 1772 2966 1818 et
2993 1767 3386 1827 consecrabilis
3414 1780 3496 1828 est
3519 1774 3779 1846 Domino,
3799 1784 3848 1834 et

538 1842 670 1916 licet
714 1858 968 1916 Christus
998 1857 1176 1915 semel
1200 1875 1398 1931 passus
1429 1842 1517 1929 sit,
1558 1858 1688 1931 quia
1725 1857 1964 1930 quotidie
1992 1858 2151 1914 eadi-
2179 1925 2223 1931 _
2259 1842 2422 1914 P1903
2450 1844 2632 1901 Ῑίὲίίῐίδ
2688 1857 2741 1905 ει
2796 1851 3148 1912 εκιιὶιδιὶοῑιε.
3207 1858 3311 1914 Per
3366 1867 3473 1918 tres
3510 1862 3630 1921 dies
3669 1842 3846 1923 conti—

545 1965 671 2005 mus
700 1948 755 2002 in
784 1946 1052 2020 peccatis,
1086 1925 1218 2004 sine-
1244 1947 1441 2020 quibus
1467 1925 1716 2004 mortalis
1743 1925 2026 2002 inﬁrmitas
2063 1946 2151 2002 vi-
2179 1925 2234 1988 Β
2261 1954 2421 2032 11998,
2453 1940 2507 1997 id
2538 1951 2618 1998 est
2668 1944 2933 2018 quintam,
2999 1960 3206 2007 sextam
3236 1956 3629 2032 septimamque
3659 1961 3846 2019 feriam

541 2052 675 2095 vere
702 2052 815 2093 non
844 2044 1053 2109 potest.
1101 2036 1162 2091 In
1193 2036 1379 2108 specie
1418 2052 1552 2094 vero
1582 2035 1737 2109 panis
1778 2035 2052 2092 invisibile
2078 2036 2149 2093 de
2256 2028 2570 2125 triduanam
2602 2035 2934 2105 sepulturam
2972 2038 3192 2098 Domini
3235 2028 3610 2105 celebramus:
3652 2067 3717 2108 ac
3751 2068 3848 2125 per

546 2135 686 2192 coelo
718 2134 1026 2201 descendit,
1081 2143 1136 2190 et
1174 2134 1432 2191 unionem
1481 2134 1729 2207 corporis
1758 2134 1813 2189 in
1853 2134 2050 2205 capite,
2094 2132 2124 2189 ii

2256 2116 2363 2210 hoc
2380 2126 2448 2210 Aut
2486 2124 2942 2196 compaginemur
2961 2127 3247 2187 humilitati
3267 2136 3565 2207 sepultura:
3599 2138 3729 2210 ejus
3751 2116 3846 2196 ’άί-

2255 2206 2519 2264 mittimus
2541 2212 2762 2268 excelsa
2793 2223 3001 2285 nostra,
3028 2219 3083 2273 id
3122 2229 3205 2276 est
3231 2206 3400 2294 gloria
3430 2227 3577 2283 Patri
3601 2206 3658 2285 et
3694 2230 3843 2299 Filio,

2254 2313 2306 2359 et
2337 2320 2737 2379 eampanarum
2785 2312 2966 2387 signa,
2998 2323 3052 2372 et
3087 2316 3196 2374 alia
3231 2320 3556 2391 hujusmodi.
3596 2325 3844 2396 Quintam

2253 2396 2569 2488 aut-feriam
2599 2405 2769 2457 sexta:
2803 2404 3160 2478 septimaeque
3210 2410 3336 2466 ideo
3384 2413 3726 2486 adjungimus
3752 2432 3842 2488 pro

2250 2484 2436 2542 triduo
2466 2486 2841 2560 adimplenda,
2875 2493 3004 2565 quia
3034 2496 3314 2554 Dominica
3358 2517 3486 2569 nox,
3517 2484 3678 2574 quam
3726 2484 3841 2563 Do-

2250 2582 2430 2674 minus
2453 2600 2558 2639 sua
2581 2590 2986 2647 resurrectione
3008 2597 3369 2663 consecravit,
3390 2616 3510 2672 qua
3527 2605 3759 2674 pertinet
3774 2605 3838 2662 ad

2246 2669 2456 2767 initium
2490 2676 2773 2767 sequentis
2807 2678 3077 2737 Dominici
3106 2683 3233 2752 diei,
3292 2669 3420 2743 cum
3441 2669 3640 2764 magna
3667 2694 3839 2767 gloria

2247 2755 2575 2813 celebratur.
2611 2759 2670 2814 In
2696 2763 2886 2818 eadem
2918 2782 3135 2839 quoque
3163 2769 3252 2826 die
3279 2755 3636 2833 consecratur
3661 2755 3835 2836 oleum

2244 2844 2312 2899 ad
2351 2846 2453 2901 tria
2492 2846 2691 2916 otﬂcia,
2733 2851 2918 2908 oleum
2958 2855 3029 2909 ad
3104 2856 3369 2929 inﬁrmos,
3408 2863 3477 2919 ad
3512 2867 3828 2941 neophytos,

2243 2942 2478 3038 chrisma
2509 2961 2725 3019 quoque
2774 2949 2921 3007 unde
2984 2954 3371 3013 conﬁrmantur
3407 2959 3652 3021 homines
3715 2973 3834 3038 post

545 2222 736 2296 specie
772 2224 932 2297 panis
972 2222 1142 2280 voluit
1180 2223 1484 2296 designari,
1524 2224 1663 2280 sicut
1690 2224 1765 2279 ait
1794 2223 2089 2296 Apostolus
2130 2241 2146 2279 :

542 2335 569 2366 ι
611 2314 770 2370 Unus
801 2311 981 2383 panis,
1021 2329 1190 2368 unum
1230 2329 1430 2385 corpus
1468 2329 1656 2368 sumus
1693 2328 1906 2378 omnes,
1956 2312 2047 2383 qui
2076 2312 2146 2369 de

535 2425 649 2466 uno
680 2425 824 2481 pane
856 2408 1243 2480 participamur
1265 2411 1330 2475 (Ι.
1376 2411 1505 2467 Cor.
1539 2411 1619 2479 χ).
1662 2432 1684 2459 ››
1720 2410 1869 2466 Sicut
1897 2410 2046 2465 enim
2077 2426 2145 2465 ex

534 2497 774 2554 diversis
805 2497 993 2569 granis
1021 2514 1164 2552 unus
1193 2498 1350 2569 panis
1387 2498 1464 2566 ﬁt,
1502 2498 1583 2554 sic
1613 2514 1676 2553 ex
1706 2498 1937 2552 diversis
1962 2514 2143 2554 mem-

535 2585 676 2651 bris,
708 2601 811 2642 nos
850 2601 1019 2641 unum
1050 2601 1255 2657 corpus
1310 2586 1535 2651 Christi,
1570 2585 1769 2641 unione
1800 2588 1937 2657 spei,
1994 2585 2142 2654 ﬁdei,

535 2683 589 2731 et
618 2674 904 2731 charitatis
957 2673 1246 2729 efﬁcimur.
1303 2675 1498 2746 Itaque
1545 2674 1639 2746 qui
1675 2677 1894 2745 corpori
1940 2675 2143 2733 Christi

538 2779 702 2820 suum
732 2762 815 2820 sic
842 2768 1150 2818 membrum
1193 2762 1337 2818 uniri
1375 2763 1491 2818 vult
1545 2779 1688 2835 pane
1736 2764 1966 2834 caelesti,
2014 2781 2139 2820 cum

528 2863 655 2920 aliis
705 2862 1012 2935 participat.
1048 2860 1230 2935 Fregit
1285 2861 1428 2917 enim
1487 2862 1636 2919 Deus
1666 2879 1865 2935 panem
1909 2871 1962 2919 et
1989 2864 2139 2920 dedit

525 2953 625 3020 eis,
659 2952 785 3026 quia
817 2952 963 3022 quod
997 2968 1163 3007 unum
1197 2962 1297 3020 est,
1330 2952 1402 3006 ab
1429 2952 1688 3007 omnibus
1721 2954 1891 3007 voluit
1918 2954 2138 3024 partici-

519 3042 664 3116 pari,
694 3041 885 3097 dicens
912 3056 926 3096 :
971 3040 1215 3112 Accipite
1244 3056 1344 3111 per
1371 3040 1832 3110 conformitatem,
1865 3051 1918 3099 et
1945 3060 2131 3100 come-

519 3138 632 3196 dite
649 3139 825 3211 ipsum
846 3146 1271 3195 sacramentum.
1299 3139 1416 3194 Hoc
1441 3138 1601 3195 facite
1618 3139 1671 3194 in
1703 3157 1880 3196 meam
1902 3157 2136 3198 comme.

515 3230 878 3286 morationem
938 3226 1171 3299 (Matth.
1255 3230 1431 3297 xxvi).
1478 3229 1820 3302 Accipiendo
1849 3246 2052 3302 corpus
2073 3240 2126 3287 et

2241 3031 2595 3103 baptismum,
2637 3044 2691 3091 et
2726 3038 2874 3095 unde
2936 3039 3115 3113 ipsum
3156 3045 3479 3116 baptismum
3535 3031 3832 3111 consecra-

2239 3127 2345 3182 tur.
2379 3138 2478 3193 per
2506 3125 2651 3195 quod
2685 3128 2931 3184 homines
2970 3131 3248 3189 salvantur
3268 3137 3401 3207 (11).
3435 3138 3625 3197 Potest
3655 3152 3829 3201 tamen

2240 3218 2389 3274 Deus
2419 3220 2536 3315 sine
2576 3221 2699 3278 oleo
2727 3224 2985 3284 inﬁrmos
3017 3245 3234 3299 sanare,
3260 3235 3595 3295 sanctiﬁcare
3614 3257 3827 3315 quoque

518 3317 846 3392 sanguinem
877 3317 1182 3373 habeamus
1208 3317 1483 3388 passionis
1530 3318 1871 3391 memoriam,
1895 3328 1953 3374 ut
1981 3320 2124 3377 sicut

2235 3323 2384 3375 suos,
2417 3310 2808 3385 daemonesque
2839 3315 3084 3390 eﬁugare
3119 3340 3131 3375 :
3165 3330 3343 3392 potest
3384 3284 3826 3397 spiritale‘ole‘um

517 3431 622 3487 pro
652 3414 813 3470 nobis
840 3422 1086 3470 mortuus
1122 3421 1225 3481 est,
1257 3414 1333 3470 ita
1366 3430 1466 3486 pro
1506 3431 1592 3483 eo,
1650 3415 1696 3471 si
1750 3432 1981 3473 necesse
2029 3418 2119 3488 sit,

515 3504 842 3561 moriamur.
874 3503 941 3559 Et
971 3503 1041 3558 de
1072 3502 1246 3559 calice
1275 3502 1540 3571 similiter,
1575 3520 1739 3575 quem
1767 3506 1984 3562 vocavit
2009 3507 2121 3563 No-

514 3610 645 3651 vum
690 3594 1122 3661 Testamentum,
1174 3592 1230 3647 id
1283 3600 1364 3648 est
1419 3608 1616 3650 novam
1670 3594 2117 3667 promissionem,

515 3690 641 3765 quia
670 3707 773 3763 per
816 3689 970 3745 illum
1017 3688 1347 3764 sanguinem
1394 3704 1507 3746 non
1564 3690 1742 3746 solum
1798 3692 2122 3763 temporalia

510 3778 883 3854 promittebat,
917 3779 1015 3836 sed
1042 3778 1208 3835 etiam
1238 3787 1461 3835 aeterna.
1509 3780 1579 3835 Et
1604 3781 1724 3837 haec
1778 3796 2120 3838 commemo-

513 3868 653 3926 ratio
698 3868 868 3925 debet
923 3866 1064 3935 ﬁeri,
1098 3868 1277 3943 donec
1323 3867 1530 3935 veniat,
1581 3868 1635 3923 id
1688 3876 1770 3926 est
1823 3887 1999 3943 usque
2050 3871 2118 3927 ad

512 3965 685 4024 ﬁnem
720 3964 930 4035 saeculi,
990 3964 1208 4039 quando
1237 3964 1447 4022 scilicet
1497 3965 1680 4022 veniet
1706 3967 1774 4023 ad
1823 3967 2114 4037 judicium.

509 4054 621 4112 Sed
649 4055 831 4112 videte
861 4054 993 4128 quid
1046 4054 1297 4127 sequitur
1327 4068 1340 4109 :
1379 4077 1401 4104 α
1437 4052 1761 4128 Quicunque
1807 4058 2118 4114 manduca-

506 4143 650 4202 verit
677 4158 873 4215 panem
920 4141 1009 4200 vel
1060 4142 1265 4199 biberit
1315 4142 1542 4200 calicem
1594 4143 1814 4201 Domini
1866 4145 2114 4222 indigne,

510 4256 641 4300 reus
672 4240 775 4297 erit
804 4240 1053 4314 corporis
1094 4240 1334 4297 Domini.
1391 4241 1591 4299 Probet
1632 4250 1815 4298 autem
1872 4244 2113 4317 seipsum

511 4329 702 4399 homo,
736 4337 791 4386 et
816 4328 896 4386 sic
926 4328 999 4385 de
1028 4344 1169 4401 pane
1217 4328 1312 4386 illo
1358 4330 1504 4395 edat,
1562 4338 1617 4387 et
1645 4332 1716 4387 de
1745 4331 1919 4390 calice
1965 4334 2117 4391 bibat

512 4418 567 4491 (Ι
595 4418 720 4475 Cor.
752 4417 854 4491 xi).
892 4439 916 4467 η
950 4417 1218 4491 Indignus
1268 4427 1356 4476 est
1382 4419 1651 4476 criminati
1680 4430 1905 4492 peccato
1932 4424 2112 4481 irreti-

505 4515 615 4576 tus,
639 4506 728 4564 vel
754 4506 811 4562 in
841 4505 1115 4564 voluntate
1142 4508 1502 4565 criminalium
1533 4509 1908 4568 faciendorum
1930 4528 2115 4571 rema-

507 4622 667 4665 nens.
701 4604 903 4663 Probet
934 4614 1117 4662 autem
1148 4606 1393 4680 seipsum
1422 4622 1532 4663 non
1554 4610 1961 4680 comparatione
1988 4613 2113 4671 alio-
2137 4648 2191 4711 D

504 4711 651 4766 rum,
685 4694 781 4752 sed
812 4711 914 4767 per
942 4711 1003 4752 se
1030 4695 1230 4765 solum,
1263 4696 1440 4769 qualis
1468 4696 1539 4752 sit
1583 4698 1968 4773 considerans,
1986 4702 2113 4776 quia

509 4809 533 4837 ι
568 4785 657 4859 qui
678 4784 972 4842 manducet
999 4793 1053 4841 et
1080 4785 1215 4842 bibit
1242 4784 1492 4859 indigne,
1520 4786 1789 4858 judicium
1820 4789 1925 4845 sibi
1954 4807 2113 4849 man-

2229 3397 2473 3493 tribuere
2493 3400 2624 3493 sine
2651 3406 2929 3493 corporali
2960 3425 2976 3474 ;
2999 3409 3094 3464 sed
3123 3419 3345 3483 propter
3371 3414 3631 3474 animales
3649 3435 3824 3493 agun-

2231 3494 2317 3541 tur
2347 3487 2605 3557 visibilis,
2636 3499 2694 3545 ut
2723 3491 3032 3552 invisibilia
3059 3498 3270 3555 facilius
3289 3502 3589 3573 capiantur.
3621 3487 3823 3581 si'quis

2226 3582 2461 3641 dixerit:
2486 3586 2543 3641 Si
2570 3597 2769 3658 potest,
2784 3607 2960 3664 quare
2980 3602 3133 3652 tanto
3160 3596 3342 3655 studio
3353 3600 3693 3674 observatur,
3711 3607 3822 3664 culo

2229 3681 2316 3729 tus
2354 3678 2788 3735 consecrationis
2826 3680 2980 3738 olei?
3010 3685 3480 3757 Respondebitur:
3511 3692 3707 3752 Nonne
3726 3711 3819 3752 an-

2231 3763 2367 3835 tiqui
2414 3764 2550 3834 justi
2617 3776 2910 3837 potuerunt
2970 3772 3083 3829 Deo
3119 3774 3341 3846 placere
3378 3779 3495 3837 sine
3531 3782 3819 3842 circumci-

2228 3860 2430 3916 sione?
2466 3863 2772 3955 Potuerunt
2808 3867 3020 3941 utique.
3069 3870 3178 3929 Sed
3231 3885 3520 3950 postquam
3559 3880 3638 3937 eis
3673 3899 3814 3955 prm-

2227 3958 2443 4023 ceptum
2473 3951 2661 4009 fuitut
2706 3954 3245 4034 circumciderentur,
3301 3964 3404 4021 nisi
3459 3951 3816 4030 circumcide-

2226 4048 2436 4134 rentur,
2464 4043 2675 4113 peccati
2713 4044 2942 4102 vinculis
2971 4051 3313 4122 tenebantur,
3368 4064 3428 4111 ut
3477 4059 3816 4134 Augustinus

2225 4126 2475 4187 Seleucio
2506 4139 2753 4190 testatur.
2786 4137 3032 4208 Apostoli
3080 4141 3280 4214 quippe
3306 4143 3410 4202 hac
3461 4126 3597 4218 arte:
3650 4150 3705 4207 id
3735 4160 3816 4209 est

2224 4225 2347 4283 oleo
2385 4227 2704 4299 utebantur,
2780 4231 2838 4288 in
2898 4234 3363 4311 redintegratione
3432 4242 3813 4319 inﬁrmorum;

2224 4317 2513 4388 apostolici
2573 4327 2758 4376 autem
2825 4322 2925 4379 viri
2966 4324 3022 4380 in
3061 4327 3475 4401 consignatione
3510 4317 3816 4409 neophyto4

2224 4422 2372 4461 rum.
2418 4407 2576 4465 Unde
2642 4410 3001 4485 Evangelium
3038 4413 3169 4472 dicit
3207 4416 3279 4475 de
3342 4407 3651 4493 apostolis:
3687 4407 3713 4477 ei
3748 4428 3817 4485 Et

2222 4503 2507 4576 ungebant
2572 4504 2698 4563 oleo
2771 4508 2970 4566 multos
3025 4521 3289 4585 aegrotos,
3363 4526 3418 4573 et
3485 4521 3817 4581 sanabantur

2223 4593 2420 4683 (Marc.
2459 4595 2556 4666 vi).
2593 4618 2615 4645 ιι
2650 4597 2784 4652 Item
2824 4598 2969 4655 Beda
3011 4618 3026 4656 :
3067 4602 3223 4659 Patet
3277 4605 3348 4661 ab
3381 4605 3516 4678 ipsis
3551 4612 3814 4683 apostolis

2222 4681 2367 4739 hunc
2426 4693 2631 4741 sanctae
2703 4685 2965 4745 Ecclesiae
3019 4706 3225 4748 morem
3291 4696 3539 4754 traditum
3587 4681 3717 4759 esse
3751 4711 3813 4760 ut

2213 4773 2574 4844 energumeni
2611 4774 2701 4830 vel
2738 4774 2831 4831 alii
2869 4777 3097 4850 quilibet
3133 4783 3325 4854 aegroti
3378 4796 3646 4861 uagantur
3688 4789 3809 4849 oleo

501 4885 673 4943 ducat
703 4891 756 4943 et
784 4883 920 4939 bibit
947 4883 1155 4955 (ibid),
1192 4906 1215 4933 η
1250 4885 1304 4940 id
1335 4893 1419 4941 est
1445 4886 1850 4944 damnationem
1880 4893 2111 4948 mandu-

2234 4869 2507 4927 iontiﬁcali
2574 4870 2975 4932 benedictione.
3033 4877 3114 4934 De
3159 4878 3282 4936 oleo
3337 4884 3482 4954 quod
3517 4884 3808 4946 infunditur

500 4983 605 5033 cat.
641 4973 774 5030 Ideo
822 4972 964 5029 inter
993 4989 1094 5030 vos
1157 4973 1312 5029 multi
1343 4974 1543 5031 inﬁrmi
1598 4984 1727 5033 sunt
1757 4993 1895 5050 quos
1923 4981 2111 5037 Domi-

2210 4975 2378 5031 super
2414 4961 2722 5033 neOphytos
2762 4978 2871 5019 non
2902 4964 3110 5038 aliquid
3159 4967 3262 5024 tale
3300 4969 3554 5045 legimus,
3591 4976 3689 5032 sed
3718 4984 3803 5034 te-

494 5080 603 5121 nus
631 5071 856 5136 propter
883 5077 1088 5134 corpus
1108 5079 1268 5119 suum
1295 5063 1524 5139 indigne
1552 5075 1893 5138 assumptum
1920 5069 1978 5124 in
1999 5070 2106 5128 hac
2208 5065 2402 5105 nemus
2430 5050 2787 5122 apostolicam
2816 5055 3267 5112 consuetudinem
3299 5067 3353 5115 et
3406 5063 3798 5136 auctoritatem,

493 5154 608 5212 vita
642 5151 881 5209 febribus
911 5159 966 5208 et
1021 5153 1145 5207 aliis
1171 5151 1572 5211 inﬁrmitatibus
1600 5155 1775 5228 punit,
1825 5166 1879 5214 et
1932 5158 2103 5216 etiam
2206 5164 2368 5221 quam
2402 5149 2738 5254 fffei’imuf
2804 5166 2841 5206 ὃ
2880 5150 3121 5209 Romam
3185 5155 3461 5215 Εοθιθεὶεο
3506 5160 3645 5217 Nam
3681 5179 3798 5220 mos

494 5251 664 5325 (quod
695 5254 780 5307 est
836 5249 1017 5320 pejus)
1044 5249 1323 5306 dormiunt
1368 5251 1522 5307 multi
1569 5251 1625 5307 in
1681 5261 1930 5324 mortem,
1960 5255 2103 5312 sicut

2241 5237 2441 5309 postoli
2467 5238 2567 5294 Dei
2619 5247 2673 5296 et
2709 5238 2956 5296 instituta
2985 5243 3248 5313 majorum
3288 5263 3387 5319 pro
3412 5247 3538 5320 lege
3567 5253 3799 5312 tenendi.

486 5356 593 5398 nos
620 5341 806 5397 adhuc
830 5339 1103 5405 videmus,
1137 5339 1285 5413 quod
1312 5346 1439 5413 post
1465 5340 1682 5398 Pascha
1711 5344 1914 5415 saepius
1940 5360 2099 5403 acce-

2234 5336 2346 5395 unt,
2418 5336 2473 5382 ut
2512 5329 2855 5401 Augustinus
2930 5329 3205 5390 Casulano
3269 5336 3588 5409 presbytero
3629 5349 3795 5397 testa-

2322 5429 2335 5437 ,
2379 5415 2565 5437 Λιμῷ,
2633 5433 2726 5437 ,Α
3314 5432 3322 5437 .
3428 5425 3439 5437 .
3532 5425 3545 5437 -
3716 5428 3759 5437 .-

488 5430 566 5486 ἀίι
596 5428 931 5486 morum”.
2196 5423 2286 5473 tur
2322 5429 2335 5471 :
2378 5415 2570 5472 Oleum
2632 5433 2734 5489 pro
2774 5416 2996 5476 inﬁrmo
3034 5432 3397 5480 consecratur
3425 5425 3477 5481 in
3528 5425 3648 5499 ipso
3675 5428 3795 5486 otii-

700 5525 868 5581 nm;
922 5524 1162 5582 53mm
1190 5526 1267 5581 1N
1295 5526 1524 5584 camp,
1581 5527 1862 5586 00mm,
2195 5514 2282 5571 cio
2320 5514 2751 5571 consecrationis
2818 5517 3074 5589 corporis
3111 5528 3166 5575 et
3239 5524 3522 5596 sanguinis
3556 5526 3788 5598 Domini,

557 5621 801 5689 Fratres,
833 5621 937 5676 ista
973 5621 1093 5677 dies
1115 5637 1279 5694 quam
1309 5623 1476 5680 hodie
1507 5624 1854 5682 celebramus
1883 5644 2090 5702 magna
2191 5614 2486 5677 “umquam
2516 5605 2728 5662 dicatur
2754 5622 2768 5660 ³
2819 5606 2922 5661 Ρθτ
2951 5625 3113 5680 quem
3144 5609 3263 5668 hac
3305 5612 3508 5682 οωηίδι
3541 5614 3783 5689 Domina»

487 5714 571 5763 est
598 5718 649 5765 et
679 5708 919 5775 excelsa,
979 5715 1035 5764 et
1090 5710 1240 5765 nulla
1294 5712 1481 5784 major
1534 5729 1635 5784 per
1663 5722 1833 5770 totum
1861 5731 2086 5775 annum,
2188 5720 2413 5775 semper
2443 5702 2584 5760 bona
2614 5718 2798 5761 creas.
2863 5705 3175 5764 Novissima
3220 5710 3394 5767 oratio
3423 5714 3787 5773 concecratio-

2254 5861 2282 5987 ε
2283 5862 2338 5986 111
2350 5862 2482 5987 )ουῗ
2510 5876 2780 5931 consecr.,
2812 5861 2940 5923 dist.
2976 5880 3057 5935 ιιι,
3088 5866 3342 5940 Litteris,
3358 5875 3411 5925 et
3425 5884 3475 5927 vr
3491 5877 3656 5943 sent.,
3680 5872 3779 5933 dist

2184 5946 2342 6001 mn,
2372 5947 2423 5988 c.
2458 5946 2479 5987 1
2494 5973 2510 5990 .

554 5849 668 5929 (έο)
701 5850 783 5929 De
810 5849 1508 5929 consec._dit._i_t.‘Utrum,
1556 5862 1610 5910 et
1634 5871 1768 5928 cap.
1808 5858 2080 5929 Iteratur,

472 5932 534 5978 tv
562 5920 698 5978 Sen.
730 5920 866 5977 dist.
904 5932 1000 5988 ιιι,
1032 5918 1379 5978 [mutatum
