3924 6404
129 393 241 449 913
1131 396 1714 456 DEFLORATIONES
1752 397 1862 455 SS.
1904 397 2300 457 PATRUM.—
2341 398 2472 455 LIB.
2514 398 2557 452 ῐ.
3381 395 3486 450 9H

129 515 220 570 nis
251 515 555 573 Dominici
617 519 878 592 corporis
907 537 979 577 ex
1007 529 1132 577 voto
1190 521 1561 593 paenitendum
1588 521 1663 589 tit,
1712 522 1780 577 de
1811 524 1863 584 A
1895 538 1997 578 nus
2025 524 2368 578 sacerdotum
2399 529 2711 578 recurrunt.
2751 523 2818 578 Et
2847 537 2947 578 cur
2977 519 3168 576 eadem
3185 517 3274 574 die
3297 518 3479 575 oleum

132 603 342 678 quibus
385 606 613 663 dicitur
651 624 666 663 :
709 633 731 658 «ι
766 609 1106 667 Sacrificium
1138 611 1370 665 Domino
1402 611 1625 681 spiritus
1647 627 1784 666 con-
1896 620 2246 666 consecratur
2272 614 2301 665 ‘?
2329 611 2576 667 Christus
2615 619 2811 666 unctus
2858 609 2983 664 oleo
3011 607 3212 663 laetitiae
3267 606 3322 661 in
3377 606 3485 662 ﬁne

129 694 437 750 tribulatus
498 697 704 766 (Psat.
756 702 830 768 ι).
861 724 883 748 ιι
919 701 1177 772 Congrue
1232 699 1284 754 in
1309 716 1371 754 ea
1429 707 1786 755 consecratur
1894 699 2094 770 quintae
2114 700 2288 755 atatis
2320 700 2464 754 venit
2496 701 2565 754 ad
2588 715 2706 761 nos,
2732 696 3303 755 utconsortesfaceret
3324 696 3484 769 regni

135 790 328 846 oleum
391 809 508 862 pro
595 796 1011 865 paenitentibus,
1069 795 1160 850 ubi
1222 813 1413 852 eorum
1463 797 1785 852 sacriﬁcium
1895 795 1996 849 sui.
2029 796 2184 851 Unde
2215 806 2267 851 et
2296 796 2412 851 haec
2456 796 2635 851 unctio
2692 793 3048 850 conficiturin
3107 791 3294 864 quinta
3317 790 3474 846 feria.

135 881 259 935 Deo
289 879 564 936 offertur.
603 885 961 940 Consecratio
991 885 1304 940 chrismatis
1334 886 1532 940 dicitur
1590 885 1786 955 princi-
1893 883 1982 939 Sic
2009 884 2224 938 delatus
2251 893 2332 938 est
2361 884 2578 954 quidam
2606 883 2798 938 modus
2842 880 3111 938 unctionis
3141 895 3174 934 a
3204 879 3483 936 nativitate

135 967 301 1033 palis,
349 970 492 1039 quia
525 971 610 1024 ad
677 973 796 1042 ejus
839 975 1148 1028 unctionem
1195 973 1508 1044 principalis
1564 974 1784 1045 spiritus
1893 972 2130 1038 Domini,
2160 975 2460 1030 secundum
2491 973 2686 1027 Isaiam
2717 980 2770 1026 et
2825 969 3182 1042 Evangelium
3215 968 3269 1022 in
3300 968 3484 1040 specie

136 1057 432 1114 tribuitur.
481 1059 878 1116 Consecratur
916 1062 970 1116 in
1027 1079 1092 1117 eo
1119 1062 1263 1129 loco,
1289 1063 1380 1117 ubi
1409 1079 1601 1134 pacem
1644 1063 1784 1118 inter

135 1161 244 1200 nos
305 1148 580 1202 solemus
616 1149 774 1217 dare,
805 1153 906 1206 hoc
937 1158 1020 1206 est
1049 1166 1188 1222 Opus
1238 1152 1426 1224 gratia:
1457 1151 1691 1218 Domini,
1726 1159 1785 1207 ut

135 1259 244 1313 pax
307 1252 367 1299 et
429 1247 756 1302 concordia
796 1256 992 1318 regnet
1047 1248 1099 1304 in
1160 1249 1337 1304 nobis.
1387 1250 1526 1303 Nam
1581 1257 1638 1304 ut
1686 1249 1784 1304 lsi-

133 1331 305 1388 dorus
339 1333 423 1387 ait
459 1348 474 1388 :
521 1357 545 1381 ει
579 1333 728 1390 Olea
756 1344 837 1391 est
868 1336 1035 1392 arbor
1061 1336 1215 1408 pacis
1245 1336 1507 1410 insignis.
1544 1361 1564 1386 η

1892 1061 2179 1126 columbae,
2215 1078 2388 1131 usque
2436 1060 2506 1116 ad
2564 1061 2890 1132 baptismum
2922 1057 3170 1129 quamvis
3228 1057 3296 1112 ab
3327 1057 3482 1114 initio

1891 1172 1957 1212 ex
1985 1173 2092 1228 quo
2123 1159 2284 1228 erepit
2330 1159 2490 1214 homo
2549 1157 2682 1223 ficri,
2715 1157 3005 1214 credamus
3057 1154 3367 1211 unctionem
3424 1154 3482 1210 in

1889 1244 2016 1299 Jesu
2043 1246 2346 1317 spiritalem
2381 1263 2626 1302 manere.
2664 1247 2784 1300 Non
2811 1245 3090 1315 discrepat
3135 1244 3204 1298 ab
3234 1244 3334 1299 hac
3381 1259 3475 1297 ra-

1892 1333 2220 1406 tione,quod
2254 1335 2441 1406 quinta
2473 1335 2604 1390 feria
2636 1341 2985 1392 consecratur
3007 1332 3278 1400 oleum,et
3298 1331 3481 1388 unctio

1891 1432 2144 1477 servatur
2175 1439 2348 1495 usque
2363 1424 2430 1477 ad
2461 1425 2782 1494 baptismum
2815 1431 3075 1477 nostrum.
3100 1421 3205 1476 Lex
3237 1437 3346 1476 non
3366 1420 3484 1476 sol-

1893 1511 2053 1565 vebat
2085 1521 2327 1582 peccata,
2360 1513 2455 1567 sed
2487 1513 2762 1584 puniebat.
2786 1511 3028 1566 Christus
3057 1510 3112 1564 in
3133 1511 3321 1581 quinta
3345 1509 3481 1565 feria

1891 1609 2061 1664 veteri
2091 1609 2197 1680 legi
2221 1609 2381 1667 ﬁnem
2407 1611 2515 1676 dat,
2550 1619 2605 1665 ut
2652 1611 2796 1666 Beda
2825 1617 3007 1664 narrat
3029 1625 3194 1678 super
3248 1608 3476 1674 Lucam,

1890 1705 1944 1752 et
1987 1707 2215 1768 peccata
2267 1699 2519 1753 absolvit.
2593 1699 2834 1768 Idipsum
2890 1699 2943 1751 in
3003 1697 3175 1768 prima
3231 1696 3478 1752 oratione

1890 1787 2072 1841 missae
2093 1795 2247 1842 sonat
2272 1789 2540 1843 sacerdos
2572 1788 2804 1842 dicendo
2838 1804 2852 1840 :
2888 1787 2962 1841 lta
2999 1785 3161 1840 nobis
3191 1785 3370 1842 ablato
3388 1801 3476 1842 ve-

1891 1883 2103 1936 tustatis
2134 1899 2342 1948 errore,
2378 1883 2800 1938 resurrectionis
2848 1898 2958 1938 sua:
2988 1882 3228 1953 gratiam
3275 1881 3478 1952 largia-

1886 1976 1996 2023 tur.
2057 1969 2224 2025 Affert
2280 1979 2331 2025 et
2387 1972 2587 2039 oleum,
2633 1987 2741 2043 quo
2794 1981 3062 2039 uagantur
3117 1970 3202 2024 sui
3259 1985 3480 2025 consor-

1888 2065 1988 2124 tes,
2021 2059 2089 2112 de
2119 2059 2314 2130 quihus
2345 2059 2489 2114 dicit
2515 2061 2704 2114 Petrus
2733 2076 2746 2113 :
2791 2082 2812 2107 α
2851 2059 2957 2113 Vos
2979 2059 3108 2113 estis
3159 2074 3334 2130 genus
3364 2058 3480 2113 ele-

1887 2156 2055 2213 ctum,
2090 2147 2278 2216 regale
2335 2147 2700 2203 sacerdotium
2732 2148 2783 2216 (I
2807 2151 2958 2203 Petr.
2980 2148 3062 2216 ιι).
3101 2170 3123 2194 »
3160 2146 3328 2220 Igitur
3355 2161 3481 2202 cum

1888 2251 1953 2290 ex
1983 2237 2066 2290 his
2116 2236 2369 2292 omnibus
2419 2245 2568 2291 tanta
2598 2236 2780 2291 laetitia
2820 2235 2887 2290 sit
2935 2235 3212 2290 hodiernae
3239 2235 3347 2290 diei
3403 2243 3476 2304 et,

1888 2328 2027 2379 sicut
2057 2325 2254 2380 scimus
2286 2334 2336 2379 et
2368 2341 2512 2396 smpe
2573 2325 2820 2379 videmus
2849 2331 3052 2379 tantam
3108 2324 3162 2377 in
3195 2323 3358 2379 terris
3387 2322 3481 2379 la:-

1888 2423 2060 2476 titiam
2091 2422 2160 2477 de
2183 2421 2488 2493 peccatoris
2511 2422 2859 2478 absolutione
2876 2430 2928 2477 et
2955 2421 3482 2493 poenitentia,multo

1889 2511 2066 2583 magis
2095 2511 2430 2566 credendum
2460 2521 2562 2575 est,
2597 2511 2652 2564 in
2682 2511 2836 2566 ctelis
2867 2510 3124 2583 gaudium
3156 2527 3277 2565 esse
3307 2519 3361 2566 et
3390 2510 3486 2565 las-

1889 2599 2058 2654 titiam
2089 2615 2271 2654 coram
2296 2601 2408 2654 Deo
2458 2609 2508 2654 et
2537 2599 2751 2672 angelis
2783 2600 2924 2668 ejus,
2983 2599 3126 2655 sicut
3156 2600 3272 2671 ipse
3330 2599 3481 2663 dicit,

1892 2688 1981 2757 qui
2008 2687 2152 2742 diem
2176 2696 2229 2742 et
2264 2688 2540 2742 hominem
2571 2688 2895 2743 constituit:
2935 2710 2957 2735 «
2993 2687 3270 2742 Gaudium
3317 2696 3400 2743 est
3429 2687 3486 2742 in

1887 2776 2028 2833 coelo
2058 2793 2241 2831 coram
2270 2777 2483 2849 angelis
2513 2777 2608 2832 Dsi
2630 2793 2796 2848 super
2838 2792 2947 2832 uno
2977 2784 3260 2849 peccatore
3313 2775 3489 2850 poeni—

1888 2866 2108 2920 tentiam
2131 2873 2328 2938 agente
2357 2866 2519 2936 (Luc.
2559 2865 2680 2936 xv).
2723 2887 2746 2914 η

211 1446 498 1519 Sequitur
595 1449 944 1506 exorcismus
1025 1450 1159 1506 olei.
1228 1452 1297 1506 Ut
1344 1451 1586 1506 Isidorus
1634 1451 1707 1506 ait
1766 1469 1780 1507 :

136 1535 532 1592 Exorcismus
599 1537 819 1607 Graece,
878 1538 1064 1595 Latine
1094 1539 1409 1608 conjuratio,
1471 1555 1572 1594 seu
1604 1556 1783 1596 sermo

139 1623 584 1696 increpationis,
637 1636 720 1682 est
776 1636 965 1684 contra
1009 1627 1308 1695 diabolum,
1350 1636 1406 1683 ut
1461 1629 1703 1684 discedat
1761 1645 1774 1686 :

139 1721 194 1767 et
251 1714 570 1770 concludit
635 1716 755 1773 sic:
789 1718 893 1772 Per
937 1717 1225 1772 Dominum
1283 1726 1528 1773 nostrum
1575 1719 1778 1784 Jesum,

144 1801 459 1871 Christum,
499 1805 606 1874 qui
639 1813 904 1861 venturus
932 1814 1031 1860 est.
1071 1806 1168 1861 Illo
1197 1814 1468 1878 unguntur
1521 1809 1778 1862 catechu-

140 1891 314 1955 meni,
370 1900 434 1946 ut
492 1909 605 1964 per
640 1884 788 1950 hanc
835 1894 1145 1949 unctionem
1188 1911 1298 1949 non
1331 1896 1501 1966 passit
1529 1895 1778 1951 diabolus

146 1981 459 2050 repedare.
502 1983 828 2037 Videndum
853 1992 935 2038 est
965 1983 1093 2052 quid
1117 1991 1368 2054 operetur
1395 1984 1625 2054 Spiritus
1643 2001 1776 2038 san-

146 2076 269 2124 ctus
331 2069 389 2123 in
458 2071 732 2144 singulis.
767 2071 1125 2126 Exorcismus
1165 2072 1268 2127 olei
1311 2072 1466 2142 jubet
1521 2073 1778 2129 recedere

147 2155 445 2213 diabolum
467 2175 502 2212 a
540 2161 960 2230 catecitumeno,
1006 2160 1094 2230 qui
1123 2160 1302 2217 adhuc
1319 2162 1409 2231 qui
1431 2170 1645 2216 mortuo
1677 2163 1778 2216 de-

148 2257 398 2324 putatur,
458 2257 602 2328 quia
651 2257 890 2311 nondum
949 2265 1032 2312 est
1083 2257 1403 2329 baptizatus.
1463 2259 1782 2314 Chrismalis

149 2343 341 2398 unctio
374 2346 704 2401 sanctiﬁcat
727 2347 839 2414 jam
869 2347 1149 2402 viventem
1183 2363 1254 2403 ex
1281 2348 1532 2403 mortuis.
1584 2347 1782 2404 Oleum

154 2446 255 2499 pro
288 2431 529 2488 infirmo
563 2435 836 2489 medelam
868 2443 1093 2506 praestat
1121 2436 1396 2491 sauciatis.
1446 2437 1782 2492 Reservatur

156 2518 210 2572 in
243 2521 450 2575 eadem
488 2523 586 2577 die
615 2539 817 2594 corpus
874 2525 1090 2578 Domini
1145 2541 1316 2594 usque
1345 2524 1398 2580 in
1455 2525 1777 2580 crastinum.

159 2609 220 2661 In
255 2609 588 2668 Parasceve
620 2611 762 2666 enim
787 2627 896 2666 non
932 2611 1216 2669 conficitur
1271 2629 1466 2684 corpus
1523 2615 1772 2669 Domini.

161 2696 415 2752 Necesse
449 2708 542 2754 est
563 2701 733 2766 enim,
793 2709 848 2755 ut
904 2701 958 2755 hi
1007 2702 1203 2771 quibus
1249 2711 1331 2757 est
1360 2703 1608 2757 voluntas
1636 2720 1781 2760 com-

162 2786 520 2853 municandi,
555 2789 797 2842 habeant
827 2789 1152 2845 sacrificium
1186 2807 1248 2846 ex
1280 2791 1446 2861 priori
1503 2792 1612 2846 die.
1646 2793 1782 2848 Sunt

164 2882 310 2938 enim
343 2885 439 2954 qui
464 2886 846 2954 quotidie(12l
871 2888 1254 2943 eucharistiam
1285 2905 1502 2944 sumere
1559 2889 1770 2946 volunt.

166 2969 326 3037 Nam,
383 2975 547 3042 juxta
603 2975 989 3047 Augustinum,
1077 2984 1268 3031 neuter
1325 2978 1626 3048 culpandus
1675 2987 1777 3048 est,

168 3060 252 3113 vel
285 3061 378 3132 qui
412 3063 746 3119 honorando
786 3081 895 3120 non
940 3065 1104 3120 audet
1153 3065 1262 3121 ullo
1309 3067 1396 3121 die
1447 3069 1778 3138 praetermit-

170 3153 308 3202 tere.
342 3151 566 3208 Deinde
597 3152 861 3208 transitur
890 3153 958 3208 ad
992 3155 1328 3220 convivium,
1373 3171 1435 3208 ex
1485 3172 1590 3224 quo
1619 3173 1776 3213 coma

175 3241 394 3300 Domini
458 3255 713 3303 vocatur.
759 3247 912 3304 Unde
968 3249 1215 3304 Isidorus
1248 3267 1262 3304 :
1294 3251 1458 3306 Coena
1500 3252 1782 3307 Dominica

1956 3001 2032 3055 De
2053 3000 2416 3067 separatione
2445 2999 2656 3054 anima:
2686 3002 2742 3054 et
2772 2999 3021 3070 corporis
3051 2999 3115 3054 in
3147 2998 3391 3056 Christo.

1957 3113 2194 3182 Quidam
2225 3121 2548 3183 putaverunt
2576 3113 2632 3167 in
2688 3121 2858 3168 morte
2896 3113 3241 3168 divinitatem
3262 3129 3292 3168 a
3319 3113 3482 3169 Chri-

1811 3213 1860 3276 C
1891 3211 1972 3258 sto
2000 3202 2219 3257 homine
2271 3203 2590 3264 recessisse,
2655 3211 2710 3256 et
2765 3209 3000 3256 mortem
3037 3201 3273 3256 hominis
3321 3202 3472 3257 aliud

1891 3308 2048 3364 quam
2079 3292 2475 3360 separationem
2516 3290 2814 3344 divinitatis
2845 3305 3065 3345 acarne
3114 3305 3220 3344 non
3274 3289 3472 3345 fuisse.

179 3329 320 3387 dicta
351 3343 458 3402 est,
486 3352 559 3392 eo
592 3337 736 3408 quod
783 3337 838 3392 in
868 3353 933 3393 eo
963 3338 1050 3393 die
1080 3338 1329 3394 Salvator
1385 3340 1600 3396 Pascha
1655 3355 1780 3396 cum

178 3427 464 3500 discipulis
503 3433 623 3488 suis
654 3433 802 3488 fecit.
843 3434 964 3490 Vidi
995 3436 1291 3504 quemdam
1347 3436 1662 3509 religiosum
1712 3453 1780 3493 ea

181 3515 265 3572 die
298 3520 482 3588 primo
522 3521 731 3593 aliquid
761 3537 980 3579 sumere
1010 3524 1079 3578 de
1107 3524 1251 3592 cibo,
1285 3532 1337 3579 et
1368 3532 1558 3594 postea
1598 3525 1778 3582 lavare

175 3607 347 3674 pedes
369 3615 822 3683 peregrinorum,
891 3620 940 3668 et
963 3611 1044 3668 sic
1090 3612 1328 3667 transire
1377 3613 1447 3668 ad
1499 3630 1769 3669 mensam.

177 3701 391 3760 Domini
423 3707 600 3764 nostri
640 3709 896 3779 exemplo
927 3725 992 3764 eo
1021 3709 1107 3764 die
1138 3709 1408 3776 lavamus,
1444 3727 1553 3766 non
1603 3711 1778 3766 solum

179 3792 344 3860 pedes
365 3793 624 3862 fratrum,
659 3797 758 3852 sed
817 3797 979 3852 etiam
1036 3800 1347 3869 pavimenta
1404 3800 1653 3855 ecclesia:
1704 3801 1770 3854 ad

182 3883 497 3949 paschalem
533 3884 890 3941 festivitatem
915 3887 1182 3942 ornanda.
1210 3887 1528 3958 Praecipitur
1556 3888 1610 3943 in
1662 3889 1776 3944 Ro-

183 3989 338 4034 mano
360 3981 560 4037 ordine
604 3991 683 4050 ut,
717 3998 747 4036 a
801 3984 988 4055 quinta
1043 3984 1181 4039 feria
1224 4001 1398 4057 usque
1427 3985 1480 4040 in
1537 3986 1776 4042 Sabbato

185 4075 398 4136 sancto,
430 4071 580 4126 nuda
615 4071 722 4126 sint
753 4071 972 4128 altaria.
1030 4071 1188 4142 Quod
1220 4089 1328 4129 non
1358 4073 1507 4129 aliud
1561 4074 1774 4147 signiti-

184 4171 281 4232 cat,
314 4167 369 4222 ni
400 4169 585 4236 fallor,
618 4170 723 4225 nisi
753 4169 936 4241 fugam
979 4173 1376 4242 apostolorum.
1442 4173 1778 4229 Vestimenta

187 4251 360 4309 altaris
391 4258 600 4314 Christi
623 4268 767 4329 sunt,
819 4260 889 4314 de
919 4261 1116 4330 quibus
1146 4261 1346 4316 dictum
1380 4269 1459 4317 est
1489 4279 1501 4316 :
1531 4285 1552 4308 ιι
1578 4263 1643 4316 Et
1688 4278 1775 4316 re-

188 4337 308 4398 licto
335 4361 401 4400 eo
426 4364 623 4403 omnes
653 4347 909 4420 fugerunt
939 4351 1179 4418 (Matth).
1213 4351 1390 4421 XXVI).
1423 4375 1443 4395 ν·
1467 4352 1525 4405 In
1558 4350 1775 4421 ipsadie

188 4442 504 4498 peccatores
535 4437 621 4506 qui
646 4448 869 4508 propter
899 4446 1125 4509 peccata
1154 4455 1249 4492 sua
1281 4447 1332 4492 et
1389 4439 1614 4495 crimina
1644 4455 1772 4508 pro-

185 4515 312 4584 jecti
340 4522 558 4581 fuerant
586 4527 655 4581 de
686 4527 896 4598 gremio
910 4528 1400 4593 sanctzeEcclesite,
1420 4537 1635 4598 peracta
1659 4545 1772 4599 pm-

191 4606 426 4683 nitentia,
453 4615 685 4685 jubenle
715 4616 974 4685 episcopo
1005 4632 1101 4671 seu
1129 4617 1475 4686 presbytero,
1536 4617 1771 4672 ubicun-

195 4709 292 4763 que
321 4700 448 4770 sint,
480 4703 550 4758 ad
583 4710 804 4758 matrem
840 4703 1142 4759 Ecclesiam
1172 4712 1539 4770 revertuntur,
1571 4713 1770 4761 etcum

194 4805 384 4866 magno
414 4800 621 4872 gaudio
637 4807 691 4855 et
719 4801 904 4856 laetitia
927 4801 994 4856 ad
1014 4802 1398 4858 remissionem
1429 4811 1772 4873 peccatorum

203 4882 443 4945 redeunt.
480 4891 543 4944 In
602 4890 687 4945 his
733 4890 986 4945 omnibus
1013 4891 1403 4962 cognoscimus
1445 4900 1774 4962 prementem

197 4977 334 5037 diem
389 4988 556 5043 valde
611 4997 988 5044 consecratum
1020 5004 1144 5044 esse
1191 4989 1496 5045 remissioni
1516 4997 1775 5061 peccato-

200 5081 335 5125 rum.
370 5075 492 5134 Non
523 5075 668 5133 enim
689 5085 942 5149 putamus
971 5077 1229 5150 praesenti
1243 5077 1453 5150 quintm
1480 5077 1628 5135 feriae
1657 5077 1776 5133 for-
1802 5112 1816 5132 .

200 5165 322 5225 tuilu
349 5172 466 5232 haec
495 5175 773 5231 accidere.

265 5284 372 5345 Nos
399 5291 555 5349 scioli
584 5291 804 5347 interim
852 5292 1099 5348 dicamus
1129 5292 1258 5363 quid
1312 5292 1472 5349 nobis
1501 5291 1776 5360 videatur,

209 5374 415 5435 rationis
447 5379 676 5447 habere,
709 5381 853 5450 quod
900 5381 954 5436 in
985 5381 1105 5452 ipso
1164 5381 1253 5437 die
1299 5381 1466 5437 voluit
1523 5381 1784 5437 Dominus

213 5463 364 5529 pedes
391 5468 600 5533 lavare,
624 5469 779 5538 cujus
810 5469 1060 5541 exemplo
1089 5485 1187 5526 nos
1199 5470 1368 5541 pedes
1399 5478 1451 5524 et
1483 5469 1783 5526 casterala-

212 5563 400 5614 vamus.
433 5557 1177 5627 Quaalavatioremissionem
1215 5566 1566 5631 peccatorum
1605 5557 1783 5632 signi-

213 5633 337 5697 ﬁcat.
369 5646 724 5720 Quapropter
751 5656 804 5703 et
841 5648 1166 5720 poenitentes
1220 5647 1414 5704 eadem
1441 5647 1530 5704 die
1574 5647 1645 5702 ad
1673 5662 1788 5702 ma-

276 5792 376 5869 (1‘2)
402 5801 483 5856 De
522 5813 746 5856 consec.
777 5799 904 5858 dist.
926 5815 984 5869 ιι,
1019 5799 1300 5870 Quotidie,
1335 5807 1388 5857 et
1415 5816 1468 5857 tv
1491 5798 1787 5857 Sent.dist.

217 5881 301 5944 ιιι,
323 5891 434 5954 cap.
465 5881 831 5938 factitatum.

1887 3380 2171 3435 lnveniunt
2200 3379 2344 3434 enim
2381 3378 2629 3450 quendam
2653 3379 2843 3446 verba,
2877 3379 2930 3432 in
2963 3379 3158 3450 quibus
3185 3377 3259 3433 ita
3275 3379 3479 3434 dictum

1888 3493 2010 3532 esse
2041 3477 2256 3531 videtur
2287 3493 2299 3530 :
2332 3484 2385 3530 et
2412 3475 2755 3531 invenientes
2788 3476 3055 3543 ejusmodi
3077 3475 3267 3531 litterae
3295 3475 3482 3531 adhae-

1886 3573 2028 3631 rent,
2063 3581 2170 3620 non
2201 3565 2570 3635 pertingentes
2602 3565 2671 3618 ad
2702 3563 2972 3634 spiritum.
3015 3565 3210 3619 Beatus
3239 3564 3480 3620 Ambro-

1887 3655 1998 3710 sius
2015 3654 2120 3708 tale
2148 3652 2353 3723 aliquid
2383 3653 2599 3708 videtur
2619 3653 2804 3708 dicere
2834 3651 2889 3706 in
2919 3652 3270 3723 Expositione
3326 3652 3483 3724 psal-

1888 3743 1968 3798 mi
1996 3743 2162 3807 illius,
2222 3758 2388 3811 quem
2431 3742 2548 3811 ipse
2605 3741 2868 3797 Dominus
2925 3742 2980 3795 in
3033 3741 3291 3812 passione
3321 3743 3392 3797 de
3421 3758 3481 3798 se

1887 3832 2144 3901 scriptum
2176 3846 2299 3885 esse
2321 3829 2556 3885 ostendit
2592 3847 2604 3883 :
2641 3853 2662 3877 «
2698 3831 2842 3885 Deus
2856 3846 3032 3894 meus,
3060 3831 3206 3884 Deus
3233 3840 3480 3894 meus,ut

1885 3920 2015 3992 quid
2036 3936 2122 3974 me
2150 3918 2494 3990 dereliquisti
2515 3920 2544 3971 εἶ
2573 3920 2747 3990 (Psat.
2785 3921 2924 3988 xm.)
2949 3942 2969 3966 η
2998 3919 3174 3989 Super
3215 3919 3359 3974 hunc
3389 3919 3478 3973 10-

1884 4024 2005 4064 cum
2035 4007 2354 4063 Ambrosius
2397 4008 2509 4076 (l3)
2557 4006 2631 4061 ita
2678 4007 2853 4062 dicit:
2890 4007 3106 4062 Clamat
3157 4006 3320 4062 homo
3377 4023 3477 4063 se-

1883 4108 2159 4179 paratione
2197 4106 2488 4160 divinitatis
2566 4107 2887 4170 moriturus,
2947 4114 3001 4161 et
3057 4106 3167 4160 alia
3223 4104 3476 4175 quaedam

1884 4197 2037 4268 quasi
2067 4197 2139 4250 ad
2160 4196 2337 4267 ipsum
2377 4195 2724 4265 probandum
2781 4195 3015 4250 adducta
3049 4193 3212 4265 :quia
3269 4195 3480 4250 scilicet

1882 4286 2030 4340 Deus
2061 4285 2170 4339 vita
2197 4292 2298 4349 est,
2360 4291 2412 4338 et
2442 4283 2534 4338 ubi
2569 4283 2676 4336 vita
2708 4282 2826 4349 fuit,
2863 4299 3010 4338 mors
3032 4299 3154 4338 esse
3212 4298 3319 4338 non
3380 4298 3476 4354 po-

1883 4374 1982 4428 tuit
2012 4389 2026 4440 ;
2057 4389 2120 4429 ac
2150 4380 2438 4443 propterea
2478 4371 2579 4425 nisi
2611 4372 2717 4426 vita
2773 4375 2921 4441 prius
2982 4371 3300 4427 recessisset
3329 4387 3476 4427 mors

1881 4463 2067 4519 venire
2097 4477 2206 4516 non
2260 4461 2542 4531 potuisset.
2585 4483 2607 4507 η
2638 4460 2910 4530 Scriptum
2963 4461 3166 4532 quippe
3210 4469 3292 4515 est
3346 4461 3475 4531 quia

1801 4557 2037 4633 DJesus
2091 4557 2336 4613 clamans
2390 4573 2588 4629 magna
2643 4572 2780 4612 voce
2827 4557 3005 4612 dixit:
3043 4579 3066 4604 ιε
3102 4559 3249 4612 Deus
3296 4574 3472 4626 meus,

1881 4647 2026 4701 Deus
2049 4663 2224 4712 meus,
2261 4654 2316 4700 ut
2347 4647 2477 4717 quid
2507 4645 2844 4717 dereliquisti
2859 4662 2946 4700 me
2971 4646 3197 4715 (Matth.
3223 4649 3415 4715 xxv").
3447 4668 3470 4694 η

1879 4735 2088 4790 Clamat
2116 4736 2277 4791 homo
2307 4750 2366 4790 se
2415 4733 2738 4790 derelictum
2781 4748 2813 4788 a
2841 4735 3090 4796 Domino,
3127 4742 3178 4789 et
3233 4749 3478 4803 conque-a

1881 4827 2016 4878 ritur
2045 4826 2217 4880 Deum
2247 4839 2278 4878 a
2308 4840 2366 4878 se
2396 4822 2710 4890 recessisse,
2744 4830 2799 4877 et
2848 4823 3004 4893 quasi
3035 4822 3160 4877 ideo
3215 4839 3274 4878 se
3302 4821 3476 4877 mori-

1880 4921 2060 4968 turum
2093 4929 2233 4979 esse,
2259 4913 2405 4984 quod
2436 4913 2581 4968 Deus
2611 4911 2678 4964 ab
2709 4911 3153 4981 ipsorecesserit.
3172 4911 3301 4967 Ideo
3318 4911 3471 4979 dixit,

1882 5011 2009 5083 quia
2029 5011 2224 5067 clamat
2278 5010 2444 5065 homo
2495 5008 2839 5080 separatione
2894 5007 3199 5063 divinitatis
3253 5007 3477 5064 moritu-

1882 5117 1999 5155 rus.
2042 5100 2150 5155 Sed
2173 5099 2348 5154 videte
2369 5097 2498 5170 quid
2545 5096 2744 5154 dicitur
2775 5096 2860 5164 ;si
2892 5099 3035 5152 enim
3067 5095 3246 5171 agitur
3291 5096 3359 5152 de
3380 5096 3478 5153 illa

1884 5189 2234 5260 separatione
2263 5185 2555 5243 divinitatis
2604 5201 2707 5257 pro
2731 5201 2836 5256 qua
2895 5185 3143 5242 Christus
3197 5186 3363 5240 homo
3417 5185 3476 5240 in

1885 5301 2051 5342 cruce
2105 5285 2391 5354 clamabat,
2456 5282 2547 5338 illa
2607 5283 2789 5353 utique
2829 5283 2945 5354 jam
2977 5281 3115 5338 facta
3173 5290 3307 5338 erat.
3339 5282 3475 5352 ;Non

1886 5375 2029 5430 enim
2057 5372 2570 5446 derelinquendum,
2606 5372 2702 5427 sed
2725 5372 3045 5430 derelictum
3063 5371 3179 5441 jam
3212 5387 3272 5426 se
3287 5378 3478 5443 prote-

1888 5477 2067 5529 statur
2097 5471 2315 5528 dicens:
2352 5494 2373 5519 «
2402 5471 2548 5526 Deus
2563 5479 2787 5525 tneusut
2805 5469 2895 5542 qui
2915 5470 2935 5525 ἰ
2957 5468 3473 5542 dereliquistime?»

1891 5561 1947 5617 Si
1975 5577 2108 5634 ergo
2163 5561 2230 5616 de
2253 5560 2346 5616 illa
2401 5559 2749 5631 separatione
2792 5559 3085 5616 divinitatis
3114 5557 3313 5632 agitur,
3367 5558 3484 5628 jam

1891 5665 2201 5716 recesserat
2230 5659 2399 5723 Deus,
2431 5656 2646 5730 quando
2677 5657 2840 5713 homo
2894 5656 2952 5713 in
3007 5671 3167 5715 cruce
3212 5655 3481 5730 pendens,

1966 5792 2080 5866 (l3)
2123 5793 2147 5846 Ι
2179 5792 2329 5849 Sent.
2362 5789 2466 5845 dis.
2498 5805 2608 5857 xxi,
2633 5803 2758 5861 cap.
2790 5793 2842 5844 l.
