3924 6394
458 408 564 467 915

1600 404 1946 464 WERNERI
1982 402 2268 463 ABBATIS
2306 401 2364 461 S'
2405 400 2628 460 BLASII

3670 399 3786 461 916

457 530 781 590 derelictum
818 546 928 589 sea
956 533 1075 590 Deo
1090 530 1525 603 vociferabatur,
1558 539 1612 589 et
1640 530 1849 603 utique,
1883 530 2062 588 adhuc
2090 526 2151 595 Α
2178 528 2384 587 ratione
2404 528 2657 585 divinitas
2713 528 3036 589 moriturum
3077 531 3343 591 clamasse
3401 526 3664 599 afﬁrmat,
3730 528 3784 586 si

460 621 714 678 Christus
745 621 797 678 in
826 637 987 678 carne
1017 622 1258 687 vivebat,
1309 621 1527 694 quando
1575 622 1655 679 sic
1712 623 1860 678 Deus
1900 621 1970 676 ab
1998 637 2065 677 eo

462 726 789 776 recesserat.
827 719 1219 792 Respondeant
1246 735 1409 791 ergo.
1449 719 1671 790 Simors
1701 735 1825 775 esse
1846 733 1955 774 non
1971 734 2068 790 po-

464 816 603 865 terat
642 808 746 864 nisi
776 809 922 880 prius
953 809 1066 865 vita
1093 808 1426 875 discederet,
1459 808 1858 881 quomodovita
1878 804 2068 863 mane-

461 913 520 954 re
551 898 743 969 potuit,
774 905 1065 969 postquam
1121 897 1232 954 vita
1268 904 1593 954 recesserat.
1652 898 1774 953 Jam
1803 896 1949 953 enim
1987 895 2069 952 sic

461 994 761 1041 recesserat
788 986 965 1055 Deus,
996 994 1050 1043 et
1101 988 1287 1043 adhuc
1335 986 1579 1043 Christus
1609 985 1767 1044 vivus
1820 986 1876 1042 in
1906 1002 2067 1043 cruce

460 1074 753 1147 pendebat,
788 1092 913 1131 cum
972 1091 1032 1132 se
1062 1075 1385 1132 derelictum
1424 1075 1775 1132 causabatur.
1836 1075 1893 1131 Si
1926 1090 2066 1147 ergo

461 1172 516 1229 in
537 1175 639 1231 hac
674 1175 992 1231 recessione
1021 1175 1142 1241 Dei,
1195 1183 1245 1231 et
1270 1176 1326 1231 in
1354 1176 1456 1231 hac
1476 1173 1777 1231 divinitatis
1830 1187 2066 1246 separa-

458 1264 603 1320 tione
650 1264 795 1318 illam
855 1281 974 1336 quaa
1008 1264 1149 1319 inter
1190 1262 1531 1320 divinitatem
1588 1272 1643 1320 et
1678 1263 2068 1319 humanitatem

459 1354 749 1411 constabat
797 1354 1058 1410 unionem
1100 1370 1354 1425 personae
1402 1353 1634 1409 solutam
1706 1353 1909 1420 dicunt,
1967 1350 2067 1406 tuit

459 1442 736 1516 quoddam
794 1449 1010 1513 tempus
1058 1442 1280 1515 quando
1353 1442 1599 1498 Christus
1654 1441 1837 1497 adhuc
1909 1440 2065 1497 vivus

456 1533 624 1588 homo
669 1538 794 1587 erat
822 1540 877 1588 et
916 1532 1062 1587 Deus
1096 1547 1210 1587 non
1240 1538 1378 1587 erat.
1422 1531 1530 1587 Sed
1578 1530 1700 1603 quis
1733 1533 1837 1587 hoc
1867 1528 2012 1584 dicat
2037 1532 2064 1583 ‘2

459 1620 593 1691 Quis
617 1634 769 1676 sanae
800 1620 929 1676 ﬁdei
959 1620 1303 1677 concordans
1343 1635 1453 1676 non
1486 1620 1781 1675 abhorreat
1810 1620 1927 1675 Deo
1958 1620 2064 1673 im-

454 1734 666 1791 ponere
695 1736 818 1790 quze
845 1727 1184 1790 assumptum
1243 1719 1521 1775 hominem
1572 1734 1746 1791 usque
1790 1717 1861 1775 ad
1916 1733 2065 1773 mor-

457 1815 567 1863 tem
605 1808 822 1879 quidem
856 1808 1170 1864 comitando
1207 1808 1483 1880 perduxit,
1514 1815 1567 1863 et
1595 1806 1650 1861 in
1683 1814 1878 1875 morte,
1903 1822 2066 1878 quan-

2175 620 2322 675 Deus
2335 619 2405 674 ab
2416 618 2637 675 homine
2649 635 2757 675 non
2786 630 3089 678 recesserat
3104 624 3132 679 ?
3144 620 3302 692 Quod
3320 636 3454 693 ergo
3465 621 3494 675 ?
3510 619 3631 675 Non
3666 635 3782 691 po-

2175 708 2273 764 tuit
2286 707 2538 764 divinitas
2554 708 3128 776 humanitatem,etiam
3142 710 3437 767 secundum
3457 708 3663 781 aliquid
3677 709 3755 766 de
3766 741 3781 753 -

2176 806 2432 875 seruisse,
2466 805 2521 861 in
2552 813 2812 877 quantum
2842 807 3099 865 videlicet
3128 823 3248 865 eam
3288 807 3541 879 potestati
3579 806 3779 862 inimi-

2176 910 2365 952 corum
2396 895 2467 951 ad
2497 903 2710 967 tempus
2725 911 2836 951 non
2856 894 3096 952 defendit
3131 915 3147 965 ;
3177 904 3230 953 et
3254 894 3781 969 secundumaliquid

2175 1000 2281 1041 non
2313 983 2641 1052 deseruisse,
2696 983 2757 1039 in
2784 992 3047 1058 quantum
3084 985 3290 1042 scilicet
3336 982 3462 1042 tunc
3485 985 3641 1040 etiam
3706 985 3779 1040 ab

2175 1098 2243 1140 ea
2273 1097 2372 1154 per
2400 1077 2745 1154 praesentiam
2774 1082 3072 1153 majestatis
3101 1099 3214 1140 non
3242 1083 3464 1140 recessit
3491 1083 3520 1138 ?
3545 1082 3779 1139 Dereli-

2175 1171 2291 1245 quit
2339 1171 2513 1241 illum,
2569 1171 2667 1228 sed
2727 1172 2874 1228 illam
2931 1187 3042 1230 non
3087 1172 3399 1245 dereliquit.
3467 1171 3781 1244 Dereliquit

2175 1260 2301 1327 illis,
2326 1261 2426 1317 sed
2456 1259 2561 1315 sibi
2586 1277 2694 1317 non
2715 1261 3023 1335 dereliquit.
3069 1261 3391 1336 Dereliquit,
3450 1262 3576 1333 quia
3615 1261 3782 1317 auxi-

2175 1350 2307 1405 lium
2337 1366 2446 1406 non
2476 1349 2702 1406 contulit
2735 1368 2748 1414 ;
2780 1350 2891 1407 sed
2913 1367 3023 1407 non
3053 1351 3362 1423 dereliquit,
3394 1350 3783 1423 quiapraasen—

2173 1438 2307 1494 tiam
2362 1453 2470 1493 non
2544 1437 2785 1494 abstulit.
2848 1438 3127 1495 Subtraxit
3198 1439 3589 1511 protectionem
3622 1453 3636 1508 ;
3671 1440 3778 1495 sed

2175 1551 2285 1591 non
2341 1534 2619 1607 scparavit
2659 1535 2938 1593 unionem.
2999 1535 3285 1609 Separavit
3331 1552 3391 1593 se
3434 1534 3589 1604 foris,
3618 1535 3779 1592 utad

2173 1624 2551 1681 defensionem
2580 1633 2775 1681 contra
2803 1625 3054 1683 inimicos
3097 1641 3206 1682 non
3240 1625 3497 1692 adesset;
3525 1625 3630 1682 sed
3659 1641 3777 1682 non

2174 1714 2451 1786 separavit
2489 1729 2550 1769 se
2573 1713 2738 1782 intus,
2768 1722 2823 1769 ut
2848 1713 2928 1770 illi
2957 1715 3029 1771 ad
3058 1715 3312 1771 unionem
3324 1728 3571 1786 personae
3599 1713 3774 1771 dees-

2175 1810 2276 1859 set.
2311 1804 2402 1859 Sic
2431 1817 2567 1876 ergo
2597 1802 2909 1876 dereliquit,
2941 1810 3000 1859 ut
3029 1818 3139 1859 non
3169 1802 3457 1871 adjuvaret
3488 1820 3503 1871 ;
3534 1804 3635 1859 sed
3656 1819 3771 1859 non

456 1897 528 1953 do
554 1895 745 1966 majori
774 1896 1022 1969 periculo
1048 1895 1167 1967 jam
1206 1896 1547 1964 imminente,
1580 1897 1757 1968 majus
1800 1894 2061 1950 auxilium
2093 1899 2145 1959 Β
2175 1892 2468 1964 dereliquit
2495 1900 2554 1947 ut
2585 1892 2889 1948 recederet.
2921 1892 3077 1949 Vado
3096 1892 3378 1963 perviam,
3399 1908 3768 1964 mecumper-

456 1987 834 2043 necessarium
867 1994 1002 2054 erat,
1052 1986 1326 2042 deseruit.
1380 1984 1565 2055 Quare
1596 2001 1728 2058 ergo
1777 1992 2063 2057 tantopere

455 2075 819 2133 mercenariis
868 2075 1225 2147 improperat,
1269 2074 1415 2147 quod
1470 2075 1601 2146 lupo
1630 2074 1882 2131 veniente
1929 2089 2063 2129 oves

456 2181 596 2239 quas
628 2164 908 2222 custodire
965 2164 1286 2234 debuerant,
1319 2163 1597 2237 fugientes
1626 2164 1910 2229 deserunt,
1935 2178 2059 2219 cum

456 2256 576 2327 ipse
604 2254 824 2311 unicam
853 2252 1002 2310 illam
1021 2270 1202 2321 ovem,
1234 2261 1498 2325 elagnum
1519 2253 1670 2308 illum
1688 2252 2061 2326 ovisVirginis

457 2345 651 2412 ﬁlium,
711 2360 873 2416 quem
930 2359 1043 2400 non
1090 2343 1271 2399 solum
1300 2343 1739 2411 custodiendum,
1773 2341 1871 2397 sed
1901 2342 2061 2397 etiam

457 2432 890 2509 glorificandum
913 2432 1170 2505 suscepit,
1187 2434 1316 2505 lupo
1336 2432 1608 2502 veniente,
1624 2430 1906 2487 deseruit?
1929 2429 2064 2487 Ovis

457 2523 613 2595 prius
644 2523 714 2579 de
747 2530 971 2595 pastore
986 2537 1204 2590 secura,
1236 2521 1488 2579 veniente
1517 2520 1767 2593 luponon
1787 2519 2062 2576 timuitdi-

460 2637 593 2679 cens
629 2639 644 2677 :
679 2643 700 2672 α
738 2620 897 2677 Venit
924 2620 1185 2693 princeps
1205 2619 1396 2675 mundi
1429 2619 1617 2694 hujus,
1642 2630 1700 2675 et
1721 2618 1781 2674 in
1837 2634 1925 2674 me
1950 2633 2060 2673 non

462 2708 937 2783 habetquidquam
969 2709 1155 2779 (Joan.
1193 2712 1335 2782 xxv).
1379 2731 1401 2758 υ

528 2801 690 2857 Nunc
718 2807 898 2855 autem
931 2815 964 2855 a
992 2808 1215 2872 pastore
1244 2798 1507 2855 derelicta
1538 2796 1815 2855 causando
1843 2804 1896 2854 et
1925 2813 2061 2854 con-

464 2889 753 2964 querenda
781 2888 1014 2946 clamat:
1045 2912 1067 2937 «ι
1102 2888 1285 2959 Quare
1328 2887 1664 2961 dereliquisti
1722 2903 1810 2943 me
1843 2887 1871 2941 ‘l
1896 2910 1917 2936 ››
1954 2887 2060 2944 So-

462 2980 549 3036 lus
579 2982 745 3035 homo
771 2978 888 3046 fuit,
934 2986 988 3035 et
1016 2979 1164 3035 Deus
1186 2994 1294 3034 non
1325 2977 1444 3046 fuit,
1493 2985 1548 3034 et
1573 2978 1688 3048 jam
1720 2978 1869 3033 Deus
1897 2978 2063 3033 homo

458 3093 572 3136 non
604 3077 722 3146 fuit,
784 3078 910 3149 quia
947 3078 1063 3149 jam
1108 3078 1179 3133 ab
1223 3076 1443 3134 homine
1499 3086 1805 3135 recesserat
1859 3079 2009 3135 Deus
2044 3096 2060 3144 ;

464 3183 567 3224 nec
618 3167 784 3223 homo
840 3167 989 3223 Deus
1044 3164 1165 3234 fuit,
1212 3166 1339 3238 quia
1385 3166 1568 3223 adhuc
1599 3165 1754 3223 vivus
1795 3165 1853 3221 in
1895 3180 2065 3223 cruce

2172 1980 2279 2054 gis,
2310 1980 2518 2052 pariter
2547 1980 2930 2036 ambulamus..
2982 1981 3221 2037 Securus
3250 1996 3389 2048 sum,
3446 1981 3605 2053 quasi
3623 1981 3766 2036 ami-

2170 2085 2292 2127 cum
2322 2085 2503 2125 meum
2547 2069 2775 2124 habens.
2836 2068 2995 2125 Venit
3042 2068 3216 2125 hostis
3243 2085 3397 2125 meus
3449 2077 3504 2125 et
3546 2069 3766 2124 irruens

2169 2158 2434 2214 inermem
2465 2164 2519 2214 et
2548 2158 2812 2214 resistere
2839 2172 2951 2214 non
2977 2157 3272 2227 valentem,
3299 2157 3621 2214 vulneribus
3648 2156 3767 2213 afﬁ-

2171 2248 2264 2305 cit.
2288 2246 2375 2304 Tu
2404 2263 2492 2303 me
2522 2247 2732 2321 plagari
2760 2262 3013 2318 cernens,
3045 2247 3179 2303 nihil
3231 2247 3471 2303 moveris
3502 2262 3516 2316 ;
3541 2247 3642 2303 sed
3660 2261 3766 2319 pa-

2173 2346 2369 2402 tienter
2398 2345 2655 2416 sustines,
2712 2353 2766 2401 et
2821 2353 2937 2401 stas
2970 2346 3146 2416 juxta,
3205 2345 3358 2416 quasi
3409 2361 3519 2402 non
3564 2361 3767 2402 curans

2170 2435 2401 2494 vulnera
2425 2450 2568 2503 mea,
2594 2443 2647 2490 et
2676 2433 2800 2491 dico
2832 2449 2845 2489 :
2883 2456 2907 2484 α
2942 2434 3012 2491 Ut
3045 2433 3175 2507 quid
3204 2433 3539 2506 dereliquisti
3559 2450 3649 2489 me
3676 2432 3707 2489 τ
3738 2458 3760 2482 ι

2170 2525 2399 2597 (Matth.
2429 2522 2628 2590 xxvn.)
2658 2523 2852 2580 Adhuc
2902 2530 3017 2579 stas
3048 2523 3213 2593 juxta
3231 2539 3339 2590 me,
3389 2529 3442 2579 et
3461 2537 3658 2579 causor
3710 2531 3765 2579 te

2169 2612 2470 2670 recessisse
2497 2627 2531 2668 a
2558 2627 2674 2669 me.
2710 2613 2872 2668 Juxta
2904 2628 2965 2668 es
3017 2611 3175 2680 loco;
3207 2612 3303 2668 sed
3332 2611 3496 2684 longe
3539 2609 3762 2669 auxilio.

2168 2713 2327 2768 Juxta
2347 2712 2515 2779 fuisti,
2549 2714 2774 2785 quando
2832 2720 3167 2784 praesentem
3190 2711 3484 2768 exhibuisti
3536 2711 3593 2767 in
3620 2711 3762 2768 dile-

2169 2801 2348 2859 ctione
2380 2820 2393 2867 ;
2426 2801 2592 2873 longe
2621 2800 2795 2858 factus
2823 2816 2904 2868 es,
2939 2802 3159 2874 quando
3187 2800 3242 2856 in
3270 2800 3528 2873 periculis
3550 2800 3754 2857 consti-

2169 2896 2290 2947 tuto
2318 2898 2371 2946 te
2402 2890 2717 2947 subtraxisti
2751 2906 2782 2945 a
2814 2889 3229 2963 compassione.
3260 2890 3355 2947 Sic
3369 2906 3501 2965 ergo
3514 2890 3762 2946 humani-

2171 2988 2253 3037 tas
2282 2997 2312 3036 a
2333 2980 2612 3037 divinitate
2639 2980 2695 3035 in
2724 2979 2985 3052 passione
3013 2995 3074 3036 se
3103 2979 3420 3037 derelictam
3467 2979 3757 3046 clamabat,

2171 3070 2297 3144 quia
2327 3085 2447 3126 eam
2496 3069 2839 3126 inimicorum
2899 3068 3155 3141 potestati
3209 3069 3277 3125 ad
3334 3067 3758 3142 cruciﬁgendum

2171 3167 2544 3227 concesserat,
2569 3160 2712 3217 sicut
2732 3159 2994 3230 scriptum
3007 3166 3090 3214 est
3123 3177 3136 3214 :
3174 3179 3196 3207 υ
3211 3158 3333 3215 Non
3361 3158 3592 3215 haberes
3603 3159 3657 3213 in
3672 3173 3758 3215 me

459 3264 731 3338 pendens,
764 3279 797 3320 a
826 3265 942 3320 Deo
971 3263 1265 3320 derelictus
1295 3268 1404 3319 est.
1433 3263 1556 3318 Jam
1589 3278 1699 3319 non
1721 3262 1898 3319 solum
1927 3277 2065 3335 ergo
2094 3262 2143 3326 ο
2172 3256 2523 3321 potestatem,
2555 3246 2663 3303 nisi
2691 3247 2787 3303 tibi
2816 3248 3003 3303 datum
3049 3247 3250 3303 fuisset
3278 3247 3511 3318 desuper
3536 3247 3749 3321 (Ιοαηη

457 3354 517 3411 in
546 3362 746 3423 morte,
778 3353 879 3410 sed
907 3360 1035 3410 ante
1064 3360 1296 3410 mortem
1328 3350 1592 3409 divinitas
1621 3351 1691 3410 ab
1721 3352 1947 3408 homine
1963 3368 2060 3407 re-

461 3461 731 3520 cesserat,
761 3452 982 3525 quando
1010 3453 1178 3510 homo
1201 3452 1381 3508 adhuc
1409 3452 1576 3508 homo
1604 3467 1637 3507 a
1659 3467 1721 3507 se
1758 3451 2057 3508 recessisse

457 3544 657 3613 Deum,
686 3559 750 3599 ac
784 3558 886 3615 per
912 3542 1039 3611 hoc,
1068 3549 1130 3597 ut
1157 3540 1250 3597 isti
1278 3540 1449 3609 aiunt,
1483 3541 1666 3597 Deum
1700 3557 1762 3597 se
1791 3556 1902 3597 non
1931 3556 2058 3597 esse

457 3628 774 3701 plangebat.
809 3627 943 3697 Quis
954 3628 1058 3685 hos
1076 3627 1219 3684 dicat
1237 3625 1570 3696 ?Quomodo
1598 3642 1756 3698 ergo,
1786 3624 2055 3698 inquiunt,

460 3725 880 3798 intelligendum
921 3733 1006 3782 est
1061 3725 1210 3799 quod
1256 3724 1507 3781 Christus
1546 3739 1606 3780 se
1633 3739 1668 3780 a
1696 3723 1819 3780 Deo
1863 3723 2063 3780 dereli-

460 3822 607 3873 ctum
636 3832 762 3875 esse
791 3816 1009 3888 clamat,
1043 3818 1102 3874 et
1117 3814 1265 3889 quod
1289 3814 1579 3887 Scriptura
1598 3814 1875 3871 hominem
1895 3828 2062 3886 sepa-

2171 3350 2312 3419 xix).
2350 3368 2371 3395 ι»
2398 3345 2575 3417 Quam
2610 3354 2793 3402 tamen
2820 3352 3075 3411 mortem,
3109 3345 3237 3417 quia
3264 3360 3376 3401 non
3405 3361 3506 3417 pro
3543 3361 3641 3401 sua
3659 3345 3759 3400 ini-

2170 3436 2399 3509 quitate,
2422 3436 2521 3491 sed
2533 3450 2635 3507 pro
2650 3442 2836 3491 nostra
2850 3433 3228 3506 redemptione
3240 3434 3509 3502 sustinuit,
3525 3434 3580 3488 in
3596 3450 3758 3491 cruce

2174 3535 2423 3608 pendens
2449 3550 2614 3607 quare
2644 3534 2713 3588 sit
2742 3531 3027 3602 derelicta,
3059 3531 3301 3605 requirit,
3335 3547 3445 3588 non
3472 3531 3630 3605 quasi
3658 3531 3759 3589 ad-

2178 3639 2373 3682 versus
2404 3624 2578 3679 Deum
2607 3622 2677 3679 de
2705 3637 2870 3695 pana
2911 3636 3258 3677 murmurans
3287 3640 3301 3689 ;
3337 3620 3434 3677 sed
3461 3621 3620 3678 nobis
3672 3621 3758 3676 in-

2172 3712 2492 3771 nocentiam
2538 3728 2692 3768 suam
2765 3711 2823 3767 in
2876 3725 3041 3783 poena
3105 3710 3486 3768 demonstrans
3543 3725 3757 3768 causam

2173 3812 2466 3886 quaerebat,
2500 3810 2647 3886 quod
2674 3817 2958 3884 peccatum
2985 3809 3289 3868 nesciebat.

1270 4178 1401 4283 IN
1476 4179 1692 4283 DIE
1769 4175 2274 4283 SANCTO
2352 4173 2928 4282 PASCHIE.

1730 4387 2125 4455 Secundum
2167 4388 2490 4453 Marcum.

533 4625 557 4654 ε
589 4600 762 4660 Maria
790 4601 1118 4676 Magdalena
1172 4610 1227 4661 et
1265 4601 1435 4661 Maria
1482 4602 1683 4660 Jacobi
1731 4610 1786 4659 et
1840 4602 2060 4661 Salome
2090 4604 2142 4665 D
2169 4603 2490 4661 mulieribus
2517 4604 2589 4661 ad
2618 4604 2932 4674 Dominum,
2981 4604 3105 4679 quia
3159 4604 3312 4662 ﬁnita
3360 4605 3744 4678 preparations

461 4699 716 4750 emerunt
771 4700 1033 4760 aromata,
1092 4700 1152 4748 ut
1196 4693 1481 4751 venientes
1552 4699 1821 4765 ungerent
1872 4694 2062 4749 Jesum
2161 4694 2451 4766 praesentis
2481 4695 2626 4762 vitae,
2650 4695 2706 4749 in
2732 4697 2919 4768 requie
2945 4695 3189 4769 gaudent
3244 4703 3559 4767 exspectare
3602 4696 3740 4752 diem

460 4783 658 4856 (Marc.
695 4784 842 4854 xvr).
883 4804 906 4831 ιι
943 4782 1773 4855 InEvangelioLucmscriptum
1795 4791 1895 4851 est,
1913 4784 2061 4855 quod
2162 4784 2602 4854 resurrectionis,
2631 4792 2685 4841 et
2715 4792 2840 4842 tunc
2867 4786 3081 4842 Christo
3127 4783 3319 4841 oﬂ‘erre
3349 4785 3613 4857 spiritales
3662 4802 3743 4842 ao-

464 4896 487 4921 u
520 4879 860 4929 revertentes
903 4880 1259 4929 monumento
1314 4879 1645 4944 paraverunt
1699 4880 1952 4928 aromata
2007 4880 2061 4928 et
2161 4874 2336 4930 tiones
2361 4874 2515 4946 quasi
2545 4882 2788 4930 aromata
2840 4876 3169 4931 redolentes.
3228 4874 3385 4931 Sexta
3433 4874 3524 4931 die
3578 4874 3739 4931 factus

457 4967 765 5037 unguenta.
799 4960 870 5017 Et
900 4962 1130 5018 sabbato
1179 4961 1400 5035 quidem
1447 4961 1712 5017 siluerunt
1757 4962 2056 5018 secundum

456 5053 773 5111 mandatum
802 5053 959 5121 (Luc.
980 5052 1160 5123 XXIII).
1200 5073 1221 5100 υ
1255 5051 1571 5108 Mandatum
1601 5060 1716 5108 erat
1772 5052 1921 5123 apud
1951 5052 2056 5108 Ju-

456 5143 607 5200 deos
635 5150 698 5199 ut
719 5141 945 5198 Sabbati
995 5141 1273 5197 silentium
1299 5156 1333 5198 a
1362 5157 1588 5213 vespera
1631 5158 1803 5215 usque
1836 5141 1910 5197 ad
1966 5157 2058 5199 ve-

454 5247 697 5305 speram,
725 5232 781 5288 id
811 5239 895 5289 est
924 5245 957 5287 a
987 5230 1121 5288 solis
1149 5247 1353 5288 occasu
1397 5248 1571 5304 usque
1602 5231 1672 5288 ad
1728 5230 1861 5287 solis
1889 5247 2055 5288 occa-

452 5339 595 5390 sum,
636 5330 971 5379 servaretur.
1021 5319 1181 5391 Quod
1208 5328 1262 5378 et
1321 5320 1577 5379 mulieres
1616 5320 1884 5388 fecerunt,
1935 5338 2055 5394 qua:

450 5412 571 5468 visa
615 5411 896 5483 sepultura
925 5411 1145 5467 Domini
1203 5419 1455 5467 emerunt
1510 5418 1749 5467 aromata
1778 5411 1832 5466 in
1889 5412 2056 5467 Para-

450 5515 615 5557 sceve
646 5508 773 5556 ante
801 5500 937 5556 solis
966 5516 1247 5569 occasum,
1287 5501 1371 5557 vel
1399 5501 1455 5557 in
1514 5501 1753 5557 Sabbato
1808 5508 1931 5573 post
1951 5516 2051 5558 oc-

448 5602 638 5646 casum
686 5589 843 5655 solis,
896 5598 948 5646 et
978 5599 1425 5662 praeparaverunt
1478 5599 1744 5658 aromata,
1808 5598 1865 5646 ut
1893 5606 2052 5648 mane

446 5691 651 5749 corpus
682 5677 897 5733 Domini
927 5689 1223 5752 ungerent.
1270 5681 1645 5737 Recordantes
1695 5696 1828 5752 ergo
1860 5677 2050 5735 ﬁdeles

446 5768 789 5837 sepulturam
821 5766 1057 5833 Domini,
1101 5770 1257 5841 quasi
1311 5777 1555 5829 aromata
1599 5779 1817 5840 parant,
1871 5769 1917 5825 si
1972 5769 2042 5824 ad

446 5870 613 5927 opera
641 5856 843 5928 quibus
874 5857 1126 5913 Christus
1157 5859 1458 5915 delectatur
1513 5877 1573 5915 se
1603 5867 1941 5916 convertant.
1984 5861 2050 5915 Et

443 5943 680 6003 ﬁbbato
709 5945 931 6020 quidem
961 5947 1125 6003 silent
1152 5948 1371 6005 venturi
1413 5957 1538 6021 post
1567 5949 1866 6007 Sabbaturn
1923 5963 2050 6005 cum

2160 4971 2243 5019 est
2271 4964 2453 5029 homo,
2487 4964 2726 5021 Sabbato
2750 4963 2959 5034 quievit
2982 4965 3128 5020 Deus
3156 4963 3327 5034 (Gen.
3351 4964 3410 5033 ι).
3445 4964 3574 5020 Ideo
3607 4972 3744 5022 sexta

2157 5053 2246 5110 die
2272 5054 2432 5109 Iesus
2487 5070 2589 5125 pro
2639 5054 2861 5110 homine
2918 5055 3168 5110 moritur.
3235 5053 3390 5112 Unde
3436 5059 3494 5109 et
3547 5053 3672 5110 dixit
3717 5072 3730 5108 :

2162 5165 2185 5192 α
2218 5143 2660 5199 Consummatum
2692 5151 2775 5198 est
2804 5143 2993 5215 (Joan.
3032 5143 3166 5212 xix).
3201 5167 3223 5194 υ
3250 5143 3310 5200 Id
3341 5150 3448 5215 est,
3480 5150 3632 5199 sexta
3657 5142 3736 5199 die

2155 5248 2294 5302 opus
2323 5248 2424 5304 pro
2471 5232 2843 5303 redemptione
2900 5232 3087 5288 mundi
3144 5232 3419 5297 expletum
3464 5239 3569 5296 est.
3616 5232 3734 5289 etin

2156 5321 2392 5378 Sabbato
2422 5321 2689 5395 requievit
2738 5322 2792 5376 in
2847 5322 3127 5394 sepulcro.
3198 5322 3274 5376 Ita
3314 5329 3367 5377 et
3395 5336 3495 5377 nos
3538 5321 3591 5376 in
3645 5323 3734 5379 hac

2154 5420 2305 5468 sexta
2331 5420 2485 5467 aetate
2510 5426 2605 5483 pro
2626 5411 2859 5467 Domino
2903 5412 3015 5484 pati
3046 5411 3330 5475 debemus,
3364 5419 3416 5467 et
3470 5410 3522 5466 in
3580 5410 3731 5483 septi-

2152 5518 2262 5570 ma,
2296 5518 2417 5575 quae
2448 5508 2530 5556 est
2559 5510 2913 5566 mortuorum,
2944 5501 2997 5556 in
3031 5510 3241 5556 secreta
3270 5515 3407 5572 pace
3448 5500 3725 5573 quiescere,

2153 5592 2327 5648 donec
2355 5600 2540 5647 octava
2571 5590 2990 5647 resurrectionis
3038 5590 3245 5646 veniat.
3286 5590 3344 5645 In
3376 5590 3604 5661 septima
3651 5589 3725 5645 die

2151 5697 2440 5753 vesperam
2473 5680 2729 5735 habuisse
2756 5694 2865 5737 non
2899 5680 3119 5752 legitur,
3157 5679 3284 5751 quia
3315 5680 3368 5734 in
3422 5678 3513 5735 illo
3550 5678 3724 5735 saeculo

2152 5773 2372 5845 requies
2403 5770 2710 5826 animarum
2741 5770 2892 5825 nullo
2941 5785 3180 5827 mcerore
3237 5768 3594 5841 consumitur,
3640 5767 3722 5825 sed

2150 5863 2352 5934 gaudio
2383 5861 2576 5917 futurae
2605 5859 3022 5916 resurrectionis
3052 5867 3301 5930 augetur.

2226 5974 2249 5999 ι
2284 5951 2531 6023 Vespere
2558 5954 2742 6006 autem
2772 5949 2993 6006 Sabbati
3029 5963 3151 6023 quae
3177 5948 3406 6006 lucescit
3432 5947 3489 6004 in
3515 5948 3719 6021 primam
