3956 6426
77 431 178 481 205

76 649 199 716 gari
228 662 300 702 ea
330 648 461 705 sine
512 648 629 705 ulla
656 648 894 719 spiritus
924 650 1329 721 objurgatione
1361 651 1656 720 permittit,
1690 653 1788 708 sed

75 736 132 791 in
178 736 309 806 ipsa
360 737 481 802 die,
544 752 676 808 quae
724 738 797 793 ad
847 752 1039 808 pacem
1090 738 1222 805 sibi,
1268 740 1374 808 piae
1428 740 1789 811 cogitationis

71 832 280 892 motus,
316 827 427 895 qui
459 827 666 883 rationi
714 826 1054 895 inserviunt,
1096 827 1347 884 interieri
1386 828 1788 901 hominijsug-

73 921 282 984 gerunt
312 929 375 970 se
408 915 699 972 invenisse
734 932 957 985 aquam,
998 930 1056 973 se
1102 917 1199 972 Dei
1230 917 1491 988 aliquam
1526 926 1789 990 gustasse

71 1002 355 1058 notitiam.
422 1004 585 1060 Unde
624 1012 680 1061 et
736 1005 988 1075 appellat
1041 1006 1477 1069 Abundantium,
1556 1008 1698 1078 quia
1754 1022 1789 1064 a

74 1091 494 1160 temporalium
539 1094 800 1163 appetitu
840 1108 899 1149 se
936 1102 1167 1150 revocat
1205 1094 1277 1151 ad
1324 1096 1537 1153 divinae
1587 1112 1786 1168 perpe-

74 1180 298 1235 tuitatis
325 1182 799 1238 exuberantiam.
833 1184 904 1238 Et
937 1198 1127 1238 nomen
1162 1185 1289 1238 urbi
1329 1187 1646 1255 impositum
1685 1190 1783 1254 est,

75 1265 347 1320 Bersabee
376 1283 554 1338 usque
594 1271 653 1322 in
690 1276 1007 1337 praesentem
1047 1270 1209 1326 diem.
1257 1272 1400 1328 Urbs
1427 1273 1537 1329 ista
1580 1288 1788 1344 super-

74 1355 319 1411 coelestis
388 1357 663 1414 Ecclesiae
712 1357 1039 1428 frequentia
1095 1368 1198 1428 est,
1258 1375 1391 1431 quae
1446 1364 1578 1418 vita:
1634 1363 1787 1419 fonte

74 1445 356 1510 nutritur,
395 1446 501 1502 ubi
533 1446 730 1502 lumen
758 1447 818 1502 in
847 1448 1085 1514 lumine,
1116 1456 1171 1505 et
1200 1449 1320 1506 dies
1339 1451 1407 1506 de
1433 1451 1523 1507 die
1561 1452 1790 1508 videtur

73 1535 241 1603 (Psal.
291 1549 466 1602 xxxv,
534 1534 638 1605 t0).
691 1537 963 1594 Bersabee
1013 1537 1121 1594 sibi
1180 1553 1392 1595 nomen
1441 1540 1784 1611 imponitur,

73 1625 212 1692 quia
237 1625 674 1681 excandescens
700 1627 979 1694 avaritiae,
1023 1628 1113 1683 vel
1156 1628 1467 1698 cujuslibet
1505 1630 1631 1685 vitii
1665 1629 1788 1687 sitis

74 1711 131 1767 in
190 1712 299 1769 hoc
358 1714 577 1770 saeculo
630 1729 728 1784 per
782 1716 1321 1786 contemplationem
1382 1717 1560 1787 hujus
1616 1718 1787 1774 fontis

74 1809 286 1856 interna
308 1803 624 1859 saturitate
658 1804 1043 1875 extinguitur,
1095 1805 1154 1860 in
1192 1805 1390 1862 futuro
1434 1814 1548 1862 tota
1589 1806 1787 1862 salva-

76 1896 264 1945 torum
329 1905 474 1960 pars
519 1890 645 1961 ejus
695 1892 816 1948 sola
864 1892 1153 1949 inlusione
1195 1894 1361 1950 beata
1412 1894 1679 1951 elﬂeitur.
1731 1897 1786 1952 Is

76 1980 222 2035 enim
266 1988 491 2050 puteus
529 1980 626 2036 Dei
669 1981 882 2038 scilicet
924 1983 1145 2052 notitia,
1192 1984 1465 2055 pertingit
1502 1999 1689 2056 usque
1728 1985 1785 2041 in

78 2068 228 2124 iliam
278 2069 441 2125 diem
498 2069 902 2126 indeleetivam
949 2072 1393 2141 prmsentialiter
1451 2072 1781 2141 videndam,

78 2172 203 2227 quae
232 2173 357 2213 una
390 2158 600 2215 melior
628 2167 711 2215 est
752 2159 809 2215 in
852 2160 1014 2216 atriis
1052 2161 1192 2230 suis,
1227 2176 1407 2232 quam
1451 2162 1632 2218 millia
1661 2163 1786 2219 die-

78 2261 202 2303 rum
235 2250 412 2315 (Psal.
448 2264 676 2315 Lxxxm,
712 2248 819 2319 ll).

144 2337 315 2393 Vens.
344 2337 442 2397 34,
487 2340 574 2391 35.
616 2365 688 2378 -
737 2340 888 2393 Esau
927 2354 1051 2393 vero
1098 2338 1574 2408 quadragenarius
1621 2339 1783 2395 duxit

77 2441 284 2493 umores,
353 2426 557 2480 Judith
629 2428 799 2489 ﬁliam
873 2426 1040 2481 Beeri
1098 2430 1322 2496 Helhaei,
1388 2434 1439 2482 et
1496 2430 1785 2484 Basemath

76 2515 242 2580 ﬁliam
270 2515 426 2568 Elon
463 2513 706 2583 ejusdem
740 2516 868 2580 loci;
914 2532 1034 2585 quae
1085 2517 1257 2571 ambae
1295 2516 1633 2585 offenderant
1661 2520 1783 2571 ani-

77 2618 215 2656 mum
254 2605 419 2657 Isaac
458 2608 513 2656 et
556 2603 821 2657 Rebecca.
854 2604 1011 2660 Esau
1057 2605 1160 2675 qui
1210 2605 1626 2675 interpretatur
1666 2609 1788 2673 fru-

77 2696 206 2757 stra,
268 2692 605 2748 inferiorem
660 2692 840 2748 nostri
908 2702 1150 2763 partem,
1227 2694 1517 2749 carnalem
1571 2695 1785 2751 scilicet

78 2780 261 2850 signat
289 2779 596 2849 allectum,
634 2782 873 2837 vanitati
912 2782 1219 2838 intentum.
1260 2782 1368 2849 Qui
1399 2783 1783 2852 quadragena-

78 2872 208 2934 rius,
240 2870 297 2925 id
341 2878 428 2925 est
470 2869 876 2940 temporalitati
922 2886 1054 2941 quae
1093 2872 1466 2942 quaternario
1518 2872 1786 2944 signatur

79 2958 357 3025 addictus,
403 2957 579 3014 duxit
624 2973 841 3027 umores,
887 2959 1156 3021 lasciviae.
1205 2960 1519 3015 mundialis
1566 2961 1787 3031 cupidi-

83 3048 238 3113 tatis;
269 3046 479 3103 Judith
514 3046 747 3102 laudans
788 3047 876 3104 vel
902 3048 1190 3119 conﬁtens;
1232 3049 1391 3104 Beeri
1426 3052 1620 3119 putei;
1667 3051 1748 3107 He

1265 431 1621 489 MORALIUM
1658 432 1733 488 IN
1769 432 2077 490 GENESIN
2118 433 2250 490 LIB.
2281 432 2396 489 VII.

77 558 313 628 paciﬂce
362 558 625 627 dimittit,
672 560 811 617 dum
864 574 964 631 per
1006 560 1245 617 allectus
1290 563 1605 619 vanitatem
1648 577 1784 619 eva-
1822 566 1872 620 A

3499 439 3603 493 206

2503 565 2736 624 CAPUT
2776 566 2990 623 XXVII.

1969 654 2139 711 Vsus.
2189 655 2240 719 1,
2286 658 2340 721 2,
2393 658 2444 709 3.
2492 687 2559 694 —
2609 658 2801 710 Senuit
2843 662 3023 711 autem
3065 658 3248 723 Isaac,
3289 662 3341 712 et
3384 659 3598 725 caliga-

1893 749 2088 797 verunt
2130 745 2272 799 oculi
2306 744 2443 814 ejus,
2486 751 2536 800 et
2588 746 2773 799 videre
2815 762 2922 801 non
2970 753 3203 815 poterat.
3268 748 3597 816 Vocavitque

1894 834 2043 886 Esau
2092 835 2269 902 ﬁlium
2314 848 2472 889 suum
2525 834 2806 905 majorem,
2864 840 2915 889 et
2961 836 3109 890 dixit
3165 839 3258 891 ei:
3319 836 3437 890 Fili
3492 838 3596 892 mi.

1894 921 2131 988 Adsum,
2197 922 2406 993 inquit.
2444 925 2545 980 Cui
2579 929 2758 993 pater.
2818 924 2978 980 Vides
3019 925 3164 993 quod
3219 928 3512 992 senuerim,
3549 930 3600 979 et

1893 1009 2134 1074 ignorem
2181 1010 2324 1064 diem
2370 1014 2559 1066 mortis
2604 1028 2751 1067 meaz.
2804 1012 2969 1068 Sume
3024 1030 3182 1068 arma
3229 1019 3344 1083 tua,
3395 1015 3603 1083 phare-

1896 1100 2038 1151 tram
2089 1103 2141 1152 et
2198 1114 2402 1163 arcum,
2460 1107 2511 1155 et
2559 1102 2808 1168 egredere
2856 1104 3032 1169 foras.
3090 1103 3251 1159 Isaac
3312 1109 3598 1168 senectus,

1894 1185 2102 1242 animze
2157 1195 2241 1244 est
2287 1202 2321 1244 a
2368 1189 2655 1258 spirituali
2704 1192 2907 1247 robore
2954 1191 3231 1248 delectus.
3289 1192 3445 1247 Oculi
3480 1193 3599 1261 ejus

1895 1275 2166 1346 caligant,
2211 1292 2342 1334 cum
2401 1279 2528 1349 ejus
2580 1281 2787 1336 mentis
2838 1281 3021 1337 aciem
3073 1295 3108 1337 a
3156 1282 3272 1338 Deo
3319 1281 3603 1337 desideria

1892 1378 2072 1433 prava
2131 1367 2520 1423 reverberant.
2595 1370 2905 1440 Postquam
2966 1384 3104 1439 ergo
3169 1370 3469 1440 ingenium
3517 1369 3590 1426 ab

1896 1455 2122 1509 interna
2169 1456 2389 1512 visione
2433 1464 2635 1523 cessat,
2696 1458 2755 1512 in
2818 1457 3087 1514 allectum
3162 1459 3371 1527 cordis,
3426 1459 3602 1529 juxta

1896 1542 2204 1612 psalmum,
2246 1544 2393 1600 illico
2427 1559 2655 1602 necesse
2685 1554 2770 1602 est
2800 1553 3054 1602 transeat
3083 1547 3249 1617 (Psal.
3284 1563 3488 1616 Lxxxu,
3517 1548 3594 1619 7),

1895 1632 2050 1686 unde
2078 1640 2135 1687 et
2179 1634 2454 1701 majorem
2506 1648 2623 1689 non
2673 1634 2972 1705 dignitate,
3008 1636 3105 1691 sed
3160 1637 3414 1706 quadam
3461 1644 3599 1693 tem-

1896 1720 2107 1788 poralis
2175 1736 2313 1776 usus
2396 1722 2793 1791 primaevitate,
2862 1724 3041 1793 ﬁlium
3116 1726 3327 1794 ipsum,
3388 1726 3601 1782 scilicet

1894 1806 2164 1864 allectum
2195 1809 2456 1878 advocat,
2490 1813 2602 1866 Fili
2636 1815 2757 1866 mi?
2782 1812 2862 1867 Ac
2892 1813 2939 1867 si
2986 1813 3140 1868 dicat
3192 1830 3205 1867 :
3242 1816 3387 1869 Cum
3434 1821 3602 1870 natu-

1896 1897 2093 1953 raliter
2117 1898 2205 1968 {ex
2251 1913 2342 1955 me
2392 1900 2652 1969 prodeas,
2700 1916 2816 1956 non
2862 1910 2947 1957 est
2994 1902 3337 1969 absurdum,
3381 1902 3428 1958 si
3457 1903 3600 1959 meis

1893 1986 2041 2042 votis
2070 1986 2369 2044 inservias.
2413 1989 2584 2047 Vides
2608 1990 2764 2059 quod
2813 1990 2886 2046 ab
2913 2004 3106 2047 amore
3150 2005 3404 2061 superno
3441 1992 3594 2049 dele-

1894 2075 2090 2139 cerim,
2140 2084 2193 2132 et
2235 2077 2406 2143 diem,
2464 2078 2520 2132 id
2567 2086 2651 2133 est
2694 2078 3134 2149 intelligentiam
3176 2080 3353 2149 hujus
3400 2094 3434 2135 a
3481 2080 3599 2138 Deo

1891 2165 2036 2219 mihi
2089 2165 2261 2221 illatae
2311 2166 2641 2223 defectionis
2688 2167 2965 2237 ignorem.
3018 2169 3179 2224 Sume
3217 2183 3354 2239 ergo
3400 2171 3601 2239 phare-

1891 2258 2036 2308 tram
2091 2254 2332 2323 consilii,
2395 2255 2492 2311 ubi
2538 2256 2905 2326 sagittarum,
2959 2256 3017 2312 id
3047 2265 3131 2313 est
3176 2258 3597 2314 sententiarum

1891 2344 2115 2413 copiam
2186 2357 2483 2414 congeras,
2548 2350 2599 2398 et
2650 2359 2838 2398 arcum
2894 2345 3117 2401 callidae
3184 2355 3237 2401 et
3308 2346 3598 2405 insidiosae

1889 2432 2255 2502 operationis,
2306 2448 2422 2503 quo
2465 2441 2769 2503 conceptas
2814 2434 3145 2490 dolositates
3193 2435 3489 2504 excludas,
3542 2444 3598 2493 et

1893 2521 1982 2576 his
2032 2529 2293 2578 armatus
2344 2524 2593 2590 egredere
2638 2526 2815 2591 foras,
2845 2523 3185 2579 interiorum
3236 2524 3440 2593 utique
3490 2539 3597 2580 ne-

1892 2611 2117 2682 gligens
2148 2611 2401 2667 forenses
2429 2626 2630 2667 exerce
2660 2626 2858 2682 curas;
2901 2612 3224 2669 secundum
3255 2612 3362 2667 hoc
3393 2626 3597 2683 pecca—

1894 2706 2061 2766 tores,
2105 2698 2164 2753 in
2212 2698 2497 2755 Psalmis:
2557 2700 2922 2755 Intenderunt
2985 2716 3192 2767 arcum,
3254 2707 3594 2770 paraverunt

1890 2790 2126 2856 sagittas
2181 2789 2241 2842 in
2282 2788 2547 2857 pharetra
2595 2789 2762 2858 (Psal.
2823 2806 2879 2857 ι,
2935 2791 3013 2860 2),
3066 2797 3129 2845 ut
3170 2790 3383 2846 scilicet
3430 2791 3595 2861 pravi

1892 2883 2082 2932 motus
2128 2876 2374 2932 directas
2431 2877 2715 2947 perimant
2773 2879 3041 2935 rationes.
3099 2881 3336 2948 Cumque
3385 2879 3595 2950 ivenatu

1891 2964 2108 3033 aliquid
2152 2967 2604 3035 apprehenderis;
2652 2967 2847 3037 (Vnus.
2890 2969 2943 3037 4)
2990 2970 3085 3033 fac
3128 2969 3267 3022 mihi
3304 2969 3430 3023 inde
3467 2970 3594 3039 pul-

1891 3059 2147 3120 mentum,
2188 3057 2326 3108 sicut
2365 3056 2496 3108 velle
2529 3071 2610 3109 me
2637 3059 2802 3120 nosti,
2854 3061 2906 3110 et
2933 3057 3077 3125 affer
3120 3064 3182 3112 ut
3210 3058 3503 3125 comedam,
3542 3064 3594 3113 et

84 3136 259 3193 thzeus
294 3136 518 3192 dicitur
558 3142 797 3206 stupens.
846 3137 1149 3201 Confessio,
1196 3146 1250 3194 et
1292 3138 1436 3205 laus,
1482 3153 1614 3209 quae
1662 3140 1776 3195 Deo
1802 3136 1860 3232 'C
1893 3137 2173 3192 benedicat
2217 3139 2319 3192 tibi
2364 3155 2550 3193 anima
2594 3155 2733 3207 mea,
2771 3145 3063 3210 antequam
3112 3144 3337 3196 moriar.
3399 3142 3590 3198 Vena-

83 3226 194 3281 sola
247 3224 448 3283 saeculi
535 3226 907 3296 prosperitate
956 3226 1219 3293 refertur,
1274 3226 1392 3282 ﬂlia
1460 3235 1564 3295 est,
1617 3228 1780 3284 ﬂuxa

82 3314 354 3381 videlicet,
387 3313 477 3369 nil
529 3313 772 3384 dignum
810 3314 1023 3370 virtute
1053 3329 1278 3386 gerens,
1324 3322 1379 3371 et
1422 3316 1540 3371 lilia
1572 3324 1779 3386 puteo-

81 3417 222 3471 rum,
255 3404 312 3459 id
350 3410 440 3460 est
485 3402 1085 3473 concupiscentiarum
1127 3404 1470 3473 carnalium,
1528 3406 1667 3476 quia
1704 3420 1779 3462 ex

82 3493 285 3563 gaudio
324 3492 757 3549 obscurissima
793 3492 1183 3549 delectationis
1214 3494 1475 3564 emergit.
1525 3493 1778 3550 Conﬁte-

82 3588 169 3636 tur
194 3580 345 3637 enim
383 3594 495 3651 pro
543 3580 706 3637 nullo
751 3582 1088 3638 aeternitatis
1126 3595 1339 3651 amore,
1390 3583 1488 3639 sed
1536 3583 1675 3653 quia
1704 3583 1778 3639 ad

81 3683 317 3738 praesens
384 3668 727 3726 beneﬂceris
779 3670 851 3726 ei.
931 3671 1004 3727 Et
1071 3671 1201 3728 talis
1268 3672 1567 3739 confessio,
1636 3672 1775 3729 dum

78 3760 235 3828 quasi
263 3759 507 3815 devotos
534 3772 593 3814 se
626 3759 740 3815 Deo
770 3758 1152 3827 arbitrantur,
1210 3761 1267 3816 in
1297 3761 1527 3830 reprobi
1574 3775 1778 3817 sensus

78 3862 163 3903 eos
201 3848 373 3905 mittit
420 3855 740 3917 stuporem,
784 3856 848 3905 ut
887 3848 1065 3905 libere
1121 3850 1231 3906 sibi
1270 3850 1581 3906 videantur
1614 3865 1778 3921 posse

77 3937 251 3992 omnis
276 3936 402 3993 vitii
432 3950 705 3993 exercere
736 3937 988 3993 fetorem.
1018 3938 1343 4007 Basemath,
1366 3941 1426 3993 in
1444 3940 1776 4008 nominibus,

80 4026 190 4081 sive
237 4026 584 4095 delinquens,
626 4026 714 4081 vel
772 4026 1021 4097 deposita
1076 4027 1506 4098 interpretatur,
1558 4028 1617 4083 in
1658 4043 1776 4097 quo

82 4112 411 4186 intelligitur
457 4114 752 4183 superbia,
799 4129 932 4185 quae
980 4115 1145 4171 valde
1192 4117 1474 4187 gloriatur
1529 4116 1587 4172 in
1639 4122 1774 4172 ιον

81 4204 370 4259 nominum
399 4202 908 4260 celebrationibus.
939 4204 1160 4261 Nomen
1190 4206 1344 4261 enim
1385 4205 1445 4261 in
1479 4205 1777 4276 Scriptura

83 4290 276 4347 usitate
320 4306 425 4362 pro
479 4291 638 4348 fama
685 4293 939 4361 ponitur.
989 4293 1127 4360 Quae
1183 4294 1323 4351 dum
1360 4308 1481 4350 sese
1528 4294 1777 4351 inaniter

84 4380 392 4436 extollendo
421 4379 732 4450 delinquit,
775 4381 849 4436 ad
896 4389 1126 4438 aeterna:
1165 4382 1540 4453 depositionis
1576 4396 1775 4439 casum

1891 3234 2014 3282 tum
2046 3227 2264 3283 vadens
2291 3228 2485 3282 anima
2513 3229 2733 3297 aliquid
2768 3229 3167 3298 apprehendit,
3201 3245 3334 3286 cum
3378 3245 3590 3287 carna-

1885 3314 1963 3370 lia
1993 3315 2143 3371 bona
2167 3330 2435 3386 quaerens
2464 3316 2764 3386 quidpiam
2800 3318 2906 3373 sibi
2954 3326 3279 3389 competens
3325 3318 3589 3377 desiderii

1887 3404 2106 3460 retibus
2149 3405 2437 3475 astringit.
2484 3405 2623 3460 Inde
2666 3408 3006 3476 pulmentum
3047 3406 3201 3474 facit,
3253 3422 3386 3464 cum
3439 3408 3590 3465 idem

1885 3493 2360 3563 concupiscentiae
2420 3495 2552 3566 igne
2609 3510 2864 3566 coquens
2915 3496 2975 3551 in
3032 3496 3344 3566 voluptatis
3402 3504 3587 3552 totum

1884 3581 2181 3638 mollitiem
2218 3582 2422 3652 trahit;
2464 3584 2753 3654 quidquid
2791 3584 2945 3640 enim
2991 3592 3093 3641 aut
3140 3584 3442 3653 laboriose,
3486 3593 3589 3642 aut

1883 3672 2139 3727 suaviter
2175 3681 2480 3729 exercetur
2524 3672 2582 3728 in
2613 3673 2842 3741 saeculo,
2879 3674 3051 3730 linem
3092 3688 3213 3730 suae
3256 3675 3589 3731 intentionis

1884 3759 2140 3830 aliquam
2169 3760 2527 3832 voluptatem
2559 3761 2751 3818 habet.
2786 3762 2965 3831 Affer,
3018 3762 3229 3833 inquit,
3262 3763 3411 3819 sicut
3440 3762 3587 3818 velle

1883 3862 1975 3904 me
1999 3848 2169 3915 nosti,
2218 3853 2280 3902 ut
2309 3849 2601 3914 comedam,
2635 3849 2692 3905 id
2739 3857 2823 3905 est
2873 3851 3022 3907 sicut
3054 3851 3381 3907 humanum
3430 3849 3587 3906 dele-

1882 3935 2025 3993 ctari
2065 3928 2299 4008 conjicis
2339 3952 2573 4008 quaque
2629 3952 2692 3994 re
2751 3937 3042 4005 allectum,
3105 3938 3188 3995 sic
3216 3939 3358 3994 mihi
3419 3939 3584 4006 inter,

1884 4026 2040 4083 unde
2092 4040 2280 4082 meum
2337 4027 2560 4083 nutrire
2615 4026 2853 4083 debeam
2909 4028 3249 4098 appetitum,
3298 4033 3360 4083 ut
3400 4031 3590 4093 anima

1881 4130 2001 4169 mea
2046 4115 2148 4170 tibi
2187 4115 2484 4176 benedicat,
2522 4120 2816 4186 antequam
2866 4119 3090 4183 moriar,
3142 4116 3200 4171 id
3242 4123 3327 4172 est
3376 4123 3442 4172 ut
3469 4116 3584 4171 ani-

1882 4204 2109 4259 malitas
2174 4219 2301 4260 mea
2374 4205 2477 4261 tibi
2553 4205 2947 4276 multipliciter
3013 4205 3240 4261 insistat
3295 4204 3583 4277 augendo.

1884 4292 2228 4363 priusquam
2251 4294 2692 4362 superveniente
2722 4295 2923 4365 aliqua
2944 4294 3299 4365 paenitudine
3319 4294 3585 4351 saeculari

1885 4381 2079 4453 gloriae
2112 4381 2434 4439 interimar.

87 4468 270 4524 tendit.
338 4470 507 4526 Elom
564 4477 757 4525 autem
813 4470 1026 4527 dicitur
1092 4474 1242 4539 regio
1299 4475 1637 4541 campestris,
1686 4472 1775 4528 vel
1812 4484 1858 4539 1)
1960 4470 2134 4527 Vsus.
2175 4475 2227 4539 5,
2277 4474 2328 4526 6.
2370 4501 2438 4511 —
2483 4472 2637 4539 Quod
2663 4488 2783 4527 cum
2830 4472 3075 4527 audisset
3104 4474 3357 4540 Rebecca,
3404 4478 3456 4528 et
3496 4476 3589 4529 ille

86 4571 316 4623 quercus.
374 4557 557 4629 Regio
596 4556 959 4614 latitudinem
1011 4559 1141 4616 vitae
1188 4559 1483 4615 szecularis
1539 4560 1770 4630 innuit;

85 4657 311 4715 campus
363 4645 853 4703 incultibilitatem
922 4647 1130 4704 mentis
1193 4648 1456 4705 ostendit.
1518 4648 1776 4715 Quercus

87 4733 243 4804 cujus
270 4734 500 4792 fructus
541 4748 738 4804 porcos
775 4736 976 4805 pascit,
1009 4738 1301 4807 operarios
1328 4738 1613 4808 nequitiae
1651 4738 1778 4809 qui-

89 4820 187 4877 bus
235 4824 528 4881 daamones
571 4824 1022 4895 aggratulantur
1088 4825 1396 4896 portendit.
1433 4827 1578 4883 Filia
1637 4841 1776 4899 ergo

89 4910 277 4968 talium
320 4911 618 4983 superbia,
652 4926 724 4968 ex
771 4913 938 4969 malis
982 4914 1232 4984 pessima
1275 4922 1414 4971 nata
1442 4916 1778 4985 parentibus

92 4998 251 5070 Esau,
274 5002 330 5059 id
362 5011 447 5059 est
477 5001 873 5059 allectualitati
916 5003 1207 5075 jungitur,
1252 5018 1386 5075 quae
1424 5012 1479 5061 et
1518 5004 1776 5076 ejusdem

95 5088 207 5159 loci,
251 5092 304 5147 id
339 5101 425 5150 est
472 5106 669 5163 pravae
709 5093 1030 5149 secundum
1079 5108 1304 5151 errores
1350 5092 1774 5164 amplitudinis,

96 5181 314 5249 agrestis
360 5189 417 5238 et
474 5181 796 5237 inaccurati
826 5182 1159 5252 peccatoris,
1198 5182 1452 5253 perversi
1487 5190 1544 5239 et
1593 5197 1627 5238 a
1657 5182 1779 5239 dm-

97 5269 343 5326 monibus
390 5270 573 5326 amati
619 5268 802 5339 operis
856 5270 1087 5327 dicitur.
1143 5271 1199 5327 Is
1248 5270 1487 5327 allectus
1537 5286 1671 5328 cum
1721 5271 1780 5326 in

100 5358 454 5417 saecularibus
498 5359 675 5415 libere
717 5373 820 5428 per
860 5359 972 5416 ista
1000 5359 1230 5416 difﬂuat
1273 5360 1333 5415 in
1378 5361 1558 5427 Isaac,
1612 5359 1667 5415 id
1695 5367 1781 5416 est

104 5444 155 5500 in
180 5448 363 5505 anima
392 5450 463 5506 de
493 5448 884 5518 supercmlesti
916 5447 1132 5520 gaudio
1167 5448 1462 5519 cogitanti,
1502 5448 1782 5504 rationem

102 5548 219 5592 cum
248 5537 303 5593 in
328 5538 465 5594 talia
502 5552 564 5593 se
609 5535 899 5607 paulisper
948 5536 1138 5599 ﬂectit,
1187 5536 1443 5607 graviter
1488 5536 1694 5605 irritat,
1728 5544 1784 5593 et

104 5635 380 5685 conantem
423 5628 691 5684 resistere
740 5626 993 5683 motibus
1040 5624 1375 5693 Rebeccam,
1433 5624 1493 5681 id
1548 5632 1634 5682 est
1674 5638 1784 5697 pa-

106 5710 337 5772 tientiam
361 5717 644 5774 acerrime
670 5720 861 5772 vexat.

1884 4559 2085 4614 abisset
2114 4562 2172 4614 in
2206 4575 2420 4627 agrum,
2452 4568 2514 4615 ut
2550 4558 2851 4629 jussionem
2886 4564 3069 4631 patris
3118 4564 3388 4632 expleret,
3437 4562 3587 4617 dixit

1882 4648 2046 4703 Jacob
2074 4648 2192 4708 ﬁlio
2239 4663 2356 4704 suo.
2390 4648 2628 4705 Ratione
2658 4648 2841 4720 igitur
2866 4649 2938 4703 ad
2970 4650 3335 4706 mundanum
3361 4649 3590 4705 deﬂexa

1885 4735 2174 4801 allectum,
2232 4737 2507 4807 patientia
2552 4737 2764 4793 scilicet
2809 4737 3084 4800 Rebecca,
3133 4751 3311 4808 quam
3356 4738 3589 4795 amissio

1879 4825 2001 4897 jam
2068 4827 2489 4896 praeteritorum
2568 4833 2820 4882 exterret
2873 4825 3159 4895 laborum,
3228 4825 3587 4896 spiritualem

1885 4922 2115 4970 revocat
2152 4915 2490 4985 appetitum,
2543 4915 2645 4985 qui
2696 4914 2754 4970 in
2808 4921 3101 4971 terrenum
3156 4915 3277 4986 jam
3333 4929 3591 4987 evagans

1887 5011 2199 5073 quaestum,
2248 5004 2575 5073 supplantet
2633 5003 2967 5073 cupiditatis
3023 5004 3254 5060 vitium.
3301 5004 3586 5073 Intellexi,

1888 5091 2097 5162 inquit,
2152 5092 2525 5158 intellectum,
2586 5093 2690 5163 qui
2743 5092 2844 5149 tibi
2886 5092 3238 5162 patrocinari
3287 5092 3586 5161 debuerat,

1887 5194 2021 5237 cum
2052 5178 2456 5237 allectualitate
2485 5189 2749 5252 agentem
2779 5182 2847 5237 de
2879 5181 3203 5238 carnalium
3252 5182 3592 5237 commercio

1889 5283 2107 5337 rerum,
2153 5270 2253 5325 sed
2302 5277 2469 5327 tuum
2511 5284 2583 5327 ne
2630 5285 2871 5341 respuas
2908 5272 3224 5328 attribuere
3271 5270 3589 5327 caelestium

1890 5357 2009 5429 spei
2064 5358 2409 5414 desiderium
2467 5374 2535 5414 ac
2584 5360 2866 5417 studium.
2922 5361 3117 5430 (Vens.
3168 5360 3248 5428 7.)
3305 5362 3469 5427 Perge
3519 5359 3595 5413 ad

1890 5462 2126 5515 gregem,
2158 5447 2297 5514 affer
2337 5448 2475 5501 mihi
2504 5447 2638 5502 duos
2678 5448 2857 5503 haedos
2902 5451 3153 5520 optimos,
3196 5454 3256 5503 ut
3292 5451 3498 5516 faciam
3525 5464 3594 5502 ea:

1892 5539 1970 5590 eis
1999 5551 2145 5590 escas
2166 5538 2320 5604 patri
2341 5540 2451 5602 tuo,
2484 5537 2682 5605 quibus
2710 5538 2938 5592 libenter
2961 5541 3215 5593 vescitur.
3255 5538 3349 5593 Ad
3380 5552 3595 5605 gregem

1892 5625 2205 5694 pergimus,
2238 5638 2371 5679 cum
2418 5624 2701 5681 virtutum
2748 5625 3158 5696 multiplicitati
3200 5626 3593 5696 intendimus;

1894 5713 2028 5769 duos
2085 5712 2263 5769 haedos
2311 5714 2541 5783 optimos
2597 5712 2913 5783 ollerimus,
2969 5729 3100 5772 cum
3158 5722 3213 5772 et
3263 5724 3480 5783 uestra,
3540 5718 3596 5769 et
