3924 6402
476 356 580 413 919

1616 359 1971 418 WERNERI
2005 359 2298 420 ABBATIS
2336 367 2395 425 S.
2433 368 2659 427 BLASII

3676 374 3767 431 920

480 481 573 573 qui
602 497 713 539 non
742 488 930 573 amant
954 482 1248 573 adventum
1286 499 1656 573 supernorum
1692 485 1914 553 civium,
1948 502 2083 557 ρει*-
2112 487 2171 549 Α
2197 488 2425 551 bemus.
2464 497 2555 552 Ad
2584 506 2940 571 conspectum
2969 495 3297 573 angelorum
3326 497 3528 555 vultum
3549 497 3775 556 declina-

482 572 781 629 timescant
810 572 903 645 qui
935 572 1248 629 carnalibus
1266 572 1443 645 pressi
1465 571 1756 630 desideriis
1787 574 1858 629 ad
1892 589 2083 631 eorum

488 662 803 718 societatem
836 678 896 717 se
926 662 1239 733 pertingere
1270 678 1435 734 posse
1476 663 1801 734 desperant.
1838 664 1951 719 Vos
1982 681 2085 720 au-

486 760 593 807 tem
624 766 721 808 cur
747 750 947 807 timetis
976 768 1096 823 quae
1125 760 1340 807 vestros
1366 752 1627 809 concives
1656 753 1873 809 videtis.
1912 777 1934 801 α
1959 754 2086 809 Non

488 859 570 907 est
599 851 686 908 hic
712 874 733 901 η
767 851 969 909 dicitur
988 868 1089 923 per
1110 852 1467 923 praesentiam
1498 853 1683 909 carnis
1700 853 1792 926 qui
1809 870 2089 927 nunquam

485 941 640 997 deest
665 957 767 1012 per
795 942 1145 1012 praesentiam
1178 941 1503 1010 majestatis.
1536 942 1713 998 Radix
1739 958 1931 998 amara
1961 959 2088 999 cru-

485 1029 568 1087 cis
599 1029 834 1097 evanuit,
864 1030 970 1085 tlos
1011 1030 1136 1087 vitae
1191 1045 1318 1087 cum
1375 1030 1641 1087 fructibus
1697 1031 1892 1103 erupit,
1925 1031 1981 1087 id
2011 1039 2094 1089 est

484 1125 572 1199 qui
623 1126 800 1195 jacuit
830 1125 884 1179 in
915 1134 1091 1181 morte
1148 1126 1447 1181 resurrexit
1501 1127 1556 1182 in
1614 1128 1821 1200 gloria.
1880 1128 2092 1199 Corpus

482 1215 610 1270 Iesu
637 1222 914 1270 mortuum
944 1231 1054 1270 non
1084 1216 1375 1282 invenitur,
1439 1216 1539 1271 sed
1585 1217 1771 1273 vivum
1804 1216 2092 1289 evangeli-

484 1311 651 1374 zatur,
685 1304 810 1377 quia
841 1303 942 1359 etsi
972 1304 1331 1376 cognovimus
1382 1305 1686 1362 secundum
1716 1321 1960 1376 carnem,
1995 1305 2090 1362 sed

479 1393 595 1465 jam
625 1408 772 1450 nunc
800 1408 911 1449 non
938 1394 1194 1451 novimus
1220 1394 1301 1466 (II
1327 1394 1452 1452 Cor.
1484 1395 1568 1465 v).

563 1523 584 1549 ιι
618 1501 688 1556 Ει
719 1500 918 1557 factum
947 1509 1030 1557 est
1058 1501 1189 1557 dum
1219 1511 1403 1560 mente
1423 1509 1794 1559 consternatae
1817 1510 2002 1559 essent
2025 1502 2094 1558 de

482 1589 611 1658 isto,
658 1606 790 1647 ecce
848 1590 958 1646 duo
1015 1590 1124 1649 viri
1183 1599 1450 1648 steterunt
1490 1592 1640 1663 juxta
1671 1590 1797 1647 illas
1851 1588 1908 1645 in
1937 1598 2092 1647 veste

486 1680 740 1752 fulgenti.
779 1703 802 1728 η

556 1787 756 1861 Angeli
786 1802 896 1842 non
929 1786 1108 1842 solum
1138 1788 1310 1844 verbo
1341 1789 1440 1844 sed
1469 1788 1631 1845 etiam
1662 1787 2093 1861 fulgentihabitu

2197 597 2319 636 mus
2360 582 2414 639 in
2446 592 2655 641 terram
2712 603 2834 643 cum
2886 604 3245 660 supernorum
3289 588 3494 662 gaudia
3532 596 3769 644 eontem-

2197 670 2433 742 plantes,
2465 690 2566 729 nos
2609 676 2847 733 cinerem
2898 693 3021 735 esse
3066 677 3377 744 recolimus,
3409 677 3556 733 sicut
3581 676 3768 732 beatus

2198 769 2480 826 Abraham
2522 772 2741 846 inquit:
2799 797 2819 824 α
2873 775 3094 848 Loquar
3133 775 3203 830 ad
3248 775 3536 831 Dominum
3581 791 3771 841 meum,

2199 873 2322 915 cum
2373 859 2475 914 sim
2518 862 2698 932 pulvis
2729 870 2778 919 et
2810 862 2948 920 cinis
3003 864 3165 934 (Gen.
3222 864 3403 931 xvm).
3439 887 3462 914 ι
3491 864 3630 919 Nota
3659 863 3776 935 quia

2200 956 2404 1005 sanctae
2434 949 2690 1006 mulieres
2720 966 2828 1008 non
2859 951 2919 1007 in
2944 958 3149 1007 terram
3195 951 3483 1018 cecidisse,
3533 952 3631 1008 sed
3660 952 3775 1008 vul-

2200 1051 2316 1099 tum
2357 1044 2609 1102 dicuntur
2646 1046 2941 1104 inclinasse
2974 1065 2987 1102 :
3034 1048 3177 1105 unde
3225 1064 3344 1103 mos
3388 1047 3780 1105 ecclesiasticus

2201 1133 2433 1190 obtinuit
2476 1142 2533 1190 ut
2563 1136 2650 1191 vel
2704 1136 3022 1193 memoriam
3078 1137 3377 1194 Dominicae
3429 1138 3782 1194 resurrectio-

2201 1222 2308 1291 nis,
2331 1224 2417 1279 vel
2446 1222 2500 1279 in
2531 1241 2688 1297 spem
2718 1230 2940 1293 nostrae,
2973 1226 3227 1283 omnibus
3270 1226 3569 1283 Dominicis
3599 1227 3784 1283 diebus

2201 1328 2255 1377 et
2285 1328 2395 1377 toto
2427 1322 2890 1397 quinquagesimo
2919 1332 3181 1396 tempore,
3211 1340 3322 1380 non
3348 1324 3503 1380 ﬂexis
3530 1325 3783 1397 genibus,

2201 1410 2301 1465 sed
2332 1410 2675 1467 declinantes
2730 1412 2785 1467 in
2823 1420 3021 1469 terram
3078 1412 3317 1470 vultibus
3371 1429 3619 1470 oremus.
3668 1414 3789 1468 Non

2200 1498 2468 1556 immerito
2499 1516 2607 1556 una
2645 1500 2736 1557 die
2789 1509 2845 1558 et
2898 1502 3110 1557 duabus
3162 1502 3415 1559 noctibus
3444 1503 3499 1556 in
3535 1502 3788 1572 sepulcro

2194 1589 2364 1659 jacuit
2399 1588 2697 1657 Dominus,
2728 1591 2855 1662 quia
2873 1590 3053 1647 lucem
3088 1608 3202 1647 sua:
3243 1590 3454 1662 simplae
3482 1591 3677 1647 mortis
3706 1600 3788 1647 te-

2200 1687 2390 1743 nebris
2416 1686 2600 1757 duplae
2629 1695 2831 1744 nostra
2885 1687 3074 1744 mortis
3134 1688 3392 1758 adiunxit.
3422 1690 3546 1760 Ipse
3587 1688 3789 1760 quippe

2202 1776 2321 1832 sola
2365 1791 2532 1832 carne
2588 1784 2818 1832 mortem
2873 1777 3133 1849 suscepit.
3162 1786 3215 1834 et
3243 1777 3376 1833 duas
3416 1786 3636 1834 nostras
3662 1792 3790 1833 car-

487 1853 716 1950 gloriavm
764 1877 1090 1931 annuntiant
1133 1877 1534 1949 triumphantis.
1569 1853 1822 1933 Mulieres
1864 1877 2092 1950 angelos
2120 1853 2174 1914 Β
2202 1864 2289 1920 Dis
2320 1873 2370 1920 εί
2401 1864 2623 1936 spiritus
2651 1865 2911 1921 εδεοῘνίί·

488 1967 693 2032 vident,
719 1983 840 2038 quae
860 1981 983 2022 cum
1010 1966 1341 2021 aromatibus
1360 1975 1645 2033 venerunt,
1662 1967 1790 2039 quia
1817 1965 1924 2021 illae
1946 1981 2098 2020 men-

488 2064 569 2111 tes
600 2070 875 2125 supernos
920 2054 1069 2111 cives
1117 2056 1386 2126 aspiciunt
1432 2072 1554 2128 quae
1598 2072 1720 2112 cum
1754 2055 2092 2110 aromatibus

490 2152 561 2207 ad
591 2153 763 2206 Deum
793 2167 894 2221 per
920 2159 1107 2207 sancta
1137 2151 1411 2207 desideria
1442 2152 1888 2223 proﬁciscuntur.
1916 2153 2095 2207 Mente

490 2248 856 2297 consternatae
886 2248 1062 2308 erant,
1096 2241 1225 2312 quia
1255 2249 1308 2295 et
1336 2257 1596 2312 magnum
1645 2242 1883 2312 lapidem
1927 2256 2095 2297 revo-

489 2330 661 2385 lutum
694 2329 1003 2400 stupebant,
1036 2337 1090 2385 et
1120 2345 1318 2401 corpus
1346 2344 1456 2385 non
1486 2330 1769 2385 inventum
1799 2330 2086 2385 dolebant.

491 2420 709 2476 Dicitur
735 2427 920 2474 autem
950 2420 1057 2474 hoc
1084 2428 1497 2475 monumentum
1538 2418 1775 2485 Domini,
1810 2420 1961 2491 quod
1991 2420 2098 2475 do-

493 2531 621 2570 mus
648 2514 883 2570 rotunda
915 2513 1096 2582 fuerit,
1129 2521 1183 2569 et
1212 2515 1513 2570 secundum
1536 2516 1846 2570 Mattheeum
1876 2523 1930 2571 et
1961 2517 2090 2570 Mar-

492 2618 620 2659 cum
647 2603 718 2657 de
746 2602 1063 2671 subjaeente
1093 2611 1251 2673 petra
1280 2602 1473 2659 excisa
1505 2611 1668 2659 tantae
1697 2602 2019 2671 altitudinis,
2040 2611 2096 2659 ut

494 2700 640 2755 intus
696 2699 1002 2755 consistens
1060 2702 1226 2755 homo
1274 2700 1361 2756 vix
1419 2715 1582 2755 manu
1612 2708 1831 2756 extenta
1880 2702 2094 2756 culmen

494 2796 685 2860 posset
737 2788 1031 2860 attingere.
1089 2788 1226 2857 Quae
1266 2790 1433 2845 habet
1476 2790 1758 2845 introitum
1789 2791 1857 2845 ab
1889 2791 2098 2847 oriente

495 2878 595 2949 cui,
624 2876 763 2949 lapis
809 2877 901 2933 ille
957 2892 1191 2951 magnus
1246 2879 1534 2950 impositus
1561 2888 1663 2935 est.
1697 2882 1760 2934 In
1790 2880 1944 2949 cujus
1973 2897 2098 2936 mo-

495 2976 738 3033 numenti
765 2983 922 3047 parte
950 2976 1256 3049 aquilonari
1298 2978 1855 3049 sepulcrum,ipsum,
1882 2978 1987 3035 hoc
2018 2987 2101 3034 est

491 3065 646 3123 locus
701 3065 977 3122 Dominici
1025 3067 1294 3137 corporis,
1354 3067 1424 3123 de
1472 3068 1666 3123 eadem
1715 3076 1870 3139 petra
1899 3066 2099 3125 factum

491 3163 598 3223 est,
628 3162 841 3226 septem
868 3155 1076 3211 habens
1122 3156 1293 3226 pedes
1344 3156 1720 3228 longitudinis,
1753 3157 1917 3213 trium
1967 3172 2098 3214 vero

491 3245 793 3319 palmorum
822 3260 1088 3301 mensura
1136 3253 1333 3303 caetero
1373 3246 1703 3318 pavimento
1751 3245 1911 3302 altius
1955 3246 2097 3302 emi-

490 3358 654 3399 nens.
702 3342 809 3412 Qui
837 3342 1093 3400 videlicet
1122 3341 1279 3400 locus
1320 3358 1432 3399 non
1454 3345 1715 3415 desuper,
1748 3344 1846 3400 sed
1876 3359 1909 3400 a
1928 3344 2098 3401 latere

493 3432 827 3503 meridiano,
872 3448 972 3504 per
1003 3440 1172 3489 totum
1203 3433 1421 3504 patulus
1467 3441 1570 3502 est,
1601 3433 1748 3489 unde
1781 3449 1980 3505 corpus
2007 3433 2097 3488 in-

494 3530 794 3588 ferebatur.
827 3530 991 3585 Color
1048 3537 1226 3585 autem
1285 3530 1528 3600 ejusdem
1558 3531 1895 3587 monumenti
1926 3545 1994 3586 ac
2021 3531 2101 3588 lo-

503 3619 636 3687 culi,
668 3618 974 3675 rubicundo
1004 3626 1059 3674 et
1095 3619 1220 3675 albo
1248 3619 1455 3676 dicitur
1484 3636 1607 3676 esse
1636 3621 1964 3691 permistus:
1994 3621 2101 3677 hoc

495 3708 683 3780 itaque
710 3724 911 3765 novum
942 3708 1256 3781 sepulcrum
1282 3708 1513 3774 Domini,
1558 3718 1742 3780 potest
1768 3710 1951 3765 Mariae
1977 3709 2101 3766 vir-

499 3797 745 3870 ginalem
778 3805 986 3854 uterum
1017 3798 1443 3867 demonstrare;
1505 3814 1802 3871 saxumque
1841 3815 2103 3872 magnum

500 3896 641 3954 ostio
673 3896 987 3969 appositum
1018 3895 1309 3952 ostendere
1362 3912 1473 3953 non
1503 3897 1713 3969 absque
1744 3897 1950 3954 auxilio
1976 3897 2105 3969 plu-

499 3987 774 4043 rimorum
792 3986 1167 4059 sepulcrorum
1182 3986 1425 4058 potuisse
1448 4003 1696 4043 reserare
1713 3988 1856 4057 (sic).
1883 3988 2031 4044 Sicut
2049 3988 2105 4042 in

501 4078 690 4134 Mariae
714 4084 873 4133 utero
901 4092 1064 4132 nemo
1093 4083 1219 4131 ante
1241 4075 1417 4143 illum,
1448 4092 1612 4132 nemo
1642 4086 1765 4148 post
1794 4077 1946 4131 illum
1975 4092 2106 4133 con-

506 4174 701 4238 ceptus
729 4174 814 4221 est
848 4184 860 4221 :
897 4165 969 4221 ita
998 4165 1054 4220 in
1083 4165 1188 4222 hoc
1219 4175 1571 4222 monumento
1592 4182 1754 4221 nemo
1771 4174 1913 4235 ante,
1942 4182 2108 4223 nemo

509 4264 636 4327 post
667 4254 915 4326 sepultus
944 4262 1053 4311 est.
1088 4255 1382 4311 Sciendum
1414 4271 1632 4328 quoque
1664 4256 1815 4328 quod
1845 4256 1985 4313 sicut
2012 4272 2112 4311 an-

512 4344 623 4417 geli
653 4343 913 4417 leguntur
942 4343 1184 4399 astitisse
1233 4345 1489 4415 sepulcro
1528 4344 1848 4414 Salvatoris,
1879 4345 1954 4400 ita
1983 4361 2111 4403 cre-

509 4431 681 4489 dendi
710 4440 837 4488 sunt
866 4432 1104 4489 astitisse
1129 4433 1401 4506 mysteriis
1446 4434 1693 4506 corporis
1733 4434 1951 4490 Domini
1979 4444 2115 4491 tem-

508 4547 642 4604 pore
671 4530 1130 4588 consecrationis.
1173 4531 1335 4588 Unde
1384 4532 1665 4604 apostolus
1696 4539 1880 4588 monet
1906 4533 2112 4589 mulie-

506 4637 598 4679 res
627 4621 683 4677 in
713 4620 951 4677 ecclesia
980 4620 1152 4677 velari
1180 4628 1409 4694 propter
1438 4623 1669 4696 angelos
1700 4624 1751 4694 (I
1779 4623 1901 4679 Cor.
1936 4625 2034 4695 xi).

589 4752 611 4778 α
646 4728 779 4784 Cum
808 4728 1062 4785 timerent
1078 4736 1262 4784 autem
1284 4733 1342 4784 et
1362 4727 1701 4784 declinarent
1722 4729 1925 4785 vultum
1947 4729 2001 4783 in
2022 4737 2121 4786 ter-

511 4833 648 4885 ram,
683 4817 939 4874 dixerunt
966 4818 1036 4873 ad
1062 4816 1186 4873 illas
1217 4835 1230 4873 :
1263 4816 1407 4888 Quid
1430 4818 1671 4890 quaeritis
1702 4818 1970 4875 viventem
1992 4835 2115 4875 cum

510 4914 789 4974 mortuis?
835 4917 960 4972 Non
990 4923 1070 4972 est
1096 4915 1206 4984 hic,
1268 4915 1367 4973 sed
1421 4916 1676 4973 surrexit.
1736 4915 2118 4973 Recordamini

511 5006 751 5080 qualiter
781 5005 995 5062 locutus
1022 5012 1105 5062 est
1131 5004 1311 5075 vobis,
1334 5020 1460 5063 cum
1487 5006 1664 5062 adhuc
1694 5005 1747 5061 in
1772 5005 1995 5063 Galilaea
2025 5023 2118 5063 es-

508 5113 612 5174 set,
645 5105 869 5162 dicens:
901 5103 1038 5175 Quia
1068 5107 1285 5177 oportet
1330 5104 1526 5161 Filium
1586 5104 1825 5161 hominis
1865 5105 2009 5160 tradi
2060 5105 2115 5160 in

512 5220 706 5261 manus
733 5203 1023 5260 hominum
1053 5211 1428 5275 peccatorum,
1482 5212 1534 5261 et
1566 5202 1843 5278 crucitigi,
1874 5212 1927 5261 et
1958 5204 2117 5260 tertia

509 5294 599 5351 die
624 5308 940 5368 resurgere,
971 5316 992 5341 n
1028 5293 1375 5365 Impossibile
1423 5308 1531 5349 non
1564 5291 1689 5348 ﬁeri
1721 5292 1869 5365 quod
1898 5293 2033 5349 dixit
2063 5299 2117 5349 et

511 5400 724 5450 constat
750 5406 878 5449 cum
906 5392 1051 5448 inter
1104 5390 1406 5464 discipulos
1454 5399 1507 5447 et
1550 5390 1780 5447 feminas
1831 5408 1953 5479 quae
1989 5407 2115 5447 eum

508 5483 899 5555 sequebantur,
923 5481 1194 5538 Dominus
1224 5495 1289 5537 se
1337 5490 1779 5539 resurrecturum
1820 5482 2109 5553 przedixit.

510 5577 691 5647 Quare
718 5595 854 5652 ergo
903 5580 1023 5649 jam
1076 5580 1463 5635 resuscitatum
1522 5586 1773 5651 quaerunt
1802 5595 1926 5635 cum
1958 5595 2109 5635 mor-

510 5685 637 5752 tuis,
671 5684 731 5741 id
760 5693 844 5741 est
890 5684 946 5740 in
976 5694 1351 5755 monumento,
1401 5686 1492 5759 qui
1545 5684 1697 5742 locus
1741 5686 1999 5758 proprius
2032 5694 2113 5742 est

504 5789 872 5838 mortuorum.
928 5781 1043 5838 Nos
1099 5782 1350 5854 exemplo
1407 5782 1733 5838 feminarum
1765 5784 1982 5855 quoties
2012 5798 2111 5839 ec-

509 5878 732 5936 clesiam
758 5879 1025 5937 intramus
1071 5893 1194 5936 cum
1238 5880 1387 5936 omni
1418 5880 1720 5937 humilitate
1765 5880 1981 5955 ingredi
2009 5880 2111 5938 de-

2137 4587 2195 4650 D

2280 1994 2303 2020 α
2340 1972 2405 2026 Ει
2431 1971 2539 2027 cito
2569 1979 2782 2039 euntes,
2814 1972 2976 2029 dicite
3005 1971 3288 2044 discipulis
3318 1972 3473 2045 ejus:
3502 1972 3642 2041 Quia
3670 1988 3790 2028 sur-

2205 2060 2348 2117 rexit
2376 2076 2407 2115 a
2437 2061 2695 2116 mortuis.
2734 2061 2805 2116 Et
2832 2078 2961 2117 ecce
2975 2063 3251 2132 praecedet
3279 2078 3375 2118 vos
3403 2062 3455 2118 in
3486 2061 3789 2127 Galilaeam,

2204 2149 2281 2204 lbi
2301 2166 2427 2205 eum
2442 2149 2703 2205 videbitis
2721 2164 2734 2205 :
2754 2165 2885 2207 ecce
2897 2150 3124 2221 praedixi
3145 2151 3322 2207 vobis.
3344 2175 3366 2199 »ι
3391 2150 3791 2206 Mulieribusdi-

2202 2247 2343 2305 citur
2372 2254 2432 2302 ut
2459 2247 2708 2302 nuntient
2753 2246 3018 2318 apostolis
3047 2247 3210 2305 vitam
3238 2255 3632 2320 resurgentem,
3668 2246 3790 2319 quia

2203 2353 2305 2407 per
2334 2336 2618 2391 mulierem
2648 2351 2799 2391 mors
2856 2335 3031 2391 fuerat
3084 2338 3413 2392 annuntiata.
3441 2337 3661 2392 Marcus
3688 2351 3788 2391 au-

2203 2429 2313 2475 tem
2371 2420 2547 2476 dicit:
2585 2443 2608 2470 α
2644 2421 2743 2488 Ite,
2793 2420 2957 2477 dicite
3011 2420 3295 2493 discipulis
3349 2420 3465 2491 ejus
3522 2428 3576 2476 et
3629 2421 3789 2475 Petro

2204 2511 2397 2580 (Marc.
2432 2510 2563 2573 xv1).
2602 2529 2624 2559 ι
2659 2508 3025 2579 Quaerendum
3073 2517 3156 2565 est
3183 2524 3282 2566 cur
3310 2511 3499 2566 Petrus
3526 2508 3759 2582 designe

2204 2614 2292 2662 tur
2321 2622 2387 2662 ex
2416 2606 2662 2663 nomine.
2739 2607 2796 2663 Si
2850 2606 2995 2663 enim
3025 2609 3169 2665 hunc
3196 2607 3426 2681 angelus
3457 2606 3788 2662 nominatum

2203 2710 2312 2750 non
2340 2694 2689 2764 exprimeret,
2731 2694 2860 2767 quia
2906 2694 3220 2768 Magistrum
3263 2703 3575 2769 negaverat,
3606 2695 3789 2750 venire

2203 2782 2350 2837 inter
2377 2781 2676 2854 discipulos
2714 2798 2824 2837 non
2865 2783 3115 2838 auderet.
3154 2784 3391 2841 Vocatur
3430 2798 3563 2857 ergo
3593 2798 3659 2838 ex
3685 2796 3791 2838 no-

2203 2880 2349 2936 mine
2380 2881 2589 2949 Petrus,
2618 2896 2688 2935 ne
2738 2879 2993 2950 desperet
3040 2896 3105 2936 ex
3162 2880 3471 2954 negatione.
3501 2879 3623 2951 Qua
3647 2878 3703 2934 in
3731 2894 3791 2935 re

2203 2969 2364 3025 nobis
2394 2969 2854 3026 considerandum
2901 2979 2983 3025 est
3029 2984 3129 3027 cur
3170 2970 3431 3026 Dominus
3459 2985 3603 3036 eum,
3632 2984 3791 3041 quem

2206 3066 2418 3116 cuncta:
2447 3058 2710 3115 Ecclesiae
2739 3058 2997 3130 praeferre
3042 3059 3412 3131 disposuerat,
3452 3058 3662 3114 ancilla:
3690 3073 3792 3114 vo-

2208 3171 2328 3213 cem
2369 3156 2764 3228 pertimescere
2821 3155 3084 3227 permisit.
3145 3155 3306 3226 Quod
3360 3163 3538 3212 actum
3581 3169 3793 3227 magna:

2209 3245 2427 3319 pietatis
2458 3244 2871 3316 dispensatione
2922 3245 3330 3319 cognoscimus,
3371 3252 3428 3299 ut
3454 3243 3501 3299 is
3529 3243 3618 3316 qui
3643 3260 3793 3298 sum-

2209 3351 2332 3390 mus
2362 3342 2483 3390 erat
2510 3342 2702 3405 pastor
2754 3333 2976 3389 futurus
3027 3334 3290 3391 Ecclesiae
3317 3333 3370 3388 in
3396 3349 3492 3388 sua
3519 3332 3678 3404 culpa
3706 3332 3797 3388 di-

2214 3432 2397 3480 sceret
2428 3422 2661 3496 qualiter
2707 3422 2832 3478 aliis
2889 3422 3140 3479 misereri
3166 3422 3464 3478 debuisset.
3512 3422 3671 3477 Prius
3701 3421 3796 3477 ita-

2212 3538 2320 3595 que
2350 3538 2473 3578 eum
2513 3520 2759 3577 ostendit
2808 3520 2933 3587 sibi,
2986 3530 3035 3577 et
3069 3528 3195 3577 tunc
3238 3519 3530 3594 praeposuit
3563 3518 3793 3583 ceteris,

2210 3620 2266 3667 ut
2295 3627 2359 3668 ex
2390 3627 2485 3666 sua
2514 3609 2833 3666 infirmitate
2896 3618 3226 3684 agnosceret
3274 3625 3431 3683 quam
3485 3609 3795 3665 misericor-

2211 3702 2355 3758 diter
2431 3700 2610 3756 aliena
2685 3699 2897 3755 infirma
2981 3700 3260 3756 toleraret.
3326 3698 3552 3755 Galilaea
3620 3705 3795 3753 autem

2217 3798 2645 3871 transmigratio
2660 3800 2819 3869 facta
2832 3796 3233 3869 interpretatur.
3252 3797 3320 3852 Et
3334 3796 3454 3869 jam
3475 3795 3800 3867 Redemptor

2213 3904 2244 3943 a
2276 3888 2532 3959 passione
2576 3887 2645 3941 ad
2686 3887 3164 3957 resurrectionem,
3200 3900 3233 3942 ι
3259 3894 3429 3941 morte
3459 3885 3529 3941 ad
3553 3885 3739 3947 vitam,
3769 3899 3801 3939 a

2214 4004 2376 4061 poena
2405 3987 2476 4042 ad
2523 3986 2781 4060 gloriam,
2812 4002 2841 4041 a
2872 3987 3223 4058 corruptione
3249 3984 3319 4041 ad
3347 3983 3799 4055 incorruptionem

2215 4077 2724 4155 transmigraverat.
2778 4077 2904 4131 Post
2942 4074 3392 4132 resurrectionem
3424 4073 3478 4128 in
3521 4073 3745 4129 Galilaea
3769 4087 3803 4128 a

2218 4167 2499 4238 discipulis
2527 4166 2794 4222 Dominus
2816 4165 3046 4232 videtur,
3081 4165 3207 4238 quia
3228 4162 3653 4221 resurrectionis
3682 4162 3804 4234 ejus

2219 4257 2449 4330 gloriam
2468 4266 2590 4328 post
2615 4256 2724 4312 laeti
2753 4255 3081 4321 videbimus,
3106 4254 3152 4310 si
3182 4253 3343 4310 modo
3374 4268 3407 4309 a
3434 4252 3576 4309 vitiis
3602 4253 3671 4307 ad
3700 4252 3804 4308 vir-

2221 4354 2392 4402 tutum
2425 4344 2811 4402 celsitudinem
2858 4345 3312 4419 transmigremus
3343 4361 3356 4398 :
3391 4342 3479 4399 vel
3506 4342 3581 4398 ita
3613 4360 3626 4397 :
3661 4342 3801 4398 Prae-

2223 4436 2367 4492 cedit
2396 4451 2492 4492 eos
2518 4435 2575 4490 in
2605 4434 2911 4505 Galilaeam,
2952 4436 3058 4492 hoc
3087 4442 3171 4492 est
3212 4434 3267 4489 in
3295 4431 3638 4489 volutabrum
3666 4446 3803 4503 gen-

2226 4536 2378 4604 tium,
2411 4535 2506 4592 ubi
2526 4543 2650 4591 ante
2678 4551 2839 4592 error
2866 4541 2987 4591 erat
3016 4542 3071 4591 et
3097 4532 3385 4599 lubricum,
3414 4538 3467 4587 et
3494 4529 3647 4587 ﬁrmo
3674 4529 3808 4602 pede

2229 4624 2522 4698 vestigium
2543 4640 2654 4680 non
2682 4624 2982 4696 ponebant.
3016 4625 3285 4679 Praeterea
3315 4620 3551 4676 vi'lenda
3580 4628 3701 4675 sunt
3730 4617 3808 4674 di-

2227 4723 2308 4771 cta
2338 4713 2652 4785 Hieronymi
2682 4720 2871 4770 contra
2898 4711 3211 4768 Helvidium
3243 4727 3308 4767 ex
3335 4708 3658 4765 testimoniis
3688 4722 3810 4781 qua-

2228 4819 2351 4868 tuor
2381 4811 2863 4881 evangelistarum,
2922 4810 2994 4865 de
3026 4809 3199 4864 tribus
3253 4805 3534 4865 sororibus
3584 4803 3806 4859 ﬁliarum

2226 4904 2396 4957 Annae
2427 4900 2613 4956 matris
2644 4900 2818 4956 beatae
2846 4899 3054 4955 Mariae.
3087 4899 3281 4955 Sancta
3311 4895 3481 4952 Maria
3507 4902 3677 4950 mater
3703 4894 3806 4949 Do-

2226 4998 2360 5054 mini
2391 5006 2443 5055 et
2473 4998 2643 5054 Maria
2695 5006 2876 5053 mater
2917 4995 3133 5063 Jacobi,
3191 4993 3404 5068 Alphaei
3432 5002 3482 5049 et
3509 4991 3726 5063 Ioseph,
3757 4997 3806 5045 et

2228 5088 2394 5144 Maria
2423 5096 2595 5143 mater
2624 5086 2856 5144 filiorum
2890 5086 3141 5142 Zebedmi
3188 5086 3383 5157 (Marc.
3439 5088 3570 5152 xvi),
3602 5079 3805 5138 scilicet

2225 5177 2455 5248 Majoris
2483 5177 2693 5245 Jacobi,
2721 5184 2773 5232 et
2799 5174 3065 5231 Iohannis
3086 5173 3435 5247 evangelista:
3456 5179 3566 5227 tres
3588 5184 3804 5226 sonores

2225 5274 2470 5332 fuerunt.
2534 5274 2702 5330 Maria
2754 5280 2930 5329 mater
2984 5271 3241 5341 Domini,
3299 5269 3408 5326 filia
3463 5267 3702 5324 Ioachim
3755 5272 3804 5322 et

2225 5380 2402 5434 Annae
2428 5376 2552 5443 fuit,
2588 5385 2638 5432 et
2666 5375 2939 5448 Cleophas
2986 5374 3159 5430 frater
3198 5372 3405 5445 Ioseph
3434 5369 3677 5427 eamdem
3706 5372 3803 5424 An-

2225 5484 2351 5524 nam
2382 5467 2593 5541 accepit
2622 5482 2869 5530 uxorem,
2903 5465 3159 5521 defuncto
3190 5463 3458 5528 Ioachim,
3491 5465 3543 5516 et
3572 5474 3800 5530 genera-

2224 5568 2297 5624 vit
2329 5584 2394 5623 ex
2425 5582 2490 5623 ea
2518 5564 2681 5620 filiam
2708 5579 2873 5637 quam
2934 5565 3151 5620 vocavit
3178 5561 3434 5617 Mariam.
3493 5561 3640 5615 Hanc
3698 5558 3800 5612 Ma-

2223 5673 2359 5730 riam
2399 5673 2669 5745 Clcophas
2707 5680 2761 5728 et
2792 5674 2947 5728 Anna
2991 5671 3264 5727 dederunt
3314 5668 3550 5733 cuidam,
3602 5664 3798 5737 Alpheo

2220 5782 2480 5839 nomine:
2509 5780 2654 5836 unde
2710 5778 2804 5837 ille
2836 5779 3010 5836 Minor
3036 5778 3275 5836 Iacobus
3307 5784 3360 5833 et
3400 5776 3564 5833 frater
3592 5772 3796 5830 Domini

2218 5879 2417 5954 dictus,
2449 5888 2605 5937 natus
2633 5878 2752 5950 fuit,
2777 5886 2832 5936 et
2850 5879 3050 5939 dicitur
3078 5878 3321 5936 Iacobus
3347 5875 3554 5951 Alphmi
3576 5892 3606 5933 a
3626 5881 3789 5949 patre.
