  <div class='ocr_page' id='page_1' title='image "/cluster/home/n/w/nwhite01/storage/ocr_20150623/156-157/uc1.31175010662024/1102.png"; bbox 0 0 3924 6398; ppageno 0'>
   <div class='ocr_carea' id='block_1_1' title="bbox 152 407 3496 479">
    <p class='ocr_par' dir='ltr' id='par_1_1' title="bbox 152 407 3496 479">
     <span class='ocr_line' id='line_1_1' title="bbox 152 407 3496 479; baseline 0.005 -16"><span class='ocrx_word' id='word_1_1' title='bbox 152 407 257 463; x_wconf 70' lang='grc'><strong>921</strong></span> <span class='ocrx_word' id='word_1_2' title='bbox 1142 412 1732 475; x_wconf 79' lang='lat' dir='ltr'>DEFLORATIONES</span> <span class='ocrx_word' id='word_1_3' title='bbox 1770 416 1870 476; x_wconf 85' lang='lat' dir='ltr'>SS.</span> <span class='ocrx_word' id='word_1_4' title='bbox 1902 416 2215 476; x_wconf 77' lang='lat' dir='ltr'>PATRUM.</span> <span class='ocrx_word' id='word_1_5' title='bbox 2252 448 2327 461; x_wconf 91' lang='lat'><strong><em>-—</em></strong></span> <span class='ocrx_word' id='word_1_6' title='bbox 2358 418 2487 476; x_wconf 86' lang='lat' dir='ltr'>LIB.</span> <span class='ocrx_word' id='word_1_7' title='bbox 2528 421 2573 474; x_wconf 90' lang='grc' dir='ltr'>Ι.</span> <span class='ocrx_word' id='word_1_8' title='bbox 3395 426 3496 479; x_wconf 75' lang='lat'>922</span> 
     </span>
    </p>
   </div>
   <div class='ocr_carea' id='block_1_2' title="bbox 156 530 3485 616">
    <p class='ocr_par' dir='ltr' id='par_1_2' title="bbox 156 530 3485 616">
     <span class='ocr_line' id='line_1_2' title="bbox 156 530 3485 616; baseline 0.005 -32"><span class='ocrx_word' id='word_1_9' title='bbox 156 530 549 601; x_wconf 89' lang='lat' dir='ltr'>Desponsavit</span> <span class='ocrx_word' id='word_1_10' title='bbox 581 540 769 588; x_wconf 90' lang='lat' dir='ltr'>autem</span> <span class='ocrx_word' id='word_1_11' title='bbox 802 534 1070 606; x_wconf 88' lang='lat' dir='ltr'>Cleophas</span> <span class='ocrx_word' id='word_1_12' title='bbox 1097 536 1371 594; x_wconf 84' lang='lat' dir='ltr'>ﬁliastram</span> <span class='ocrx_word' id='word_1_13' title='bbox 1419 557 1593 609; x_wconf 90' lang='lat' dir='ltr'>suam,</span> <span class='ocrx_word' id='word_1_14' title='bbox 1640 542 1789 597; x_wconf 89' lang='lat' dir='ltr'>scili-</span> <span class='ocrx_word' id='word_1_15' title='bbox 1817 541 1872 602; x_wconf 82' lang='lat' dir='ltr'><strong>A</strong></span> <span class='ocrx_word' id='word_1_16' title='bbox 1903 551 2027 598; x_wconf 88' lang='lat' dir='ltr'>cant</span> <span class='ocrx_word' id='word_1_17' title='bbox 2054 550 2259 599; x_wconf 88' lang='lat' dir='ltr'>nostras</span> <span class='ocrx_word' id='word_1_18' title='bbox 2286 543 2419 598; x_wconf 87' lang='lat' dir='ltr'>duas</span> <span class='ocrx_word' id='word_1_19' title='bbox 2448 551 2665 610; x_wconf 91' lang='lat' dir='ltr'>mortes,</span> <span class='ocrx_word' id='word_1_20' title='bbox 2723 560 2886 601; x_wconf 85' lang='lat' dir='ltr'>unam</span> <span class='ocrx_word' id='word_1_21' title='bbox 2944 545 3202 616; x_wconf 89' lang='lat' dir='ltr'>corporis,</span> <span class='ocrx_word' id='word_1_22' title='bbox 3262 545 3485 602; x_wconf 80' lang='lat' dir='ltr'>alteram</span> 
     </span>
    </p>
   </div>
   <div class='ocr_carea' id='block_1_3' title="bbox 154 623 3495 714">
    <p class='ocr_par' dir='ltr' id='par_1_3' title="bbox 154 623 3495 714">
     <span class='ocr_line' id='line_1_3' title="bbox 154 623 3495 714; baseline 0.006 -34"><span class='ocrx_word' id='word_1_23' title='bbox 154 626 537 714; x_wconf 56' lang='lat' dir='ltr'>cel_58flclafn</span> <span class='ocrx_word' id='word_1_24' title='bbox 573 623 806 714; x_wconf 65' lang='lat' dir='ltr'>Mariam</span> <span class='ocrx_word' id='word_1_25' title='bbox 839 634 1064 680; x_wconf 70' lang='lat' dir='ltr'>matrem</span> <span class='ocrx_word' id='word_1_26' title='bbox 1107 628 1323 683; x_wconf 76' lang='lat' dir='ltr'>Domini</span> <span class='ocrx_word' id='word_1_27' title='bbox 1371 631 1656 701; x_wconf 75' lang='lat' dir='ltr'>Virginem,</span> <span class='ocrx_word' id='word_1_28' title='bbox 1704 631 1794 685; x_wconf 77' lang='grc' dir='ltr'>«Ῑο-</span> <span class='ocrx_word' id='word_1_29' title='bbox 1900 641 2120 696; x_wconf 64' lang='lat' dir='ltr'>animae.</span> <span class='ocrx_word' id='word_1_30' title='bbox 2188 642 2315 695; x_wconf 90' lang='lat' dir='ltr'>Dies</span> <span class='ocrx_word' id='word_1_31' title='bbox 2370 649 2549 696; x_wconf 87' lang='lat' dir='ltr'>autem</span> <span class='ocrx_word' id='word_1_32' title='bbox 2599 643 2847 714; x_wconf 76' lang='lat' dir='ltr'>designat</span> <span class='ocrx_word' id='word_1_33' title='bbox 2892 660 3043 697; x_wconf 88' lang='lat' dir='ltr'>suam</span> <span class='ocrx_word' id='word_1_34' title='bbox 3092 652 3339 712; x_wconf 88' lang='lat' dir='ltr'>mortem,</span> <span class='ocrx_word' id='word_1_35' title='bbox 3375 660 3495 714; x_wconf 59' lang='lat' dir='ltr'>quas</span> 
     </span>
    </p>
   </div>
   <div class='ocr_carea' id='block_1_4' title="bbox 154 708 3489 801">
    <p class='ocr_par' dir='ltr' id='par_1_4' title="bbox 154 708 3489 801">
     <span class='ocr_line' id='line_1_4' title="bbox 154 708 3489 801; baseline 0.005 -32"><span class='ocrx_word' id='word_1_36' title='bbox 154 710 294 778; x_wconf 84' lang='lat' dir='ltr'>seph</span> <span class='ocrx_word' id='word_1_37' title='bbox 328 708 493 801; x_wconf 73' lang='lat' dir='ltr'>fratri</span> <span class='ocrx_word' id='word_1_38' title='bbox 527 727 660 801; x_wconf 70' lang='lat' dir='ltr'>suo,</span> <span class='ocrx_word' id='word_1_39' title='bbox 692 713 783 782; x_wconf 84' lang='lat' dir='ltr'>qui</span> <span class='ocrx_word' id='word_1_40' title='bbox 814 714 931 783; x_wconf 83' lang='lat' dir='ltr'>ejus</span> <span class='ocrx_word' id='word_1_41' title='bbox 959 714 1281 786; x_wconf 74' lang='lat' dir='ltr'>virginitatis</span> <span class='ocrx_word' id='word_1_42' title='bbox 1309 718 1651 789; x_wconf 78' lang='lat' dir='ltr'>integerrime</span> <span class='ocrx_word' id='word_1_43' title='bbox 1694 735 1793 774; x_wconf 89' lang='lat' dir='ltr'>cu-</span> <span class='ocrx_word' id='word_1_44' title='bbox 1902 728 2001 783; x_wconf 81' lang='lat' dir='ltr'>fuit</span> <span class='ocrx_word' id='word_1_45' title='bbox 2030 731 2119 783; x_wconf 89' lang='lat' dir='ltr'>lux</span> <span class='ocrx_word' id='word_1_46' title='bbox 2148 738 2449 784; x_wconf 89' lang='lat' dir='ltr'>nostrarum</span> <span class='ocrx_word' id='word_1_47' title='bbox 2480 708 2753 786; x_wconf 58' lang='lat' dir='ltr'>mortium.</span> <span class='ocrx_word' id='word_1_48' title='bbox 2815 732 2991 788; x_wconf 88' lang='lat' dir='ltr'>Unam</span> <span class='ocrx_word' id='word_1_49' title='bbox 3050 731 3291 801; x_wconf 88' lang='lat' dir='ltr'>abstulit,</span> <span class='ocrx_word' id='word_1_50' title='bbox 3328 708 3489 787; x_wconf 20' lang='lat' dir='ltr'>Val-te-</span> 
     </span>
    </p>
   </div>
   <div class='ocr_carea' id='block_1_5' title="bbox 151 798 3491 891">
    <p class='ocr_par' dir='ltr' id='par_1_5' title="bbox 151 798 3491 891">
     <span class='ocr_line' id='line_1_5' title="bbox 151 798 3491 891; baseline 0.005 -33"><span class='ocrx_word' id='word_1_51' title='bbox 151 806 265 891; x_wconf 67' lang='lat' dir='ltr'><strong>S_l_OS</strong></span> <span class='ocrx_word' id='word_1_52' title='bbox 295 798 663 891; x_wconf 32' lang='lat' dir='ltr'>ef8018litl-m</span> <span class='ocrx_word' id='word_1_53' title='bbox 694 801 888 891; x_wconf 55' lang='lat' dir='ltr'>fuitei</span> <span class='ocrx_word' id='word_1_54' title='bbox 933 805 1284 860; x_wconf 66' lang='grc' dir='ltr'>εοωιιιῐΐίῐοτο</span> <span class='ocrx_word' id='word_1_55' title='bbox 1344 808 1554 862; x_wconf 74' lang='lat' dir='ltr'>Mortuo</span> <span class='ocrx_word' id='word_1_56' title='bbox 1615 816 1792 862; x_wconf 66' lang='lat' dir='ltr'>autem</span> <span class='ocrx_word' id='word_1_57' title='bbox 1900 833 2015 872; x_wconf 87' lang='lat' dir='ltr'>ram</span> <span class='ocrx_word' id='word_1_58' title='bbox 2060 818 2127 873; x_wconf 92' lang='lat' dir='ltr'>ad</span> <span class='ocrx_word' id='word_1_59' title='bbox 2183 820 2496 873; x_wconf 80' lang='lat' dir='ltr'>exercitium</span> <span class='ocrx_word' id='word_1_60' title='bbox 2554 820 2736 874; x_wconf 78' lang='lat' dir='ltr'>electis</span> <span class='ocrx_word' id='word_1_61' title='bbox 2790 820 3038 889; x_wconf 89' lang='lat' dir='ltr'>reliquit:</span> <span class='ocrx_word' id='word_1_62' title='bbox 3098 798 3285 891; x_wconf 18' lang='lat' dir='ltr'>quamr</span> <span class='ocrx_word' id='word_1_63' title='bbox 3316 821 3491 876; x_wconf 88' lang='lat' dir='ltr'>denuo</span> 
     </span>
    </p>
   </div>
   <div class='ocr_carea' id='block_1_6' title="bbox 152 885 1776 992">
    <p class='ocr_par' dir='ltr' id='par_1_6' title="bbox 152 885 1773 986">
     <span class='ocr_line' id='line_1_6' title="bbox 152 885 1773 986; baseline 0.006 -44"><span class='ocrx_word' id='word_1_64' title='bbox 152 885 435 986; x_wconf 54' lang='lat' dir='ltr'>Cleopha,</span> <span class='ocrx_word' id='word_1_65' title='bbox 470 888 711 957; x_wconf 87' lang='lat' dir='ltr'>quidam</span> <span class='ocrx_word' id='word_1_66' title='bbox 740 890 959 945; x_wconf 90' lang='lat' dir='ltr'>Salome</span> <span class='ocrx_word' id='word_1_67' title='bbox 1008 894 1216 964; x_wconf 89' lang='lat' dir='ltr'>accepit</span> <span class='ocrx_word' id='word_1_68' title='bbox 1258 893 1436 963; x_wconf 86' lang='lat' dir='ltr'>ipsam</span> <span class='ocrx_word' id='word_1_69' title='bbox 1486 899 1696 950; x_wconf 76' lang='lat' dir='ltr'>Annam</span> <span class='ocrx_word' id='word_1_70' title='bbox 1744 912 1773 951; x_wconf 89' lang='lat' dir='ltr'>e</span> 
     </span>
    </p>
   </div>
   <div class='ocr_carea' id='block_1_7' title="bbox 1889 885 3494 992">
    <p class='ocr_par' dir='ltr' id='par_1_7' title="bbox 1901 915 3494 988">
     <span class='ocr_line' id='line_1_7' title="bbox 1901 915 3494 988; baseline 0.001 -17"><span class='ocrx_word' id='word_1_71' title='bbox 1901 915 2121 971; x_wconf 82' lang='lat' dir='ltr'>veniens</span> <span class='ocrx_word' id='word_1_72' title='bbox 2151 917 2551 971; x_wconf 83' lang='lat' dir='ltr'>exterminabit.</span> <span class='ocrx_word' id='word_1_73' title='bbox 2602 918 2774 988; x_wconf 88' lang='lat' dir='ltr'>Ipsius</span> <span class='ocrx_word' id='word_1_74' title='bbox 2820 933 2948 972; x_wconf 87' lang='lat' dir='ltr'>vero</span> <span class='ocrx_word' id='word_1_75' title='bbox 2997 919 3179 973; x_wconf 88' lang='lat' dir='ltr'>anima</span> <span class='ocrx_word' id='word_1_76' title='bbox 3222 919 3278 972; x_wconf 91' lang='lat' dir='ltr'>in</span> <span class='ocrx_word' id='word_1_77' title='bbox 3325 920 3494 975; x_wconf 84' lang='lat' dir='ltr'>coele-</span> 
     </span>
    </p>
   </div>
   <div class='ocr_carea' id='block_1_8' title="bbox 152 977 1776 1081">
    <p class='ocr_par' dir='ltr' id='par_1_8' title="bbox 152 977 1776 1049">
     <span class='ocr_line' id='line_1_8' title="bbox 152 977 1776 1049; baseline 0.007 -21"><span class='ocrx_word' id='word_1_78' title='bbox 152 977 450 1046; x_wconf 87' lang='lat' dir='ltr'>generavit</span> <span class='ocrx_word' id='word_1_79' title='bbox 481 993 559 1030; x_wconf 86' lang='lat' dir='ltr'>ex</span> <span class='ocrx_word' id='word_1_80' title='bbox 590 993 662 1031; x_wconf 86' lang='lat' dir='ltr'>ea</span> <span class='ocrx_word' id='word_1_81' title='bbox 687 977 854 1033; x_wconf 78' lang='lat' dir='ltr'>tiliam</span> <span class='ocrx_word' id='word_1_82' title='bbox 915 980 1148 1049; x_wconf 89' lang='lat' dir='ltr'>tertiam,</span> <span class='ocrx_word' id='word_1_83' title='bbox 1202 983 1365 1037; x_wconf 90' lang='lat' dir='ltr'>etiam</span> <span class='ocrx_word' id='word_1_84' title='bbox 1419 984 1643 1038; x_wconf 81' lang='lat' dir='ltr'>Mariam</span> <span class='ocrx_word' id='word_1_85' title='bbox 1700 999 1776 1039; x_wconf 89' lang='lat' dir='ltr'>no-</span> 
     </span>
    </p>
   </div>
   <div class='ocr_carea' id='block_1_9' title="bbox 1889 977 3494 1081">
    <p class='ocr_par' dir='ltr' id='par_1_9' title="bbox 1901 1006 3494 1076">
     <span class='ocr_line' id='line_1_9' title="bbox 1901 1006 3494 1076; baseline 0.002 -16"><span class='ocrx_word' id='word_1_86' title='bbox 1901 1014 2035 1061; x_wconf 90' lang='lat' dir='ltr'>stem</span> <span class='ocrx_word' id='word_1_87' title='bbox 2068 1006 2371 1076; x_wconf 81' lang='lat' dir='ltr'>paradisum</span> <span class='ocrx_word' id='word_1_88' title='bbox 2411 1014 2532 1076; x_wconf 89' lang='lat' dir='ltr'>post</span> <span class='ocrx_word' id='word_1_89' title='bbox 2559 1015 2783 1061; x_wconf 92' lang='lat' dir='ltr'>mortem</span> <span class='ocrx_word' id='word_1_90' title='bbox 2821 1007 3116 1074; x_wconf 83' lang='lat' dir='ltr'>transierat,</span> <span class='ocrx_word' id='word_1_91' title='bbox 3140 1009 3276 1062; x_wconf 87' lang='lat' dir='ltr'>sicut</span> <span class='ocrx_word' id='word_1_92' title='bbox 3302 1008 3494 1063; x_wconf 83' lang='lat' dir='ltr'>latroni</span> 
     </span>
    </p>
   </div>
   <div class='ocr_carea' id='block_1_10' title="bbox 151 1075 3493 1167">
    <p class='ocr_par' dir='ltr' id='par_1_10' title="bbox 151 1075 3493 1167">
     <span class='ocr_line' id='line_1_10' title="bbox 151 1075 3493 1167; baseline 0.006 -34"><span class='ocrx_word' id='word_1_93' title='bbox 151 1075 301 1167; x_wconf 78' lang='lat' dir='ltr'>mine</span> <span class='ocrx_word' id='word_1_94' title='bbox 337 1088 575 1167; x_wconf 80' lang='lat' dir='ltr'>:_quam</span> <span class='ocrx_word' id='word_1_95' title='bbox 608 1075 901 1167; x_wconf 61' lang='lat' dir='ltr'>Zebedaeus</span> <span class='ocrx_word' id='word_1_96' title='bbox 930 1078 1136 1149; x_wconf 69' lang='lat' dir='ltr'>accepit</span> <span class='ocrx_word' id='word_1_97' title='bbox 1163 1096 1407 1148; x_wconf 82' lang='lat' dir='ltr'>uxorem,</span> <span class='ocrx_word' id='word_1_98' title='bbox 1445 1089 1497 1136; x_wconf 78' lang='lat' dir='ltr'>et</span> <span class='ocrx_word' id='word_1_99' title='bbox 1515 1081 1702 1153; x_wconf 77' lang='lat' dir='ltr'>genuit</span> <span class='ocrx_word' id='word_1_100' title='bbox 1726 1097 1792 1136; x_wconf 81' lang='lat' dir='ltr'>ex</span> <span class='ocrx_word' id='word_1_101' title='bbox 1900 1075 2109 1148; x_wconf 84' lang='lat' dir='ltr'>dixerat</span> <span class='ocrx_word' id='word_1_102' title='bbox 2140 1113 2151 1148; x_wconf 83' lang='lat'><strong>:</strong></span> <span class='ocrx_word' id='word_1_103' title='bbox 2193 1116 2213 1140; x_wconf 74' lang='grc' dir='ltr'>α</span> <span class='ocrx_word' id='word_1_104' title='bbox 2248 1075 2438 1158; x_wconf 88' lang='lat' dir='ltr'>Hodie,</span> <span class='ocrx_word' id='word_1_105' title='bbox 2474 1095 2737 1165; x_wconf 82' lang='lat' dir='ltr'>inquiens,</span> <span class='ocrx_word' id='word_1_106' title='bbox 2773 1112 2982 1149; x_wconf 90' lang='lat' dir='ltr'>mecum</span> <span class='ocrx_word' id='word_1_107' title='bbox 3009 1095 3112 1150; x_wconf 87' lang='lat' dir='ltr'>eris</span> <span class='ocrx_word' id='word_1_108' title='bbox 3139 1096 3193 1149; x_wconf 89' lang='lat' dir='ltr'>in</span> <span class='ocrx_word' id='word_1_109' title='bbox 3244 1096 3493 1167; x_wconf 78' lang='lat' dir='ltr'>paradiso</span> 
     </span>
    </p>
   </div>
   <div class='ocr_carea' id='block_1_11' title="bbox 152 1160 1776 1264">
    <p class='ocr_par' dir='ltr' id='par_1_11' title="bbox 152 1160 1776 1241">
     <span class='ocr_line' id='line_1_11' title="bbox 152 1160 1776 1241; baseline 0.006 -26"><span class='ocrx_word' id='word_1_110' title='bbox 152 1176 217 1215; x_wconf 88' lang='lat' dir='ltr'>ea</span> <span class='ocrx_word' id='word_1_111' title='bbox 236 1160 521 1215; x_wconf 87' lang='lat' dir='ltr'>Jacobum</span> <span class='ocrx_word' id='word_1_112' title='bbox 552 1171 609 1217; x_wconf 90' lang='lat' dir='ltr'>et</span> <span class='ocrx_word' id='word_1_113' title='bbox 632 1164 955 1220; x_wconf 85' lang='lat' dir='ltr'>Jobannem.</span> <span class='ocrx_word' id='word_1_114' title='bbox 981 1167 1132 1221; x_wconf 89' lang='lat' dir='ltr'>Unde</span> <span class='ocrx_word' id='word_1_115' title='bbox 1156 1168 1229 1222; x_wconf 92' lang='lat' dir='ltr'>ita</span> <span class='ocrx_word' id='word_1_116' title='bbox 1249 1178 1331 1223; x_wconf 88' lang='lat' dir='ltr'>est</span> <span class='ocrx_word' id='word_1_117' title='bbox 1351 1170 1776 1241; x_wconf 84' lang='lat' dir='ltr'>intelligendum</span> 
     </span>
    </p>
   </div>
   <div class='ocr_carea' id='block_1_12' title="bbox 1889 1160 3491 1264">
    <p class='ocr_par' dir='ltr' id='par_1_12' title="bbox 1901 1189 3491 1261">
     <span class='ocr_line' id='line_1_12' title="bbox 1901 1189 3491 1261; baseline 0.001 -16"><span class='ocrx_word' id='word_1_118' title='bbox 1901 1190 2057 1257; x_wconf 82' lang='lat' dir='ltr'>(Luc.</span> <span class='ocrx_word' id='word_1_119' title='bbox 2090 1189 2269 1259; x_wconf 86' lang='lat' dir='ltr'>xxm).</span> <span class='ocrx_word' id='word_1_120' title='bbox 2307 1212 2327 1237; x_wconf 79' lang='grc' dir='ltr'><em>η</em></span> <span class='ocrx_word' id='word_1_121' title='bbox 2385 1190 2561 1245; x_wconf 82' lang='lat' dir='ltr'>Media</span> <span class='ocrx_word' id='word_1_122' title='bbox 2620 1198 2797 1245; x_wconf 88' lang='lat' dir='ltr'>autem</span> <span class='ocrx_word' id='word_1_123' title='bbox 2855 1199 3008 1246; x_wconf 89' lang='lat' dir='ltr'>nocte</span> <span class='ocrx_word' id='word_1_124' title='bbox 3065 1192 3491 1261; x_wconf 87' lang='lat' dir='ltr'>resurrectionis,</span> 
     </span>
    </p>
   </div>
   <div class='ocr_carea' id='block_1_13' title="bbox 150 1249 1776 1350">
    <p class='ocr_par' dir='ltr' id='par_1_13' title="bbox 150 1249 1776 1350">
     <span class='ocr_line' id='line_1_13' title="bbox 150 1249 1776 1350; baseline 0.007 -47"><span class='ocrx_word' id='word_1_125' title='bbox 150 1249 327 1350; x_wconf 47' lang='lat' dir='ltr'>Elatia</span> <span class='ocrx_word' id='word_1_126' title='bbox 354 1250 595 1318; x_wconf 81' lang='lat' dir='ltr'>Jacobi,</span> <span class='ocrx_word' id='word_1_127' title='bbox 628 1253 886 1308; x_wconf 87' lang='lat' dir='ltr'>subaudis</span> <span class='ocrx_word' id='word_1_128' title='bbox 915 1262 1122 1323; x_wconf 90' lang='lat' dir='ltr'>mater;</span> <span class='ocrx_word' id='word_1_129' title='bbox 1147 1264 1200 1310; x_wconf 91' lang='lat' dir='ltr'>et</span> <span class='ocrx_word' id='word_1_130' title='bbox 1220 1257 1457 1323; x_wconf 90' lang='lat' dir='ltr'>Salome,</span> <span class='ocrx_word' id='word_1_131' title='bbox 1480 1259 1776 1314; x_wconf 71' lang='lat' dir='ltr'>subauditur</span> 
     </span>
    </p>
   </div>
   <div class='ocr_carea' id='block_1_14' title="bbox 1889 1249 3492 1350">
    <p class='ocr_par' dir='ltr' id='par_1_14' title="bbox 1900 1249 3492 1350">
     <span class='ocr_line' id='line_1_14' title="bbox 1900 1249 3492 1350; baseline 0.003 -19"><span class='ocrx_word' id='word_1_132' title='bbox 1900 1249 2004 1348; x_wconf 83' lang='lat' dir='ltr'>qua</span> <span class='ocrx_word' id='word_1_133' title='bbox 2035 1280 2165 1333; x_wconf 88' lang='lat' dir='ltr'>hora</span> <span class='ocrx_word' id='word_1_134' title='bbox 2196 1249 2418 1349; x_wconf 76' lang='lat' dir='ltr'>angelus</span> <span class='ocrx_word' id='word_1_135' title='bbox 2446 1279 2731 1350; x_wconf 68' lang='lat' dir='ltr'>Egyptum</span> <span class='ocrx_word' id='word_1_136' title='bbox 2762 1280 3078 1347; x_wconf 86' lang='lat' dir='ltr'>devastavit,</span> <span class='ocrx_word' id='word_1_137' title='bbox 3125 1296 3188 1335; x_wconf 91' lang='lat' dir='ltr'>ea</span> <span class='ocrx_word' id='word_1_138' title='bbox 3235 1282 3387 1346; x_wconf 87' lang='lat' dir='ltr'>hora,</span> <span class='ocrx_word' id='word_1_139' title='bbox 3436 1249 3492 1336; x_wconf 84' lang='lat' dir='ltr'>id</span> 
     </span>
    </p>
   </div>
   <div class='ocr_carea' id='block_1_15' title="bbox 148 1335 3489 1497">
    <p class='ocr_par' dir='ltr' id='par_1_15' title="bbox 148 1335 3489 1497">
     <span class='ocr_line' id='line_1_15' title="bbox 148 1335 3489 1424; baseline 0.003 -11"><span class='ocrx_word' id='word_1_140' title='bbox 148 1335 283 1392; x_wconf 57' lang='grc' dir='ltr'>ωηο</span> <span class='ocrx_word' id='word_1_141' title='bbox 316 1339 460 1394; x_wconf 68' lang='lat' dir='ltr'>Tres</span> <span class='ocrx_word' id='word_1_142' title='bbox 492 1356 640 1413; x_wconf 63' lang='lat' dir='ltr'>ergo</span> <span class='ocrx_word' id='word_1_143' title='bbox 670 1341 817 1399; x_wconf 69' lang='lat' dir='ltr'>Viros</span> <span class='ocrx_word' id='word_1_144' title='bbox 854 1345 1009 1398; x_wconf 67' lang='lat' dir='ltr'><strong>Anna</strong></span> <span class='ocrx_word' id='word_1_145' title='bbox 1055 1344 1261 1414; x_wconf 54' lang='lat' dir='ltr'>halm“:</span> <span class='ocrx_word' id='word_1_146' title='bbox 1311 1347 1579 1422; x_wconf 59' lang='lat' dir='ltr'>1030mm.</span> <span class='ocrx_word' id='word_1_147' title='bbox 1628 1348 1789 1403; x_wconf 67' lang='lat' dir='ltr'>Cleo“</span> <span class='ocrx_word' id='word_1_148' title='bbox 1898 1374 1975 1420; x_wconf 90' lang='lat' dir='ltr'>est</span> <span class='ocrx_word' id='word_1_149' title='bbox 2007 1368 2185 1421; x_wconf 89' lang='lat' dir='ltr'>media</span> <span class='ocrx_word' id='word_1_150' title='bbox 2215 1335 2369 1421; x_wconf 69' lang='lat' dir='ltr'>nocte</span> <span class='ocrx_word' id='word_1_151' title='bbox 2409 1335 2650 1421; x_wconf 52' lang='lat' dir='ltr'>Christus</span> <span class='ocrx_word' id='word_1_152' title='bbox 2687 1368 2955 1421; x_wconf 86' lang='lat' dir='ltr'>infernum</span> <span class='ocrx_word' id='word_1_153' title='bbox 2996 1368 3271 1423; x_wconf 82' lang='lat' dir='ltr'>descendit</span> <span class='ocrx_word' id='word_1_154' title='bbox 3308 1377 3359 1424; x_wconf 90' lang='lat' dir='ltr'>et</span> <span class='ocrx_word' id='word_1_155' title='bbox 3388 1370 3489 1424; x_wconf 89' lang='lat' dir='ltr'>de-</span> 
     </span>
     <span class='ocr_line' id='line_1_16' title="bbox 151 1428 3454 1497; baseline 0 0"><span class='ocrx_word' id='word_1_156' title='bbox 151 1429 343 1497; x_wconf 66' lang='lat' dir='ltr'>Pham,</span> <span class='ocrx_word' id='word_1_157' title='bbox 380 1436 436 1484; x_wconf 71' lang='lat'>8&#39;.</span> <span class='ocrx_word' id='word_1_158' title='bbox 472 1428 730 1485; x_wconf 87' lang='lat' dir='ltr'>Salome.</span> <span class='ocrx_word' id='word_1_159' title='bbox 1897 1464 2144 1497; x_wconf 67' lang='grc' dir='ltr'>εηηιςονςι</span> <span class='ocrx_word' id='word_1_160' title='bbox 2200 1465 2343 1497; x_wconf 60' lang='lat' dir='ltr'>vnn...</span> <span class='ocrx_word' id='word_1_161' title='bbox 2370 1465 2484 1497; x_wconf 68' lang='grc' dir='ltr'>ινιπ.</span> <span class='ocrx_word' id='word_1_162' title='bbox 2542 1463 2836 1497; x_wconf 64' lang='lat' dir='ltr'>nninnr‘nm</span> <span class='ocrx_word' id='word_1_163' title='bbox 2898 1471 3025 1497; x_wconf 64' lang='lat' dir='ltr'>mmo</span> <span class='ocrx_word' id='word_1_164' title='bbox 3083 1464 3274 1497; x_wconf 67' lang='grc' dir='ltr'>ςηρηνιης</span> <span class='ocrx_word' id='word_1_165' title='bbox 3335 1472 3454 1497; x_wconf 65' lang='grc' dir='ltr'>επηι</span> 
     </span>
    </p>
   </div>
   <div class='ocr_carea' id='block_1_16' title="bbox 300 1544 1631 1607">
    <p class='ocr_par' dir='ltr' id='par_1_16' title="bbox 300 1544 1631 1607">
     <span class='ocr_line' id='line_1_17' title="bbox 300 1544 1631 1607; baseline 0.005 -8"><span class='ocrx_word' id='word_1_166' title='bbox 300 1544 563 1600; x_wconf 77' lang='lat' dir='ltr'>SERMO</span> <span class='ocrx_word' id='word_1_167' title='bbox 608 1546 703 1600; x_wconf 86' lang='lat' dir='ltr'><strong>DE</strong></span> <span class='ocrx_word' id='word_1_168' title='bbox 740 1546 1322 1604; x_wconf 80' lang='lat' dir='ltr'>RESURRECTIONE</span> <span class='ocrx_word' id='word_1_169' title='bbox 1360 1549 1631 1607; x_wconf 85' lang='lat' dir='ltr'>DOMINI.</span> 
     </span>
    </p>
   </div>
   <div class='ocr_carea' id='block_1_17' title="bbox 224 1666 1785 1728">
    <p class='ocr_par' dir='ltr' id='par_1_17' title="bbox 224 1666 1785 1728">
     <span class='ocr_line' id='line_1_18' title="bbox 224 1666 1785 1728; baseline 0.004 -6"><span class='ocrx_word' id='word_1_170' title='bbox 224 1666 369 1722; x_wconf 89' lang='lat' dir='ltr'>Cum</span> <span class='ocrx_word' id='word_1_171' title='bbox 418 1676 648 1723; x_wconf 53' lang='lat' dir='ltr'>caetera;</span> <span class='ocrx_word' id='word_1_172' title='bbox 704 1668 1018 1726; x_wconf 80' lang='lat' dir='ltr'>festivitates</span> <span class='ocrx_word' id='word_1_173' title='bbox 1075 1671 1128 1726; x_wconf 90' lang='lat' dir='ltr'>in</span> <span class='ocrx_word' id='word_1_174' title='bbox 1181 1672 1553 1727; x_wconf 83' lang='lat' dir='ltr'>recordatione</span> <span class='ocrx_word' id='word_1_175' title='bbox 1608 1690 1785 1728; x_wconf 87' lang='lat' dir='ltr'>rerum</span> 
     </span>
    </p>
   </div>
   <div class='ocr_carea' id='block_1_18' title="bbox 153 1757 1779 1829">
    <p class='ocr_par' dir='ltr' id='par_1_18' title="bbox 153 1757 1779 1829">
     <span class='ocr_line' id='line_1_19' title="bbox 153 1757 1779 1829; baseline 0.004 -20"><span class='ocrx_word' id='word_1_176' title='bbox 153 1763 443 1828; x_wconf 82' lang='lat' dir='ltr'>gestarum</span> <span class='ocrx_word' id='word_1_177' title='bbox 479 1757 679 1811; x_wconf 67' lang='lat' dir='ltr'>laetitia</span> <span class='ocrx_word' id='word_1_178' title='bbox 707 1758 933 1828; x_wconf 87' lang='lat' dir='ltr'>spiritali</span> <span class='ocrx_word' id='word_1_179' title='bbox 962 1758 1200 1814; x_wconf 82' lang='lat' dir='ltr'>ﬁdelium</span> <span class='ocrx_word' id='word_1_180' title='bbox 1259 1769 1466 1815; x_wconf 90' lang='lat' dir='ltr'>mentes</span> <span class='ocrx_word' id='word_1_181' title='bbox 1522 1760 1779 1829; x_wconf 82' lang='lat' dir='ltr'>afficiant,</span> 
     </span>
    </p>
   </div>
   <div class='ocr_carea' id='block_1_19' title="bbox 154 1845 1783 1905">
    <p class='ocr_par' dir='ltr' id='par_1_19' title="bbox 154 1845 1783 1905">
     <span class='ocr_line' id='line_1_20' title="bbox 154 1845 1783 1905; baseline 0.004 -7"><span class='ocrx_word' id='word_1_182' title='bbox 154 1845 211 1898; x_wconf 90' lang='lat' dir='ltr'>in</span> <span class='ocrx_word' id='word_1_183' title='bbox 243 1845 449 1899; x_wconf 83' lang='lat' dir='ltr'>Christi</span> <span class='ocrx_word' id='word_1_184' title='bbox 482 1847 886 1901; x_wconf 86' lang='lat' dir='ltr'>resurrectione</span> <span class='ocrx_word' id='word_1_185' title='bbox 934 1848 1094 1902; x_wconf 90' lang='lat' dir='ltr'>simili</span> <span class='ocrx_word' id='word_1_186' title='bbox 1140 1849 1347 1905; x_wconf 85' lang='lat' dir='ltr'>ratione</span> <span class='ocrx_word' id='word_1_187' title='bbox 1404 1850 1569 1904; x_wconf 89' lang='lat' dir='ltr'>corda</span> <span class='ocrx_word' id='word_1_188' title='bbox 1624 1851 1783 1905; x_wconf 91' lang='lat' dir='ltr'>simul</span> 
     </span>
    </p>
   </div>
   <div class='ocr_carea' id='block_1_20' title="bbox 153 1941 1779 2019">
    <p class='ocr_par' dir='ltr' id='par_1_20' title="bbox 153 1941 1779 2019">
     <span class='ocr_line' id='line_1_21' title="bbox 153 1941 1779 2019; baseline 0.004 -24"><span class='ocrx_word' id='word_1_189' title='bbox 153 1941 415 1997; x_wconf 77' lang='lat' dir='ltr'>laetantur</span> <span class='ocrx_word' id='word_1_190' title='bbox 445 1954 504 1998; x_wconf 86' lang='lat' dir='ltr'>et</span> <span class='ocrx_word' id='word_1_191' title='bbox 538 1958 773 2015; x_wconf 88' lang='lat' dir='ltr'>corpora</span> <span class='ocrx_word' id='word_1_192' title='bbox 804 1958 818 2012; x_wconf 88' lang='lat'><strong>;</strong></span> <span class='ocrx_word' id='word_1_193' title='bbox 852 1943 978 2014; x_wconf 86' lang='lat' dir='ltr'>quia</span> <span class='ocrx_word' id='word_1_194' title='bbox 1008 1946 1216 2001; x_wconf 85' lang='lat' dir='ltr'>Christo</span> <span class='ocrx_word' id='word_1_195' title='bbox 1261 1955 1571 2019; x_wconf 86' lang='lat' dir='ltr'>resurgente</span> <span class='ocrx_word' id='word_1_196' title='bbox 1618 1949 1779 2003; x_wconf 90' lang='lat' dir='ltr'>homo</span> 
     </span>
    </p>
   </div>
   <div class='ocr_carea' id='block_1_21' title="bbox 154 2030 1779 2105">
    <p class='ocr_par' dir='ltr' id='par_1_21' title="bbox 154 2030 1779 2105">
     <span class='ocr_line' id='line_1_22' title="bbox 154 2030 1779 2105; baseline 0.003 -21"><span class='ocrx_word' id='word_1_197' title='bbox 154 2038 345 2086; x_wconf 89' lang='lat' dir='ltr'>noster</span> <span class='ocrx_word' id='word_1_198' title='bbox 373 2030 618 2085; x_wconf 88' lang='lat' dir='ltr'>interior</span> <span class='ocrx_word' id='word_1_199' title='bbox 646 2048 680 2086; x_wconf 94' lang='lat' dir='ltr'>a</span> <span class='ocrx_word' id='word_1_200' title='bbox 727 2041 899 2088; x_wconf 91' lang='lat' dir='ltr'>morte</span> <span class='ocrx_word' id='word_1_201' title='bbox 945 2035 1149 2105; x_wconf 86' lang='lat' dir='ltr'>peccati</span> <span class='ocrx_word' id='word_1_202' title='bbox 1197 2038 1637 2091; x_wconf 90' lang='lat' dir='ltr'>conresuscitatus</span> <span class='ocrx_word' id='word_1_203' title='bbox 1682 2043 1779 2105; x_wconf 90' lang='lat' dir='ltr'>est,</span> 
     </span>
    </p>
   </div>
   <div class='ocr_carea' id='block_1_22' title="bbox 155 2119 1782 2196">
    <p class='ocr_par' dir='ltr' id='par_1_22' title="bbox 155 2119 1782 2196">
     <span class='ocr_line' id='line_1_23' title="bbox 155 2119 1782 2196; baseline 0.003 -23"><span class='ocrx_word' id='word_1_204' title='bbox 155 2127 209 2173; x_wconf 89' lang='lat' dir='ltr'>et</span> <span class='ocrx_word' id='word_1_205' title='bbox 236 2119 511 2174; x_wconf 80' lang='lat' dir='ltr'>exteriori</span> <span class='ocrx_word' id='word_1_206' title='bbox 575 2136 705 2191; x_wconf 85' lang='lat' dir='ltr'>spes</span> <span class='ocrx_word' id='word_1_207' title='bbox 758 2138 870 2176; x_wconf 68' lang='lat' dir='ltr'>sua:</span> <span class='ocrx_word' id='word_1_208' title='bbox 922 2124 1324 2179; x_wconf 88' lang='lat' dir='ltr'>resurrectionis</span> <span class='ocrx_word' id='word_1_209' title='bbox 1378 2141 1475 2195; x_wconf 92' lang='lat' dir='ltr'>per</span> <span class='ocrx_word' id='word_1_210' title='bbox 1529 2125 1782 2196; x_wconf 87' lang='lat' dir='ltr'>baptismi</span> 
     </span>
    </p>
   </div>
   <div class='ocr_carea' id='block_1_23' title="bbox 156 2218 1781 2293">
    <p class='ocr_par' dir='ltr' id='par_1_23' title="bbox 156 2218 1781 2293">
     <span class='ocr_line' id='line_1_24' title="bbox 156 2218 1781 2293; baseline 0.004 -23"><span class='ocrx_word' id='word_1_211' title='bbox 156 2225 561 2289; x_wconf 81' lang='lat' dir='ltr'>argumentum</span> <span class='ocrx_word' id='word_1_212' title='bbox 613 2218 929 2277; x_wconf 85' lang='lat' dir='ltr'>conﬁrmata</span> <span class='ocrx_word' id='word_1_213' title='bbox 971 2228 1069 2275; x_wconf 88' lang='lat' dir='ltr'>est.</span> <span class='ocrx_word' id='word_1_214' title='bbox 1126 2220 1315 2276; x_wconf 78' lang='lat' dir='ltr'>Merito</span> <span class='ocrx_word' id='word_1_215' title='bbox 1373 2238 1503 2293; x_wconf 85' lang='lat' dir='ltr'>ergo</span> <span class='ocrx_word' id='word_1_216' title='bbox 1561 2230 1781 2292; x_wconf 88' lang='lat' dir='ltr'>uterque</span> 
     </span>
    </p>
   </div>
   <div class='ocr_carea' id='block_1_24' title="bbox 155 2305 1778 2380">
    <p class='ocr_par' dir='ltr' id='par_1_24' title="bbox 155 2305 1778 2380">
     <span class='ocr_line' id='line_1_25' title="bbox 155 2305 1778 2380; baseline 0.002 -20"><span class='ocrx_word' id='word_1_217' title='bbox 155 2305 392 2377; x_wconf 58' lang='lat' dir='ltr'>laetatur,</span> <span class='ocrx_word' id='word_1_218' title='bbox 428 2311 574 2380; x_wconf 84' lang='lat' dir='ltr'>quia</span> <span class='ocrx_word' id='word_1_219' title='bbox 620 2318 845 2380; x_wconf 88' lang='lat' dir='ltr'>uterque</span> <span class='ocrx_word' id='word_1_220' title='bbox 896 2310 1104 2365; x_wconf 88' lang='lat' dir='ltr'>Christo</span> <span class='ocrx_word' id='word_1_221' title='bbox 1152 2312 1646 2366; x_wconf 86' lang='lat' dir='ltr'>conresuscitatur:</span> <span class='ocrx_word' id='word_1_222' title='bbox 1688 2311 1778 2364; x_wconf 92' lang='lat' dir='ltr'>in-</span> 
     </span>
    </p>
   </div>
   <div class='ocr_carea' id='block_1_25' title="bbox 160 2396 1783 2470">
    <p class='ocr_par' dir='ltr' id='par_1_25' title="bbox 160 2396 1783 2470">
     <span class='ocr_line' id='line_1_26' title="bbox 160 2396 1783 2470; baseline 0.002 -20"><span class='ocrx_word' id='word_1_223' title='bbox 160 2396 325 2451; x_wconf 86' lang='lat' dir='ltr'>terior</span> <span class='ocrx_word' id='word_1_224' title='bbox 352 2397 411 2452; x_wconf 89' lang='lat' dir='ltr'>in</span> <span class='ocrx_word' id='word_1_225' title='bbox 444 2415 531 2468; x_wconf 89' lang='lat' dir='ltr'>re,</span> <span class='ocrx_word' id='word_1_226' title='bbox 564 2416 598 2455; x_wconf 90' lang='lat' dir='ltr'>a</span> <span class='ocrx_word' id='word_1_227' title='bbox 626 2398 968 2470; x_wconf 84' lang='lat' dir='ltr'>corruptione</span> <span class='ocrx_word' id='word_1_228' title='bbox 1015 2398 1217 2453; x_wconf 87' lang='lat' dir='ltr'>scilicet</span> <span class='ocrx_word' id='word_1_229' title='bbox 1254 2399 1499 2470; x_wconf 87' lang='lat' dir='ltr'>peccati;</span> <span class='ocrx_word' id='word_1_230' title='bbox 1550 2400 1783 2455; x_wconf 81' lang='lat' dir='ltr'>exterior</span> 
     </span>
    </p>
   </div>
   <div class='ocr_carea' id='block_1_26' title="bbox 158 2493 1781 2565">
    <p class='ocr_par' dir='ltr' id='par_1_26' title="bbox 158 2493 1781 2565">
     <span class='ocr_line' id='line_1_27' title="bbox 158 2493 1781 2565; baseline 0.002 -19"><span class='ocrx_word' id='word_1_231' title='bbox 158 2507 309 2557; x_wconf 88' lang='lat' dir='ltr'>vero,</span> <span class='ocrx_word' id='word_1_232' title='bbox 344 2493 403 2549; x_wconf 90' lang='lat' dir='ltr'>in</span> <span class='ocrx_word' id='word_1_233' title='bbox 434 2511 540 2565; x_wconf 86' lang='lat' dir='ltr'>spe</span> <span class='ocrx_word' id='word_1_234' title='bbox 576 2495 767 2549; x_wconf 75' lang='lat' dir='ltr'>futurae</span> <span class='ocrx_word' id='word_1_235' title='bbox 811 2494 1014 2549; x_wconf 86' lang='lat' dir='ltr'>scilicet</span> <span class='ocrx_word' id='word_1_236' title='bbox 1060 2495 1479 2549; x_wconf 88' lang='lat' dir='ltr'>resurrectionis.</span> <span class='ocrx_word' id='word_1_237' title='bbox 1530 2494 1637 2550; x_wconf 88' lang='lat' dir='ltr'>Sed</span> <span class='ocrx_word' id='word_1_238' title='bbox 1694 2495 1781 2551; x_wconf 92' lang='lat' dir='ltr'>vi-</span> 
     </span>
    </p>
   </div>
   <div class='ocr_carea' id='block_1_27' title="bbox 162 2579 1779 2653">
    <p class='ocr_par' dir='ltr' id='par_1_27' title="bbox 162 2579 1779 2653">
     <span class='ocr_line' id='line_1_28' title="bbox 162 2579 1779 2653; baseline 0.002 -19"><span class='ocrx_word' id='word_1_239' title='bbox 162 2579 405 2636; x_wconf 88' lang='lat' dir='ltr'>dendum</span> <span class='ocrx_word' id='word_1_240' title='bbox 456 2584 505 2638; x_wconf 92' lang='lat' dir='ltr'>si</span> <span class='ocrx_word' id='word_1_241' title='bbox 568 2584 808 2638; x_wconf 85' lang='lat' dir='ltr'>Christus</span> <span class='ocrx_word' id='word_1_242' title='bbox 864 2582 1015 2653; x_wconf 83' lang='lat' dir='ltr'>cujus</span> <span class='ocrx_word' id='word_1_243' title='bbox 1070 2584 1457 2638; x_wconf 85' lang='lat' dir='ltr'>resurrectione</span> <span class='ocrx_word' id='word_1_244' title='bbox 1515 2584 1779 2650; x_wconf 67' lang='lat' dir='ltr'>laetamur,</span> 
     </span>
    </p>
   </div>
   <div class='ocr_carea' id='block_1_28' title="bbox 162 2670 1781 2742">
    <p class='ocr_par' dir='ltr' id='par_1_28' title="bbox 162 2670 1781 2742">
     <span class='ocr_line' id='line_1_29' title="bbox 162 2670 1781 2742; baseline 0.002 -21"><span class='ocrx_word' id='word_1_245' title='bbox 162 2676 304 2723; x_wconf 89' lang='lat' dir='ltr'>esset</span> <span class='ocrx_word' id='word_1_246' title='bbox 332 2670 641 2741; x_wconf 87' lang='lat' dir='ltr'>passibilis,</span> <span class='ocrx_word' id='word_1_247' title='bbox 672 2670 759 2726; x_wconf 86' lang='lat' dir='ltr'>vel</span> <span class='ocrx_word' id='word_1_248' title='bbox 788 2670 1047 2724; x_wconf 90' lang='lat' dir='ltr'>mortalis.</span> <span class='ocrx_word' id='word_1_249' title='bbox 1079 2670 1251 2742; x_wconf 82' lang='lat' dir='ltr'>Igitur</span> <span class='ocrx_word' id='word_1_250' title='bbox 1278 2671 1453 2740; x_wconf 88' lang='lat' dir='ltr'>passio</span> <span class='ocrx_word' id='word_1_251' title='bbox 1503 2671 1588 2725; x_wconf 90' lang='lat' dir='ltr'>vel</span> <span class='ocrx_word' id='word_1_252' title='bbox 1637 2687 1781 2725; x_wconf 90' lang='lat' dir='ltr'>mors</span> 
     </span>
    </p>
   </div>
   <div class='ocr_carea' id='block_1_29' title="bbox 165 2767 1769 2838">
    <p class='ocr_par' dir='ltr' id='par_1_29' title="bbox 165 2767 1769 2838">
     <span class='ocr_line' id='line_1_30' title="bbox 165 2767 1769 2838; baseline 0.001 -17"><span class='ocrx_word' id='word_1_253' title='bbox 165 2768 375 2835; x_wconf 88' lang='lat' dir='ltr'>peccati</span> <span class='ocrx_word' id='word_1_254' title='bbox 422 2784 600 2838; x_wconf 68' lang='lat' dir='ltr'>paena</span> <span class='ocrx_word' id='word_1_255' title='bbox 647 2774 745 2835; x_wconf 92' lang='lat' dir='ltr'>est,</span> <span class='ocrx_word' id='word_1_256' title='bbox 788 2767 883 2821; x_wconf 89' lang='lat' dir='ltr'>sed</span> <span class='ocrx_word' id='word_1_257' title='bbox 932 2767 1045 2837; x_wconf 89' lang='lat' dir='ltr'>ipse</span> <span class='ocrx_word' id='word_1_258' title='bbox 1096 2767 1298 2837; x_wconf 87' lang='lat' dir='ltr'>absque</span> <span class='ocrx_word' id='word_1_259' title='bbox 1343 2775 1564 2838; x_wconf 89' lang='lat' dir='ltr'>peccato</span> <span class='ocrx_word' id='word_1_260' title='bbox 1610 2768 1769 2823; x_wconf 84' lang='lat' dir='ltr'>vixit.</span> 
     </span>
    </p>
   </div>
   <div class='ocr_carea' id='block_1_30' title="bbox 167 2854 1780 2926">
    <p class='ocr_par' dir='ltr' id='par_1_30' title="bbox 167 2854 1780 2926">
     <span class='ocr_line' id='line_1_31' title="bbox 167 2854 1780 2926; baseline 0.002 -19"><span class='ocrx_word' id='word_1_261' title='bbox 167 2854 249 2908; x_wconf 79' lang='lat' dir='ltr'>Ex</span> <span class='ocrx_word' id='word_1_262' title='bbox 278 2856 386 2911; x_wconf 88' lang='lat' dir='ltr'>hoc</span> <span class='ocrx_word' id='word_1_263' title='bbox 413 2856 723 2912; x_wconf 88' lang='lat' dir='ltr'>secundum</span> <span class='ocrx_word' id='word_1_264' title='bbox 754 2863 998 2910; x_wconf 88' lang='lat' dir='ltr'>naturam</span> <span class='ocrx_word' id='word_1_265' title='bbox 1030 2855 1377 2926; x_wconf 88' lang='lat' dir='ltr'>impassibilis</span> <span class='ocrx_word' id='word_1_266' title='bbox 1408 2864 1459 2910; x_wconf 90' lang='lat' dir='ltr'>et</span> <span class='ocrx_word' id='word_1_267' title='bbox 1496 2856 1780 2911; x_wconf 90' lang='lat' dir='ltr'>immorta-</span> 
     </span>
    </p>
   </div>
   <div class='ocr_carea' id='block_1_31' title="bbox 171 2942 1781 3014">
    <p class='ocr_par' dir='ltr' id='par_1_31' title="bbox 171 2942 1781 3014">
     <span class='ocr_line' id='line_1_32' title="bbox 171 2942 1781 3014; baseline 0.002 -17"><span class='ocrx_word' id='word_1_268' title='bbox 171 2942 237 2997; x_wconf 89' lang='lat' dir='ltr'>lis</span> <span class='ocrx_word' id='word_1_269' title='bbox 264 2943 388 3010; x_wconf 80' lang='lat' dir='ltr'>fuit,</span> <span class='ocrx_word' id='word_1_270' title='bbox 423 2946 528 3000; x_wconf 88' lang='lat' dir='ltr'>sed</span> <span class='ocrx_word' id='word_1_271' title='bbox 560 2943 855 3001; x_wconf 90' lang='lat' dir='ltr'>secundum</span> <span class='ocrx_word' id='word_1_272' title='bbox 885 2944 1181 3014; x_wconf 89' lang='lat' dir='ltr'>potentiam</span> <span class='ocrx_word' id='word_1_273' title='bbox 1212 2951 1496 3014; x_wconf 91' lang='lat' dir='ltr'>utrumque</span> <span class='ocrx_word' id='word_1_274' title='bbox 1535 2961 1651 2999; x_wconf 74' lang='lat' dir='ltr'>esse</span> <span class='ocrx_word' id='word_1_275' title='bbox 1678 2961 1781 3001; x_wconf 91' lang='lat' dir='ltr'>vo-</span> 
     </span>
    </p>
   </div>
   <div class='ocr_carea' id='block_1_32' title="bbox 171 3039 1780 3113">
    <p class='ocr_par' dir='ltr' id='par_1_32' title="bbox 171 3039 1780 3113">
     <span class='ocr_line' id='line_1_33' title="bbox 171 3039 1780 3113; baseline 0.002 -20"><span class='ocrx_word' id='word_1_276' title='bbox 171 3039 286 3107; x_wconf 87' lang='lat' dir='ltr'>luit,</span> <span class='ocrx_word' id='word_1_277' title='bbox 321 3042 608 3113; x_wconf 89' lang='lat' dir='ltr'>passibilis</span> <span class='ocrx_word' id='word_1_278' title='bbox 637 3042 838 3097; x_wconf 87' lang='lat' dir='ltr'>scilicet</span> <span class='ocrx_word' id='word_1_279' title='bbox 885 3049 937 3097; x_wconf 89' lang='lat' dir='ltr'>et</span> <span class='ocrx_word' id='word_1_280' title='bbox 991 3042 1251 3097; x_wconf 90' lang='lat' dir='ltr'>mortalis.</span> <span class='ocrx_word' id='word_1_281' title='bbox 1310 3044 1548 3098; x_wconf 85' lang='lat' dir='ltr'>Mortuus</span> <span class='ocrx_word' id='word_1_282' title='bbox 1600 3043 1780 3113; x_wconf 88' lang='lat' dir='ltr'>itaque</span> 
     </span>
    </p>
   </div>
   <div class='ocr_carea' id='block_1_33' title="bbox 174 3130 1781 3199">
    <p class='ocr_par' dir='ltr' id='par_1_33' title="bbox 174 3130 1781 3199">
     <span class='ocr_line' id='line_1_34' title="bbox 174 3130 1781 3199; baseline 0.001 -16"><span class='ocrx_word' id='word_1_283' title='bbox 174 3136 251 3183; x_wconf 86' lang='lat' dir='ltr'>est</span> <span class='ocrx_word' id='word_1_284' title='bbox 276 3145 382 3199; x_wconf 87' lang='lat' dir='ltr'>pro</span> <span class='ocrx_word' id='word_1_285' title='bbox 410 3131 734 3186; x_wconf 87' lang='lat' dir='ltr'>obedientia</span> <span class='ocrx_word' id='word_1_286' title='bbox 762 3131 950 3199; x_wconf 87' lang='lat' dir='ltr'>Patris,</span> <span class='ocrx_word' id='word_1_287' title='bbox 983 3138 1040 3186; x_wconf 91' lang='lat' dir='ltr'>ut</span> <span class='ocrx_word' id='word_1_288' title='bbox 1096 3130 1289 3186; x_wconf 89' lang='lat' dir='ltr'>dicitur</span> <span class='ocrx_word' id='word_1_289' title='bbox 1319 3150 1331 3186; x_wconf 88' lang='lat'><strong>:</strong></span> <span class='ocrx_word' id='word_1_290' title='bbox 1401 3153 1421 3181; x_wconf 77' lang='grc' dir='ltr'>α</span> <span class='ocrx_word' id='word_1_291' title='bbox 1457 3132 1647 3187; x_wconf 88' lang='lat' dir='ltr'>Factus</span> <span class='ocrx_word' id='word_1_292' title='bbox 1703 3139 1781 3185; x_wconf 90' lang='lat' dir='ltr'>est</span> 
     </span>
    </p>
   </div>
   <div class='ocr_carea' id='block_1_34' title="bbox 1896 1463 3481 1534">
    <p class='ocr_par' dir='ltr' id='par_1_34' title="bbox 1896 1463 3481 1534">
     <span class='ocr_line' id='line_1_35' title="bbox 1896 1463 3481 1534; baseline 0.002 -17"><span class='ocrx_word' id='word_1_293' title='bbox 1896 1464 2165 1534; x_wconf 78' lang='lat' dir='ltr'>spoliavit.</span> <span class='ocrx_word' id='word_1_294' title='bbox 2200 1465 2343 1517; x_wconf 88' lang='lat' dir='ltr'>Inter</span> <span class='ocrx_word' id='word_1_295' title='bbox 2370 1465 2486 1517; x_wconf 54' lang='lat' dir='ltr'>hac</span> <span class='ocrx_word' id='word_1_296' title='bbox 2542 1463 2839 1519; x_wconf 91' lang='lat' dir='ltr'>notandum</span> <span class='ocrx_word' id='word_1_297' title='bbox 2898 1471 3028 1533; x_wconf 90' lang='lat' dir='ltr'>quot</span> <span class='ocrx_word' id='word_1_298' title='bbox 3083 1464 3278 1518; x_wconf 89' lang='lat' dir='ltr'>inferni</span> <span class='ocrx_word' id='word_1_299' title='bbox 3335 1472 3481 1520; x_wconf 91' lang='lat' dir='ltr'>sunt.</span> 
     </span>
    </p>
   </div>
   <div class='ocr_carea' id='block_1_35' title="bbox 1898 1552 3484 1623">
    <p class='ocr_par' dir='ltr' id='par_1_35' title="bbox 1898 1552 3484 1623">
     <span class='ocr_line' id='line_1_36' title="bbox 1898 1552 3484 1623; baseline 0 -16"><span class='ocrx_word' id='word_1_300' title='bbox 1898 1552 2034 1607; x_wconf 89' lang='lat' dir='ltr'>Sunt</span> <span class='ocrx_word' id='word_1_301' title='bbox 2070 1552 2248 1621; x_wconf 88' lang='lat' dir='ltr'>itaque</span> <span class='ocrx_word' id='word_1_302' title='bbox 2276 1552 2382 1606; x_wconf 91' lang='lat' dir='ltr'>duo</span> <span class='ocrx_word' id='word_1_303' title='bbox 2414 1552 2606 1606; x_wconf 87' lang='lat' dir='ltr'>inferni</span> <span class='ocrx_word' id='word_1_304' title='bbox 2643 1571 2654 1607; x_wconf 87' lang='lat'><strong>:</strong></span> <span class='ocrx_word' id='word_1_305' title='bbox 2689 1569 2825 1606; x_wconf 91' lang='lat' dir='ltr'>unus</span> <span class='ocrx_word' id='word_1_306' title='bbox 2854 1552 3116 1623; x_wconf 86' lang='lat' dir='ltr'>superior,</span> <span class='ocrx_word' id='word_1_307' title='bbox 3158 1553 3293 1607; x_wconf 91' lang='lat' dir='ltr'>alter</span> <span class='ocrx_word' id='word_1_308' title='bbox 3339 1553 3484 1607; x_wconf 90' lang='lat' dir='ltr'>infe-</span> 
     </span>
    </p>
   </div>
   <div class='ocr_carea' id='block_1_36' title="bbox 1894 1640 3486 1712">
    <p class='ocr_par' dir='ltr' id='par_1_36' title="bbox 1894 1640 3486 1712">
     <span class='ocr_line' id='line_1_37' title="bbox 1894 1640 3486 1712; baseline 0.002 -18"><span class='ocrx_word' id='word_1_309' title='bbox 1894 1641 2020 1696; x_wconf 88' lang='lat' dir='ltr'>rior.</span> <span class='ocrx_word' id='word_1_310' title='bbox 2076 1641 2375 1710; x_wconf 85' lang='lat' dir='ltr'>Superior,</span> <span class='ocrx_word' id='word_1_311' title='bbox 2432 1640 2645 1694; x_wconf 85' lang='lat' dir='ltr'>inﬁrma</span> <span class='ocrx_word' id='word_1_312' title='bbox 2702 1658 2824 1712; x_wconf 89' lang='lat' dir='ltr'>pars</span> <span class='ocrx_word' id='word_1_313' title='bbox 2882 1642 3039 1710; x_wconf 88' lang='lat' dir='ltr'>hujus</span> <span class='ocrx_word' id='word_1_314' title='bbox 3098 1642 3304 1709; x_wconf 91' lang='lat' dir='ltr'>mundi,</span> <span class='ocrx_word' id='word_1_315' title='bbox 3365 1658 3486 1711; x_wconf 76' lang='lat' dir='ltr'>quae</span> 
     </span>
    </p>
   </div>
   <div class='ocr_carea' id='block_1_37' title="bbox 1894 1738 3484 1810">
    <p class='ocr_par' dir='ltr' id='par_1_37' title="bbox 1894 1738 3484 1810">
     <span class='ocr_line' id='line_1_38' title="bbox 1894 1738 3484 1810; baseline 0 -18"><span class='ocrx_word' id='word_1_316' title='bbox 1894 1740 2053 1810; x_wconf 88' lang='lat' dir='ltr'>plena</span> <span class='ocrx_word' id='word_1_317' title='bbox 2084 1747 2161 1793; x_wconf 88' lang='lat' dir='ltr'>est</span> <span class='ocrx_word' id='word_1_318' title='bbox 2190 1739 2380 1809; x_wconf 67' lang='lat' dir='ltr'>poenis.</span> <span class='ocrx_word' id='word_1_319' title='bbox 2429 1740 2568 1794; x_wconf 88' lang='lat' dir='ltr'>Nam</span> <span class='ocrx_word' id='word_1_320' title='bbox 2625 1738 2711 1793; x_wconf 91' lang='lat' dir='ltr'>hic</span> <span class='ocrx_word' id='word_1_321' title='bbox 2768 1739 3003 1793; x_wconf 82' lang='lat' dir='ltr'>exundat</span> <span class='ocrx_word' id='word_1_322' title='bbox 3057 1739 3255 1793; x_wconf 89' lang='lat' dir='ltr'>nimius</span> <span class='ocrx_word' id='word_1_323' title='bbox 3307 1747 3484 1809; x_wconf 64' lang='lat' dir='ltr'>aestus,</span> 
     </span>
    </p>
   </div>
   <div class='ocr_carea' id='block_1_38' title="bbox 1894 1826 3485 1899">
    <p class='ocr_par' dir='ltr' id='par_1_38' title="bbox 1894 1826 3485 1899">
     <span class='ocr_line' id='line_1_39' title="bbox 1894 1826 3485 1899; baseline 0 -18"><span class='ocrx_word' id='word_1_324' title='bbox 1894 1844 2152 1899; x_wconf 85' lang='lat' dir='ltr'>magnum</span> <span class='ocrx_word' id='word_1_325' title='bbox 2180 1828 2366 1899; x_wconf 80' lang='lat' dir='ltr'>frigus,</span> <span class='ocrx_word' id='word_1_326' title='bbox 2390 1828 2522 1895; x_wconf 88' lang='lat' dir='ltr'>sitis,</span> <span class='ocrx_word' id='word_1_327' title='bbox 2550 1826 2755 1895; x_wconf 87' lang='lat' dir='ltr'>fames;</span> <span class='ocrx_word' id='word_1_328' title='bbox 2803 1827 2935 1882; x_wconf 87' lang='lat' dir='ltr'>varii</span> <span class='ocrx_word' id='word_1_329' title='bbox 2973 1827 3189 1882; x_wconf 90' lang='lat' dir='ltr'>dolores</span> <span class='ocrx_word' id='word_1_330' title='bbox 3226 1829 3485 1898; x_wconf 89' lang='lat' dir='ltr'>corporis,</span> 
     </span>
    </p>
   </div>
   <div class='ocr_carea' id='block_1_39' title="bbox 1813 1889 3486 1985">
    <p class='ocr_par' dir='ltr' id='par_1_39' title="bbox 1813 1889 3486 1985">
     <span class='ocr_line' id='line_1_40' title="bbox 1813 1889 3486 1985; baseline 0.001 -16"><span class='ocrx_word' id='word_1_331' title='bbox 1813 1889 1865 1948; x_wconf 84' lang='lat' dir='ltr'>B</span> <span class='ocrx_word' id='word_1_332' title='bbox 1896 1923 1951 1969; x_wconf 91' lang='lat' dir='ltr'>ut</span> <span class='ocrx_word' id='word_1_333' title='bbox 1978 1916 2201 1970; x_wconf 91' lang='lat' dir='ltr'>verbera</span> <span class='ocrx_word' id='word_1_334' title='bbox 2230 1916 2416 1982; x_wconf 90' lang='lat' dir='ltr'>animi,</span> <span class='ocrx_word' id='word_1_335' title='bbox 2452 1917 2627 1982; x_wconf 88' lang='lat' dir='ltr'>timor,</span> <span class='ocrx_word' id='word_1_336' title='bbox 2662 1916 2865 1970; x_wconf 89' lang='lat' dir='ltr'>scilicet</span> <span class='ocrx_word' id='word_1_337' title='bbox 2887 1917 2969 1970; x_wconf 88' lang='lat' dir='ltr'>vel</span> <span class='ocrx_word' id='word_1_338' title='bbox 3000 1916 3324 1972; x_wconf 86' lang='lat' dir='ltr'>verecundia</span> <span class='ocrx_word' id='word_1_339' title='bbox 3353 1931 3366 1985; x_wconf 91' lang='lat'><strong>;</strong></span> <span class='ocrx_word' id='word_1_340' title='bbox 3419 1916 3486 1971; x_wconf 89' lang='lat' dir='ltr'>de</span> 
     </span>
    </p>
   </div>
   <div class='ocr_carea' id='block_1_40' title="bbox 1890 2013 3477 2081">
    <p class='ocr_par' dir='ltr' id='par_1_40' title="bbox 1890 2013 3477 2081">
     <span class='ocr_line' id='line_1_41' title="bbox 1890 2013 3477 2081; baseline 0.001 -14"><span class='ocrx_word' id='word_1_341' title='bbox 1890 2014 1971 2067; x_wconf 88' lang='lat' dir='ltr'>his</span> <span class='ocrx_word' id='word_1_342' title='bbox 1996 2013 2216 2068; x_wconf 89' lang='lat' dir='ltr'>dicitur:</span> <span class='ocrx_word' id='word_1_343' title='bbox 2245 2036 2266 2061; x_wconf 79' lang='grc' dir='ltr'><strong><em>α</em></strong></span> <span class='ocrx_word' id='word_1_344' title='bbox 2302 2015 2449 2068; x_wconf 88' lang='lat' dir='ltr'>Educ</span> <span class='ocrx_word' id='word_1_345' title='bbox 2473 2014 2541 2069; x_wconf 89' lang='lat' dir='ltr'>de</span> <span class='ocrx_word' id='word_1_346' title='bbox 2572 2030 2782 2068; x_wconf 88' lang='lat' dir='ltr'>carcere</span> <span class='ocrx_word' id='word_1_347' title='bbox 2815 2013 3051 2068; x_wconf 91' lang='lat' dir='ltr'>animam</span> <span class='ocrx_word' id='word_1_348' title='bbox 3088 2030 3264 2067; x_wconf 89' lang='lat' dir='ltr'>meam</span> <span class='ocrx_word' id='word_1_349' title='bbox 3295 2015 3477 2081; x_wconf 83' lang='lat' dir='ltr'>(Psal.</span> 
     </span>
    </p>
   </div>
   <div class='ocr_carea' id='block_1_41' title="bbox 1889 2102 3489 2169">
    <p class='ocr_par' dir='ltr' id='par_1_41' title="bbox 1889 2102 3489 2169">
     <span class='ocr_line' id='line_1_42' title="bbox 1889 2102 3489 2169; baseline 0.001 -13"><span class='ocrx_word' id='word_1_350' title='bbox 1889 2104 2056 2169; x_wconf 85' lang='lat' dir='ltr'>cht),</span> <span class='ocrx_word' id='word_1_351' title='bbox 2092 2126 2113 2149; x_wconf 77' lang='grc' dir='ltr'><em>η</em></span> <span class='ocrx_word' id='word_1_352' title='bbox 2150 2104 2253 2157; x_wconf 91' lang='lat' dir='ltr'>hoc</span> <span class='ocrx_word' id='word_1_353' title='bbox 2285 2108 2363 2156; x_wconf 91' lang='lat' dir='ltr'>est</span> <span class='ocrx_word' id='word_1_354' title='bbox 2393 2103 2460 2157; x_wconf 90' lang='lat' dir='ltr'>ab</span> <span class='ocrx_word' id='word_1_355' title='bbox 2524 2103 2739 2157; x_wconf 88' lang='lat' dir='ltr'>inferno</span> <span class='ocrx_word' id='word_1_356' title='bbox 2796 2103 2963 2158; x_wconf 88' lang='lat' dir='ltr'>vitam</span> <span class='ocrx_word' id='word_1_357' title='bbox 3020 2118 3217 2157; x_wconf 89' lang='lat' dir='ltr'>meam.</span> <span class='ocrx_word' id='word_1_358' title='bbox 3260 2102 3489 2157; x_wconf 90' lang='lat' dir='ltr'>Inferior</span> 
     </span>
    </p>
   </div>
   <div class='ocr_carea' id='block_1_42' title="bbox 1890 2190 3486 2263">
    <p class='ocr_par' dir='ltr' id='par_1_42' title="bbox 1890 2190 3486 2263">
     <span class='ocr_line' id='line_1_43' title="bbox 1890 2190 3486 2263; baseline 0.001 -19"><span class='ocrx_word' id='word_1_359' title='bbox 1890 2199 2066 2245; x_wconf 89' lang='lat' dir='ltr'>autem</span> <span class='ocrx_word' id='word_1_360' title='bbox 2099 2190 2247 2244; x_wconf 91' lang='lat' dir='ltr'>locus</span> <span class='ocrx_word' id='word_1_361' title='bbox 2276 2191 2550 2261; x_wconf 87' lang='lat' dir='ltr'>spiritalis,</span> <span class='ocrx_word' id='word_1_362' title='bbox 2612 2191 2705 2245; x_wconf 90' lang='lat' dir='ltr'>ubi</span> <span class='ocrx_word' id='word_1_363' title='bbox 2754 2191 2896 2263; x_wconf 84' lang='lat' dir='ltr'>ignis</span> <span class='ocrx_word' id='word_1_364' title='bbox 2933 2191 3375 2263; x_wconf 87' lang='lat' dir='ltr'>incxtinguibilis.</span> <span class='ocrx_word' id='word_1_365' title='bbox 3407 2191 3486 2245; x_wconf 90' lang='lat' dir='ltr'>De</span> 
     </span>
    </p>
   </div>
   <div class='ocr_carea' id='block_1_43' title="bbox 1890 2286 3486 2356">
    <p class='ocr_par' dir='ltr' id='par_1_43' title="bbox 1890 2286 3486 2356">
     <span class='ocr_line' id='line_1_44' title="bbox 1890 2286 3486 2356; baseline 0.001 -16"><span class='ocrx_word' id='word_1_366' title='bbox 1890 2304 1996 2356; x_wconf 94' lang='lat' dir='ltr'>quo</span> <span class='ocrx_word' id='word_1_367' title='bbox 2028 2287 2265 2341; x_wconf 89' lang='lat' dir='ltr'>dicitur:</span> <span class='ocrx_word' id='word_1_368' title='bbox 2325 2310 2345 2335; x_wconf 87' lang='grc'>‹‹</span> <span class='ocrx_word' id='word_1_369' title='bbox 2382 2288 2573 2341; x_wconf 86' lang='lat' dir='ltr'>Eruisti</span> <span class='ocrx_word' id='word_1_370' title='bbox 2634 2288 2872 2341; x_wconf 88' lang='lat' dir='ltr'>animam</span> <span class='ocrx_word' id='word_1_371' title='bbox 2922 2304 3099 2342; x_wconf 84' lang='lat' dir='ltr'>meum</span> <span class='ocrx_word' id='word_1_372' title='bbox 3155 2305 3221 2341; x_wconf 80' lang='lat' dir='ltr'>ex</span> <span class='ocrx_word' id='word_1_373' title='bbox 3275 2286 3486 2342; x_wconf 83' lang='lat' dir='ltr'>inferno</span> 
     </span>
    </p>
   </div>
   <div class='ocr_carea' id='block_1_44' title="bbox 1888 2374 3483 2445">
    <p class='ocr_par' dir='ltr' id='par_1_44' title="bbox 1888 2374 3483 2445">
     <span class='ocr_line' id='line_1_45' title="bbox 1888 2374 3483 2445; baseline 0 -16"><span class='ocrx_word' id='word_1_374' title='bbox 1888 2375 2126 2429; x_wconf 87' lang='lat' dir='ltr'>inferiori</span> <span class='ocrx_word' id='word_1_375' title='bbox 2159 2374 2349 2443; x_wconf 83' lang='lat' dir='ltr'>(Psal.</span> <span class='ocrx_word' id='word_1_376' title='bbox 2383 2377 2561 2443; x_wconf 72' lang='lat' dir='ltr'>xxrx),</span> <span class='ocrx_word' id='word_1_377' title='bbox 2600 2399 2621 2424; x_wconf 72' lang='grc' dir='ltr'><strong><em>π</em></strong></span> <span class='ocrx_word' id='word_1_378' title='bbox 2658 2377 2746 2445; x_wconf 91' lang='lat' dir='ltr'>qui</span> <span class='ocrx_word' id='word_1_379' title='bbox 2780 2376 2879 2430; x_wconf 90' lang='lat' dir='ltr'>sub</span> <span class='ocrx_word' id='word_1_380' title='bbox 2929 2383 3067 2430; x_wconf 89' lang='lat' dir='ltr'>terra</span> <span class='ocrx_word' id='word_1_381' title='bbox 3116 2392 3232 2430; x_wconf 86' lang='lat' dir='ltr'>esse</span> <span class='ocrx_word' id='word_1_382' title='bbox 3272 2375 3483 2430; x_wconf 90' lang='lat' dir='ltr'>dicitur.</span> 
     </span>
    </p>
   </div>
   <div class='ocr_carea' id='block_1_45' title="bbox 1890 2464 3488 2535">
    <p class='ocr_par' dir='ltr' id='par_1_45' title="bbox 1890 2464 3488 2535">
     <span class='ocr_line' id='line_1_46' title="bbox 1890 2464 3488 2535; baseline -0.001 -16"><span class='ocrx_word' id='word_1_383' title='bbox 1890 2465 1955 2519; x_wconf 89' lang='lat' dir='ltr'>Et</span> <span class='ocrx_word' id='word_1_384' title='bbox 1983 2465 2119 2519; x_wconf 91' lang='lat' dir='ltr'>sicut</span> <span class='ocrx_word' id='word_1_385' title='bbox 2144 2480 2371 2535; x_wconf 91' lang='lat' dir='ltr'>corpora</span> <span class='ocrx_word' id='word_1_386' title='bbox 2400 2466 2739 2534; x_wconf 86' lang='lat' dir='ltr'>peccantium</span> <span class='ocrx_word' id='word_1_387' title='bbox 2784 2472 2924 2519; x_wconf 90' lang='lat' dir='ltr'>terra</span> <span class='ocrx_word' id='word_1_388' title='bbox 2970 2464 3363 2533; x_wconf 88' lang='lat' dir='ltr'>cooperiuntur,</span> <span class='ocrx_word' id='word_1_389' title='bbox 3415 2464 3488 2518; x_wconf 89' lang='lat' dir='ltr'>ita</span> 
     </span>
    </p>
   </div>
   <div class='ocr_carea' id='block_1_46' title="bbox 1887 2561 3485 2632">
    <p class='ocr_par' dir='ltr' id='par_1_46' title="bbox 1887 2561 3485 2632">
     <span class='ocr_line' id='line_1_47' title="bbox 1887 2561 3485 2632; baseline -0.001 -16"><span class='ocrx_word' id='word_1_390' title='bbox 1887 2561 2082 2616; x_wconf 68' lang='lat' dir='ltr'>anima:</span> <span class='ocrx_word' id='word_1_391' title='bbox 2113 2562 2448 2632; x_wconf 88' lang='lat' dir='ltr'>peccantium</span> <span class='ocrx_word' id='word_1_392' title='bbox 2487 2562 2586 2615; x_wconf 90' lang='lat' dir='ltr'>sub</span> <span class='ocrx_word' id='word_1_393' title='bbox 2625 2570 2763 2616; x_wconf 91' lang='lat' dir='ltr'>terra</span> <span class='ocrx_word' id='word_1_394' title='bbox 2802 2561 2855 2615; x_wconf 92' lang='lat' dir='ltr'>in</span> <span class='ocrx_word' id='word_1_395' title='bbox 2894 2561 3103 2616; x_wconf 85' lang='lat' dir='ltr'>inferno</span> <span class='ocrx_word' id='word_1_396' title='bbox 3140 2561 3485 2632; x_wconf 88' lang='lat' dir='ltr'>sepeliuntur,</span> 
     </span>
    </p>
   </div>
   <div class='ocr_carea' id='block_1_47' title="bbox 1885 2648 3485 2718">
    <p class='ocr_par' dir='ltr' id='par_1_47' title="bbox 1885 2648 3485 2718">
     <span class='ocr_line' id='line_1_48' title="bbox 1885 2648 3485 2718; baseline 0 -16"><span class='ocrx_word' id='word_1_397' title='bbox 1885 2656 1945 2702; x_wconf 93' lang='lat' dir='ltr'>ut</span> <span class='ocrx_word' id='word_1_398' title='bbox 1972 2649 2037 2702; x_wconf 90' lang='lat' dir='ltr'>de</span> <span class='ocrx_word' id='word_1_399' title='bbox 2068 2648 2229 2704; x_wconf 88' lang='lat' dir='ltr'>divite</span> <span class='ocrx_word' id='word_1_400' title='bbox 2258 2649 2450 2703; x_wconf 89' lang='lat' dir='ltr'>dicitur</span> <span class='ocrx_word' id='word_1_401' title='bbox 2482 2668 2494 2703; x_wconf 90' lang='lat'>:</span> <span class='ocrx_word' id='word_1_402' title='bbox 2531 2672 2551 2697; x_wconf 86' lang='grc'><strong>‹‹</strong></span> <span class='ocrx_word' id='word_1_403' title='bbox 2590 2649 2839 2718; x_wconf 87' lang='lat' dir='ltr'>Sepultus</span> <span class='ocrx_word' id='word_1_404' title='bbox 2866 2657 2945 2702; x_wconf 90' lang='lat' dir='ltr'>est</span> <span class='ocrx_word' id='word_1_405' title='bbox 2974 2649 3027 2702; x_wconf 92' lang='lat' dir='ltr'>in</span> <span class='ocrx_word' id='word_1_406' title='bbox 3052 2648 3271 2704; x_wconf 87' lang='lat' dir='ltr'>inferno</span> <span class='ocrx_word' id='word_1_407' title='bbox 3330 2648 3485 2716; x_wconf 85' lang='lat' dir='ltr'>(Luc.</span> 
     </span>
    </p>
   </div>
   <div class='ocr_carea' id='block_1_48' title="bbox 1885 2738 3481 2809">
    <p class='ocr_par' dir='ltr' id='par_1_48' title="bbox 1885 2738 3481 2809">
     <span class='ocr_line' id='line_1_49' title="bbox 1885 2738 3481 2809; baseline 0 -18"><span class='ocrx_word' id='word_1_408' title='bbox 1885 2741 2021 2807; x_wconf 77' lang='lat' dir='ltr'>xvi).</span> <span class='ocrx_word' id='word_1_409' title='bbox 2056 2758 2079 2785; x_wconf 77' lang='grc' dir='ltr'>ς)</span> <span class='ocrx_word' id='word_1_410' title='bbox 2118 2739 2179 2791; x_wconf 92' lang='lat' dir='ltr'>In</span> <span class='ocrx_word' id='word_1_411' title='bbox 2210 2753 2314 2808; x_wconf 90' lang='lat' dir='ltr'>quo</span> <span class='ocrx_word' id='word_1_412' title='bbox 2371 2754 2426 2791; x_wconf 86' lang='lat' dir='ltr'>1x</span> <span class='ocrx_word' id='word_1_413' title='bbox 2483 2739 2745 2809; x_wconf 88' lang='lat' dir='ltr'>speciales</span> <span class='ocrx_word' id='word_1_414' title='bbox 2802 2754 2982 2809; x_wconf 65' lang='lat' dir='ltr'>pinnae</span> <span class='ocrx_word' id='word_1_415' title='bbox 3038 2754 3150 2793; x_wconf 82' lang='lat' dir='ltr'>esse</span> <span class='ocrx_word' id='word_1_416' title='bbox 3206 2738 3481 2809; x_wconf 87' lang='lat' dir='ltr'>leguntur.</span> 
     </span>
    </p>
   </div>
   <div class='ocr_carea' id='block_1_49' title="bbox 1887 2835 3491 2906">
    <p class='ocr_par' dir='ltr' id='par_1_49' title="bbox 1887 2835 3491 2906">
     <span class='ocr_line' id='line_1_50' title="bbox 1887 2835 3491 2906; baseline 0 -17"><span class='ocrx_word' id='word_1_417' title='bbox 1887 2836 2065 2889; x_wconf 89' lang='lat' dir='ltr'>Prima</span> <span class='ocrx_word' id='word_1_418' title='bbox 2095 2835 2235 2906; x_wconf 88' lang='lat' dir='ltr'>ignis</span> <span class='ocrx_word' id='word_1_419' title='bbox 2288 2835 2377 2904; x_wconf 90' lang='lat' dir='ltr'>qui</span> <span class='ocrx_word' id='word_1_420' title='bbox 2438 2835 2511 2889; x_wconf 85' lang='lat' dir='ltr'>ita</span> <span class='ocrx_word' id='word_1_421' title='bbox 2572 2836 2743 2889; x_wconf 89' lang='lat' dir='ltr'>semel</span> <span class='ocrx_word' id='word_1_422' title='bbox 2800 2852 3059 2890; x_wconf 89' lang='lat' dir='ltr'>accensus</span> <span class='ocrx_word' id='word_1_423' title='bbox 3111 2842 3169 2889; x_wconf 90' lang='lat' dir='ltr'>ut</span> <span class='ocrx_word' id='word_1_424' title='bbox 3221 2835 3265 2889; x_wconf 90' lang='lat' dir='ltr'>si</span> <span class='ocrx_word' id='word_1_425' title='bbox 3320 2842 3491 2890; x_wconf 91' lang='lat' dir='ltr'>totum</span> 
     </span>
    </p>
   </div>
   <div class='ocr_carea' id='block_1_50' title="bbox 1885 2924 3491 2995">
    <p class='ocr_par' dir='ltr' id='par_1_50' title="bbox 1885 2924 3491 2995">
     <span class='ocr_line' id='line_1_51' title="bbox 1885 2924 3491 2995; baseline 0.001 -18"><span class='ocrx_word' id='word_1_426' title='bbox 1885 2940 2033 2978; x_wconf 89' lang='lat' dir='ltr'>mare</span> <span class='ocrx_word' id='word_1_427' title='bbox 2062 2924 2307 2977; x_wconf 90' lang='lat' dir='ltr'>inﬂueret</span> <span class='ocrx_word' id='word_1_428' title='bbox 2333 2940 2442 2977; x_wconf 92' lang='lat' dir='ltr'>non</span> <span class='ocrx_word' id='word_1_429' title='bbox 2475 2925 2933 2995; x_wconf 87' lang='lat' dir='ltr'>exstingueretur.</span> <span class='ocrx_word' id='word_1_430' title='bbox 2966 2925 3056 2980; x_wconf 89' lang='lat' dir='ltr'>Sic</span> <span class='ocrx_word' id='word_1_431' title='bbox 3106 2925 3263 2978; x_wconf 90' lang='lat' dir='ltr'>istum</span> <span class='ocrx_word' id='word_1_432' title='bbox 3314 2932 3491 2979; x_wconf 87' lang='lat' dir='ltr'>mate-</span> 
     </span>
    </p>
   </div>
   <div class='ocr_carea' id='block_1_51' title="bbox 1883 3012 3485 3084">
    <p class='ocr_par' dir='ltr' id='par_1_51' title="bbox 1883 3012 3485 3084">
     <span class='ocr_line' id='line_1_52' title="bbox 1883 3012 3485 3084; baseline -0.001 -17"><span class='ocrx_word' id='word_1_433' title='bbox 1883 3012 2072 3067; x_wconf 90' lang='lat' dir='ltr'>rialem</span> <span class='ocrx_word' id='word_1_434' title='bbox 2104 3028 2315 3081; x_wconf 87' lang='lat' dir='ltr'>quoque</span> <span class='ocrx_word' id='word_1_435' title='bbox 2346 3012 2511 3067; x_wconf 89' lang='lat' dir='ltr'>vincit</span> <span class='ocrx_word' id='word_1_436' title='bbox 2540 3012 2744 3084; x_wconf 80' lang='lat' dir='ltr'>ignem,</span> <span class='ocrx_word' id='word_1_437' title='bbox 2778 3023 2837 3066; x_wconf 90' lang='lat' dir='ltr'>ut</span> <span class='ocrx_word' id='word_1_438' title='bbox 2862 3012 2961 3067; x_wconf 90' lang='lat' dir='ltr'>iste</span> <span class='ocrx_word' id='word_1_439' title='bbox 2982 3012 3165 3083; x_wconf 82' lang='lat' dir='ltr'>ignem</span> <span class='ocrx_word' id='word_1_440' title='bbox 3191 3012 3485 3081; x_wconf 89' lang='lat' dir='ltr'>depictum.</span> 
     </span>
    </p>
   </div>
   <div class='ocr_carea' id='block_1_52' title="bbox 1883 3108 3494 3180">
    <p class='ocr_par' dir='ltr' id='par_1_52' title="bbox 1883 3108 3494 3180">
     <span class='ocr_line' id='line_1_53' title="bbox 1883 3108 3494 3180; baseline -0.001 -15"><span class='ocrx_word' id='word_1_441' title='bbox 1883 3108 2048 3165; x_wconf 80' lang='lat' dir='ltr'>Ardet</span> <span class='ocrx_word' id='word_1_442' title='bbox 2084 3117 2135 3163; x_wconf 90' lang='lat' dir='ltr'>et</span> <span class='ocrx_word' id='word_1_443' title='bbox 2164 3125 2271 3163; x_wconf 91' lang='lat' dir='ltr'>non</span> <span class='ocrx_word' id='word_1_444' title='bbox 2300 3109 2460 3163; x_wconf 90' lang='lat' dir='ltr'>lucet.</span> <span class='ocrx_word' id='word_1_445' title='bbox 2504 3110 2752 3165; x_wconf 90' lang='lat' dir='ltr'>Secunda</span> <span class='ocrx_word' id='word_1_446' title='bbox 2800 3126 2967 3180; x_wconf 72' lang='lat' dir='ltr'>poena</span> <span class='ocrx_word' id='word_1_447' title='bbox 3031 3116 3111 3164; x_wconf 88' lang='lat' dir='ltr'>est</span> <span class='ocrx_word' id='word_1_448' title='bbox 3154 3109 3494 3164; x_wconf 90' lang='lat' dir='ltr'>intolerabile</span> 
     </span>
    </p>
   </div>
   <div class='ocr_carea' id='block_1_53' title="bbox 174 3198 3489 3310">
    <p class='ocr_par' dir='ltr' id='par_1_53' title="bbox 174 3198 3489 3310">
     <span class='ocr_line' id='line_1_54' title="bbox 174 3198 3489 3310; baseline -0 -39"><span class='ocrx_word' id='word_1_449' title='bbox 174 3198 439 3273; x_wconf 81' lang='lat' dir='ltr'>obediens</span> <span class='ocrx_word' id='word_1_450' title='bbox 470 3220 621 3275; x_wconf 89' lang='lat' dir='ltr'>Patri</span> <span class='ocrx_word' id='word_1_451' title='bbox 665 3236 835 3289; x_wconf 89' lang='lat' dir='ltr'>usque</span> <span class='ocrx_word' id='word_1_452' title='bbox 891 3219 959 3275; x_wconf 91' lang='lat' dir='ltr'>ad</span> <span class='ocrx_word' id='word_1_453' title='bbox 1006 3227 1235 3275; x_wconf 89' lang='lat' dir='ltr'>mortem</span> <span class='ocrx_word' id='word_1_454' title='bbox 1293 3220 1570 3293; x_wconf 85' lang='lat' dir='ltr'>(Philipp.</span> <span class='ocrx_word' id='word_1_455' title='bbox 1634 3221 1715 3291; x_wconf 85' lang='grc' dir='ltr'>ιι.)</span> <span class='ocrx_word' id='word_1_456' title='bbox 1752 3240 1772 3268; x_wconf 73' lang='grc' dir='ltr'><strong>ι)</strong></span> <span class='ocrx_word' id='word_1_457' title='bbox 1810 3246 1858 3310; x_wconf 78' lang='lat' dir='ltr'>C</span> <span class='ocrx_word' id='word_1_458' title='bbox 1888 3198 2075 3310; x_wconf 59' lang='grc' dir='ltr'>ξνίὲιξδν</span> <span class='ocrx_word' id='word_1_459' title='bbox 2109 3198 2177 3310; x_wconf 56' lang='lat' dir='ltr'>d‘e</span> <span class='ocrx_word' id='word_1_460' title='bbox 2206 3213 2309 3296; x_wconf 64' lang='grc' dir='ltr'>(ξυο</span> <span class='ocrx_word' id='word_1_461' title='bbox 2340 3198 2536 3310; x_wconf 39' lang='lat' dir='ltr'>diei?”</span> <span class='ocrx_word' id='word_1_462' title='bbox 2616 3199 2671 3254; x_wconf 68' lang='lat' dir='ltr'>Si</span> <span class='ocrx_word' id='word_1_463' title='bbox 2705 3200 2900 3310; x_wconf 50' lang='grc' dir='ltr'>ίξηθῑξ</span> <span class='ocrx_word' id='word_1_464' title='bbox 2955 3214 3119 3310; x_wconf 57' lang='grc' dir='ltr'>ἵξοῐιξ</span> <span class='ocrx_word' id='word_1_465' title='bbox 3165 3198 3489 3310; x_wconf 32' lang='lat' dir='ltr'>inlidique“</span> 
     </span>
    </p>
   </div>
   <div class='ocr_carea' id='block_1_54' title="bbox 172 3313 1776 3388">
    <p class='ocr_par' dir='ltr' id='par_1_54' title="bbox 172 3313 1776 3388">
     <span class='ocr_line' id='line_1_55' title="bbox 172 3313 1776 3388; baseline 0.002 -20"><span class='ocrx_word' id='word_1_466' title='bbox 172 3313 252 3369; x_wconf 86' lang='lat' dir='ltr'>De</span> <span class='ocrx_word' id='word_1_467' title='bbox 279 3315 388 3371; x_wconf 86' lang='lat' dir='ltr'>hoc</span> <span class='ocrx_word' id='word_1_468' title='bbox 418 3316 779 3388; x_wconf 76' lang='lat' dir='ltr'>quaerendum</span> <span class='ocrx_word' id='word_1_469' title='bbox 811 3332 1023 3387; x_wconf 88' lang='lat' dir='ltr'>quoque</span> <span class='ocrx_word' id='word_1_470' title='bbox 1055 3324 1134 3370; x_wconf 89' lang='lat' dir='ltr'>est</span> <span class='ocrx_word' id='word_1_471' title='bbox 1161 3315 1204 3370; x_wconf 92' lang='lat' dir='ltr'>si</span> <span class='ocrx_word' id='word_1_472' title='bbox 1237 3316 1390 3371; x_wconf 90' lang='lat' dir='ltr'>Pater</span> <span class='ocrx_word' id='word_1_473' title='bbox 1433 3325 1661 3371; x_wconf 90' lang='lat' dir='ltr'>mortem</span> <span class='ocrx_word' id='word_1_474' title='bbox 1709 3318 1776 3371; x_wconf 90' lang='lat' dir='ltr'>ab</span> 
     </span>
    </p>
   </div>
   <div class='ocr_carea' id='block_1_55' title="bbox 174 3404 1778 3478">
    <p class='ocr_par' dir='ltr' id='par_1_55' title="bbox 174 3404 1778 3478">
     <span class='ocr_line' id='line_1_56' title="bbox 174 3404 1778 3478; baseline 0.002 -21"><span class='ocrx_word' id='word_1_475' title='bbox 174 3416 235 3457; x_wconf 88' lang='lat' dir='ltr'>co</span> <span class='ocrx_word' id='word_1_476' title='bbox 259 3407 537 3478; x_wconf 79' lang='lat' dir='ltr'>exegerit.</span> <span class='ocrx_word' id='word_1_477' title='bbox 567 3404 815 3461; x_wconf 83' lang='lat' dir='ltr'>Minime.</span> <span class='ocrx_word' id='word_1_478' title='bbox 865 3405 974 3460; x_wconf 87' lang='lat' dir='ltr'>Sed</span> <span class='ocrx_word' id='word_1_479' title='bbox 1021 3420 1116 3460; x_wconf 90' lang='lat' dir='ltr'>cur</span> <span class='ocrx_word' id='word_1_480' title='bbox 1160 3404 1468 3460; x_wconf 90' lang='lat' dir='ltr'>occiderunt</span> <span class='ocrx_word' id='word_1_481' title='bbox 1510 3423 1632 3460; x_wconf 91' lang='lat' dir='ltr'>eum</span> <span class='ocrx_word' id='word_1_482' title='bbox 1677 3406 1778 3460; x_wconf 87' lang='lat' dir='ltr'>Ju-</span> 
     </span>
    </p>
   </div>
   <div class='ocr_carea' id='block_1_56' title="bbox 173 3489 1779 3565">
    <p class='ocr_par' dir='ltr' id='par_1_56' title="bbox 173 3489 1779 3565">
     <span class='ocr_line' id='line_1_57' title="bbox 173 3489 1779 3565; baseline 0.003 -20"><span class='ocrx_word' id='word_1_483' title='bbox 173 3489 328 3547; x_wconf 58' lang='lat' dir='ltr'>daei?</span> <span class='ocrx_word' id='word_1_484' title='bbox 358 3495 509 3563; x_wconf 86' lang='lat' dir='ltr'>Quia</span> <span class='ocrx_word' id='word_1_485' title='bbox 536 3493 801 3565; x_wconf 89' lang='lat' dir='ltr'>justitiam</span> <span class='ocrx_word' id='word_1_486' title='bbox 829 3493 1062 3549; x_wconf 88' lang='lat' dir='ltr'>vivendo</span> <span class='ocrx_word' id='word_1_487' title='bbox 1110 3500 1162 3548; x_wconf 91' lang='lat' dir='ltr'>et</span> <span class='ocrx_word' id='word_1_488' title='bbox 1213 3494 1491 3550; x_wconf 70' lang='lat' dir='ltr'>veritatem</span> <span class='ocrx_word' id='word_1_489' title='bbox 1536 3494 1779 3550; x_wconf 88' lang='lat' dir='ltr'>docendo</span> 
     </span>
    </p>
   </div>
   <div class='ocr_carea' id='block_1_57' title="bbox 174 3579 1780 3649">
    <p class='ocr_par' dir='ltr' id='par_1_57' title="bbox 174 3579 1780 3649">
     <span class='ocr_line' id='line_1_58' title="bbox 174 3579 1780 3649; baseline 0.004 -8"><span class='ocrx_word' id='word_1_490' title='bbox 174 3586 641 3648; x_wconf 88' lang='lat' dir='ltr'>indeclinabiliter</span> <span class='ocrx_word' id='word_1_491' title='bbox 686 3591 871 3647; x_wconf 84' lang='lat' dir='ltr'>tenuit.</span> <span class='ocrx_word' id='word_1_492' title='bbox 925 3592 1074 3645; x_wconf 87' lang='lat' dir='ltr'>Hanc</span> <span class='ocrx_word' id='word_1_493' title='bbox 1119 3591 1479 3648; x_wconf 89' lang='lat' dir='ltr'>obedientiam</span> <span class='ocrx_word' id='word_1_494' title='bbox 1534 3579 1780 3649; x_wconf 83' lang='lat' dir='ltr'>humani-</span> 
     </span>
    </p>
   </div>
   <div class='ocr_carea' id='block_1_58' title="bbox 176 3679 1776 3748">
    <p class='ocr_par' dir='ltr' id='par_1_58' title="bbox 176 3679 1776 3748">
     <span class='ocr_line' id='line_1_59' title="bbox 176 3679 1776 3748; baseline 0.003 -17"><span class='ocrx_word' id='word_1_495' title='bbox 176 3683 255 3731; x_wconf 87' lang='lat' dir='ltr'>tas</span> <span class='ocrx_word' id='word_1_496' title='bbox 282 3679 561 3737; x_wconf 85' lang='lat' dir='ltr'>divinitati</span> <span class='ocrx_word' id='word_1_497' title='bbox 594 3681 798 3748; x_wconf 91' lang='lat' dir='ltr'>debuit,</span> <span class='ocrx_word' id='word_1_498' title='bbox 832 3682 971 3735; x_wconf 89' lang='lat' dir='ltr'>hanc</span> <span class='ocrx_word' id='word_1_499' title='bbox 1006 3681 1152 3735; x_wconf 91' lang='lat' dir='ltr'>Deus</span> <span class='ocrx_word' id='word_1_500' title='bbox 1207 3681 1276 3735; x_wconf 89' lang='lat' dir='ltr'>ab</span> <span class='ocrx_word' id='word_1_501' title='bbox 1332 3682 1481 3737; x_wconf 91' lang='lat' dir='ltr'>omni</span> <span class='ocrx_word' id='word_1_502' title='bbox 1530 3682 1776 3737; x_wconf 90' lang='lat' dir='ltr'>rationali</span> 
     </span>
    </p>
   </div>
   <div class='ocr_carea' id='block_1_59' title="bbox 176 3769 1774 3843">
    <p class='ocr_par' dir='ltr' id='par_1_59' title="bbox 176 3769 1774 3843">
     <span class='ocr_line' id='line_1_60' title="bbox 176 3769 1774 3843; baseline 0.004 -22"><span class='ocrx_word' id='word_1_503' title='bbox 176 3776 416 3825; x_wconf 88' lang='lat' dir='ltr'>creatura</span> <span class='ocrx_word' id='word_1_504' title='bbox 447 3771 644 3843; x_wconf 80' lang='lat' dir='ltr'>exigit.</span> <span class='ocrx_word' id='word_1_505' title='bbox 669 3769 954 3839; x_wconf 90' lang='lat' dir='ltr'>Quomodo</span> <span class='ocrx_word' id='word_1_506' title='bbox 974 3775 1153 3823; x_wconf 89' lang='lat' dir='ltr'>autem</span> <span class='ocrx_word' id='word_1_507' title='bbox 1190 3770 1331 3838; x_wconf 89' lang='lat' dir='ltr'>apud</span> <span class='ocrx_word' id='word_1_508' title='bbox 1367 3772 1536 3825; x_wconf 90' lang='lat' dir='ltr'>Deum</span> <span class='ocrx_word' id='word_1_509' title='bbox 1569 3769 1774 3842; x_wconf 86' lang='lat' dir='ltr'>justum</span> 
     </span>
    </p>
   </div>
   <div class='ocr_carea' id='block_1_60' title="bbox 178 3851 1777 3940">
    <p class='ocr_par' dir='ltr' id='par_1_60' title="bbox 178 3851 1777 3940">
     <span class='ocr_line' id='line_1_61' title="bbox 178 3851 1777 3940; baseline 0.004 -23"><span class='ocrx_word' id='word_1_510' title='bbox 178 3864 293 3932; x_wconf 82' lang='lat' dir='ltr'>fuit,</span> <span class='ocrx_word' id='word_1_511' title='bbox 325 3870 475 3938; x_wconf 89' lang='lat' dir='ltr'>quod</span> <span class='ocrx_word' id='word_1_512' title='bbox 510 3870 777 3940; x_wconf 91' lang='lat' dir='ltr'>optimum</span> <span class='ocrx_word' id='word_1_513' title='bbox 808 3883 904 3939; x_wconf 93' lang='lat' dir='ltr'>pro</span> <span class='ocrx_word' id='word_1_514' title='bbox 935 3865 1103 3935; x_wconf 90' lang='lat' dir='ltr'>impio</span> <span class='ocrx_word' id='word_1_515' title='bbox 1134 3866 1326 3921; x_wconf 76' lang='lat' dir='ltr'>dedit?</span> <span class='ocrx_word' id='word_1_516' title='bbox 1348 3851 1485 3936; x_wconf 87' lang='lat' dir='ltr'>Quia</span> <span class='ocrx_word' id='word_1_517' title='bbox 1514 3872 1777 3940; x_wconf 82' lang='lat' dir='ltr'>pessimus</span> 
     </span>
    </p>
   </div>
   <div class='ocr_carea' id='block_1_61' title="bbox 177 3953 1776 4027">
    <p class='ocr_par' dir='ltr' id='par_1_61' title="bbox 177 3953 1776 4027">
     <span class='ocr_line' id='line_1_62' title="bbox 177 3953 1776 4027; baseline 0.004 -21"><span class='ocrx_word' id='word_1_518' title='bbox 177 3953 480 4027; x_wconf 87' lang='lat' dir='ltr'>simplicem</span> <span class='ocrx_word' id='word_1_519' title='bbox 552 3959 831 4013; x_wconf 90' lang='lat' dir='ltr'>hominem</span> <span class='ocrx_word' id='word_1_520' title='bbox 898 3956 1204 4022; x_wconf 83' lang='lat' dir='ltr'>seduxerat,</span> <span class='ocrx_word' id='word_1_521' title='bbox 1266 3955 1470 4024; x_wconf 91' lang='lat' dir='ltr'>justum</span> <span class='ocrx_word' id='word_1_522' title='bbox 1537 3967 1650 4013; x_wconf 88' lang='lat' dir='ltr'>erat</span> <span class='ocrx_word' id='word_1_523' title='bbox 1719 3966 1776 4012; x_wconf 91' lang='lat' dir='ltr'>ut</span> 
     </span>
    </p>
   </div>
   <div class='ocr_carea' id='block_1_62' title="bbox 178 4044 1774 4120">
    <p class='ocr_par' dir='ltr' id='par_1_62' title="bbox 178 4044 1774 4120">
     <span class='ocr_line' id='line_1_63' title="bbox 178 4044 1774 4120; baseline 0.004 -25"><span class='ocrx_word' id='word_1_524' title='bbox 178 4044 412 4111; x_wconf 89' lang='lat' dir='ltr'>optimus</span> <span class='ocrx_word' id='word_1_525' title='bbox 442 4062 548 4120; x_wconf 88' lang='lat' dir='ltr'>pro</span> <span class='ocrx_word' id='word_1_526' title='bbox 589 4062 652 4102; x_wconf 89' lang='lat' dir='ltr'>eo</span> <span class='ocrx_word' id='word_1_527' title='bbox 684 4046 841 4102; x_wconf 89' lang='lat' dir='ltr'>obses</span> <span class='ocrx_word' id='word_1_528' title='bbox 870 4044 1041 4111; x_wconf 85' lang='lat' dir='ltr'>ﬁeret,</span> <span class='ocrx_word' id='word_1_529' title='bbox 1083 4049 1143 4097; x_wconf 91' lang='lat' dir='ltr'>ut</span> <span class='ocrx_word' id='word_1_530' title='bbox 1188 4046 1479 4114; x_wconf 90' lang='lat' dir='ltr'>pessimum</span> <span class='ocrx_word' id='word_1_531' title='bbox 1525 4047 1774 4101; x_wconf 88' lang='lat' dir='ltr'>revince-</span> 
     </span>
    </p>
   </div>
   <div class='ocr_carea' id='block_1_63' title="bbox 179 4143 1765 4215">
    <p class='ocr_par' dir='ltr' id='par_1_63' title="bbox 179 4143 1765 4215">
     <span class='ocr_line' id='line_1_64' title="bbox 179 4143 1765 4215; baseline 0.004 -23"><span class='ocrx_word' id='word_1_532' title='bbox 179 4147 256 4194; x_wconf 90' lang='lat' dir='ltr'>ret</span> <span class='ocrx_word' id='word_1_533' title='bbox 309 4151 364 4198; x_wconf 89' lang='lat' dir='ltr'>et</span> <span class='ocrx_word' id='word_1_534' title='bbox 424 4145 776 4200; x_wconf 88' lang='lat' dir='ltr'>innocentem</span> <span class='ocrx_word' id='word_1_535' title='bbox 843 4143 1082 4215; x_wconf 69' lang='lat' dir='ltr'>pristina}</span> <span class='ocrx_word' id='word_1_536' title='bbox 1154 4145 1383 4199; x_wconf 84' lang='lat' dir='ltr'>libertati</span> <span class='ocrx_word' id='word_1_537' title='bbox 1444 4149 1765 4199; x_wconf 82' lang='lat' dir='ltr'>restitueret.</span> 
     </span>
    </p>
   </div>
   <div class='ocr_carea' id='block_1_64' title="bbox 178 4227 1776 4290">
    <p class='ocr_par' dir='ltr' id='par_1_64' title="bbox 178 4227 1776 4290">
     <span class='ocr_line' id='line_1_65' title="bbox 178 4227 1776 4290; baseline 0.004 -9"><span class='ocrx_word' id='word_1_538' title='bbox 178 4227 352 4286; x_wconf 83' lang='lat' dir='ltr'>Valuit</span> <span class='ocrx_word' id='word_1_539' title='bbox 381 4242 571 4289; x_wconf 87' lang='lat' dir='ltr'>autem</span> <span class='ocrx_word' id='word_1_540' title='bbox 616 4249 762 4288; x_wconf 88' lang='lat' dir='ltr'>mors</span> <span class='ocrx_word' id='word_1_541' title='bbox 818 4234 1009 4289; x_wconf 76' lang='lat' dir='ltr'>Christi</span> <span class='ocrx_word' id='word_1_542' title='bbox 1067 4234 1135 4290; x_wconf 92' lang='lat' dir='ltr'>ad</span> <span class='ocrx_word' id='word_1_543' title='bbox 1192 4232 1553 4290; x_wconf 84' lang='lat' dir='ltr'>exhaurienda</span> <span class='ocrx_word' id='word_1_544' title='bbox 1594 4234 1776 4288; x_wconf 91' lang='lat' dir='ltr'>omnia</span> 
     </span>
    </p>
   </div>
   <div class='ocr_carea' id='block_1_65' title="bbox 180 4322 1775 4394">
    <p class='ocr_par' dir='ltr' id='par_1_65' title="bbox 180 4322 1775 4394">
     <span class='ocr_line' id='line_1_66' title="bbox 180 4322 1775 4394; baseline 0.001 -19"><span class='ocrx_word' id='word_1_545' title='bbox 180 4328 415 4387; x_wconf 81' lang='lat' dir='ltr'>peccata.</span> <span class='ocrx_word' id='word_1_546' title='bbox 447 4323 808 4378; x_wconf 88' lang='lat' dir='ltr'>Transcendit</span> <span class='ocrx_word' id='word_1_547' title='bbox 836 4324 997 4378; x_wconf 91' lang='lat' dir='ltr'>etiam</span> <span class='ocrx_word' id='word_1_548' title='bbox 1022 4323 1244 4379; x_wconf 81' lang='lat' dir='ltr'>infinite.</span> <span class='ocrx_word' id='word_1_549' title='bbox 1279 4322 1435 4391; x_wconf 86' lang='lat' dir='ltr'>Quod</span> <span class='ocrx_word' id='word_1_550' title='bbox 1464 4324 1539 4377; x_wconf 91' lang='lat' dir='ltr'>sic</span> <span class='ocrx_word' id='word_1_551' title='bbox 1572 4324 1775 4394; x_wconf 90' lang='lat' dir='ltr'>proba-</span> 
     </span>
    </p>
   </div>
   <div class='ocr_carea' id='block_1_66' title="bbox 180 4420 1773 4491">
    <p class='ocr_par' dir='ltr' id='par_1_66' title="bbox 180 4420 1773 4491">
     <span class='ocr_line' id='line_1_67' title="bbox 180 4420 1773 4491; baseline 0.004 -24"><span class='ocrx_word' id='word_1_552' title='bbox 180 4420 283 4471; x_wconf 90' lang='lat' dir='ltr'>tur.</span> <span class='ocrx_word' id='word_1_553' title='bbox 321 4421 517 4491; x_wconf 87' lang='lat' dir='ltr'>Itaque</span> <span class='ocrx_word' id='word_1_554' title='bbox 547 4421 592 4474; x_wconf 91' lang='lat' dir='ltr'>si</span> <span class='ocrx_word' id='word_1_555' title='bbox 621 4420 858 4475; x_wconf 89' lang='lat' dir='ltr'>Christus</span> <span class='ocrx_word' id='word_1_556' title='bbox 885 4436 1067 4476; x_wconf 89' lang='lat' dir='ltr'>coram</span> <span class='ocrx_word' id='word_1_557' title='bbox 1088 4428 1139 4476; x_wconf 90' lang='lat' dir='ltr'>te</span> <span class='ocrx_word' id='word_1_558' title='bbox 1168 4428 1356 4487; x_wconf 87' lang='lat' dir='ltr'>staret,</span> <span class='ocrx_word' id='word_1_559' title='bbox 1387 4427 1440 4476; x_wconf 86' lang='lat' dir='ltr'>et</span> <span class='ocrx_word' id='word_1_560' title='bbox 1484 4436 1607 4475; x_wconf 90' lang='lat' dir='ltr'>eum</span> <span class='ocrx_word' id='word_1_561' title='bbox 1658 4421 1773 4474; x_wconf 91' lang='lat' dir='ltr'>Do-</span> 
     </span>
    </p>
   </div>
   <div class='ocr_carea' id='block_1_67' title="bbox 183 4504 1777 4579">
    <p class='ocr_par' dir='ltr' id='par_1_67' title="bbox 183 4504 1777 4579">
     <span class='ocr_line' id='line_1_68' title="bbox 183 4504 1777 4579; baseline 0.003 -22"><span class='ocrx_word' id='word_1_562' title='bbox 183 4504 383 4562; x_wconf 90' lang='lat' dir='ltr'>minum</span> <span class='ocrx_word' id='word_1_563' title='bbox 414 4508 718 4579; x_wconf 89' lang='lat' dir='ltr'>majestatis</span> <span class='ocrx_word' id='word_1_564' title='bbox 746 4509 931 4577; x_wconf 90' lang='lat' dir='ltr'>scires,</span> <span class='ocrx_word' id='word_1_565' title='bbox 975 4517 1029 4564; x_wconf 90' lang='lat' dir='ltr'>et</span> <span class='ocrx_word' id='word_1_566' title='bbox 1075 4510 1266 4579; x_wconf 87' lang='lat' dir='ltr'>aliquis</span> <span class='ocrx_word' id='word_1_567' title='bbox 1312 4509 1552 4564; x_wconf 89' lang='lat' dir='ltr'>diceret:</span> <span class='ocrx_word' id='word_1_568' title='bbox 1604 4510 1777 4563; x_wconf 90' lang='lat' dir='ltr'>Inter-</span> 
     </span>
    </p>
   </div>
   <div class='ocr_carea' id='block_1_68' title="bbox 181 4590 1775 4665">
    <p class='ocr_par' dir='ltr' id='par_1_68' title="bbox 181 4590 1775 4665">
     <span class='ocr_line' id='line_1_69' title="bbox 181 4590 1775 4665; baseline 0.003 -17"><span class='ocrx_word' id='word_1_569' title='bbox 181 4590 275 4648; x_wconf 83' lang='lat' dir='ltr'>ﬁce</span> <span class='ocrx_word' id='word_1_570' title='bbox 338 4598 489 4654; x_wconf 89' lang='lat' dir='ltr'>hunc</span> <span class='ocrx_word' id='word_1_571' title='bbox 570 4604 662 4653; x_wconf 90' lang='lat' dir='ltr'>aut</span> <span class='ocrx_word' id='word_1_572' title='bbox 740 4604 878 4653; x_wconf 87' lang='lat' dir='ltr'>totus</span> <span class='ocrx_word' id='word_1_573' title='bbox 947 4599 1178 4654; x_wconf 89' lang='lat' dir='ltr'>mundus</span> <span class='ocrx_word' id='word_1_574' title='bbox 1251 4598 1532 4665; x_wconf 88' lang='lat' dir='ltr'>interibit,</span> <span class='ocrx_word' id='word_1_575' title='bbox 1607 4598 1775 4653; x_wconf 90' lang='lat' dir='ltr'>inter-</span> 
     </span>
    </p>
   </div>
   <div class='ocr_carea' id='block_1_69' title="bbox 182 4685 1758 4766">
    <p class='ocr_par' dir='ltr' id='par_1_69' title="bbox 182 4685 1758 4766">
     <span class='ocr_line' id='line_1_70' title="bbox 182 4685 1758 4766; baseline 0.004 -25"><span class='ocrx_word' id='word_1_576' title='bbox 182 4685 360 4748; x_wconf 86' lang='lat' dir='ltr'>ﬁceres</span> <span class='ocrx_word' id='word_1_577' title='bbox 412 4711 542 4752; x_wconf 90' lang='lat' dir='ltr'>eum</span> <span class='ocrx_word' id='word_1_578' title='bbox 597 4698 660 4750; x_wconf 82' lang='lat' dir='ltr'>ut</span> <span class='ocrx_word' id='word_1_579' title='bbox 709 4694 945 4751; x_wconf 90' lang='lat' dir='ltr'>salvares</span> <span class='ocrx_word' id='word_1_580' title='bbox 1000 4696 1261 4749; x_wconf 91' lang='lat' dir='ltr'>mundum</span> <span class='ocrx_word' id='word_1_581' title='bbox 1293 4696 1323 4749; x_wconf 61' lang='grc' dir='ltr'>ἱ)</span> <span class='ocrx_word' id='word_1_582' title='bbox 1377 4696 1758 4766; x_wconf 89' lang='lat' dir='ltr'>Nequaquam.</span> 
     </span>
    </p>
   </div>
   <div class='ocr_carea' id='block_1_70' title="bbox 185 4774 1776 4857">
    <p class='ocr_par' dir='ltr' id='par_1_70' title="bbox 185 4774 1776 4857">
     <span class='ocr_line' id='line_1_71' title="bbox 185 4774 1776 4857; baseline 0.001 -20"><span class='ocrx_word' id='word_1_583' title='bbox 185 4774 355 4845; x_wconf 88' lang='lat' dir='ltr'>Quare</span> <span class='ocrx_word' id='word_1_584' title='bbox 376 4785 404 4837; x_wconf 86' lang='lat'><strong>?</strong></span> <span class='ocrx_word' id='word_1_585' title='bbox 425 4783 571 4854; x_wconf 85' lang='lat' dir='ltr'>Quia</span> <span class='ocrx_word' id='word_1_586' title='bbox 586 4783 702 4853; x_wconf 88' lang='lat' dir='ltr'>ejus</span> <span class='ocrx_word' id='word_1_587' title='bbox 723 4785 832 4839; x_wconf 90' lang='lat' dir='ltr'>vita</span> <span class='ocrx_word' id='word_1_588' title='bbox 869 4784 1030 4856; x_wconf 89' lang='lat' dir='ltr'>longe</span> <span class='ocrx_word' id='word_1_589' title='bbox 1052 4784 1267 4857; x_wconf 86' lang='lat' dir='ltr'>dignior</span> <span class='ocrx_word' id='word_1_590' title='bbox 1297 4784 1579 4853; x_wconf 84' lang='lat' dir='ltr'>videretur,</span> <span class='ocrx_word' id='word_1_591' title='bbox 1615 4800 1776 4855; x_wconf 89' lang='lat' dir='ltr'>quam</span> 
     </span>
    </p>
   </div>
   <div class='ocr_carea' id='block_1_71' title="bbox 187 4862 1776 4943">
    <p class='ocr_par' dir='ltr' id='par_1_71' title="bbox 187 4862 1776 4943">
     <span class='ocr_line' id='line_1_72' title="bbox 187 4862 1776 4943; baseline 0.006 -26"><span class='ocrx_word' id='word_1_592' title='bbox 187 4862 366 4925; x_wconf 84' lang='lat' dir='ltr'>inﬁniti</span> <span class='ocrx_word' id='word_1_593' title='bbox 395 4872 609 4939; x_wconf 87' lang='lat' dir='ltr'>mundi,</span> <span class='ocrx_word' id='word_1_594' title='bbox 641 4879 693 4927; x_wconf 88' lang='lat' dir='ltr'>et</span> <span class='ocrx_word' id='word_1_595' title='bbox 726 4873 829 4928; x_wconf 90' lang='lat' dir='ltr'>tale</span> <span class='ocrx_word' id='word_1_596' title='bbox 875 4873 1146 4943; x_wconf 88' lang='lat' dir='ltr'>piaculum</span> <span class='ocrx_word' id='word_1_597' title='bbox 1190 4874 1402 4929; x_wconf 89' lang='lat' dir='ltr'>viderer</span> <span class='ocrx_word' id='word_1_598' title='bbox 1445 4873 1776 4929; x_wconf 90' lang='lat' dir='ltr'>committere</span> 
     </span>
    </p>
   </div>
   <div class='ocr_carea' id='block_1_72' title="bbox 189 4965 1777 5043">
    <p class='ocr_par' dir='ltr' id='par_1_72' title="bbox 189 4965 1777 5043">
     <span class='ocr_line' id='line_1_73' title="bbox 189 4965 1777 5043; baseline 0.003 -23"><span class='ocrx_word' id='word_1_599' title='bbox 189 4965 324 5031; x_wconf 84' lang='lat' dir='ltr'>quod</span> <span class='ocrx_word' id='word_1_600' title='bbox 360 4969 676 5025; x_wconf 91' lang='lat' dir='ltr'>innumerus</span> <span class='ocrx_word' id='word_1_601' title='bbox 705 4970 937 5025; x_wconf 90' lang='lat' dir='ltr'>mundus</span> <span class='ocrx_word' id='word_1_602' title='bbox 964 4987 1074 5026; x_wconf 91' lang='lat' dir='ltr'>non</span> <span class='ocrx_word' id='word_1_603' title='bbox 1112 4978 1291 5043; x_wconf 89' lang='lat' dir='ltr'>posset</span> <span class='ocrx_word' id='word_1_604' title='bbox 1340 4970 1578 5042; x_wconf 85' lang='lat' dir='ltr'>expiare.</span> <span class='ocrx_word' id='word_1_605' title='bbox 1632 4970 1777 5025; x_wconf 90' lang='lat' dir='ltr'>Sicut</span> 
     </span>
    </p>
   </div>
   <div class='ocr_carea' id='block_1_73' title="bbox 189 5056 1779 5131">
    <p class='ocr_par' dir='ltr' id='par_1_73' title="bbox 189 5056 1779 5131">
     <span class='ocr_line' id='line_1_74' title="bbox 189 5056 1779 5131; baseline 0.002 -22"><span class='ocrx_word' id='word_1_606' title='bbox 189 5064 310 5124; x_wconf 81' lang='lat' dir='ltr'>ergo</span> <span class='ocrx_word' id='word_1_607' title='bbox 339 5058 449 5116; x_wconf 90' lang='lat' dir='ltr'>vita</span> <span class='ocrx_word' id='word_1_608' title='bbox 493 5059 613 5129; x_wconf 90' lang='lat' dir='ltr'>ejus</span> <span class='ocrx_word' id='word_1_609' title='bbox 660 5058 878 5131; x_wconf 87' lang='lat' dir='ltr'>dignior</span> <span class='ocrx_word' id='word_1_610' title='bbox 933 5056 1154 5114; x_wconf 85' lang='lat' dir='ltr'>inﬁnitis</span> <span class='ocrx_word' id='word_1_611' title='bbox 1214 5059 1447 5125; x_wconf 84' lang='lat' dir='ltr'>mundis,</span> <span class='ocrx_word' id='word_1_612' title='bbox 1506 5059 1580 5114; x_wconf 89' lang='lat' dir='ltr'>ita</span> <span class='ocrx_word' id='word_1_613' title='bbox 1632 5074 1779 5114; x_wconf 88' lang='lat' dir='ltr'>mors</span> 
     </span>
    </p>
   </div>
   <div class='ocr_carea' id='block_1_74' title="bbox 189 5136 1772 5221">
    <p class='ocr_par' dir='ltr' id='par_1_74' title="bbox 189 5136 1772 5221">
     <span class='ocr_line' id='line_1_75' title="bbox 189 5136 1772 5221; baseline 0.007 -30"><span class='ocrx_word' id='word_1_614' title='bbox 189 5136 302 5198; x_wconf 93' lang='lat' dir='ltr'>ideo</span> <span class='ocrx_word' id='word_1_615' title='bbox 328 5146 495 5221; x_wconf 85' lang='lat' dir='ltr'>longe</span> <span class='ocrx_word' id='word_1_616' title='bbox 526 5148 812 5219; x_wconf 85' lang='lat' dir='ltr'>pretiosior</span> <span class='ocrx_word' id='word_1_617' title='bbox 841 5147 961 5214; x_wconf 90' lang='lat' dir='ltr'>fuit,</span> <span class='ocrx_word' id='word_1_618' title='bbox 1006 5147 1492 5203; x_wconf 89' lang='lat' dir='ltr'>innumerabilibus</span> <span class='ocrx_word' id='word_1_619' title='bbox 1519 5148 1772 5215; x_wconf 89' lang='lat' dir='ltr'>mundis;</span> 
     </span>
    </p>
   </div>
   <div class='ocr_carea' id='block_1_75' title="bbox 190 5232 1383 5316">
    <p class='ocr_par' dir='ltr' id='par_1_75' title="bbox 190 5232 1383 5316">
     <span class='ocr_line' id='line_1_76' title="bbox 190 5232 1383 5316; baseline 0.003 -21"><span class='ocrx_word' id='word_1_620' title='bbox 190 5232 301 5296; x_wconf 85' lang='lat' dir='ltr'>ideo</span> <span class='ocrx_word' id='word_1_621' title='bbox 328 5245 536 5301; x_wconf 77' lang='lat' dir='ltr'>suffecit</span> <span class='ocrx_word' id='word_1_622' title='bbox 564 5244 633 5300; x_wconf 92' lang='lat' dir='ltr'>ad</span> <span class='ocrx_word' id='word_1_623' title='bbox 660 5245 1090 5316; x_wconf 89' lang='lat' dir='ltr'>redemptionem</span> <span class='ocrx_word' id='word_1_624' title='bbox 1121 5246 1383 5300; x_wconf 91' lang='lat' dir='ltr'>omnium.</span> 
     </span>
    </p>
   </div>
   <div class='ocr_carea' id='block_1_76' title="bbox 251 5336 1771 5415">
    <p class='ocr_par' dir='ltr' id='par_1_76' title="bbox 251 5336 1771 5415">
     <span class='ocr_line' id='line_1_77' title="bbox 251 5336 1771 5415; baseline 0.001 -21"><span class='ocrx_word' id='word_1_625' title='bbox 251 5336 386 5407; x_wconf 85' lang='lat' dir='ltr'>Quot</span> <span class='ocrx_word' id='word_1_626' title='bbox 425 5351 609 5399; x_wconf 91' lang='lat' dir='ltr'>autem</span> <span class='ocrx_word' id='word_1_627' title='bbox 662 5343 822 5397; x_wconf 88' lang='lat' dir='ltr'>horas</span> <span class='ocrx_word' id='word_1_628' title='bbox 880 5342 978 5397; x_wconf 87' lang='lat' dir='ltr'>fuit</span> <span class='ocrx_word' id='word_1_629' title='bbox 1033 5349 1275 5398; x_wconf 90' lang='lat' dir='ltr'>mortuus</span> <span class='ocrx_word' id='word_1_630' title='bbox 1304 5343 1334 5396; x_wconf 83' lang='lat'><strong>?</strong></span> <span class='ocrx_word' id='word_1_631' title='bbox 1380 5341 1771 5415; x_wconf 83' lang='lat' dir='ltr'>Quadraginta-</span> 
     </span>
    </p>
   </div>
   <div class='ocr_carea' id='block_1_77' title="bbox 191 5418 1776 5503">
    <p class='ocr_par' dir='ltr' id='par_1_77' title="bbox 191 5418 1776 5503">
     <span class='ocr_line' id='line_1_78' title="bbox 191 5418 1776 5503; baseline -0.004 -13"><span class='ocrx_word' id='word_1_632' title='bbox 191 5418 355 5490; x_wconf 79' lang='lat' dir='ltr'>Quare</span> <span class='ocrx_word' id='word_1_633' title='bbox 381 5434 408 5487; x_wconf 65' lang='grc' dir='ltr'>εν</span> <span class='ocrx_word' id='word_1_634' title='bbox 439 5432 511 5489; x_wconf 84' lang='lat' dir='ltr'>Ut</span> <span class='ocrx_word' id='word_1_635' title='bbox 537 5438 765 5501; x_wconf 88' lang='lat' dir='ltr'>quatuor</span> <span class='ocrx_word' id='word_1_636' title='bbox 793 5437 971 5503; x_wconf 88' lang='lat' dir='ltr'>partes</span> <span class='ocrx_word' id='word_1_637' title='bbox 1019 5446 1141 5501; x_wconf 63' lang='lat' dir='ltr'>qua;</span> <span class='ocrx_word' id='word_1_638' title='bbox 1196 5431 1252 5485; x_wconf 92' lang='lat' dir='ltr'>in</span> <span class='ocrx_word' id='word_1_639' title='bbox 1307 5432 1581 5503; x_wconf 85' lang='lat' dir='ltr'>Decalogo</span> <span class='ocrx_word' id='word_1_640' title='bbox 1640 5430 1776 5503; x_wconf 86' lang='lat' dir='ltr'>legis</span> 
     </span>
    </p>
   </div>
   <div class='ocr_carea' id='block_1_78' title="bbox 189 5517 1774 5588">
    <p class='ocr_par' dir='ltr' id='par_1_78' title="bbox 189 5517 1774 5588">
     <span class='ocr_line' id='line_1_79' title="bbox 189 5517 1774 5588; baseline 0 -16"><span class='ocrx_word' id='word_1_641' title='bbox 189 5524 327 5572; x_wconf 72' lang='lat' dir='ltr'>erant</span> <span class='ocrx_word' id='word_1_642' title='bbox 380 5529 610 5577; x_wconf 68' lang='lat' dir='ltr'>mortuae</span> <span class='ocrx_word' id='word_1_643' title='bbox 666 5518 980 5575; x_wconf 85' lang='lat' dir='ltr'>viviﬁcaret.</span> <span class='ocrx_word' id='word_1_644' title='bbox 1041 5518 1145 5588; x_wconf 91' lang='lat' dir='ltr'>Qui</span> <span class='ocrx_word' id='word_1_645' title='bbox 1204 5535 1333 5575; x_wconf 89' lang='lat' dir='ltr'>vero</span> <span class='ocrx_word' id='word_1_646' title='bbox 1402 5517 1774 5575; x_wconf 83' lang='lat' dir='ltr'>cruciﬁxerunt</span> 
     </span>
    </p>
   </div>
   <div class='ocr_carea' id='block_1_79' title="bbox 191 5616 1773 5689">
    <p class='ocr_par' dir='ltr' id='par_1_79' title="bbox 191 5616 1773 5689">
     <span class='ocr_line' id='line_1_80' title="bbox 191 5616 1773 5689; baseline 0 -20"><span class='ocrx_word' id='word_1_647' title='bbox 191 5621 299 5667; x_wconf 80' lang='lat' dir='ltr'>eum</span> <span class='ocrx_word' id='word_1_648' title='bbox 326 5618 353 5669; x_wconf 68' lang='grc' dir='ltr'>ε)</span> <span class='ocrx_word' id='word_1_649' title='bbox 381 5619 522 5689; x_wconf 89' lang='lat' dir='ltr'>Quia</span> <span class='ocrx_word' id='word_1_650' title='bbox 551 5633 649 5689; x_wconf 92' lang='lat' dir='ltr'>pro</span> <span class='ocrx_word' id='word_1_651' title='bbox 678 5617 879 5673; x_wconf 69' lang='lat' dir='ltr'>Iudaeis</span> <span class='ocrx_word' id='word_1_652' title='bbox 906 5625 959 5672; x_wconf 89' lang='lat' dir='ltr'>et</span> <span class='ocrx_word' id='word_1_653' title='bbox 988 5617 1247 5689; x_wconf 89' lang='lat' dir='ltr'>gentibus</span> <span class='ocrx_word' id='word_1_654' title='bbox 1275 5618 1411 5673; x_wconf 90' lang='lat' dir='ltr'>mori</span> <span class='ocrx_word' id='word_1_655' title='bbox 1443 5616 1632 5685; x_wconf 90' lang='lat' dir='ltr'>voluit,</span> <span class='ocrx_word' id='word_1_656' title='bbox 1674 5616 1773 5670; x_wconf 85' lang='lat' dir='ltr'>Ju-</span> 
     </span>
    </p>
   </div>
   <div class='ocr_carea' id='block_1_80' title="bbox 191 5694 1771 5778">
    <p class='ocr_par' dir='ltr' id='par_1_80' title="bbox 191 5694 1771 5778">
     <span class='ocr_line' id='line_1_81' title="bbox 191 5694 1771 5778; baseline 0.006 -30"><span class='ocrx_word' id='word_1_657' title='bbox 191 5694 283 5754; x_wconf 69' lang='lat' dir='ltr'>daei</span> <span class='ocrx_word' id='word_1_658' title='bbox 308 5717 536 5764; x_wconf 89' lang='lat' dir='ltr'>mortem</span> <span class='ocrx_word' id='word_1_659' title='bbox 569 5706 687 5776; x_wconf 89' lang='lat' dir='ltr'>ejus</span> <span class='ocrx_word' id='word_1_660' title='bbox 715 5705 983 5761; x_wconf 88' lang='lat' dir='ltr'>consiliati</span> <span class='ocrx_word' id='word_1_661' title='bbox 1012 5712 1152 5774; x_wconf 85' lang='lat' dir='ltr'>sunt,</span> <span class='ocrx_word' id='word_1_662' title='bbox 1177 5706 1377 5778; x_wconf 84' lang='lat' dir='ltr'>pagani</span> <span class='ocrx_word' id='word_1_663' title='bbox 1420 5713 1597 5760; x_wconf 86' lang='lat' dir='ltr'>autem</span> <span class='ocrx_word' id='word_1_664' title='bbox 1644 5721 1771 5759; x_wconf 90' lang='lat' dir='ltr'>cru-</span> 
     </span>
    </p>
   </div>
   <div class='ocr_carea' id='block_1_81' title="bbox 191 5783 1763 5867">
    <p class='ocr_par' dir='ltr' id='par_1_81' title="bbox 191 5783 1763 5867">
     <span class='ocr_line' id='line_1_82' title="bbox 191 5783 1763 5867; baseline 0.001 -21"><span class='ocrx_word' id='word_1_665' title='bbox 191 5783 444 5853; x_wconf 73' lang='lat' dir='ltr'>ciﬁxerunt</span> <span class='ocrx_word' id='word_1_666' title='bbox 474 5811 622 5853; x_wconf 89' lang='lat' dir='ltr'>eum.</span> <span class='ocrx_word' id='word_1_667' title='bbox 656 5797 776 5867; x_wconf 89' lang='lat' dir='ltr'>Ipse</span> <span class='ocrx_word' id='word_1_668' title='bbox 809 5795 989 5866; x_wconf 89' lang='lat' dir='ltr'>itaque</span> <span class='ocrx_word' id='word_1_669' title='bbox 1023 5795 1263 5851; x_wconf 89' lang='lat' dir='ltr'>Christus</span> <span class='ocrx_word' id='word_1_670' title='bbox 1309 5796 1442 5849; x_wconf 92' lang='lat' dir='ltr'>duas</span> <span class='ocrx_word' id='word_1_671' title='bbox 1478 5801 1660 5849; x_wconf 90' lang='lat' dir='ltr'>noctes</span> <span class='ocrx_word' id='word_1_672' title='bbox 1709 5801 1763 5847; x_wconf 90' lang='lat' dir='ltr'>et</span> 
     </span>
    </p>
   </div>
   <div class='ocr_carea' id='block_1_82' title="bbox 1889 3286 3479 3358">
    <p class='ocr_par' dir='ltr' id='par_1_82' title="bbox 1889 3286 3479 3358">
     <span class='ocr_line' id='line_1_83' title="bbox 1889 3286 3479 3358; baseline -0.001 -17"><span class='ocrx_word' id='word_1_673' title='bbox 1889 3294 1990 3351; x_wconf 90' lang='lat' dir='ltr'>tur,</span> <span class='ocrx_word' id='word_1_674' title='bbox 2017 3287 2072 3339; x_wconf 91' lang='lat' dir='ltr'>in</span> <span class='ocrx_word' id='word_1_675' title='bbox 2101 3287 2329 3358; x_wconf 87' lang='lat' dir='ltr'>glaciem</span> <span class='ocrx_word' id='word_1_676' title='bbox 2360 3294 2671 3342; x_wconf 89' lang='lat' dir='ltr'>verteretur.</span> <span class='ocrx_word' id='word_1_677' title='bbox 2724 3288 2803 3341; x_wconf 89' lang='lat' dir='ltr'>De</span> <span class='ocrx_word' id='word_1_678' title='bbox 2850 3287 2932 3341; x_wconf 88' lang='lat' dir='ltr'>his</span> <span class='ocrx_word' id='word_1_679' title='bbox 2980 3286 3189 3342; x_wconf 88' lang='lat' dir='ltr'>duabus</span> <span class='ocrx_word' id='word_1_680' title='bbox 3241 3286 3479 3341; x_wconf 89' lang='lat' dir='ltr'>dicitur:</span> 
     </span>
    </p>
   </div>
   <div class='ocr_carea' id='block_1_83' title="bbox 1896 3383 3489 3455">
    <p class='ocr_par' dir='ltr' id='par_1_83' title="bbox 1896 3383 3489 3455">
     <span class='ocr_line' id='line_1_84' title="bbox 1896 3383 3489 3455; baseline 0.003 -20"><span class='ocrx_word' id='word_1_681' title='bbox 1896 3407 1918 3435; x_wconf 75' lang='grc' dir='ltr'>«ι</span> <span class='ocrx_word' id='word_1_682' title='bbox 1952 3386 2131 3440; x_wconf 87' lang='lat' dir='ltr'>Fletus</span> <span class='ocrx_word' id='word_1_683' title='bbox 2155 3392 2207 3439; x_wconf 92' lang='lat' dir='ltr'>et</span> <span class='ocrx_word' id='word_1_684' title='bbox 2233 3384 2427 3439; x_wconf 90' lang='lat' dir='ltr'>stridor</span> <span class='ocrx_word' id='word_1_685' title='bbox 2473 3385 2714 3440; x_wconf 90' lang='lat' dir='ltr'>dentium</span> <span class='ocrx_word' id='word_1_686' title='bbox 2763 3384 2992 3453; x_wconf 81' lang='lat' dir='ltr'>(Matth.</span> <span class='ocrx_word' id='word_1_687' title='bbox 3048 3383 3191 3455; x_wconf 86' lang='lat' dir='ltr'>vm).</span> <span class='ocrx_word' id='word_1_688' title='bbox 3235 3405 3257 3432; x_wconf 76' lang='grc' dir='ltr'>ι)</span> <span class='ocrx_word' id='word_1_689' title='bbox 3310 3384 3489 3440; x_wconf 87' lang='lat' dir='ltr'>Tertia</span> 
     </span>
    </p>
   </div>
   <div class='ocr_carea' id='block_1_84' title="bbox 1892 3473 3482 3543">
    <p class='ocr_par' dir='ltr' id='par_1_84' title="bbox 1892 3473 3482 3543">
     <span class='ocr_line' id='line_1_85' title="bbox 1892 3473 3482 3543; baseline -0.003 -12"><span class='ocrx_word' id='word_1_690' title='bbox 1892 3490 2104 3531; x_wconf 86' lang='lat' dir='ltr'>vermes</span> <span class='ocrx_word' id='word_1_691' title='bbox 2137 3473 2487 3539; x_wconf 88' lang='lat' dir='ltr'>immortales,</span> <span class='ocrx_word' id='word_1_692' title='bbox 2519 3474 2575 3528; x_wconf 89' lang='lat' dir='ltr'>id</span> <span class='ocrx_word' id='word_1_693' title='bbox 2631 3482 2709 3529; x_wconf 90' lang='lat' dir='ltr'>est</span> <span class='ocrx_word' id='word_1_694' title='bbox 2765 3481 3042 3543; x_wconf 87' lang='lat' dir='ltr'>serpentes</span> <span class='ocrx_word' id='word_1_695' title='bbox 3095 3481 3148 3528; x_wconf 88' lang='lat' dir='ltr'>et</span> <span class='ocrx_word' id='word_1_696' title='bbox 3201 3473 3482 3540; x_wconf 89' lang='lat' dir='ltr'>dracones,</span> 
     </span>
    </p>
   </div>
   <div class='ocr_carea' id='block_1_85' title="bbox 1889 3562 3489 3633">
    <p class='ocr_par' dir='ltr' id='par_1_85' title="bbox 1889 3562 3489 3633">
     <span class='ocr_line' id='line_1_86' title="bbox 1889 3562 3489 3633; baseline 0 -16"><span class='ocrx_word' id='word_1_697' title='bbox 1889 3562 2007 3618; x_wconf 89' lang='lat' dir='ltr'>visu</span> <span class='ocrx_word' id='word_1_698' title='bbox 2038 3571 2091 3617; x_wconf 90' lang='lat' dir='ltr'>et</span> <span class='ocrx_word' id='word_1_699' title='bbox 2117 3563 2275 3617; x_wconf 91' lang='lat' dir='ltr'>sibilo</span> <span class='ocrx_word' id='word_1_700' title='bbox 2307 3563 2590 3617; x_wconf 90' lang='lat' dir='ltr'>horribiles</span> <span class='ocrx_word' id='word_1_701' title='bbox 2621 3582 2633 3617; x_wconf 92' lang='lat'>:</span> <span class='ocrx_word' id='word_1_702' title='bbox 2671 3563 2761 3633; x_wconf 90' lang='lat' dir='ltr'>qui</span> <span class='ocrx_word' id='word_1_703' title='bbox 2790 3570 2848 3617; x_wconf 90' lang='lat' dir='ltr'>ut</span> <span class='ocrx_word' id='word_1_704' title='bbox 2888 3563 3063 3632; x_wconf 89' lang='lat' dir='ltr'>pisces</span> <span class='ocrx_word' id='word_1_705' title='bbox 3109 3563 3163 3616; x_wconf 92' lang='lat' dir='ltr'>in</span> <span class='ocrx_word' id='word_1_706' title='bbox 3210 3578 3369 3631; x_wconf 89' lang='lat' dir='ltr'>aqua,</span> <span class='ocrx_word' id='word_1_707' title='bbox 3415 3562 3489 3617; x_wconf 90' lang='lat' dir='ltr'>ita</span> 
     </span>
    </p>
   </div>
   <div class='ocr_carea' id='block_1_86' title="bbox 1888 3659 3477 3731">
    <p class='ocr_par' dir='ltr' id='par_1_86' title="bbox 1888 3659 3477 3731">
     <span class='ocr_line' id='line_1_87' title="bbox 1888 3659 3477 3731; baseline -0.002 -14"><span class='ocrx_word' id='word_1_708' title='bbox 1888 3661 2079 3717; x_wconf 86' lang='lat' dir='ltr'>vivunt</span> <span class='ocrx_word' id='word_1_709' title='bbox 2107 3660 2162 3714; x_wconf 92' lang='lat' dir='ltr'>in</span> <span class='ocrx_word' id='word_1_710' title='bbox 2190 3660 2431 3716; x_wconf 88' lang='lat' dir='ltr'>ﬂamma.</span> <span class='ocrx_word' id='word_1_711' title='bbox 2463 3660 2664 3729; x_wconf 88' lang='lat' dir='ltr'>Quarta</span> <span class='ocrx_word' id='word_1_712' title='bbox 2706 3668 2785 3715; x_wconf 90' lang='lat' dir='ltr'>est</span> <span class='ocrx_word' id='word_1_713' title='bbox 2832 3660 2971 3715; x_wconf 87' lang='lat' dir='ltr'>fetor</span> <span class='ocrx_word' id='word_1_714' title='bbox 3017 3659 3477 3731; x_wconf 90' lang='lat' dir='ltr'>incomparabilis.</span> 
     </span>
    </p>
   </div>
   <div class='ocr_carea' id='block_1_87' title="bbox 1889 3749 3484 3819">
    <p class='ocr_par' dir='ltr' id='par_1_87' title="bbox 1889 3749 3484 3819">
     <span class='ocr_line' id='line_1_88' title="bbox 1889 3749 3484 3819; baseline -0.001 -16"><span class='ocrx_word' id='word_1_715' title='bbox 1889 3749 2107 3819; x_wconf 88' lang='lat' dir='ltr'>Quinta,</span> <span class='ocrx_word' id='word_1_716' title='bbox 2141 3749 2310 3819; x_wconf 85' lang='lat' dir='ltr'>ﬂagra</span> <span class='ocrx_word' id='word_1_717' title='bbox 2341 3750 2683 3817; x_wconf 71' lang='lat' dir='ltr'>caedentium,</span> <span class='ocrx_word' id='word_1_718' title='bbox 2714 3757 2772 3803; x_wconf 91' lang='lat' dir='ltr'>ut</span> <span class='ocrx_word' id='word_1_719' title='bbox 2814 3749 2996 3803; x_wconf 90' lang='lat' dir='ltr'>mallei</span> <span class='ocrx_word' id='word_1_720' title='bbox 3044 3749 3244 3803; x_wconf 86' lang='lat' dir='ltr'>ferrum</span> <span class='ocrx_word' id='word_1_721' title='bbox 3287 3764 3484 3819; x_wconf 88' lang='lat' dir='ltr'>percu-</span> 
     </span>
    </p>
   </div>
   <div class='ocr_carea' id='block_1_88' title="bbox 1890 3837 3481 3910">
    <p class='ocr_par' dir='ltr' id='par_1_88' title="bbox 1890 3837 3481 3910">
     <span class='ocr_line' id='line_1_89' title="bbox 1890 3837 3481 3910; baseline -0.001 -17"><span class='ocrx_word' id='word_1_722' title='bbox 1890 3839 2153 3893; x_wconf 89' lang='lat' dir='ltr'>tientium.</span> <span class='ocrx_word' id='word_1_723' title='bbox 2216 3839 2379 3893; x_wconf 83' lang='lat' dir='ltr'>Sexta</span> <span class='ocrx_word' id='word_1_724' title='bbox 2438 3837 2673 3893; x_wconf 73' lang='lat' dir='ltr'>tenebrm</span> <span class='ocrx_word' id='word_1_725' title='bbox 2726 3838 3043 3910; x_wconf 84' lang='lat' dir='ltr'>palpabiles,</span> <span class='ocrx_word' id='word_1_726' title='bbox 3119 3844 3178 3891; x_wconf 89' lang='lat' dir='ltr'>ut</span> <span class='ocrx_word' id='word_1_727' title='bbox 3245 3837 3481 3892; x_wconf 88' lang='lat' dir='ltr'>dicitur:</span> 
     </span>
    </p>
   </div>
   <div class='ocr_carea' id='block_1_89' title="bbox 1895 3933 3479 4003">
    <p class='ocr_par' dir='ltr' id='par_1_89' title="bbox 1895 3933 3479 4003">
     <span class='ocr_line' id='line_1_90' title="bbox 1895 3933 3479 4003; baseline -0.002 -14"><span class='ocrx_word' id='word_1_728' title='bbox 1895 3959 1917 3984; x_wconf 77' lang='grc' dir='ltr'>α</span> <span class='ocrx_word' id='word_1_729' title='bbox 1952 3937 2114 3990; x_wconf 88' lang='lat' dir='ltr'>Terra</span> <span class='ocrx_word' id='word_1_730' title='bbox 2143 3936 2480 3990; x_wconf 86' lang='lat' dir='ltr'>tenebrarum</span> <span class='ocrx_word' id='word_1_731' title='bbox 2513 3935 2603 3988; x_wconf 91' lang='lat' dir='ltr'>ubi</span> <span class='ocrx_word' id='word_1_732' title='bbox 2637 3936 2812 3989; x_wconf 89' lang='lat' dir='ltr'>nullus</span> <span class='ocrx_word' id='word_1_733' title='bbox 2842 3935 2993 4001; x_wconf 90' lang='lat' dir='ltr'>ordo,</span> <span class='ocrx_word' id='word_1_734' title='bbox 3046 3933 3139 3989; x_wconf 86' lang='lat' dir='ltr'>sed</span> <span class='ocrx_word' id='word_1_735' title='bbox 3187 3934 3479 4003; x_wconf 89' lang='lat' dir='ltr'>sempiter-</span> 
     </span>
    </p>
   </div>
   <div class='ocr_carea' id='block_1_90' title="bbox 1889 4022 3482 4094">
    <p class='ocr_par' dir='ltr' id='par_1_90' title="bbox 1889 4022 3482 4094">
     <span class='ocr_line' id='line_1_91' title="bbox 1889 4022 3482 4094; baseline -0.002 -15"><span class='ocrx_word' id='word_1_736' title='bbox 1889 4041 2008 4079; x_wconf 90' lang='lat' dir='ltr'>mus</span> <span class='ocrx_word' id='word_1_737' title='bbox 2038 4028 2225 4079; x_wconf 90' lang='lat' dir='ltr'>horror</span> <span class='ocrx_word' id='word_1_738' title='bbox 2252 4024 2515 4078; x_wconf 87' lang='lat' dir='ltr'>inhabitat</span> <span class='ocrx_word' id='word_1_739' title='bbox 2545 4023 2682 4089; x_wconf 84' lang='lat' dir='ltr'>(Job.</span> <span class='ocrx_word' id='word_1_740' title='bbox 2733 4026 2812 4094; x_wconf 72' lang='grc' dir='ltr'>Χ).</span> <span class='ocrx_word' id='word_1_741' title='bbox 2849 4044 2870 4071; x_wconf 74' lang='grc' dir='ltr'>υ</span> <span class='ocrx_word' id='word_1_742' title='bbox 2928 4023 3187 4094; x_wconf 87' lang='lat' dir='ltr'>Septima,</span> <span class='ocrx_word' id='word_1_743' title='bbox 3239 4022 3482 4077; x_wconf 85' lang='lat' dir='ltr'>confusio</span> 
     </span>
    </p>
   </div>
   <div class='ocr_carea' id='block_1_91' title="bbox 1889 4111 3483 4184">
    <p class='ocr_par' dir='ltr' id='par_1_91' title="bbox 1889 4111 3483 4184">
     <span class='ocr_line' id='line_1_92' title="bbox 1889 4111 3483 4184; baseline -0.001 -18"><span class='ocrx_word' id='word_1_744' title='bbox 1889 4122 2252 4184; x_wconf 84' lang='lat' dir='ltr'>peccatorum,</span> <span class='ocrx_word' id='word_1_745' title='bbox 2287 4129 2391 4181; x_wconf 92' lang='lat' dir='ltr'>qua</span> <span class='ocrx_word' id='word_1_746' title='bbox 2421 4113 2604 4166; x_wconf 90' lang='lat' dir='ltr'>omnia</span> <span class='ocrx_word' id='word_1_747' title='bbox 2634 4113 2707 4166; x_wconf 92' lang='lat' dir='ltr'>ibi</span> <span class='ocrx_word' id='word_1_748' title='bbox 2758 4111 3011 4166; x_wconf 90' lang='lat' dir='ltr'>omnibus</span> <span class='ocrx_word' id='word_1_749' title='bbox 3057 4118 3260 4182; x_wconf 89' lang='lat' dir='ltr'>patent,</span> <span class='ocrx_word' id='word_1_750' title='bbox 3321 4118 3373 4165; x_wconf 92' lang='lat' dir='ltr'>et</span> <span class='ocrx_word' id='word_1_751' title='bbox 3426 4126 3483 4164; x_wconf 90' lang='lat' dir='ltr'>se</span> 
     </span>
    </p>
   </div>
   <div class='ocr_carea' id='block_1_92' title="bbox 1888 4207 3483 4275">
    <p class='ocr_par' dir='ltr' id='par_1_92' title="bbox 1888 4207 3483 4275">
     <span class='ocr_line' id='line_1_93' title="bbox 1888 4207 3483 4275; baseline -0.001 -10"><span class='ocrx_word' id='word_1_752' title='bbox 1888 4210 2220 4265; x_wconf 84' lang='lat' dir='ltr'>abscondere</span> <span class='ocrx_word' id='word_1_753' title='bbox 2249 4226 2357 4264; x_wconf 92' lang='lat' dir='ltr'>non</span> <span class='ocrx_word' id='word_1_754' title='bbox 2386 4210 2584 4264; x_wconf 87' lang='lat' dir='ltr'>valent.</span> <span class='ocrx_word' id='word_1_755' title='bbox 2620 4210 2841 4275; x_wconf 86' lang='lat' dir='ltr'>Octava,</span> <span class='ocrx_word' id='word_1_756' title='bbox 2876 4209 3147 4264; x_wconf 90' lang='lat' dir='ltr'>horribilis</span> <span class='ocrx_word' id='word_1_757' title='bbox 3183 4208 3318 4266; x_wconf 89' lang='lat' dir='ltr'>visio</span> <span class='ocrx_word' id='word_1_758' title='bbox 3366 4207 3483 4263; x_wconf 73' lang='lat' dir='ltr'>dte—</span> 
     </span>
    </p>
   </div>
   <div class='ocr_carea' id='block_1_93' title="bbox 1888 4297 3483 4369">
    <p class='ocr_par' dir='ltr' id='par_1_93' title="bbox 1888 4297 3483 4369">
     <span class='ocr_line' id='line_1_94' title="bbox 1888 4297 3483 4369; baseline -0.001 -17"><span class='ocrx_word' id='word_1_759' title='bbox 1888 4315 2110 4353; x_wconf 83' lang='lat' dir='ltr'>monum</span> <span class='ocrx_word' id='word_1_760' title='bbox 2142 4306 2195 4352; x_wconf 86' lang='lat' dir='ltr'>et</span> <span class='ocrx_word' id='word_1_761' title='bbox 2223 4298 2514 4353; x_wconf 89' lang='lat' dir='ltr'>draconum</span> <span class='ocrx_word' id='word_1_762' title='bbox 2547 4315 2681 4368; x_wconf 88' lang='lat' dir='ltr'>quos</span> <span class='ocrx_word' id='word_1_763' title='bbox 2725 4299 2908 4369; x_wconf 88' lang='lat' dir='ltr'>ignem</span> <span class='ocrx_word' id='word_1_764' title='bbox 2955 4298 3239 4353; x_wconf 88' lang='lat' dir='ltr'>scintillare</span> <span class='ocrx_word' id='word_1_765' title='bbox 3276 4297 3483 4366; x_wconf 84' lang='lat' dir='ltr'>vident,</span> 
     </span>
    </p>
   </div>
   <div class='ocr_carea' id='block_1_94' title="bbox 1891 4386 3486 4442">
    <p class='ocr_par' dir='ltr' id='par_1_94' title="bbox 1891 4386 3486 4442">
     <span class='ocr_line' id='line_1_95' title="bbox 1891 4386 3486 4442; baseline -0.001 -1"><span class='ocrx_word' id='word_1_766' title='bbox 1891 4396 1943 4441; x_wconf 92' lang='lat' dir='ltr'>et</span> <span class='ocrx_word' id='word_1_767' title='bbox 1972 4387 2292 4441; x_wconf 90' lang='lat' dir='ltr'>miserabilis</span> <span class='ocrx_word' id='word_1_768' title='bbox 2320 4388 2525 4442; x_wconf 88' lang='lat' dir='ltr'>clamor</span> <span class='ocrx_word' id='word_1_769' title='bbox 2549 4387 2788 4442; x_wconf 90' lang='lat' dir='ltr'>ﬂentium</span> <span class='ocrx_word' id='word_1_770' title='bbox 2821 4395 2870 4441; x_wconf 89' lang='lat' dir='ltr'>et</span> <span class='ocrx_word' id='word_1_771' title='bbox 2902 4386 3286 4441; x_wconf 72' lang='lat' dir='ltr'>insultantium.</span> <span class='ocrx_word' id='word_1_772' title='bbox 3309 4386 3486 4441; x_wconf 86' lang='lat' dir='ltr'>Noma</span> 
     </span>
    </p>
   </div>
   <div class='ocr_carea' id='block_1_95' title="bbox 1889 4481 3483 4555">
    <p class='ocr_par' dir='ltr' id='par_1_95' title="bbox 1889 4481 3483 4555">
     <span class='ocr_line' id='line_1_96' title="bbox 1889 4481 3483 4555; baseline -0.003 -16"><span class='ocrx_word' id='word_1_773' title='bbox 1889 4492 2011 4539; x_wconf 91' lang='lat' dir='ltr'>sunt</span> <span class='ocrx_word' id='word_1_774' title='bbox 2042 4484 2201 4555; x_wconf 86' lang='lat' dir='ltr'>ignea</span> <span class='ocrx_word' id='word_1_775' title='bbox 2239 4483 2454 4537; x_wconf 90' lang='lat' dir='ltr'>vincula</span> <span class='ocrx_word' id='word_1_776' title='bbox 2504 4481 2701 4552; x_wconf 85' lang='lat' dir='ltr'>quibus</span> <span class='ocrx_word' id='word_1_777' title='bbox 2754 4482 2982 4553; x_wconf 86' lang='lat' dir='ltr'>singulis</span> <span class='ocrx_word' id='word_1_778' title='bbox 3038 4482 3296 4536; x_wconf 90' lang='lat' dir='ltr'>membris</span> <span class='ocrx_word' id='word_1_779' title='bbox 3346 4497 3483 4536; x_wconf 89' lang='lat' dir='ltr'>con-</span> 
     </span>
    </p>
   </div>
   <div class='ocr_carea' id='block_1_96' title="bbox 1804 4570 3482 4666">
    <p class='ocr_par' dir='ltr' id='par_1_96' title="bbox 1804 4570 3482 4666">
     <span class='ocr_line' id='line_1_97' title="bbox 1804 4570 3482 4666; baseline -0.002 -39"><span class='ocrx_word' id='word_1_780' title='bbox 1804 4605 1858 4666; x_wconf 84' lang='lat' dir='ltr'><strong>D</strong></span> <span class='ocrx_word' id='word_1_781' title='bbox 1890 4573 2246 4643; x_wconf 90' lang='lat' dir='ltr'>stringuntur.</span> <span class='ocrx_word' id='word_1_782' title='bbox 2286 4570 2464 4639; x_wconf 85' lang='lat' dir='ltr'>Quare</span> <span class='ocrx_word' id='word_1_783' title='bbox 2514 4579 2693 4625; x_wconf 89' lang='lat' dir='ltr'>autem</span> <span class='ocrx_word' id='word_1_784' title='bbox 2747 4578 2822 4625; x_wconf 89' lang='lat' dir='ltr'>tot</span> <span class='ocrx_word' id='word_1_785' title='bbox 2868 4571 3111 4625; x_wconf 91' lang='lat' dir='ltr'>miserias</span> <span class='ocrx_word' id='word_1_786' title='bbox 3156 4571 3482 4642; x_wconf 75' lang='lat' dir='ltr'>patiuntur?</span> 
     </span>
    </p>
   </div>
   <div class='ocr_carea' id='block_1_97' title="bbox 1889 4658 3483 4731">
    <p class='ocr_par' dir='ltr' id='par_1_97' title="bbox 1889 4658 3483 4731">
     <span class='ocr_line' id='line_1_98' title="bbox 1889 4658 3483 4731; baseline -0.001 -16"><span class='ocrx_word' id='word_1_787' title='bbox 1889 4661 2028 4731; x_wconf 90' lang='lat' dir='ltr'>Quia</span> <span class='ocrx_word' id='word_1_788' title='bbox 2080 4660 2408 4716; x_wconf 90' lang='lat' dir='ltr'>consortium</span> <span class='ocrx_word' id='word_1_789' title='bbox 2464 4675 2521 4713; x_wconf 83' lang='lat' dir='ltr'>1x</span> <span class='ocrx_word' id='word_1_790' title='bbox 2577 4659 2826 4715; x_wconf 89' lang='lat' dir='ltr'>ordinum</span> <span class='ocrx_word' id='word_1_791' title='bbox 2898 4660 3269 4731; x_wconf 85' lang='lat' dir='ltr'>neglexerunt,</span> <span class='ocrx_word' id='word_1_792' title='bbox 3338 4658 3483 4728; x_wconf 87' lang='lat' dir='ltr'>juste</span> 
     </span>
    </p>
   </div>
   <div class='ocr_carea' id='block_1_98' title="bbox 1885 4756 2981 4826">
    <p class='ocr_par' dir='ltr' id='par_1_98' title="bbox 1885 4756 2981 4826">
     <span class='ocr_line' id='line_1_99' title="bbox 1885 4756 2981 4826; baseline -0.004 -12"><span class='ocrx_word' id='word_1_793' title='bbox 1885 4775 2080 4814; x_wconf 91' lang='lat' dir='ltr'>novem</span> <span class='ocrx_word' id='word_1_794' title='bbox 2115 4757 2392 4812; x_wconf 88' lang='lat' dir='ltr'>tormentis</span> <span class='ocrx_word' id='word_1_795' title='bbox 2421 4756 2582 4826; x_wconf 89' lang='lat' dir='ltr'>adjici</span> <span class='ocrx_word' id='word_1_796' title='bbox 2615 4756 2981 4811; x_wconf 88' lang='lat' dir='ltr'>merebuntur.</span> 
     </span>
    </p>
   </div>
   <div class='ocr_carea' id='block_1_99' title="bbox 1956 4881 3476 4955">
    <p class='ocr_par' dir='ltr' id='par_1_99' title="bbox 1956 4881 3476 4955">
     <span class='ocr_line' id='line_1_100' title="bbox 1956 4881 3476 4955; baseline -0.001 -17"><span class='ocrx_word' id='word_1_797' title='bbox 1956 4884 2021 4938; x_wconf 89' lang='lat' dir='ltr'>Et</span> <span class='ocrx_word' id='word_1_798' title='bbox 2045 4883 2171 4953; x_wconf 86' lang='lat' dir='ltr'>quia</span> <span class='ocrx_word' id='word_1_799' title='bbox 2198 4883 2285 4938; x_wconf 89' lang='lat' dir='ltr'>hic</span> <span class='ocrx_word' id='word_1_800' title='bbox 2315 4882 2367 4936; x_wconf 90' lang='lat' dir='ltr'>in</span> <span class='ocrx_word' id='word_1_801' title='bbox 2400 4882 2527 4955; x_wconf 90' lang='lat' dir='ltr'>igne</span> <span class='ocrx_word' id='word_1_802' title='bbox 2556 4881 3108 4953; x_wconf 88' lang='lat' dir='ltr'>eoneupiscentiarum</span> <span class='ocrx_word' id='word_1_803' title='bbox 3146 4888 3476 4948; x_wconf 83' lang='lat' dir='ltr'>exarserunt,</span> 
     </span>
    </p>
   </div>
   <div class='ocr_carea' id='block_1_100' title="bbox 1878 4976 3480 5050">
    <p class='ocr_par' dir='ltr' id='par_1_100' title="bbox 1878 4976 3480 5050">
     <span class='ocr_line' id='line_1_101' title="bbox 1878 4976 3480 5050; baseline -0.002 -17"><span class='ocrx_word' id='word_1_804' title='bbox 1878 4978 2027 5048; x_wconf 90' lang='lat' dir='ltr'>juste</span> <span class='ocrx_word' id='word_1_805' title='bbox 2056 4978 2131 5033; x_wconf 90' lang='lat' dir='ltr'>ibi</span> <span class='ocrx_word' id='word_1_806' title='bbox 2164 4979 2290 5050; x_wconf 89' lang='lat' dir='ltr'>igne</span> <span class='ocrx_word' id='word_1_807' title='bbox 2324 4977 2624 5047; x_wconf 88' lang='lat' dir='ltr'>ardebunt;</span> <span class='ocrx_word' id='word_1_808' title='bbox 2659 4977 2784 5047; x_wconf 89' lang='lat' dir='ltr'>quia</span> <span class='ocrx_word' id='word_1_809' title='bbox 2813 4992 2942 5033; x_wconf 91' lang='lat' dir='ltr'>vero</span> <span class='ocrx_word' id='word_1_810' title='bbox 2972 4984 3120 5033; x_wconf 91' lang='lat' dir='ltr'>veste</span> <span class='ocrx_word' id='word_1_811' title='bbox 3147 4977 3393 5048; x_wconf 89' lang='lat' dir='ltr'>nuptiali,</span> <span class='ocrx_word' id='word_1_812' title='bbox 3426 4976 3480 5031; x_wconf 91' lang='lat' dir='ltr'>id</span> 
     </span>
    </p>
   </div>
   <div class='ocr_carea' id='block_1_101' title="bbox 1885 5065 3480 5139">
    <p class='ocr_par' dir='ltr' id='par_1_101' title="bbox 1885 5065 3480 5139">
     <span class='ocr_line' id='line_1_102' title="bbox 1885 5065 3480 5139; baseline -0.002 -16"><span class='ocrx_word' id='word_1_813' title='bbox 1885 5076 1965 5123; x_wconf 91' lang='lat' dir='ltr'>est</span> <span class='ocrx_word' id='word_1_814' title='bbox 1991 5069 2249 5124; x_wconf 89' lang='lat' dir='ltr'>charitate</span> <span class='ocrx_word' id='word_1_815' title='bbox 2278 5067 2364 5122; x_wconf 90' lang='lat' dir='ltr'>hic</span> <span class='ocrx_word' id='word_1_816' title='bbox 2390 5066 2666 5133; x_wconf 88' lang='lat' dir='ltr'>carebant,</span> <span class='ocrx_word' id='word_1_817' title='bbox 2718 5065 2795 5121; x_wconf 92' lang='lat' dir='ltr'>ibi</span> <span class='ocrx_word' id='word_1_818' title='bbox 2840 5066 3033 5121; x_wconf 87' lang='lat' dir='ltr'>merito</span> <span class='ocrx_word' id='word_1_819' title='bbox 3091 5066 3292 5139; x_wconf 85' lang='lat' dir='ltr'>frigore</span> <span class='ocrx_word' id='word_1_820' title='bbox 3351 5066 3480 5120; x_wconf 86' lang='lat' dir='ltr'>stri-</span> 
     </span>
    </p>
   </div>
   <div class='ocr_carea' id='block_1_102' title="bbox 1883 5155 3477 5231">
    <p class='ocr_par' dir='ltr' id='par_1_102' title="bbox 1883 5155 3477 5231">
     <span class='ocr_line' id='line_1_103' title="bbox 1883 5155 3477 5231; baseline -0.001 -19"><span class='ocrx_word' id='word_1_821' title='bbox 1883 5158 2106 5212; x_wconf 88' lang='lat' dir='ltr'>debunt.</span> <span class='ocrx_word' id='word_1_822' title='bbox 2150 5157 2409 5211; x_wconf 91' lang='lat' dir='ltr'>Dicuntur</span> <span class='ocrx_word' id='word_1_823' title='bbox 2462 5171 2696 5226; x_wconf 88' lang='lat' dir='ltr'>namque</span> <span class='ocrx_word' id='word_1_824' title='bbox 2754 5155 2988 5210; x_wconf 86' lang='lat' dir='ltr'>exterius</span> <span class='ocrx_word' id='word_1_825' title='bbox 3042 5155 3169 5228; x_wconf 85' lang='lat' dir='ltr'>igne</span> <span class='ocrx_word' id='word_1_826' title='bbox 3223 5155 3477 5231; x_wconf 74' lang='lat' dir='ltr'>candere,</span> 
     </span>
    </p>
   </div>
   <div class='ocr_carea' id='block_1_103' title="bbox 1884 5253 3475 5326">
    <p class='ocr_par' dir='ltr' id='par_1_103' title="bbox 1884 5253 3475 5326">
     <span class='ocr_line' id='line_1_104' title="bbox 1884 5253 3475 5326; baseline -0.001 -18"><span class='ocrx_word' id='word_1_827' title='bbox 1884 5253 2105 5310; x_wconf 91' lang='lat' dir='ltr'>interius</span> <span class='ocrx_word' id='word_1_828' title='bbox 2134 5254 2351 5326; x_wconf 89' lang='lat' dir='ltr'>frigere,</span> <span class='ocrx_word' id='word_1_829' title='bbox 2386 5259 2443 5308; x_wconf 89' lang='lat' dir='ltr'>ut</span> <span class='ocrx_word' id='word_1_830' title='bbox 2467 5254 2671 5325; x_wconf 87' lang='lat' dir='ltr'>glacies</span> <span class='ocrx_word' id='word_1_831' title='bbox 2698 5253 2751 5307; x_wconf 91' lang='lat' dir='ltr'>in</span> <span class='ocrx_word' id='word_1_832' title='bbox 2805 5253 3004 5322; x_wconf 90' lang='lat' dir='ltr'>hieme,</span> <span class='ocrx_word' id='word_1_833' title='bbox 3058 5253 3196 5308; x_wconf 91' lang='lat' dir='ltr'>sicut</span> <span class='ocrx_word' id='word_1_834' title='bbox 3238 5253 3432 5321; x_wconf 83' lang='lat' dir='ltr'>dicitur</span> <span class='ocrx_word' id='word_1_835' title='bbox 3462 5269 3475 5306; x_wconf 91' lang='lat'><strong>:</strong></span> 
     </span>
    </p>
   </div>
   <div class='ocr_carea' id='block_1_104' title="bbox 1888 5341 3481 5412">
    <p class='ocr_par' dir='ltr' id='par_1_104' title="bbox 1888 5341 3481 5412">
     <span class='ocr_line' id='line_1_105' title="bbox 1888 5341 3481 5412; baseline -0.001 -14"><span class='ocrx_word' id='word_1_836' title='bbox 1888 5364 1911 5391; x_wconf 74' lang='grc' dir='ltr'>κ</span> <span class='ocrx_word' id='word_1_837' title='bbox 1944 5343 2239 5398; x_wconf 89' lang='lat' dir='ltr'>Transeunt</span> <span class='ocrx_word' id='word_1_838' title='bbox 2265 5342 2334 5398; x_wconf 90' lang='lat' dir='ltr'>ab</span> <span class='ocrx_word' id='word_1_839' title='bbox 2382 5343 2536 5412; x_wconf 88' lang='lat' dir='ltr'>aquis</span> <span class='ocrx_word' id='word_1_840' title='bbox 2588 5341 2793 5399; x_wconf 89' lang='lat' dir='ltr'>nivium</span> <span class='ocrx_word' id='word_1_841' title='bbox 2845 5341 2917 5397; x_wconf 91' lang='lat' dir='ltr'>ad</span> <span class='ocrx_word' id='word_1_842' title='bbox 2953 5342 3189 5398; x_wconf 88' lang='lat' dir='ltr'>calorem</span> <span class='ocrx_word' id='word_1_843' title='bbox 3253 5342 3481 5396; x_wconf 90' lang='lat' dir='ltr'>nimium</span> 
     </span>
    </p>
   </div>
   <div class='ocr_carea' id='block_1_105' title="bbox 1883 5431 3483 5502">
    <p class='ocr_par' dir='ltr' id='par_1_105' title="bbox 1883 5431 3483 5502">
     <span class='ocr_line' id='line_1_106' title="bbox 1883 5431 3483 5502; baseline -0.002 -13"><span class='ocrx_word' id='word_1_844' title='bbox 1883 5432 2019 5501; x_wconf 84' lang='lat' dir='ltr'>(Job.</span> <span class='ocrx_word' id='word_1_845' title='bbox 2052 5438 2225 5499; x_wconf 76' lang='lat' dir='ltr'>xxiv).</span> <span class='ocrx_word' id='word_1_846' title='bbox 2262 5455 2285 5479; x_wconf 67' lang='grc' dir='ltr'>η</span> <span class='ocrx_word' id='word_1_847' title='bbox 2340 5432 2405 5486; x_wconf 84' lang='grc' dir='ltr'>Εῑ</span> <span class='ocrx_word' id='word_1_848' title='bbox 2434 5431 2559 5502; x_wconf 89' lang='lat' dir='ltr'>quia</span> <span class='ocrx_word' id='word_1_849' title='bbox 2588 5431 2793 5487; x_wconf 89' lang='lat' dir='ltr'>invidia</span> <span class='ocrx_word' id='word_1_850' title='bbox 2822 5437 2875 5485; x_wconf 91' lang='lat' dir='ltr'>et</span> <span class='ocrx_word' id='word_1_851' title='bbox 2919 5432 3106 5487; x_wconf 90' lang='lat' dir='ltr'>odium</span> <span class='ocrx_word' id='word_1_852' title='bbox 3150 5431 3239 5487; x_wconf 88' lang='lat' dir='ltr'>hic</span> <span class='ocrx_word' id='word_1_853' title='bbox 3284 5447 3378 5487; x_wconf 90' lang='lat' dir='ltr'>eos</span> <span class='ocrx_word' id='word_1_854' title='bbox 3424 5438 3483 5487; x_wconf 90' lang='lat' dir='ltr'>ut</span> 
     </span>
    </p>
   </div>
   <div class='ocr_carea' id='block_1_106' title="bbox 1881 5528 3481 5597">
    <p class='ocr_par' dir='ltr' id='par_1_106' title="bbox 1881 5528 3481 5597">
     <span class='ocr_line' id='line_1_107' title="bbox 1881 5528 3481 5597; baseline -0.001 -12"><span class='ocrx_word' id='word_1_855' title='bbox 1881 5546 2092 5585; x_wconf 86' lang='lat' dir='ltr'>vermes</span> <span class='ocrx_word' id='word_1_856' title='bbox 2120 5537 2476 5597; x_wconf 84' lang='lat' dir='ltr'>corroserunt,</span> <span class='ocrx_word' id='word_1_857' title='bbox 2508 5530 2701 5585; x_wconf 89' lang='lat' dir='ltr'>merito</span> <span class='ocrx_word' id='word_1_858' title='bbox 2732 5545 2825 5586; x_wconf 91' lang='lat' dir='ltr'>eos</span> <span class='ocrx_word' id='word_1_859' title='bbox 2866 5529 2941 5585; x_wconf 91' lang='lat' dir='ltr'>ibi</span> <span class='ocrx_word' id='word_1_860' title='bbox 2999 5546 3213 5586; x_wconf 89' lang='lat' dir='ltr'>vermes</span> <span class='ocrx_word' id='word_1_861' title='bbox 3267 5528 3481 5585; x_wconf 88' lang='lat' dir='ltr'>morde-</span> 
     </span>
    </p>
   </div>
   <div class='ocr_carea' id='block_1_107' title="bbox 1880 5616 3482 5688">
    <p class='ocr_par' dir='ltr' id='par_1_107' title="bbox 1880 5616 3482 5688">
     <span class='ocr_line' id='line_1_108' title="bbox 1880 5616 3482 5688; baseline 0.001 -16"><span class='ocrx_word' id='word_1_862' title='bbox 1880 5616 2051 5685; x_wconf 89' lang='lat' dir='ltr'>bunt;</span> <span class='ocrx_word' id='word_1_863' title='bbox 2085 5619 2172 5688; x_wconf 90' lang='lat' dir='ltr'>qui</span> <span class='ocrx_word' id='word_1_864' title='bbox 2204 5627 2380 5673; x_wconf 90' lang='lat' dir='ltr'>autem</span> <span class='ocrx_word' id='word_1_865' title='bbox 2412 5619 2497 5673; x_wconf 89' lang='lat' dir='ltr'>hic</span> <span class='ocrx_word' id='word_1_866' title='bbox 2527 5620 2693 5674; x_wconf 90' lang='lat' dir='ltr'>fetore</span> <span class='ocrx_word' id='word_1_867' title='bbox 2726 5619 2951 5674; x_wconf 70' lang='lat' dir='ltr'>luxuriae</span> <span class='ocrx_word' id='word_1_868' title='bbox 2980 5619 3206 5674; x_wconf 89' lang='lat' dir='ltr'>dulciter</span> <span class='ocrx_word' id='word_1_869' title='bbox 3248 5618 3482 5675; x_wconf 88' lang='lat' dir='ltr'>delecta-</span> 
     </span>
    </p>
   </div>
   <div class='ocr_carea' id='block_1_108' title="bbox 1880 5706 3468 5778">
    <p class='ocr_par' dir='ltr' id='par_1_108' title="bbox 1880 5706 3468 5778">
     <span class='ocr_line' id='line_1_109' title="bbox 1880 5706 3468 5778; baseline -0.001 -15"><span class='ocrx_word' id='word_1_870' title='bbox 1880 5706 2094 5775; x_wconf 88' lang='lat' dir='ltr'>bantur,</span> <span class='ocrx_word' id='word_1_871' title='bbox 2120 5708 2265 5778; x_wconf 81' lang='lat' dir='ltr'>juste</span> <span class='ocrx_word' id='word_1_872' title='bbox 2294 5708 2368 5761; x_wconf 90' lang='lat' dir='ltr'>ibi</span> <span class='ocrx_word' id='word_1_873' title='bbox 2397 5708 2612 5777; x_wconf 87' lang='lat' dir='ltr'>putrido</span> <span class='ocrx_word' id='word_1_874' title='bbox 2644 5709 2810 5764; x_wconf 84' lang='lat' dir='ltr'>fetore</span> <span class='ocrx_word' id='word_1_875' title='bbox 2849 5709 3098 5763; x_wconf 89' lang='lat' dir='ltr'>atrociter</span> <span class='ocrx_word' id='word_1_876' title='bbox 3143 5708 3468 5763; x_wconf 89' lang='lat' dir='ltr'>cruciantur.</span> 
     </span>
    </p>
   </div>
   <div class='ocr_carea' id='block_1_109' title="bbox 1880 5804 3472 5877">
    <p class='ocr_par' dir='ltr' id='par_1_109' title="bbox 1880 5804 3472 5877">
     <span class='ocr_line' id='line_1_110' title="bbox 1880 5804 3472 5877; baseline -0.001 -18"><span class='ocrx_word' id='word_1_877' title='bbox 1880 5804 1945 5859; x_wconf 90' lang='lat' dir='ltr'>Et</span> <span class='ocrx_word' id='word_1_878' title='bbox 1974 5806 2098 5875; x_wconf 91' lang='lat' dir='ltr'>quia</span> <span class='ocrx_word' id='word_1_879' title='bbox 2128 5805 2214 5860; x_wconf 90' lang='lat' dir='ltr'>hic</span> <span class='ocrx_word' id='word_1_880' title='bbox 2240 5805 2580 5874; x_wconf 88' lang='lat' dir='ltr'>disciplinam</span> <span class='ocrx_word' id='word_1_881' title='bbox 2611 5807 2852 5877; x_wconf 90' lang='lat' dir='ltr'>recipere</span> <span class='ocrx_word' id='word_1_882' title='bbox 2900 5806 3204 5873; x_wconf 88' lang='lat' dir='ltr'>noluerunt,</span> <span class='ocrx_word' id='word_1_883' title='bbox 3253 5813 3306 5859; x_wconf 91' lang='lat' dir='ltr'>et</span> <span class='ocrx_word' id='word_1_884' title='bbox 3350 5820 3472 5858; x_wconf 89' lang='lat' dir='ltr'>cum</span> 
     </span>
    </p>
   </div>
   <div class='ocr_carea' id='block_1_110' title="bbox 188 5890 3473 5974">
    <p class='ocr_par' dir='ltr' id='par_1_110' title="bbox 188 5890 3473 5974">
     <span class='ocr_line' id='line_1_111' title="bbox 188 5890 3473 5974; baseline -0.002 -21"><span class='ocrx_word' id='word_1_885' title='bbox 188 5896 332 5947; x_wconf 72' lang='lat' dir='ltr'>unum</span> <span class='ocrx_word' id='word_1_886' title='bbox 351 5894 499 5957; x_wconf 87' lang='lat' dir='ltr'>diem</span> <span class='ocrx_word' id='word_1_887' title='bbox 522 5895 769 5967; x_wconf 72' lang='lat' dir='ltr'>iacuerat</span> <span class='ocrx_word' id='word_1_888' title='bbox 796 5894 854 5949; x_wconf 88' lang='lat' dir='ltr'>in</span> <span class='ocrx_word' id='word_1_889' title='bbox 879 5893 1148 5965; x_wconf 85' lang='lat' dir='ltr'>sepulcro.</span> <span class='ocrx_word' id='word_1_890' title='bbox 1177 5895 1311 5951; x_wconf 72' lang='lat' dir='ltr'>Date</span> <span class='ocrx_word' id='word_1_891' title='bbox 1353 5901 1537 5951; x_wconf 90' lang='lat' dir='ltr'>noctes</span> <span class='ocrx_word' id='word_1_892' title='bbox 1564 5890 1769 5965; x_wconf 84' lang='lat' dir='ltr'>signiﬁ-</span> <span class='ocrx_word' id='word_1_893' title='bbox 1876 5894 2186 5950; x_wconf 86' lang='lat' dir='ltr'>hominibus</span> <span class='ocrx_word' id='word_1_894' title='bbox 2212 5893 2474 5966; x_wconf 87' lang='lat' dir='ltr'>ﬂagellari</span> <span class='ocrx_word' id='word_1_895' title='bbox 2520 5910 2630 5951; x_wconf 90' lang='lat' dir='ltr'>non</span> <span class='ocrx_word' id='word_1_896' title='bbox 2674 5902 3003 5964; x_wconf 89' lang='lat' dir='ltr'>meruerunt,</span> <span class='ocrx_word' id='word_1_897' title='bbox 3048 5894 3172 5950; x_wconf 86' lang='lat' dir='ltr'>ideo</span> <span class='ocrx_word' id='word_1_898' title='bbox 3227 5892 3304 5974; x_wconf 84' lang='lat' dir='ltr'>ibi</span> <span class='ocrx_word' id='word_1_899' title='bbox 3357 5892 3473 5946; x_wconf 88' lang='lat' dir='ltr'>sine</span> 
     </span>
    </p>
   </div>
  </div>
