3924 6400
387 415 492 478 923

1519 431 1864 492 WERNERI
1897 433 2188 494 ABBATIS
2225 435 2284 494 S.
2331 435 2553 496 BLASII

3587 439 3687 498 θιι

391 548 688 607 cessatione
717 551 846 609 loris
903 555 1214 623 tunduntur,
1271 555 1407 614 sicut
1461 557 1700 616 dicitur:
1763 583 1788 611 α
1850 561 1987 618 Sunt
2013 564 2072 626 Α
2097 563 2268 620 Malos
2295 563 2456 620 etiam
2499 579 2689 622 omnes
2740 562 2796 620 in
2853 569 3060 619 tantum
3117 571 3470 638 cognoscunt,
3526 572 3586 622 ut
3635 575 3686 624 et

397 656 585 720 parata
631 649 838 720 judicia
889 654 1431 727 blasphematoribus,
1507 665 1559 712 et
1631 659 1992 729 percutientes

398 738 579 793 mallei
609 740 888 796 stultorum
917 745 1251 816 corporibus,
1281 766 1304 797 ι
1357 746 1484 817 quia
1530 747 1779 803 tenebras
1825 749 1990 806 vitio-

397 841 520 883 rum
548 827 635 884 hic
662 840 994 901 amaverunt,
1029 839 1080 888 et
1128 834 1197 890 ad
1247 835 1422 890 lucem
1487 836 1754 892 Christum
1807 837 1990 895 venire

401 923 702 1010 noluerunt,
727 927 848 986 ideo
882 931 1112 987 horridis
1149 928 1384 990 tenebris
1424 929 1500 990 ibi
1539 930 1988 1006 obscurabuntur,

400 1013 533 1098 sicut
563 1013 756 1072 dicitur
786 1027 798 1073 Ξ
835 1035 858 1067 u
890 1011 951 1074 In
978 1026 1238 1078 aeternum
1268 1040 1377 1080 non
1407 1024 1686 1081 videbunt.
1715 1049 1737 1075 ι»
1773 1027 1838 1081 Et
1865 1027 1992 1098 quia

401 1097 486 1158 hic
509 1113 731 1174 peccata
759 1107 1002 1166 conﬁteri
1049 1111 1430 1183 despexerunt,
1483 1131 1604 1186 quae
1653 1113 1830 1172 facere
1881 1131 1992 1172 non

397 1201 740 1275 erubuerunt,
773 1205 895 1263 ideo
926 1209 1178 1266 omnibus
1206 1211 1282 1266 ibi
1309 1211 1466 1267 nudis
1514 1219 1567 1268 et
1621 1213 1820 1284 apertis
1871 1229 1994 1284 per-

395 1297 555 1364 petuo
584 1294 997 1353 confundentur.
1030 1298 1171 1370 Quia
1201 1301 1287 1358 hic
1315 1302 1461 1359 bona
1489 1302 1672 1359 videre
1707 1311 1759 1358 et
1805 1303 1990 1359 audire

393 1379 1003 1455 dedignabantur,juste
1041 1388 1116 1443 ibi
1167 1391 1390 1446 terribili
1434 1391 1552 1448 visu
1599 1399 1653 1447 et
1697 1391 1992 1448 miserabili

393 1477 578 1534 auditu
601 1481 975 1550 replcbuntur.
1024 1487 1094 1541 Et
1140 1488 1266 1558 quia
1309 1489 1397 1545 hic
1442 1505 1539 1562 per
1593 1490 1807 1562 singula
1861 1487 1992 1546 vitia

394 1577 542 1624 erant
571 1568 796 1639 diﬁluxi,
823 1572 967 1642 juste
995 1585 1155 1631 erunt
1192 1577 1267 1632 ibi
1323 1595 1422 1650 per
1475 1579 1689 1651 singula
1746 1579 1994 1635 membra

391 1657 594 1714 catenis
621 1660 912 1716 constricti.
949 1685 972 1710 α
1005 1660 1210 1736 Optant
1237 1666 1395 1736 mori,
1428 1675 1480 1722 et
1531 1667 1700 1741 fugiet
1737 1683 1882 1724 mors
1921 1667 1992 1723 ab

393 1755 470 1812 eis
499 1757 686 1828 (Apoc.
719 1759 820 1831 1x).
856 1781 874 1809 υ
919 1761 1196 1832 Siquidem
1227 1765 1484 1836 et'capita
1529 1773 1650 1820 sunt
1706 1766 1783 1820 eis
1838 1766 1994 1822 deor-

393 1861 511 1900 sum
542 1863 736 1914 mersa,
769 1847 932 1904 dorsa
978 1850 1282 1908 adinvicem
1330 1870 1504 1920 versa,
1564 1852 1728 1926 pedes
1782 1871 1991 1909 sursum

393 1935 576 2002 erecti,
610 1943 663 1991 et
691 1937 926 2008 undique
957 1939 1194 1996 distenti.
1229 1942 1378 1998 Heu!
1413 1942 1558 2013 quod
1603 1959 1839 2013 unquam
1886 1960 1991 2000 na-
2018 1928 2071 1988 Β

395 2036 477 2087 tus
505 2041 586 2087 est
611 2032 797 2100 homo,
832 2033 922 2106 qui
952 2035 1042 2091 tali
1074 2035 1320 2109 plectitur
1346 2039 1630 2110 supplicio.
1659 2039 1762 2110 Qui
1811 2048 1990 2096 autem

393 2121 641 2178 membra
669 2131 792 2178 sunt
831 2125 1058 2193 diaboli,
1108 2128 1344 2198 superbi,
1395 2129 1586 2192 invidi.
1645 2129 1989 2199 fraudulenti,

394 2209 584 2278 invidi,
617 2213 816 2284 gulosi,
847 2215 1067 2286 ebriosi,
1114 2217 1396 2284 luxuriosi,
1444 2218 1751 2288 homicidae,
1794 2220 1990 2275 crude-

393 2310 489 2379 les,
549 2311 713 2384 fures,
775 2315 1078 2386 praedones,
1132 2318 1382 2385 latrones,
1459 2319 1744 2389 immundi,
1821 2320 1989 2390 avari,

395 2399 642 2471 adulteri,
668 2401 1038 2475 fornicatores,
1062 2407 1369 2476 mendaces,
1402 2408 1626 2479 perjuri,
1664 2409 1990 2481 blasphemi,

397 2489 648 2560 maleﬁci,
671 2491 1016 2564 detractores,
1037 2496 1328 2564 discordes,
1353 2498 1445 2568 qui
1464 2499 1520 2552 in
1558 2498 1641 2552 his
1667 2498 1862 2554 fuerint
1899 2498 1993 2554 de-

399 2586 548 2658 tenti,
581 2589 735 2646 ibunt
761 2590 815 2647 in
845 2593 1100 2664 prmdicta
1129 2595 1414 2666 supplicia,
1467 2614 1742 2668 nunquam
1781 2597 1990 2654 reditu-

395 2673 462 2732 ri.
493 2679 554 2733 In
584 2679 778 2750 quibus
806 2698 1018 2753 quoque
1047 2684 1218 2754 paenis
1246 2692 1298 2740 et
1320 2685 1452 2754 justi
1491 2686 1666 2743 malos
1709 2687 1987 2754 videbunt,

395 2773 455 2822 ut
481 2769 658 2840 magis
683 2769 956 2841 gaudeant
985 2772 1130 2843 quod
1162 2775 1258 2828 has
1305 2783 1608 2831 evaserunt.
1655 2775 1781 2831 Mali
1828 2777 1989 2831 etiam

395 2871 518 2920 ante
541 2864 808 2935 judicium
838 2868 1098 2925 videbunt
1125 2870 1300 2928 bonos
1337 2871 1393 2926 in
1448 2873 1643 2944 gloria,
1702 2881 1760 2928 ut
1814 2873 1992 2946 magis

395 2953 614 3010 doleant
641 2956 785 3026 quod
815 2958 952 3014 hanc
977 2960 1350 3031 neglexerunt.
1401 2961 1526 3018 Post
1574 2961 1837 3033 judicium
1886 2980 1988 3018 au-

399 3049 506 3099 tem
534 3042 666 3100 boni
697 3045 912 3118 quidem
943 3065 1158 3122 semper
1185 3050 1444 3106 videbunt
1471 3051 1642 3107 malos
1671 3051 1726 3106 in
1772 3052 1986 3122 poenis;

395 3141 523 3197 mali
552 3159 682 3199 vero
711 3160 984 3216 nunquam
1032 3148 1265 3220 amplius
1293 3149 1555 3205 videbunt
1600 3149 1793 3207 bonos.
1852 3150 1988 3208 Cum

394 3237 574 3286 autem
604 3232 735 3288 boni
764 3233 839 3290 ita
865 3237 1037 3293 malos
1064 3237 1298 3294 viderint
1328 3239 1582 3310 torqueri,
1613 3256 1724 3295 non
1770 3257 1839 3296 ex
1885 3241 1990 3296 hoc

393 3319 594 3376 dolent.
626 3322 778 3380 Licet
805 3331 959 3396 pater
986 3327 1167 3383 videat
1194 3325 1386 3398 ﬁlium,
1445 3336 1538 3385 aut
1589 3327 1730 3385 ﬁlius
1785 3337 1993 3402 patrem

390 3415 446 3472 in
473 3435 636 3491 pmna
669 3435 684 3491 ;
717 3429 809 3478 aut
835 3431 1007 3480 mater
1034 3423 1221 3494 ﬁliam,
1253 3427 1340 3483 vel
1367 3425 1479 3482 ﬁlia
1508 3435 1734 3483 matrem
1764 3427 1838 3482 ibi
1868 3443 1997 3483 con-

393 3508 602 3580 spiciat,
663 3518 755 3566 aut
810 3513 894 3568 vir
943 3530 1189 3582 uxorem,
1223 3523 1314 3570 aut
1371 3532 1509 3571 uxor
1563 3517 1840 3586 maritum,
1886 3533 1995 3573 non

395 3597 568 3654 solum
594 3614 703 3654 non
733 3599 934 3668 dolent,
967 3603 1063 3658 sed
1094 3603 1167 3660 ita
1197 3613 1276 3660 est
1307 3604 1385 3659 eis
1412 3605 1728 3661 delectabile
1755 3608 1860 3661 hoc
1905 3607 1994 3660 vi-

396 3694 542 3763 dere,
583 3697 722 3753 sicut
749 3699 906 3755 nobis
933 3718 1057 3756 eum
1090 3703 1386 3759 viderimus
1440 3704 1613 3776 pisces
1671 3704 1725 3759 in
1777 3705 1994 3776 gurgite

396 3784 600 3855 ludere,
639 3795 698 3842 ut
727 3787 953 3846 dicitur:
992 3813 1015 3840 α
1064 3791 1358 3848 Laetabitur
1395 3792 1588 3862 justus,
1633 3810 1756 3849 cum
1804 3794 1998 3852 viderit

393 3873 684 3932 vindictam
713 3887 1055 3950 peccatorum
1087 3882 1269 3951 (Psal.
1309 3885 1548 3954 xxxvii).
1593 3906 1616 3931 υ
1641 3883 1750 3938 Sed
1795 3900 1992 3954 quam-

395 3973 477 4029 vis
505 3991 598 4031 eos
627 3975 846 4032 videant
872 3978 928 4033 in
957 3980 1151 4051 poenis,
1188 3988 1366 4037 tamen
1395 3999 1502 4038 non
1534 3991 1690 4040 orant
1735 3999 1833 4055 pro
1882 3984 1985 4039 eis.

394 4063 532 4120 Nam
552 4073 740 4122 contra
770 4067 942 4123 Deum
972 4069 1249 4136 sentirent,
1297 4071 1340 4126 si
1396 4087 1496 4142 pro
1555 4071 1823 4129 damnatis
1877 4089 1996 4129 ora-

394 4161 532 4208 rent.
565 4156 645 4210 Ita
675 4155 820 4210 enim
850 4157 964 4213 Deo
995 4159 1126 4214 uniti
1155 4169 1298 4231 sunt,
1331 4161 1475 4231 quod
1518 4162 1596 4217 eis
1638 4162 1738 4217 Dei
1788 4161 1997 4232 judicia

398 4267 496 4324 per
517 4254 703 4309 omnia
729 4255 1067 4324 placebunt:
1119 4258 1242 4317 ideo
1299 4267 1352 4315 et
1407 4260 1464 4316 in
1517 4260 1595 4315 eis
1646 4259 1987 4334 gaudebunt.

397 4341 528 4398 Haec
556 4342 624 4398 de
653 4342 865 4401 inferno
895 4345 1156 4418 inferiori,
1186 4365 1330 4408 nunc
1375 4358 1556 4407 autem
1611 4349 1678 4407 de
1733 4351 1998 4424 superiori

397 4431 692 4489 videndum
720 4440 817 4490 est.

1065 4571 1296 4614 DIVISIO.

2096 668 2317 733 propter
2343 662 2488 734 quod
2517 662 2768 719 meritum
2796 661 3164 734 unusquisque
3211 662 3288 718 ibi
3343 663 3432 731 sit,
3487 663 3677 720 sciant.

2098 764 2223 819 Mali
2244 781 2458 836 quoque
2477 765 2651 821 malos
2675 772 3011 838 cognoscunt
3032 772 3085 820 et
3104 764 3277 822 bonos
3295 781 3432 837 quos
3484 765 3682 831 vident,

2099 851 2157 906 in
2221 859 2426 909 tantum
2473 861 2532 910 ut
2585 854 2748 910 etiam
2803 854 3023 910 nemina
3091 853 3304 910 illorum
3376 856 3564 925 sciant,
3630 862 3690 910 ut

2099 945 2249 1007 dives
2275 951 2508 1008 Abrahae
2536 957 2590 1006 et
2617 951 2830 1007 Lazari.
2892 952 3012 1008 Illic
3075 967 3289 1022 quoque
3343 951 3534 1008 anima:
3592 967 3688 1024 pro

2098 1039 2236 1096 caris
2260 1040 2371 1095 suis
2398 1042 2501 1097 hoc
2525 1040 2710 1108 modo,
2731 1040 2984 1098 videlicet
3015 1049 3074 1096 ut
3101 1041 3230 1112 justi
3269 1048 3425 1098 orent
3471 1057 3566 1114 pro
3609 1041 3691 1096 his

2100 1144 2236 1200 quos
2262 1130 2318 1184 in
2347 1129 2582 1186 Domino
2612 1139 2952 1200 amaverunt,
2987 1130 3072 1188 vel
3099 1145 3200 1202 pro
3227 1131 3312 1186 his
3337 1130 3427 1202 qui
3471 1146 3563 1187 eos
3606 1129 3689 1185 in-

2098 1227 2390 1297 vocabunt,
2423 1235 2542 1284 uta
2569 1227 2714 1284 malo
2739 1235 3034 1296 serventur,
3093 1235 3148 1283 et
3200 1243 3233 1283 a
3284 1227 3469 1283 mundi
3526 1233 3691 1283 tenta-

2100 1317 2296 1372 mentis
2325 1317 2638 1382 liberentur,
2663 1324 2717 1374 et
2771 1317 2817 1372 si
2870 1317 2930 1372 in
2982 1333 3162 1373 errore
3217 1325 3358 1387 sunt,
3413 1325 3468 1374 et
3519 1317 3690 1374 corri-

2099 1413 2298 1480 gantur
2338 1414 2392 1462 et
2445 1406 2524 1461 eis
2580 1407 2809 1462 celerius
2871 1407 3220 1462 associentur.
3278 1406 3424 1464 Ordo
3478 1407 3689 1464 illorum

2101 1513 2180 1560 est
2209 1505 2534 1560 desiderium
2565 1520 2773 1562 eorum.
2841 1503 3112 1576 Quidquid
3165 1504 3313 1562 enim
3367 1505 3685 1576 desiderant,

2101 1593 2216 1648 sine
2249 1593 2584 1650 dubitatione
2617 1595 2936 1666 percipient.
2966 1595 3188 1651 Illorum
3217 1610 3372 1652 orare
3413 1602 3491 1650 est
3530 1595 3689 1651 etiam

2101 1683 2368 1739 cruciatus
2399 1683 2640 1755 corporis
2667 1683 2754 1740 vel
2798 1683 2940 1740 bene
2983 1692 3137 1756 gesta
3190 1700 3288 1757 pro
3339 1684 3543 1740 Christo
3597 1700 3691 1739 re-

2102 1788 2450 1853 praesentare.
2489 1783 2612 1837 Non
2669 1790 2850 1837 tamen
2909 1781 3112 1852 aliquid
3164 1789 3336 1849 orant,
3393 1781 3493 1838 nisi
3549 1781 3692 1853 quod

2101 1871 2247 1926 Deus
2275 1871 2389 1942 ipse
2417 1871 2677 1943 disposuit
2711 1870 2908 1927 facere.
2958 1871 3211 1942 Alioquin
3259 1871 3524 1927 incassum
3574 1887 3694 1928 ora-

2099 1967 2236 2015 rent.
2285 1963 2421 2014 Item
2477 1960 2804 2032 Augustinus
2858 1959 2929 2015 ad
2984 1960 3353 2031 Hesychium:
3412 1959 3581 2027 Multi,
3635 1959 3690 2014 in

2101 2057 2454 2128 qumstionem
2483 2057 2757 2112 adducunt
2801 2056 2845 2112 si
2903 2055 3101 2113 animae
3155 2065 3457 2112 sanctorum
3509 2071 3692 2128 preces

2100 2146 2519 2218 supplicantium
2537 2147 2790 2215 audiunt;
2812 2153 2864 2200 et
2898 2161 3023 2201 cum
3057 2145 3125 2200 ad
3156 2144 3585 2201 intercedendum
3615 2144 3694 2199 in-

2101 2243 2381 2302 vocantur,
2415 2235 2459 2291 si
2489 2243 2615 2291 vota
2645 2235 3026 2308 postulantium
3057 2234 3125 2290 ad
3156 2235 3392 2308 ipsorum
3412 2250 3578 2306 usque
3593 2249 3692 2290 co-

2099 2333 2400 2406 gnitionem
2422 2332 2739 2406 perveniant
2753 2334 2780 2388 ‘l
2803 2331 3034 2388 Difﬁcile
3057 2338 3137 2388 est
3143 2332 3385 2404 judicare
3401 2332 3466 2388 de
3486 2333 3586 2389 hoc
3605 2333 3694 2388 ho-

2100 2423 2254 2478 mini.
2279 2422 2566 2492 Quomodo
2598 2422 2742 2477 enim
2773 2423 2996 2478 scientia
3019 2429 3140 2477 nost
3165 2439 3197 2478 a
3225 2430 3369 2477 certa
3389 2437 3506 2477 esse
3519 2427 3694 2493 potest

2099 2511 2167 2567 de
2194 2512 2344 2582 ipsis,
2361 2513 2452 2583 qui
2475 2528 2594 2568 eam
2619 2528 2781 2583 quam
2803 2511 2871 2566 de
2883 2510 3040 2566 nobis
3058 2511 3257 2567 habent
3275 2509 3570 2579 scientiam,
3593 2525 3693 2566 nec

2098 2626 2294 2682 capere
2325 2626 2628 2682 possumus,
2661 2626 2761 2665 nec
2791 2609 3136 2682 investigare.
3157 2610 3272 2665 Hoc
3298 2624 3462 2664 unum
3489 2615 3688 2664 certum

2100 2707 2198 2768 est,
2231 2700 2440 2755 animas
2480 2708 2809 2768 sanctorum,
2861 2698 2915 2754 in
2953 2706 3159 2754 secreto
3201 2697 3398 2755 divinat
3447 2704 3693 2754 mntem-

2100 2789 2352 2860 plationis
2380 2788 2710 2856 constitutas,
2743 2803 2932 2844 eorum
2967 2803 3087 2859 quas
3124 2787 3255 2844 foris
3282 2793 3514 2858 aguntur
3567 2794 3689 2842 tau-

2100 2895 2211 2942 tum
2240 2888 2376 2943 scire
2405 2895 2666 2959 quantum
2721 2887 2844 2955 illis,
2875 2887 2962 2946 vel
2993 2888 3063 2944 ad
3089 2887 3368 2960 gaudium,
3415 2885 3502 2943 vel
3536 2885 3692 2944 nobis

2099 2991 2167 3048 ad
2197 2991 2456 3047 auxilium
2489 2990 2745 3063 prodesse
2775 2998 3001 3046 constat.
3047 2991 3263 3046 Habent
3297 2990 3512 3062 plenum
3551 3005 3692 3063 gau-

2097 3080 2247 3136 dium
2268 3081 2296 3134 ?
2327 3082 2704 3152 Nequaquam.
2730 3079 3306 3152 (Gnaeoaws.)8icut
3332 3079 3474 3136 enim
3498 3079 3689 3151 vocati,

2097 3178 2168 3236 ad
2217 3179 2528 3236 convivium
2585 3179 2864 3236 venientes
2919 3179 2986 3235 de
3041 3195 3139 3235 sua
3189 3177 3522 3249 susceptione
3575 3182 3696 3232 sunt

2022 3289 2074 3354 ο
2101 3269 2230 3339 laeti,
2261 3268 2328 3324 de
2359 3268 2671 3324 absentibus
2701 3267 2892 3324 amicis
2919 3267 3154 3333 solliciti,
3187 3284 3310 3324 cum
3350 3274 3526 3323 autem
3578 3281 3695 3322 om-

2103 3375 2200 3414 nes
2225 3357 2386 3414 simul
2417 3357 2748 3414 conveniunt
2775 3357 3009 3429 amplius
3046 3357 3403 3430 gaudebunt:
3455 3356 3528 3410 ita
3581 3354 3694 3410 ani-

2099 3473 2206 3512 mae
2230 3457 2502 3527 justorum
2529 3457 2598 3511 de
2631 3471 2728 3511 sua
2760 3471 2902 3510 nunc
2930 3454 3107 3528 gloria
3161 3453 3377 3525 quidem
3431 3453 3692 3522 laetantur,

2099 3546 2170 3602 de
2205 3546 2448 3602 absentia
2478 3554 2657 3601 autem
2716 3552 2898 3600 nostra
2954 3543 3338 3600 sollicitantur.
3403 3543 3536 3598 Cum
3591 3557 3692 3598 au-

2099 3644 2207 3691 tem
2235 3651 2465 3708 corpora
2493 3635 2810 3706 receperint,
2835 3643 2888 3690 et
2905 3650 3094 3690 omnes
3121 3633 3176 3690 in
3211 3649 3376 3689 unum
3420 3647 3694 3690 convene-

2101 3733 2228 3804 rint,
2261 3739 2389 3788 tunc
2418 3731 2637 3804 plenum
2657 3731 2917 3804 gaudium
2943 3730 3236 3786 habebunt.
3250 3729 3458 3785 Anima:
3485 3744 3696 3801 quoque

2097 3823 2365 3894 justorum
2397 3821 2570 3876 sciunt
2599 3821 2782 3877 omnia
2811 3836 2931 3890 quae
2960 3820 3048 3876 hic
3073 3826 3352 3892 geruntur.
3415 3817 3548 3889 Quas
3603 3834 3696 3875 au-

2101 3919 2209 3967 tem
2236 3911 2290 3965 in
2320 3909 2497 3982 poenis
2525 3918 2665 3978 sunt,
2701 3909 2963 3975 nesciunt,
2999 3909 3098 3963 nisi
3123 3924 3242 3978 qua
3271 3907 3348 3964 eis
3385 3907 3564 3981 angeli
3609 3906 3696 3962 vel

2099 4009 2266 4065 sancti
2300 4008 2565 4064 referunt.
2610 4007 2714 4078 Qui
2745 4023 2873 4063 vero
2905 4007 2958 4062 in
2988 4007 3199 4063 inferno
3253 4013 3377 4062 sunt
3423 4021 3530 4061 non
3578 4005 3696 4078 plus

2101 4098 2228 4170 quid
2261 4106 2458 4170 agatur
2485 4097 2573 4152 hic
2602 4104 2818 4165 norunt,
2851 4113 3014 4167 quam
3055 4095 3166 4152 vivi
3216 4095 3389 4151 sciunt
3441 4093 3568 4166 quid
3620 4093 3694 4150 ibi

2098 4208 2336 4274 geratur.
2367 4201 2437 4257 Ut
2480 4207 2659 4255 autem
2716 4199 2994 4272 propheta:
3048 4197 3176 4254 olim
3232 4196 3479 4269 quaedam
3531 4196 3698 4253 scive-

2100 4305 2224 4355 runt
2253 4314 2374 4369 quae
2402 4297 2494 4353 alii
2524 4297 2930 4370 ignoraverunt,
2960 4311 3072 4352 non
3125 4303 3304 4352 tamen
3339 4293 3522 4351 omnia
3552 4313 3564 4351 :
3622 4295 3697 4350 ita

2102 4387 2351 4460 quaedam
2382 4387 2580 4444 anima:
2628 4387 2766 4441 inter
2813 4386 3005 4452 malos,
3057 4385 3303 4456 quaedam
3353 4385 3525 4440 sciunt
3575 4399 3695 4456 qua)

2101 4477 2195 4535 alii
2221 4476 2486 4546 nesciunt,
2520 4475 2769 4548 quamvis
2797 4491 2906 4532 non
2953 4475 3155 4545 omnia,
3213 4489 3333 4545 quae
3387 4481 3567 4530 tamen
3619 4474 3695 4530 eis

2100 4577 2190 4635 vel
2216 4575 2475 4631 divinitus
2504 4573 2831 4643 revelantur,
2863 4572 2951 4630 vel
2981 4573 3059 4628 eis
3083 4587 3116 4628 a
3144 4569 3494 4629 morientibus
3535 4577 3589 4626 et
3633 4569 3696 4626 il-

469 4666 600 4722 Justi
630 4667 683 4723 in
715 4685 820 4740 quo
850 4669 1061 4728 inferno
1090 4681 1242 4730 erant
1269 4682 1391 4730 ante
1421 4673 1710 4731 adventum
1742 4675 1936 4733 Christi
1965 4677 1993 4730 ‘?

2103 4666 2190 4722 luc
2217 4664 2558 4721 venientibus
2587 4663 2916 4719 nuntiantur.
2950 4663 3175 4718 Possunt
3193 4676 3452 4734 apparere
3482 4658 3692 4731 quando

400 4763 462 4819 In
491 4767 774 4839 superiori,
798 4767 993 4826 inloco
1016 4771 1249 4840 quodam
1279 4771 1468 4842 juncto
1507 4773 1768 4842 inferiori,
1806 4774 1862 4830 in
1889 4788 1996 4845 quo

399 4856 979 4924 poterantalterutrum
1011 4861 1342 4932 conspicere.
1373 4861 1477 4932 Qui
1501 4862 1575 4918 ibi
1595 4871 1767 4931 erant,
1799 4880 1996 4934 quam-

400 4943 482 5000 vis
507 4955 752 5002 carerent
777 4949 1064 5020 supplicio.
1098 4949 1382 5007 videbatur
1410 4951 1488 5007 eis
1514 4967 1573 5008 se
1601 4969 1716 5007 esse
1747 4952 1802 5006 in
1833 4952 1994 5007 infer-

400 5058 492 5113 no,
524 5061 647 5102 cum
679 5055 857 5102 essent
883 5049 1117 5120 separati
1155 5065 1188 5105 a
1242 5065 1458 5123 regno;
1517 5051 1623 5106 illis
1676 5059 1856 5107 autem
1905 5051 1998 5123 qui

401 5141 554 5190 erant
580 5136 637 5190 in
666 5135 930 5204 inferiori,
978 5137 1263 5195 videbatur
1314 5140 1657 5212 refrigerium
1713 5141 1994 5213 paradisi:

401 5223 542 5280 unde
572 5232 627 5281 et
654 5225 808 5282 dives
859 5227 1092 5301 rogabat
1143 5245 1175 5284 a
1230 5231 1430 5287 Lazaro
1483 5238 1692 5303 guttam
1730 5247 1892 5302 super
1941 5246 2002 5286 se

405 5325 590 5384 stillari
620 5329 786 5396 (Luc.
823 5331 962 5386 ινιὶ.
1012 5329 1300 5387 Habebunt
1353 5332 1588 5404 aliquam
1647 5331 1724 5388 ibi
1780 5348 2000 5403 pcenam

406 5417 665 5485 quasdam
699 5426 902 5474 tantum
937 5418 1203 5489 tenebras,
1262 5420 1399 5477 sicut
1445 5421 1681 5478 dicitur:
1747 5445 1770 5470 α
1826 5422 2001 5477 Habi-

403 5505 640 5562 tantibus
668 5506 723 5561 in
750 5509 973 5578 regione
1002 5510 1210 5566 umbrae
1239 5511 1445 5580 mortis,
1484 5511 1575 5566 lux
1605 5518 1722 5567 orta
1750 5511 1829 5566 eis
1856 5512 1992 5583 (Im.

405 5605 503 5665 Ix).
541 5627 563 5651 υ
595 5602 830 5672 Quidam
862 5620 1075 5678 quoque
1105 5624 1172 5662 ex
1229 5608 1307 5664 eis
1363 5616 1516 5665 erant
1569 5609 1624 5665 in
1681 5607 2003 5680 quibusdam

409 5693 608 5760 penis.
647 5692 952 5750 Videndum
1007 5711 1220 5766 quoque
1270 5697 1313 5752 si
1371 5704 1424 5754 et
1472 5699 1675 5754 animae
1736 5699 2004 5770 justorum

408 5777 466 5833 in
511 5780 604 5835 illa
649 5781 760 5837 vita
787 5799 844 5837 se
873 5793 1284 5856 recognoscant.
1316 5787 1583 5843 Justorum
1631 5788 1832 5844 etenim
1881 5787 2005 5843 ani-

411 5881 517 5924 ma:
543 5885 733 5925 omnes
755 5869 932 5940 justos
955 5882 1310 5945 cognoscunt,
1343 5883 1396 5930 et
1443 5875 1664 5932 nomine
1705 5885 1759 5932 et
1802 5892 2008 5948 genere

413 5961 468 6010 et
493 5957 683 6016 merita
701 5957 962 6032 ipsorum,
992 5961 1145 6034 quasi
1192 5978 1412 6036 semper
1449 5979 1575 6020 cum
1629 5964 1710 6020 eis
1764 5965 2006 6021 fuissent.

2103 4756 2310 4822 volunt,
2342 4761 2395 4810 et
2424 4754 2619 4824 quibus
2648 4753 2836 4809 volunt
2863 4753 2892 4807 ‘?
2917 4752 3127 4808 Animae
3167 4758 3472 4806 sanctorum
3520 4765 3694 4822 appa-

2101 4859 2222 4908 rent
2247 4850 2463 4922 quando
2492 4851 2699 4918 volunt,
2733 4857 2786 4905 et
2813 4849 3008 4920 quibus
3035 4848 3242 4918 volunt,
3301 4848 3415 4903 sive
3469 4845 3696 4919 vigilan-

2106 4942 2266 5008 tibus,
2299 4957 2396 4996 seu
2423 4939 2842 4996 dormientibus.
2881 4938 3015 5009 Quae
3033 4947 3211 4994 autem
3244 4937 3298 4992 in
3354 4936 3526 5009 poenis
3575 4941 3697 4991 sunt

2106 5047 2216 5088 non
2241 5037 2506 5102 apparent
2534 5029 2635 5084 nisi
2665 5028 2736 5086 ab
2774 5029 2983 5102 angelis
3040 5026 3430 5100 permittantur,
3488 5032 3544 5080 ut
3599 5039 3693 5097 pro

2107 5128 2428 5185 liberatione
2453 5144 2551 5183 sua
2578 5134 2794 5200 rogent,
2825 5132 2917 5182 aut
2963 5125 3204 5181 liberatas
3241 5123 3498 5196 gaudium
3541 5137 3694 5178 suum

2107 5218 2297 5275 amicis
2325 5219 2595 5273 nuntient.
2634 5215 2754 5284 Qua
2781 5222 2961 5272 autem
3010 5214 3066 5269 in
3113 5213 3324 5269 inferno
3370 5219 3510 5280 sunt,
3566 5209 3696 5266 nulli

2107 5323 2369 5380 apparere
2391 5313 2629 5378 possunt.
2663 5305 2720 5361 Si
2767 5312 2945 5361 autem
2993 5302 3283 5374 aliquando
3318 5301 3562 5358 videntur
3607 5315 3698 5372 ap-

2107 5419 2320 5476 parere,
2351 5402 2464 5458 sive
2492 5402 2546 5457 in
2574 5401 2799 5470 somnis,
2844 5400 2961 5456 sive
2997 5399 3364 5474 vigilantibus,
3403 5413 3510 5454 non
3547 5397 3696 5470 ipse,

2109 5494 2206 5550 sed
2235 5492 2510 5550 dmmones
2538 5489 2826 5546 creduntur
2852 5490 2908 5544 in
2937 5489 3148 5545 illorum
3177 5488 3374 5560 specie,
3406 5487 3495 5558 qui
3541 5486 3699 5543 etiam

2109 5583 2252 5638 sein
2300 5581 2528 5655 angelos
2559 5579 2690 5635 lueis
2744 5577 3142 5650 transﬁgurant,
3193 5584 3253 5632 ut
3303 5576 3586 5648 decipiant.
3645 5573 3699 5631 Si

2113 5689 2292 5739 autem
2323 5678 2586 5736 veraciter
2613 5676 2900 5749 contingit,
2933 5691 3031 5748 pro
3060 5675 3288 5746 alicujus
3315 5673 3504 5730 merito
3542 5673 3617 5740 ﬁt,
3649 5678 3704 5728 ut

2113 5778 2298 5828 sancto
2327 5767 2559 5826 Martino
2581 5767 2763 5824 anima
2802 5765 3024 5822 latronis
3078 5763 3347 5838 apparuit,
3404 5762 3497 5819 ubi
3543 5761 3703 5819 altam

2116 5877 2380 5934 destruxit
2408 5889 2423 5946 ;
2447 5882 2540 5931 aut
2567 5889 2664 5946 pro
2695 5872 3084 5942 admonitione,
3113 5879 3172 5927 ut
3209 5871 3394 5928 anima
3439 5867 3707 5926 Benedicti

2117 5977 2281 6038 papae
2316 5961 2374 6017 in
2399 5967 2642 6018 monstro
2686 5959 2957 6034 apparuit,
3015 5955 3168 6030 cujus
3223 5964 3383 6033 caput
3435 5963 3490 6013 et
3541 5953 3707 6014 cauda
