3924 6406
430 386 538 445 92⁸1

1533 388 1881 448 WERNERI
1916 386 2209 447 ABBATIS
2247 384 2312 443 S.
2356 385 2577 442 BLASII

3627 389 3729 461 92s

428 518 675 574 lucribus
703 518 1057 587 devorentur,
1098 534 1290 575 omnes
1320 519 1373 573 in
1423 516 1819 574 resurrectione
1849 513 2027 569 refor—
2055 509 2119 576 Α
2148 509 2352 581 tionem
2382 512 2453 567 ab
2478 511 2602 569 aliis
2636 519 2988 587 segregatus,
3020 511 3074 567 in
3097 509 3314 567 ﬂetibus
3342 509 3727 581 permanebat;

431 608 723 662 mabuntur
755 622 767 662 :
800 608 855 662 in
877 612 1083 662 tantum
1117 617 1175 663 ut
1241 624 1341 664 nec
1369 606 1598 679 capillus
1629 606 1697 660 de
1735 605 1814 659 eis
1847 612 2037 675 pereat

446 697 605 767 (Luc.
645 697 766 765 xu).
806 697 861 751 Si
886 697 1068 767 capilli
1118 705 1171 753 et
1231 713 1443 769 ungues
1480 694 1694 767 prmcisi
1750 694 1804 747 in
1834 695 2033 749 locum.

442 802 596 841 suum
630 786 877 855 redeunt,
911 802 1091 841 nonne
1122 786 1394 842 deformes
1451 786 1660 839 erunt?
1689 784 1813 837 Non
1844 790 1925 837 est
1954 782 2037 837 iu-

433 882 787 954 telligcndum
816 884 963 955 quod
1032 884 1138 939 sint
1164 884 1394 950 redituri
1422 882 1477 937 in
1534 882 1776 953 priorem
1831 881 2033 939 locum.

436 972 544 1027 Sed
575 972 711 1027 sicut
743 970 944 1044 ﬁgulus
975 973 1021 1027 si
1054 990 1147 1027 vas
1176 973 1391 1029 noverit
1446 971 1668 1040 factum,
1705 970 1946 1038 frangat,
1981 977 2035 1027 et

436 1061 502 1116 de
534 1061 727 1115 eodem
750 1061 862 1115 luto
891 1061 1041 1117 aliud
1067 1062 1248 1126 faciat,
1282 1078 1388 1117 non
1407 1062 1697 1117 attendens
1718 1060 1865 1131 quod
1886 1060 2036 1132 prius

431 1166 565 1204 ansa
594 1150 681 1204 vel
712 1149 911 1205 fundus
943 1150 1123 1218 fuerit,
1165 1152 1239 1206 ita
1271 1151 1532 1206 formator
1560 1152 1709 1206 Deus
1737 1150 1805 1206 de
1837 1150 2035 1205 eadem

432 1247 661 1302 materia
690 1247 837 1303 aliud
864 1264 1065 1318 corpus
1096 1248 1221 1305 huic
1281 1248 1442 1304 valde
1481 1249 1656 1304 simile
1690 1247 2032 1314 reformabit,

433 1336 517 1391 cui
548 1336 728 1391 omnis
757 1336 1078 1392 deformitas
1117 1345 1167 1393 et
1224 1337 1520 1394 inﬁrmitas
1549 1338 1713 1403 absit,
1768 1345 1821 1393 et
1855 1337 2034 1391 omnis

431 1424 718 1497 integritas
776 1434 829 1482 et
859 1427 1025 1482 decor
1079 1428 1240 1495 adsit,
1302 1427 1551 1501 quamvis
1608 1426 2036 1499 unumquodque

435 1523 743 1579 membrum
778 1526 922 1580 Deus
951 1526 1004 1580 in
1038 1544 1193 1581 suum
1224 1527 1405 1582 locum
1438 1526 1699 1582 decenter
1728 1534 2036 1581 restaurare

434 1613 627 1684 possit.
677 1612 783 1683 Qui
825 1614 913 1670 hic
970 1616 1277 1671 habuerunt
1326 1616 1451 1671 bina
1510 1616 1689 1686 capita
1739 1615 1825 1670 vel
1884 1616 2037 1687 plura

434 1702 703 1772 membra,
740 1704 826 1758 vel
867 1704 1063 1776 quibus
1110 1705 1397 1760 defuerunt
1417 1705 1621 1775 aliqua,
1653 1713 1744 1759 aut
1800 1704 2037 1776 pingues

432 1790 520 1847 vel
549 1792 718 1848 macri
754 1791 992 1864 fuerunt,
1022 1795 1473 1868 resurgent-tales
1504 1796 1531 1850 τ
1562 1794 1665 1863 Qui
1695 1794 1782 1850 hic
1808 1795 1918 1849 duo
1947 1810 2036 1850 ca-

2147 602 2399 671 septimo,
2433 601 2649 657 duobus
2678 601 2734 657 in
2764 601 2853 659 via
2908 601 3191 666 Emmaus,
3232 603 3290 654 ut
3340 599 3531 655 iterum
3568 599 3732 656 Lucas

2144 690 2425 761 loquitur;
2468 700 2676 757 octavo,
2728 688 3198 762 omnibusjanuis
3245 688 3449 745 clausis
3477 688 3532 743 in
3588 702 3730 757 sero,

2145 788 2203 835 ut
2228 779 2470 835 Joannes
2501 780 2760 837 describit
2793 799 2806 845 ;
2848 795 2994 836 nono
3024 779 3079 833 in
3151 785 3343 834 octava
3370 777 3480 843 die,
3518 777 3733 849 quando

2144 893 2271 933 eum
2298 878 2536 932 Thomas
2567 877 2811 949 palpavit
2842 896 2857 939 ;
2881 875 3097 933 decimo
3126 875 3194 931 ad
3214 890 3362 930 mare
3398 873 3734 941 Tiberiadis;

2145 965 2437 1021 undecimo
2462 965 2516 1020 in
2548 975 2735 1022 monte
2765 965 3045 1034 Galiltem;
3078 963 3397 1021 duodecimo
3424 962 3737 1020 recumben-

2145 1050 2286 1105 tibus
2313 1067 2369 1105 x1
2398 1050 2699 1121 discipulis.

2216 1168 2342 1223 Hac
2372 1175 2497 1223 sunt
2524 1168 2728 1239 gaudia
2756 1174 2957 1224 nostra:
2985 1164 3289 1222 festivitatis
3322 1182 3445 1238 quae
3487 1164 3738 1220 Christus

2144 1272 2242 1312 sua
2273 1258 2674 1313 resurrectione
2692 1256 2922 1313 contulit
2953 1256 3130 1312 nobis.
3153 1255 3326 1329 Igitur
3340 1254 3460 1328 (sic)
3480 1254 3529 1309 si
3546 1270 3740 1310 verum

2144 1346 2359 1402 Pascha
2389 1346 2668 1402 celebrare
2697 1345 2968 1413 volumus,
3011 1346 3057 1400 si
3096 1343 3241 1418 quod
3278 1359 3457 1399 rerum
3506 1350 3561 1399 et
3596 1350 3744 1398 tem-

2142 1452 2335 1508 porum
2366 1435 2641 1507 mysteriis
2690 1434 3087 1508 signiﬁcamus,
3130 1432 3243 1489 vita
3278 1440 3335 1489 et
3370 1432 3612 1489 moribus
3655 1439 3740 1488 te-

2143 1549 2371 1589 neamus
2403 1548 2641 1604 semper.
2666 1532 2880 1589 Idcirco
2926 1532 3068 1587 enim
3100 1537 3349 1587 sanctum
3377 1530 3582 1586 Pascha
3602 1529 3742 1585 albis

2144 1634 2218 1673 vn
2247 1618 2441 1673 diebus
2491 1617 2859 1683 celebramus,
2911 1624 2969 1673 ut
2996 1615 3321 1672 munditiam
3349 1614 3621 1687 corporis,
3687 1621 3745 1670 et

2143 1707 2385 1764 laetitiam
2424 1706 2845 1763 resurrectionis
2903 1722 3120 1778 semper
3160 1706 3362 1762 habere
3398 1720 3733 1761 mereamur.

2145 1804 2302 1861 Unde
2332 1821 2433 1876 per
2471 1804 2808 1875 Sapientiam
2832 1803 3033 1861 dicitur
3062 1821 3076 1858 :
3104 1826 3127 1852 ι
3165 1801 3326 1859 Omni
3353 1809 3601 1874 tempore
3636 1802 3743 1857 sint

432 1888 542 1958 pita
598 1890 907 1945 habuerunt
964 1890 1074 1946 duo
1120 1893 1282 1947 etiam
1339 1907 1571 1963 corpora
1622 1900 1929 1964 resurgent,
1973 1899 2031 1945 ut
2061 1870 2115 1932 Β
2150 1901 2240 1950 tua
2273 1870 2601 1950 vestimenta
2630 1893 2774 1960 alba,
2815 1901 2869 1948 et
2935 1893 3116 1948 oleum
3173 1892 3242 1947 de
3271 1892 3445 1963 capite
3466 1870 3563 1947 tuo
3598 1906 3743 1946 nun-

435 1994 777 2053 unaquteque
815 1981 996 2034 anima
1030 1981 1230 2037 habeat
1287 1997 1489 2052 corpus
1538 1998 1714 2047 suum,
1765 1981 1853 2036 cui
1907 1981 2041 2035 nihil

430 2062 714 2129 indecens,
754 2065 887 2119 nihil
919 2066 1159 2121 deforme
1187 2067 1479 2135 adhmreat,
1502 2076 1553 2121 et
1585 2066 1768 2121 omnia
1799 2066 2041 2121 membra

432 2176 568 2217 sana
624 2170 679 2217 et
735 2162 948 2231 integra
980 2163 1129 2218 omni
1177 2164 1583 2234 pulchritudine
1614 2164 1775 2235 plena
1813 2164 2034 2219 habeat.

427 2249 589 2319 Quod
620 2252 850 2307 sentitur
880 2253 946 2306 de
976 2254 1237 2309 abortivis
1266 2254 1294 2308 ?
1322 2256 1380 2308 In
1416 2262 1675 2324 quantum
1721 2261 1803 2309 est
1850 2269 2039 2307 semen

435 2349 693 2412 resurget
723 2342 776 2395 in
834 2350 1027 2413 patre;
1060 2343 1112 2398 in
1170 2348 1429 2414 quantum
1478 2343 1701 2413 sanguis
1732 2343 1923 2397 matris
1948 2358 2039 2396 re-

432 2438 622 2501 surget
651 2430 704 2484 in
738 2438 935 2486 matre-
967 2430 1164 2500 Qualia
1184 2448 1418 2503 corpora
1448 2433 1728 2487 habebunt
1754 2434 1783 2485 ‘I
1814 2433 2042 2486 Immor~

437 2527 567 2581 talia
598 2536 648 2582 et
680 2527 1133 2598 incorruptibilia,
1160 2530 1443 2600 splendida
1475 2535 1534 2584 ut
1564 2530 1763 2585 vitrum
1794 2529 2041 2601 praeluci-

433 2616 590 2671 dum.
622 2616 860 2688 Reprobi
881 2618 1128 2689 quamvis
1152 2619 1396 2673 similiter
1415 2619 1763 2685 immortalia,
1789 2620 2040 2691 quamvis

434 2704 554 2759 sine
597 2705 706 2759 fine
760 2705 1018 2774 dolentia,
1087 2708 1366 2762 habebunt
1404 2709 1565 2763 etiam
1606 2708 2039 2779 incorruptibilia

436 2793 492 2848 in
522 2794 645 2860 hoc,
688 2795 938 2865 quamvis
996 2794 1253 2851 omnibus
1305 2797 1481 2867 poenis
1527 2797 1846 2866 afficiantur,
1925 2814 2036 2854 non

440 2890 869 2950 consumuntur;
931 2891 982 2939 et
1039 2884 1175 2940 sicut
1204 2883 1414 2941 illorum
1446 2901 1682 2958 corpora
1715 2887 2038 2943 immortalia

434 2978 870 3051 incorruptibilia
902 2990 955 3037 et
985 2981 1291 3054 splendida,
1333 2984 1405 3039 ita
1445 2993 1495 3040 et
1534 2985 1755 3040 istorum
1808 2984 2039 3041 immor-

431 3067 579 3135 talia,
613 3068 1056 3141 incorruptihilia
1084 3081 1135 3127 et
1176 3074 1485 3128 tenebrosa.
1529 3075 1639 3130 Has
1673 3074 1806 3130 duas
1847 3092 2038 3131 resur-

433 3157 723 3224 rectiones,
763 3159 1088 3227 animarum,
1132 3162 1342 3219 scilicet
1372 3171 1421 3219 et
1486 3179 1804 3233 corporum,
1869 3166 2034 3221 Chri-

429 3264 513 3311 tus
544 3272 646 3311 sua
674 3257 831 3312 nobis
862 3259 1264 3315 resurrectione
1294 3262 1722 3317 commendavit.

502 3373 602 3431 Ubi
630 3377 823 3430 autem
844 3378 1123 3432 manserit
1144 3376 1270 3432 illos
1293 3394 1361 3431 x1.
1390 3378 1507 3434 dics
1522 3382 1645 3451 post
1669 3382 2034 3437 resurrectio-

432 3475 582 3527 nem,
616 3460 683 3515 de
713 3462 813 3516 hoc
851 3464 1155 3532 qureritur.
1189 3463 1443 3517 Creditur
1483 3464 1625 3519 enim
1658 3466 1800 3537 quod
1840 3465 1895 3519 in
1936 3474 2039 3521 ter-

434 3564 570 3603 reno
601 3549 857 3621 paradiso
921 3565 1044 3605 cum
1078 3551 1199 3606 Elia
1252 3560 1308 3606 et
1357 3553 1568 3619 Enoch,
1603 3562 1655 3608 et
1683 3570 1804 3610 cum
1828 3554 1913 3609 his
1945 3556 2042 3626 qui

427 3659 552 3702 cum
586 3662 652 3702 eo
683 3657 1056 3715 surrexerunt,
1112 3668 1234 3722 qua:
1279 3650 1531 3707 dicuntur
1560 3653 1805 3709 suscitati
1836 3658 1898 3709 ut
1931 3655 2040 3709 La-

427 3751 608 3803 zarus,
644 3739 982 3794 mansilaret.
1010 3740 1345 3795 Christianus
1368 3741 1557 3798 doctor
1572 3743 1811 3799 eximius
1843 3744 2040 3816 (Chry'

429 3830 727 3891 sostomus)
778 3827 928 3891 dicit,
983 3828 1109 3884 licet
1143 3840 1494 3886 monumenta
1524 3840 1716 3904 aperta
1763 3834 1817 3888 in
1862 3840 2039 3892 morte

429 3923 627 3979 Christi
660 3924 894 3979 fuissent
925 3926 1149 3991 (Matth.
1198 3929 1394 3997 xxv"),
1427 3936 1609 3985 tamen
1647 3932 1839 3987 mortui
1871 3950 1934 3988 ex
1956 3934 2037 3989 eis

429 4028 540 4067 non
570 4014 989 4084 resurrexerint,
1021 4017 1123 4070 nisi
1153 4026 1281 4087 post
1312 4019 1602 4074 Dominum
1634 4032 2036 4095 resurgentem,

428 4105 486 4152 ut
516 4097 585 4152 sit
616 4098 1019 4170 primogenitus
1050 4117 1118 4155 ex
1178 4103 1403 4157 mortuis
1440 4106 1618 4172 (Rom.
1672 4109 1812 4177 vm).
1846 4108 2043 4164 Nullus

429 4187 575 4242 enim
606 4194 731 4243 ante
763 4189 1037 4244 Christum
1070 4190 1391 4246 immortalis
1422 4195 1750 4263 resurrexit,
1785 4198 1882 4253 sed
1913 4214 2033 4253 om-

431 4300 533 4341 nes
563 4283 756 4339 iterum
786 4287 988 4341 mortui
1017 4295 1142 4342 sunt
1172 4296 1229 4343 ut
1286 4291 1551 4346 Lazarus.
1605 4291 1701 4348 Isti
1732 4304 1914 4350 autem
1947 4298 2044 4368 qui

429 4388 549 4429 cum
601 4374 817 4429 Christo
876 4384 1244 4447 surrexerunt,
1312 4379 1655 4437 immortales
1714 4400 2040 4441 resurrexe-

430 4470 571 4530 runt,
614 4471 686 4527 et,
730 4479 795 4518 eo
879 4466 1228 4534 ascendente,
1273 4485 1396 4524 cum
1478 4470 1599 4542 ipso
1638 4475 2031 4531 ascenderunt.

2149 1999 2312 2056 quam
2344 1981 2564 2038 deficiat
2597 1984 2811 2048 (Eccle.
2850 1982 2952 2053 ιχ).
3019 1980 3176 2049 Quod
3222 1980 3507 2036 estdicere
3537 1997 3553 2035 :
3584 1979 3743 2035 Nun-

2148 2086 2314 2144 quam
2373 2071 2642 2126 munditia
2696 2086 2730 2126 a
2770 2085 3029 2141 cOrpore,
3063 2085 3339 2140 nunquam
3386 2068 3569 2125 laetitia
3595 2067 3745 2140 spiri-

2146 2157 2269 2212 talis
2298 2156 2443 2211 absit
2471 2172 2502 2210 a
2531 2156 2719 2212 corde.
2754 2156 2870 2211 Hoc
2899 2154 3045 2211 idem
3100 2152 3463 2227 signiﬁcabat,
3495 2170 3615 2210 cum
3643 2153 3744 2208 Ju-

2147 2257 2335 2312 daicus
2364 2256 2603 2327 populus
2633 2263 2763 2326 post
2792 2270 2946 2310 esum
2978 2254 3108 2325 agni
3163 2262 3372 2325 septem
3395 2252 3587 2309 diebus
3613 2269 3742 2324 azy-

2146 2342 2251 2397 mis
2296 2340 2535 2397 vcscitur
2567 2358 2581 2395 :
2632 2340 2783 2412 quod
2838 2339 3138 2410 Apostolus
3167 2338 3222 2393 in
3252 2355 3309 2393 re
3337 2336 3642 2411 signiﬁcata
3668 2338 3745 2395 ita

2146 2439 2534 2509 interpretatur
2564 2451 2577 2491 :
2611 2459 2633 2485 α
2666 2436 2986 2508 Expurgate
3040 2444 3200 2492 vetus
3258 2433 3599 2502 fermentum,
3629 2443 3734 2491 etc.

2145 2527 2196 2590 (Ι
2223 2527 2346 2583 Cor.
2379 2525 2465 2595 ν.)
2502 2548 2524 2574 ιι
2558 2528 2639 2581 Ac
2669 2526 2715 2580 si
2743 2525 2889 2582 dicat
2920 2542 2934 2579 :
2971 2526 3041 2581 Ut
3101 2525 3173 2581 ad
3225 2523 3611 2580 celebrandum
3640 2540 3742 2581 ve-

2144 2632 2269 2671 rum
2301 2616 2511 2670 Pascha
2544 2622 2601 2669 et
2628 2614 2910 2670 edendum
2934 2629 3154 2670 carnem
3182 2613 3295 2669 veri
3312 2613 3454 2686 Αεοί
3482 2621 3535 2669 et
3562 2614 3743 2669 imma-

2146 2704 2311 2761 culati
2344 2704 2462 2758 sitis
2489 2703 2695 2770 idonei,
2728 2712 3028 2775 expurgate
3074 2711 3231 2759 vetus
3257 2702 3601 2770 fermentum,
3621 2706 3730 2759 etc.

2144 2801 2298 2857 Tolle
2352 2808 2508 2856 vetus
2554 2808 2864 2872 peccatum,
2928 2807 2988 2855 ut
3044 2799 3163 2854 sitis
3224 2814 3369 2855 nova
3418 2798 3739 2871 conspersio

2146 2891 2353 2959 (ibid.),
2385 2890 2442 2944 id
2500 2896 2584 2945 est
2639 2889 2937 2943 novitatem
2985 2888 3109 2945 vita
3163 2888 3525 2959 recuperatis,
3580 2902 3741 2960 quam

2145 2979 2201 3034 in
2245 2978 2463 3036 lavacro
2520 2976 2778 3049 baptismi
2823 2976 3138 3048 accepistis.
3201 2976 3333 3032 Cum
3381 2976 3522 3032 enim
3563 2992 3740 3049 popu-

2144 3076 2228 3132 lus
2258 3077 2325 3132 ad
2356 3075 2519 3131 ﬁdem
2564 3075 2792 3132 veniens
2851 3075 3266 3132 cathechizatur
3293 3074 3448 3147 quasi
3488 3074 3731 3130 molitur.

2142 3167 2211 3222 Et
2240 3166 2377 3223 sicut
2421 3166 2711 3222 diversitas
2740 3179 3039 3238 granorum
3071 3181 3171 3235 per
3197 3163 3397 3220 molam
3436 3163 3505 3220 ad
3534 3162 3733 3220 unani-

2063 3226 2114 3291 θ
2140 3255 2383 3311 mitatem
2412 3255 2643 3329 cogitur,
2660 3226 3059 3311 sicvdiversitas
3071 3226 3402 3325 populorum
3421 3269 3521 3325 per
3536 3252 3739 3309 instrn-

2141 3343 2377 3401 ctionem
2407 3344 2460 3398 in
2491 3342 2787 3416 quamdam
2842 3343 3251 3399 unanimitatem
3280 3342 3571 3401 adunatnr.
3631 3341 3741 3400 Sed

2143 3443 2388 3497 nondum
2419 3449 2502 3497 est
2531 3440 2843 3497 conversio.
2893 3440 3122 3497 Accedit
3158 3455 3294 3513 aqua
3350 3448 3403 3496 et
3442 3438 3503 3494 ﬁt
3556 3440 3739 3512 panis,

2144 3532 2285 3587 sicut
2336 3530 2443 3586 alio
2502 3529 2626 3586 loco
2698 3529 2831 3585 dicit
2879 3528 3175 3600 Apostolus
3231 3545 3246 3583 :
3317 3550 3339 3577 σι
3374 3529 3524 3586 Unus
3566 3527 3740 3599 panis,

2144 3636 2310 3676 unum
2341 3635 2543 3690 corpus
2572 3633 2771 3673 sumus
2802 3618 2858 3673 in
2888 3617 3103 3674 Christo
3159 3616 3467 3690 quicunque
3505 3616 3575 3675 de
3601 3631 3743 3690 pane

2148 3719 2267 3790 ejus
2296 3718 2531 3785 edimus,
2563 3724 2617 3773 et
2645 3716 2817 3774 calice
2848 3716 3090 3772 bibimus
3119 3717 3174 3787 (I
3200 3717 3322 3774 Cor.
3350 3718 3427 3789 x).
3462 3736 3487 3769 ο

2221 3824 2370 3881 Sicut
2426 3823 2557 3880 olim
2614 3822 2967 3880 circumcisio
3063 3832 3319 3896 quantum
3376 3823 3447 3880 ad
3500 3821 3741 3880 eﬂ'ectum

2149 3913 2492 3970 remissionis
2551 3920 2903 3985 peccatorum
2976 3912 3231 3985 baptismi
3275 3912 3447 3970 vicem
3503 3912 3741 3985 gerebat,

2148 4019 2300 4059 mare
2336 4011 2512 4059 autem
2538 4003 2763 4057 rubrum
2793 4002 3043 4072 ejusdem
3063 4002 3318 4074 baptismi
3345 4001 3744 4079 similitudinem

2151 4112 2202 4156 et
2234 4099 2466 4171 ﬁguram
2513 4099 2857 4171 praeferebat,
2892 4099 2968 4155 ita
3024 4115 3210 4170 agnus
3266 4099 3556 4173 paschalis,
3587 4100 3741 4170 cujus

2150 4206 2341 4246 carnes
2361 4205 2394 4244 a
2423 4188 2629 4261 populo
2653 4188 2982 4256 edebantur,
3004 4197 3057 4245 et
3077 4189 3344 4264 sanguine
3363 4198 3545 4262 postes
3561 4189 3744 4246 domo-

2152 4297 2276 4335 rum
2306 4279 2669 4353 signabantur
2689 4279 2901 4351 (Exod.
2954 4294 3075 4349 xu),
3109 4279 3163 4335 in
3220 4280 3399 4353 ﬁgura
3425 4279 3742 4337 sacramenti

2151 4376 2402 4449 corporis
2433 4376 2633 4431 Christi
2665 4376 2965 4447 praecessit.
2998 4378 3293 4450 Postquam
3341 4386 3520 4434 autem
3548 4376 3742 4433 veritas

2148 4467 2318 4533 venit,
2352 4466 2571 4540 signum
2601 4482 2631 4522 e
2660 4466 2843 4521 medio
2903 4465 3174 4523 sublatum
3205 4475 3287 4523 est
3319 4484 3333 4522 :
3374 4483 3445 4524 ex
3473 4482 3581 4539 quo
3630 4467 3740 4537 jam

430 4546 674 4651 Qualem
728 4548 968 4651 formam.
1020 4552 1204 4651 habuit
1235 4553 1480 4610 Christus
1522 4565 1646 4626 post
1675 4561 2037 4617 resurrectio-
2065 4588 2120 4651 Β
2148 4573 2257 4613 non
2289 4563 2405 4612 erat
2461 4571 2553 4611 res
2616 4571 2738 4627 quae
2792 4555 2976 4611 futura
3017 4554 3432 4629 signiﬁcaretur,
3479 4555 3576 4611 sed
3626 4570 3742 4629 qua

432 4648 558 4688 nem
591 4633 850 4705 ‘?Scpties
882 4636 1310 4706 splendidiorem
1343 4656 1503 4711 quam
1534 4641 1640 4696 sol.
1674 4641 1830 4712 Quali
1866 4644 2038 4700 forma

429 4731 683 4787 viderunt
712 4733 858 4788 enim
891 4733 973 4789 sui
1005 4734 1169 4789 ?Tali
1194 4744 1251 4789 ut
1280 4744 1403 4792 ante
1436 4754 1561 4792 eum
1593 4740 1777 4796 videre
1810 4757 2043 4799 consue-

421 4829 649 4879 verant.
689 4822 951 4894 Apparuit
980 4825 1201 4878 vestitus
1220 4826 1249 4878 ἵν
1272 4825 1465 4881 Vestes
1483 4844 1552 4882 ex
1581 4844 1709 4884 aere
1730 4846 2043 4903 assumpse-

428 4923 535 4987 rat,
570 4936 692 4992 qua:
723 4935 787 4975 eo
817 4920 1174 4988 ascendente,
1208 4921 1262 4976 in
1294 4938 1471 4978 aerem
1510 4935 1869 4982 evanuerunt.
1895 4928 2044 4998 Quo-

428 5009 530 5065 ties
588 5010 895 5082 apparuit?
958 5010 1310 5079 Duodecies;
1363 5021 1414 5068 et
1444 5013 1620 5085 prima
1682 5015 1770 5072 die
1814 5018 1983 5073 octies
2026 5036 2040 5075 :

427 5099 628 5167 Primo,
661 5099 866 5171 Joseph
894 5099 964 5155 ab
995 5099 1311 5156 Arimathea
1340 5117 1567 5159 carcere
1598 5103 1650 5159 in
1680 5122 1789 5177 quo
1820 5107 2039 5178 positus

428 5208 562 5267 erat,
608 5216 675 5257 co
715 5199 859 5273 quod
925 5215 1050 5255 eum
1091 5201 1436 5270 sepeliverat,
1481 5211 1540 5258 ut
1604 5203 1885 5278 Scriptura
1938 5205 2044 5263 Ni-

430 5290 643 5346 codemi
671 5290 958 5357 declarat;
993 5291 1259 5358 secundo,
1310 5292 1470 5348 matri
1501 5311 1636 5361 suae,
1690 5303 1749 5352 ut
1781 5295 2041 5354 Sedulius

431 5379 779 5446 manifestat;
814 5379 993 5449 tertio,
1054 5380 1242 5436 Mariae
1306 5383 1669 5455 Magdelenae,
1730 5394 1789 5441 ut
1827 5389 2043 5445 Marcus

428 5477 618 5532 asserit
646 5496 659 5541 ;
688 5487 901 5550 quarto,
936 5477 1150 5533 duobus
1180 5495 1209 5533 a
1257 5480 1506 5551 sepulcro
1537 5485 1954 5555 revertentibus,
1987 5495 2045 5543 ut

435 5562 721 5621 Mattlttcus
745 5568 937 5638 pandit
971 5586 984 5630 ;
1019 5568 1490 5639 quinto,.Jacobo,
1541 5582 1597 5628 ut
1623 5574 1820 5629 Paulus
1867 5583 2044 5632 testa-

434 5667 539 5732 tur,
584 5665 676 5736 qui
734 5682 794 5722 se
833 5667 887 5721 in
927 5676 1088 5723 sexta
1128 5668 1266 5725 feria
1314 5670 1616 5727 devoverat
1671 5688 1778 5727 non
1808 5675 2043 5730 mandu-

432 5773 706 5833 caturum,
767 5768 945 5826 donec
989 5771 1201 5828 videret
1240 5772 1521 5829 Christum
1589 5775 1824 5842 vivum;
1867 5781 2044 5833 sexto.

433 5874 655 5937 quoque
696 5867 875 5936 Petro,
915 5875 972 5923 ut
1010 5870 1183 5925 Lucas
1223 5870 1432 5939 fatetur,
1466 5872 1560 5943 qui
1597 5881 1825 5946 pr0pter
1856 5891 2047 5949 nega-

2152 4661 2400 4718 prmsens
2429 4644 2829 4716 perciperetur.
2863 4645 3061 4700 Mansit
3087 4653 3264 4701 tamen
3290 4643 3463 4718 ﬁgura
3492 4643 3743 4718 quamdiu

2151 4760 2238 4803 res
2268 4745 2508 4802 nondum
2540 4744 2640 4800 fuit
2670 4760 2683 4814 ;
2716 4752 2770 4800 et
2800 4743 3117 4801 exhibitium
3139 4744 3293 4817 prius
3325 4752 3406 4801 est
3433 4743 3487 4799 in
3515 4742 3743 4800 similitu-

2151 4835 2280 4891 dine
2311 4834 2456 4907 quod
2484 4834 2832 4905 postmodum
2866 4833 3251 4905 complendum
3283 4833 3469 4889 eratin
3498 4833 3740 4889 veritate.

2151 4926 2418 4997 Egyptus
2474 4923 2734 4991 mundus,
2794 4924 3186 4980 exterminator
3235 4922 3503 4991 diabolus,
3558 4924 3740 4996 Agnus

2153 5023 2420 5083 Christus.
2456 5021 2682 5094 sanguis
2710 5020 2841 5093 agni
2880 5020 3068 5093 passio
3122 5020 3345 5089 Christi.
3403 5020 3596 5077 domus
3621 5018 3739 5076 ani—

2152 5126 2371 5167 marum
2402 5125 2659 5181 corpora,
2719 5110 2920 5167 domus
2972 5110 3360 5184 cogitationum
3387 5109 3579 5167 corda.
3622 5108 3741 5165 Haec

2153 5199 2424 5269 sanguine
2453 5200 2720 5273 tingimus
2750 5216 2851 5272 per
2906 5199 3184 5272 passionis
3232 5197 3397 5256 ﬁdem
3451 5198 3545 5255 illa
3615 5213 3739 5254 san-

2154 5288 2320 5362 guine
2350 5289 2612 5360 tingimus
2661 5305 2763 5360 per
2822 5289 3097 5361 passionis
3134 5287 3489 5346 imitationem
3550 5287 3736 5355 crucis,

2154 5388 2371 5461 signum
2394 5386 2549 5443 intus
2578 5396 2631 5444 et
2652 5386 2785 5443 foris
2813 5394 3165 5459 opponentes
3186 5394 3384 5444 contra
3411 5384 3739 5441 adversaries

2155 5481 2477 5547 potestates.
2495 5472 2745 5544 Denique
2767 5487 2962 5527 carnes
2989 5471 3119 5544 agni
3146 5471 3501 5538 comedimus,
3516 5468 3737 5543 quando,

2155 5563 2208 5619 in
2264 5571 2612 5618 sacramento
2666 5578 2854 5617 verum
2878 5577 3077 5633 corpus
3141 5562 3259 5629 ejus
3321 5560 3602 5626 sumendo,
3656 5572 3742 5630 per

2155 5661 2320 5719 ﬁdem
2352 5669 2406 5718 et
2434 5660 2782 5717 dilectionem
2814 5661 3030 5718 Christo
3083 5660 3523 5732 incorporamur.
3586 5654 3738 5713 Alibi.

2159 5768 2319 5839 Quod
2341 5768 2705 5826 manducatur
2726 5769 3128 5841 incorporatur.
3150 5765 3380 5838 Quando
3398 5772 3574 5821 autem
3595 5762 3740 5822 Chri-

2158 5879 2228 5935 sti
2257 5892 2385 5935 caro
2416 5876 2796 5948 manducatur,
2862 5892 2975 5934 non
3005 5876 3101 5952 qui
3126 5874 3507 5946 manducatur,
3538 5871 3635 5930 sed
3661 5869 3739 5947 qui
