3924 6408
106 450 231 511 9'29

1126 441 1711 508 DEFLORATIONES
1746 435 1859 512 SS.
1895 434 2198 499 PATRUM.
2236 471 2305 484 --
2342 435 2471 497 LIB.
2511 432 2567 505 I.

3413 432 3517 489 930

105 578 451 634 manducat
485 579 547 636 ei
585 596 770 651 quem
802 577 1089 634 manducet
1117 576 1505 645 incorporatur.
1539 573 1743 628 Idcirco
1773 588 1805 626 a
1832 567 1888 629 Α
1923 569 2094 640 tingit,
2128 584 2241 623 rem
2271 563 2589 620 sacramenti
2621 561 2801 627 habet,
2833 559 3079 631 quamvis
3120 564 3511 651 sacramentum

114 666 315 723 voluit
368 667 675 725 Christus
721 684 754 724 ι
796 667 955 724 nobis
997 664 1330 731 manducari,
1381 671 1436 718 ut
1467 679 1565 717 nos
1592 662 1695 716 sibi
1726 661 1814 714 in-

110 763 506 826 corporaret,
550 759 682 813 hoc
738 764 819 812 est
879 762 1273 811 sacramentum
1324 752 1567 821 corporis
1598 749 1811 818 Christi,

117 861 176 908 et
206 869 309 909 res
340 853 733 909 sacramenti
765 851 1009 924 corporis
1052 850 1273 906 Christi.
1313 848 1418 917 Qui
1449 847 1738 902 manducat
1765 854 1817 900 et

120 941 569 1011 incorporatur
664 948 1061 997 sacramentum
1117 938 1298 1007 habet,
1356 945 1411 991 et
1462 953 1575 991 rem
1632 951 1815 989 sacra-

122 1030 350 1087 menti.
398 1029 529 1100 Qui
606 1029 910 1086 manducat
947 1037 999 1085 et
1026 1045 1130 1084 non
1187 1028 1575 1098 incorporatur,
1633 1042 1817 1080 sacra-

122 1138 408 1185 mentum
466 1129 694 1199 habet,
755 1128 851 1184 sed
905 1144 1020 1183 rem
1090 1125 1408 1181 sacramenti
1461 1140 1571 1179 non
1622 1122 1808 1176 habet.

126 1216 229 1274 Sic
259 1216 369 1291 qui
429 1217 877 1290 incorporatur,
927 1215 1088 1271 etiam
1118 1214 1163 1269 si
1191 1212 1517 1269 manducare
1545 1227 1653 1266 non
1682 1225 1817 1266 con-

1922 675 2031 713 non
2088 656 2307 711 habeat.
2374 654 2476 722 Qui
2534 651 2712 718 sumit,
2763 655 3156 703 sacramentum
3199 645 3381 700 habet.
3413 644 3517 714 Qui

1923 755 2089 811 credit
2116 762 2167 808 et
2195 752 2389 824 diligit,
2420 767 2533 804 rem
2565 745 2884 803 sacramenti
2935 744 3122 799 habet.
3158 743 3349 798 Melius
3385 757 3516 813 ergo

1925 852 2005 899 est
2060 843 2157 905 illi,
2217 840 2306 910 qui
2364 838 2534 894 credit
2588 844 2641 891 et
2695 835 2890 905 diligit,
2945 833 3105 887 etiam
3137 833 3179 885 si
3226 847 3438 885 sumere
3467 838 3520 885 et

1925 933 2249 988 manducare
2281 946 2387 985 non
2419 927 2605 999 possit,
2636 940 2796 995 quam
2847 923 2935 976 ille
2969 922 3058 991 qui
3086 922 3247 974 sumit
3275 928 3330 975 et
3357 936 3515 974 man-

1926 1032 2101 1097 ducat,
2131 1037 2183 1084 et
2214 1045 2319 1084 non
2349 1026 2534 1092 credit,
2589 1041 2689 1079 nec
2745 1021 2955 1093 diligit;
2989 1020 3073 1075 vel
3102 1019 3144 1073 si
3192 1019 3376 1087 credit,
3409 1033 3517 1072 non

1926 1121 2120 1192 diligit.

1154 1519 1533 1623 FERIA
1608 1513 2189 1621 SECUNDA
2278 1503 2848 1611 PASCH/E.

1521 1758 1913 1829 Secundum
1953 1756 2234 1821 Lucam.

221 1956 362 2011 Duo
398 1972 483 2011 ex
512 1955 817 2028 discipulis
843 1956 967 2011 Jesu
995 1954 1145 2011 ibant
1172 1954 1289 2025 ipsa
1317 1952 1406 2010 die
1434 1950 1489 2004 in
1519 1949 1815 2016 castellum,
1847 1948 1902 2008 B
1932 1960 2030 1998 nus
2060 1949 2180 2013 post
2207 1937 2646 2028 resurrectionem
2691 1935 3010 2028 quibusdam
3057 1937 3334 2028 utriusque
3363 1955 3523 1996 sexus

146 2044 311 2117 quod
376 2052 517 2101 erat
586 2044 648 2099 in
703 2044 880 2116 spatio
937 2043 1230 2100 stadiorum
1261 2058 1333 2097 ιχ
1363 2041 1433 2097 ab
1462 2039 1815 2104 Hierusalem,

143 2133 420 2189 nomine
475 2134 789 2189 Emmaus.
857 2132 922 2187 Et
970 2132 1071 2203 ipsi
1118 2131 1474 2201 loquebantur
1515 2128 1816 2183 adinvicem

148 2228 224 2285 de
251 2230 350 2285 his
381 2230 677 2287 omnibus
705 2245 827 2300 qua
856 2229 1159 2285 acciderant
1186 2230 1339 2299 (Luc.
1376 2228 1550 2286 xxxvi.

228 2319 504 2373 Narrant
539 2318 720 2391 greci
750 2318 1037 2389 scriptores
1079 2317 1359 2389 gigantem
1400 2315 1679 2369 Herculem
1711 2327 1817 2367 uno

158 2405 429 2461 anhelitu
463 2422 633 2462 cxxv
659 2422 849 2475 passus
905 2406 1215 2460 cucurrisse.
1269 2404 1476 2473 Quibus
1523 2400 1819 2458 constiterit

156 2503 437 2574 expletis,
510 2511 575 2559 et
637 2503 862 2559 astando
918 2502 1228 2572 hujusmodi
1273 2502 1526 2573 spatium,
1586 2499 1815 2554 stadium

161 2592 424 2648 vocavit.
488 2592 598 2647 Est
656 2600 836 2647 autem
894 2592 1124 2646 stadium
1181 2598 1371 2645 octava
1414 2606 1539 2659 pars
1576 2587 1811 2655 miliarii,

164 2686 221 2732 et
251 2694 330 2733 ιι
381 2680 588 2735 stadia
636 2696 712 2735 vn
759 2680 1047 2734 conﬁciunt
1094 2678 1361 2745 milliaria,
1394 2685 1447 2732 et
1474 2676 1815 2731 medietatem

162 2775 384 2832 octavi.
460 2776 618 2846 Quae
646 2777 705 2831 in
731 2793 943 2831 summa
991 2776 1225 2843 redacta,
1270 2776 1457 2846 leugas
1507 2782 1611 2829 tres
1639 2772 1813 2828 conﬁ-

169 2862 350 2930 ciunt,
386 2873 449 2919 et
481 2865 708 2921 dodran
739 2874 961 2936 quarta}.
1003 2868 1187 2934 Itaque
1220 2881 1285 2918 ιχ
1316 2864 1486 2918 stadia
1528 2879 1601 2918 vn
1632 2880 1815 2933 passus

176 2960 232 3007 et
262 2952 626 3026 quingentos
659 2952 983 3026 signiﬁcant.
1016 2953 1173 3023 Quod
1201 2953 1430 3024 spatium
1452 2951 1654 3006 itineris
1679 2952 1815 3005 bene

177 3052 453 3123 congruit
491 3054 584 3108 eis
631 3053 721 3123 qui
767 3052 836 3108 de
893 3061 1065 3109 morte
1116 3070 1178 3108 ac
1222 3053 1492 3121 sepultura
1526 3050 1818 3105 Salvatoris

181 3138 338 3204 certi,
370 3140 541 3195 dubii
579 3141 650 3197 de
673 3141 1063 3196 resurrectione
1109 3140 1511 3213 gradiebantur.
1553 3141 1689 3194 Nam
1725 3157 1813 3193 re-

182 3228 609 3283 surrectionem
659 3245 781 3299 qua“:
830 3236 950 3299 post
992 3229 1275 3299 septimam
1308 3228 1516 3283 sabbati
1550 3227 1687 3282 facta
1716 3235 1812 3295 est,

186 3322 389 3371 octavo
437 3333 686 3372 numero
741 3317 1002 3373 contineri
1058 3318 1177 3387 quis
1232 3317 1459 3388 ambigit
1488 3317 1516 3369 ?
1564 3316 1820 3384 Discipuli

190 3426 330 3483 ergo
370 3414 471 3484 qui
506 3415 584 3470 de
616 3414 849 3470 Domino
905 3415 1183 3485 loquentes
1238 3413 1558 3469 incedebant
1610 3422 1820 3468 sextum

188 3498 401 3572 incepti
465 3503 691 3558 itineris
747 3503 1038 3558 milliarum
1096 3503 1520 3575 compleverunt,
1554 3502 1643 3572 qui
1672 3502 1822 3555 illum

190 3587 311 3643 sine
335 3594 583 3661 querela
611 3593 883 3650 viventem
904 3610 1070 3662 usque
1102 3592 1170 3647 ad
1201 3600 1445 3658 mortem,
1482 3608 1641 3661 quam
1671 3599 1824 3645 sexta

193 3675 431 3735 Sabbati
464 3681 666 3750 subiit,
708 3681 1018 3752 pervenisse
1072 3681 1344 3735 delebant.
1407 3680 1825 3751 Compleverunt

196 3772 252 3819 et
280 3768 622 3839 septimum,
655 3769 780 3840 quia
827 3771 968 3825 hunc
1026 3769 1083 3824 in
1138 3769 1382 3840 sepulcro
1423 3769 1687 3839 quievisse
1717 3784 1825 3822 non

195 3851 571 3913 dubitabant.
630 3857 830 3914 Verum
888 3865 1139 3914 octavum
1196 3858 1419 3912 minime
1477 3863 1819 3929 peregerunt,

202 3952 331 4023 quia
359 3955 789 4011 resurrectionis
815 3955 1045 4028 gloriam
1076 3972 1183 4011 non
1231 3956 1465 4026 perfecte
1515 3954 1820 4009 credebant.

200 4034 477 4094 Emmaus
533 4047 623 4095 est
674 4040 953 4111 Nicepolis
997 4040 1185 4095 civitas
1240 4040 1467 4111 insignis
1521 4040 1820 4107 Palestinaa,

206 4138 329 4194 quae
358 4137 488 4199 post
517 4130 988 4201 expugnationem
1035 4129 1237 4184 Iudaeae
1266 4129 1365 4183 sub
1393 4130 1572 4183 Marco
1611 4128 1824 4184 Aurelio

203 4224 444 4283 Antonio
500 4228 758 4302 principe
815 4235 1127 4297 restaurata,
1187 4243 1310 4283 cum
1354 4235 1492 4282 statu
1520 4228 1747 4284 mutavit
1774 4234 1827 4282 et

208 4325 412 4371 nomen
424 4358 439 4372 .

284 4423 308 4451 α
342 4403 412 4459 Et
440 4405 659 4462 factum
690 4412 770 4460 est
796 4403 926 4459 dum
957 4404 1343 4472 fabularentur,
1378 4413 1430 4459 et
1458 4421 1638 4461 secum
1671 4419 1826 4475 quae-

214 4499 413 4563 rerent,
446 4495 903 4568 appropinquans
957 4492 1071 4549 ibat
1122 4509 1244 4549 cum
1301 4493 1423 4548 illis.
1458 4492 1611 4549 Oculi
1639 4506 1826 4548 eorum

212 4580 570 4652 tenebantur,
601 4600 669 4639 ne
697 4599 820 4639 eum
864 4591 1235 4655 agnoscerent.
1263 4605 1285 4632 υ
1331 4583 1716 4639 Fabularentur
1742 4597 1830 4636 ac-

1852 3295 1902 3361 C

1928 2030 2237 2087 hominibus
2283 2035 2336 2083 et
2375 2027 2588 2099 agnitus
2644 2041 2751 2079 non
2802 2026 2886 2093 sit,
2948 2033 3001 2080 et
3057 2026 3268 2097 agnitus
3296 2027 3381 2082 sit.
3415 2028 3518 2084 Ubi

1928 2120 2160 2192 primum
2192 2116 2380 2187 quarrit
2408 2116 2541 2169 solet
2572 2122 2745 2168 utrum
2775 2114 2830 2167 in
2860 2113 2976 2183 ejus
2992 2130 3217 2185 corpore
3244 2132 3313 2171 an
3344 2116 3521 2189 potius

1928 2215 1981 2267 in
2011 2215 2222 2268 illorum
2250 2213 2419 2268 oculis
2476 2211 2677 2281 aliquid
2736 2211 2934 2266 factum
2964 2211 3033 2264 sit
3065 2228 3169 2281 quo
3208 2230 3315 2268 non
3348 2213 3524 2285 possit

1929 2303 2168 2375 agnosci.
2231 2301 2448 2372 Legitur
2503 2300 2646 2355 enim
2682 2317 2693 2353 :
2732 2322 2754 2347 «ι
2790 2299 3132 2355 Tenebantur
3166 2301 3307 2356 oculi
3332 2318 3518 2357 eorum

1928 2409 1996 2446 ne
2040 2397 2395 2463 agnoscerent
2421 2406 2563 2443 eum.
2599 2411 2620 2436 η
2657 2388 2795 2442 Alibi
2829 2397 3009 2457 aperte
3037 2389 3269 2445 dicitur:
3306 2414 3328 2441 ιι
3358 2407 3521 2463 appa-

1927 2481 2032 2536 ruit
2060 2480 2164 2533 illis
2194 2480 2249 2533 in
2280 2477 2385 2532 alia
2414 2477 2591 2549 eﬁigie
2621 2477 2811 2545 (Marc.
2846 2480 2980 2545 xvi).
3019 2499 3041 2525 υ

1999 2577 2106 2631 Sed
2136 2594 2229 2631 cur
2258 2593 2365 2631 non
2392 2582 2572 2629 movet
2601 2574 2745 2643 quod
2793 2574 2847 2628 in
2895 2573 3357 2646 transﬁguratione
3399 2586 3521 2635 ante

1928 2666 2233 2737 passionem
2265 2665 2439 2719 vultus
2486 2663 2602 2732 ejus
2640 2662 2951 2734 splendibus
2981 2663 3080 2716 fuit
3106 2671 3162 2718 ut
3190 2665 3291 2731 sol,
3324 2674 3374 2720 et
3400 2675 3526 2735 post

1927 2754 2373 2809 resurrectionem
2431 2758 2613 2806 movet
2656 2751 2991 2820 aliquatenus
3038 2752 3360 2808 lineamenta
3396 2772 3524 2809 mu-

1929 2850 2037 2897 tata
2068 2860 2203 2907 esse,
2236 2850 2293 2895 ut
2324 2856 2429 2893 non
2460 2847 2640 2909 posset
2677 2840 2919 2911 agnosci.
2955 2839 3026 2893 Et
3056 2857 3263 2895 rursum
3294 2841 3371 2898 sic
3401 2851 3526 2900 tunc

1928 2931 2209 3002 pristinum
2266 2930 2523 2997 colorem,
2556 2928 2631 2982 sic
2660 2936 2713 2981 et
2742 2936 2863 2999 post
2917 2930 3358 2985 resurrectionem
3407 2932 3527 3001 pri-

1927 3020 2064 3073 stina
2094 3018 2422 3072 lineamenta
2482 3032 2781 3070 revocasse.
2846 3017 2928 3070 Illi
2981 3024 3085 3071 tres
3122 3018 3369 3087 discipuli
3400 3028 3524 3075 ante

1928 3131 2154 3186 quorum
2181 3116 2363 3169 oculos
2394 3113 2795 3184 transﬁguratus
2826 3120 2904 3167 est
2949 3112 3003 3166 in
3034 3122 3233 3181 monte,
3267 3131 3374 3171 non
3406 3133 3529 3172 eum

1927 3211 2279 3275 agnoscerent
2333 3202 2375 3256 si
2428 3202 2545 3256 talis
2602 3201 2669 3256 ad
2744 3217 2836 3255 eos
2886 3201 3104 3256 aliunde
3152 3204 3402 3259 venisset.
3465 3206 3526 3262 Si

1934 3294 2051 3363 quis
2103 3292 2362 3361 juvenem
2419 3291 2624 3345 videret
2678 3306 2839 3359 quem
2897 3305 3004 3343 non
3060 3290 3162 3344 nisi
3201 3292 3524 3349 infantulum

1927 3390 2165 3455 vidisset,
2216 3404 2324 3443 non
2372 3389 2552 3457 utique
2596 3394 2928 3457 agnosceret.
2972 3389 3052 3441 An
3098 3388 3166 3441 ad
3198 3389 3526 3447 lineamenta

1929 3478 2186 3533 mutanda
2214 3493 2322 3532 non
2360 3484 2535 3546 potest
2582 3476 2826 3530 celeriter
2870 3476 3086 3530 Domini
3117 3485 3350 3547 potestas
3380 3480 3525 3551 quod

1929 3574 2104 3640 potest
2133 3583 2230 3638 per
2258 3581 2522 3621 annorum
2551 3580 2730 3619 moras
2758 3564 2990 3618 hominis
3018 3572 3148 3619 aetas
3175 3567 3204 3619 ?

2007 3688 2028 3714 «ι
2064 3665 2131 3720 Et
2183 3664 2257 3719 ait
2311 3663 2379 3718 ad
2436 3663 2557 3717 illos
2607 3682 2619 3718 :
2678 3662 2781 3731 Qui
2829 3670 2953 3717 sunt
2989 3663 3042 3716 hi
3088 3680 3363 3720 sermones
3391 3682 3526 3737 quos

1930 3753 2185 3810 confertis
2214 3753 2281 3807 ad
2310 3752 2541 3808 invicem
2586 3751 2922 3805 ambulantes
2951 3759 3004 3805 et
3032 3753 3158 3806 estis
3205 3754 3380 3809 tristes
3400 3757 3429 3809 ?
3458 3758 3525 3811 Et

1929 3842 2263 3912 respondens
2290 3857 2447 3909 unus,
2479 3841 2565 3895 cui
2596 3856 2793 3895 nomen
2823 3840 3107 3911 Cleophas,
3151 3842 3287 3897 dixit
3316 3844 3364 3899 ei
3390 3863 3402 3899 :
3445 3846 3525 3899 Tu

1930 3931 2076 3985 solus
2105 3930 2419 4002 peregrinus
2463 3945 2519 3984 es
2566 3930 2622 3982 in
2667 3929 3019 3994 Hierusalem,
3053 3937 3106 3984 et
3159 3946 3266 3985 non
3309 3946 3522 4002 cogno-

1930 4029 2052 4085 visti
2099 4046 2218 4099 quae
2258 4029 2397 4083 facta
2455 4036 2577 4082 sunt
2650 4026 2705 4081 in
2750 4028 2841 4082 illa
2894 4028 2977 4082 his
3023 4027 3212 4083 diebus
3244 4029 3273 4081 ?
3320 4029 3527 4098 Quibus

1932 4119 2021 4173 ille
2071 4118 2208 4172 dixit
2240 4137 2251 4173 :
2284 4116 2467 4186 Quae?
2514 4124 2567 4171 et
2608 4116 2857 4171 dixerunt
2891 4134 2904 4171 :
2954 4117 3035 4171 De
3060 4118 3186 4171 Jesu
3225 4118 3523 4189 Nazarene,

1934 4206 2025 4277 qui
2056 4206 2156 4261 fuit
2206 4207 2290 4263 vir
2343 4207 2604 4277 prepheta
2651 4214 2844 4275 potens
2897 4205 2952 4258 in
3009 4221 3172 4277 opere
3201 4214 3253 4262 et
3280 4224 3529 4267 sermone

1933 4320 2114 4360 coram
2146 4305 2259 4359 Deo
2290 4311 2341 4359 et
2369 4303 2516 4359 omni
2548 4304 2747 4374 populo
2772 4318 2785 4371 ;
2819 4310 2871 4357 et
2899 4305 3170 4373 quomodo
3201 4306 3532 4364 tradiderunt

1934 4410 2055 4449 eum
2100 4393 2295 4447 summi
2338 4392 2640 4447 sacerdotes
2687 4399 2739 4446 et
2786 4392 3054 4463 principes
3099 4395 3264 4449 nostri
3296 4396 3350 4449 in
3378 4397 3532 4452 dam-

1932 4481 2207 4538 nationem
2258 4482 2463 4549 mortis,
2509 4489 2563 4535 et
2609 4480 2986 4535 cruciﬁxerunt
3030 4498 3176 4537 eum.
3208 4484 3323 4539 Nos
3349 4492 3529 4540 autem

1930 4580 2279 4651 sperabamus
2327 4579 2452 4648 quia
2508 4585 2646 4633 esset
2672 4577 3045 4649 redempturus
3072 4580 3255 4634 Israel.
3284 4603 3305 4628 υ
3343 4582 3533 4637 Socius

219 4665 338 4737 Cipe
366 4687 467 4741 pro
499 4674 875 4743 loquerentur.
908 4654 1221 4741 Quaarerent
1263 4671 1449 4741 verbo,
1501 4673 1602 4727 hoc
1631 4677 1711 4725 est
1738 4671 1826 4724 in-
1854 4654 1908 4717 D
1939 4671 2194 4741 Cleopha,
2262 4667 2555 4725 vocabatur
2618 4669 2857 4737 Amaon,
2935 4675 3066 4723 teste
3129 4668 3413 4725 Ambrosio
3476 4670 3533 4728 in

222 4755 497 4824 quirerent
566 4761 869 4832 Scripturas
916 4761 982 4816 de
1036 4760 1264 4817 Christo.
1312 4761 1614 4832 Loquentes
1659 4761 1725 4814 de
1771 4775 1827 4814 se

222 4850 489 4914 Dominus
545 4859 986 4931 appropinquans
1022 4860 1324 4925 comitatur,
1376 4867 1434 4914 ut
1471 4866 1523 4914 et
1546 4858 1709 4912 fidem
1738 4872 1829 4912 re-

227 4947 580 5004 surrectionis
608 4947 878 5002 mentibus
914 4964 1100 5004 eorum
1156 4949 1423 5014 incendat,
1482 4955 1536 5002 et
1583 4947 1727 5017 quod
1772 4963 1829 5001 se

230 5034 555 5098 Promiserat
584 5035 848 5091 facturum
882 5036 1141 5106 impleat:
1173 5060 1193 5085 «
1221 5037 1325 5093 Ubi
1347 5037 1591 5091 suntduo
1621 5036 1706 5092 vel
1726 5043 1831 5089 tres

234 5132 552 5205 congregati
584 5132 638 5186 in
668 5132 887 5188 nomine
918 5148 1060 5199 meo,
1093 5133 1166 5187 ibi
1205 5149 1323 5188 sum
1354 5132 1409 5186 in
1436 5132 1615 5187 medio
1644 5148 1830 5187 eorum

238 5214 451 5283 tﬂalth.
519 5223 699 5290 xvm).
736 5243 759 5267 »
821 5221 1082 5291 Apparuit
1148 5220 1386 5291 quidem,
1445 5221 1539 5276 sed
1595 5221 1830 5291 speciem

243 5315 396 5371 quam
449 5316 906 5381 recognoscerent
958 5325 1068 5365 non
1122 5309 1370 5364 ostendit.
1422 5309 1570 5365 Sicut
1624 5308 1725 5381 ipsi
1780 5316 1834 5364 et

244 5387 378 5449 intus
432 5399 711 5466 amabant,
772 5405 826 5453 et
880 5405 1059 5453 tamen
1113 5397 1447 5466 dubitabant,
1506 5399 1583 5453 sic
1638 5405 1691 5453 et
1718 5398 1831 5467 ipse

250 5474 371 5537 foris
394 5493 445 5542 et
469 5503 709 5561 praesens
734 5485 905 5554 adest,
929 5494 982 5541 et
1010 5488 1128 5557 quis
1155 5486 1223 5541 sit
1250 5502 1357 5541 non
1386 5486 1633 5542 ostendit.
1666 5487 1746 5540 De
1773 5500 1831 5540 se

250 5581 371 5640 ergo
396 5573 738 5648 loquentibus
768 5576 1108 5646 praesentiam
1158 5575 1396 5641 exhibet,
1447 5575 1542 5630 sed
1571 5574 1639 5629 de
1668 5573 1831 5628 dubi-

257 5659 472 5720 tantibus
498 5666 739 5738 speciem
768 5663 1092 5736 cognitionis
1120 5664 1310 5719 aufert.
1345 5664 1480 5718 Hinc
1511 5662 1835 5735 Augustinus

259 5740 465 5810 Paulino
494 5756 758 5826 episcopo
787 5753 843 5807 in
886 5753 1112 5823 epistola
1150 5753 1269 5821 illa,
1308 5752 1463 5820 Quod
1503 5752 1570 5806 de
1596 5766 1833 5822 perven-

263 5840 402 5903 lione
416 5854 531 5912 tam
551 5866 832 5928 prospera
854 5853 1058 5922 fratri:
1080 5855 1137 5907 et
1156 5850 1590 5922 compresbyteri
1609 5849 1793 5905 nostri
1816 5866 1829 5903 :

256 5957 276 5985 '
304 5939 582 6016 ln‘MSitio
612 5958 708 6010 tua
727 5949 866 6006 solet
884 5950 1081 6006 multos
1098 5965 1337 6021 movere,
1360 5947 1632 6022 quomodo
1648 5946 1836 6004 Domi-

1936 4759 2156 4814 Lucam.
2216 4758 2564 4829 Peregrinum
2613 4764 2802 4826 putant
2855 4773 3015 4826 quem
3044 4771 3154 4811 non
3179 4768 3521 4829 agnoscunt.

1934 4848 2006 4908 Et
2032 4864 2157 4903 vere
2189 4847 2503 4918 peregrinus
2546 4853 2659 4900 erat
2688 4845 2764 4899 eis
2794 4862 2826 4900 a
2856 4861 3085 4915 quorum
3115 4846 3404 4919 fragilitate
3434 4863 3532 4919 per

1936 4946 2167 5017 gloriam
2218 4944 2620 4999 resurrectionis
2661 4944 2775 5014 jam
2820 4944 2983 5015 longe
3017 4944 3210 5010 stabat,
3241 4959 3276 5000 a
3304 4962 3530 5015 quorum

1935 5033 2040 5088 ﬁde
2075 5034 2476 5088 resurrectionis
2532 5033 2649 5102 ejus
2696 5032 2876 5086 nescia
2932 5041 3217 5088 extraneus
3246 5051 3532 5105 permane-

1937 5122 2049 5177 bat.
2105 5123 2423 5193 Prophetam
2466 5122 2681 5192 quidem
2740 5129 2791 5175 et
2844 5138 3103 5193 magnum
3154 5122 3405 5192 fatentur,
3437 5124 3533 5178 sed

1938 5222 2132 5276 Filium
2165 5222 2261 5275 Dei
2293 5228 2486 5285 tacent,
2520 5221 2605 5275 vel
2652 5220 2777 5290 quia
2807 5220 2860 5273 id
2888 5222 3125 5275 nondum
3158 5222 3396 5292 perfecte
3424 5239 3535 5278 cre-

1938 5310 2091 5376 dunt,
2135 5310 2222 5365 vel
2268 5317 2323 5363 et
2369 5310 2413 5363 si
2462 5310 2702 5377 credunt,
2738 5309 2927 5365 timent
2959 5310 3091 5364 tradi
3122 5309 3176 5363 in
3211 5327 3405 5366 manus
3431 5312 3531 5367 Ju-

1939 5398 2201 5463 daiorum,
2251 5398 2550 5453 nescientes
2591 5415 2710 5452 cum
2758 5415 2865 5467 quo
2904 5399 3208 5469 loquuntur.
3262 5399 3536 5469 Quodam-

1939 5487 2101 5542 modo
2132 5485 2293 5541 etiam
2323 5486 2652 5558 redarguunt
2699 5487 2908 5557 seipsos
2938 5488 3082 5557 quod
3113 5487 3167 5541 in
3196 5487 3289 5544 illo
3318 5489 3536 5545 redem-

1938 5576 2178 5646 ptionem
2208 5583 2571 5645 speraverant,
2605 5592 2766 5645 quem
2814 5585 3084 5631 mortuum
3129 5576 3397 5647 viderant,
3438 5597 3541 5637 nec

1938 5671 2356 5719 resurrecturum
2409 5665 2685 5719 videbant.
2736 5665 2801 5720 Et
2830 5666 3068 5721 maxime
3124 5665 3382 5724 dolebant
3410 5686 3535 5725 eum

1938 5754 2052 5808 sine
2080 5753 2239 5822 culpa
2287 5752 2521 5807 occisum
2580 5770 2740 5823 quem
2791 5754 3131 5811 innocentem
3173 5765 3455 5827 noverant,
3489 5766 3543 5815 et

1940 5867 2007 5905 ex
2036 5851 2140 5905 hoc
2168 5850 2342 5905 tristes
2372 5849 2721 5906 incedebant.

2017 5969 2040 6000 α
2070 5948 2142 6004 Et
2169 5963 2312 6005 nunc
2337 5964 2499 6019 super
2526 5948 2707 6006 omnia
2737 5949 2891 6007 tertia
2928 5951 3045 6007 dies
3070 5957 3153 6006 est
3180 5949 3362 6020 hodie,
3393 5950 3539 6022 quod
