3924 6400
456 370 566 427 931

1616 354 1963 415 WERNERI
1998 352 2285 437 sanans
2322 353 2389 413 s.
2431 352 2655 410 ausu

3662 353 3763 447 93g

460 494 580 548 haec
610 489 752 546 facta
777 493 918 543 sunt.
951 483 1060 542 Sed
1106 491 1159 539 et
1198 481 1450 540 mulieres
1486 480 1736 554 quaedam
1768 498 1836 536 ex
1864 480 2060 537 nostris
2169 480 2237 534 Et
2264 478 2433 549 aperti
2462 485 2585 533 sunt
2625 475 2766 532 oculi
2814 446 3030 544 eorum,
3091 482 3145 532 et
3197 482 3570 549 cognoverunt
3615 490 3757 544 eum,

464 584 766 636 terruerunt
792 592 909 645 nos,
943 591 1061 646 quae
1086 581 1207 629 ante
1256 573 1433 628 lucem
1473 578 1733 629 venerant
1778 570 1846 626 ad
1872 587 2065 627 monu-

466 675 732 736 mentum,
792 673 846 721 et
899 680 1007 720 non
1062 664 1282 719 invento
1332 677 1556 734 corpore
1614 660 1731 731 ejus
1777 667 2057 729 venerunt,

463 769 704 825 dicentes
730 782 789 825 se
817 765 980 821 etiam
1017 762 1254 819 visiones
1306 762 1623 835 angelorum
1664 758 1881 829 vidisse,
1940 776 2060 829 quae

462 858 646 914 dicunt
672 872 796 912 eum
824 854 1026 910 vivere.
1060 853 1127 907 Et
1178 852 1427 907 abierunt
1479 850 1700 921 quidam
1747 866 1817 904 ex
1867 847 2062 904 nostris

466 947 534 1003 ad
578 951 1009 1009 monumentum,
1071 949 1125 998 et
1170 940 1244 996 ita
1270 940 1592 997 invenerunt
1634 938 1769 994 sicut
1807 937 2061 992 mulieres

461 1045 711 1100 dixerunt
731 1057 745 1112 ;
766 1042 943 1113 ipsum
963 1054 1094 1095 vero
1124 1055 1234 1095 non
1264 1038 1602 1093 invenerunt.
1631 1059 1652 1086 ››
1681 1037 1762 1091 Ex
1784 1039 1885 1091 hac
1922 1035 2060 1092 serie

461 1131 781 1189 narrationis
854 1128 1070 1185 attende
1144 1128 1397 1183 mulieres
1450 1126 1687 1183 visiones
1741 1125 2058 1198 angelorum

461 1223 608 1295 prius
635 1221 833 1278 vidisse
857 1233 871 1288 ;
905 1218 1100 1273 deinde
1142 1218 1356 1272 Petrum
1385 1224 1438 1271 et
1465 1217 1729 1271 Joannem
1760 1214 1829 1270 ad
1858 1230 2059 1270 monu-

455 1328 697 1377 mentum
753 1316 1069 1375 cucurrisse.
1119 1317 1165 1371 A
1208 1315 1524 1370 mulieribus
1567 1314 1747 1385 itaque
1793 1313 2060 1368 visionem

457 1408 815 1468 referentibus
854 1406 1020 1462 territi
1078 1405 1352 1477 fugerunt,
1410 1402 1501 1473 qui
1554 1402 1623 1458 de
1672 1418 1783 1457 non
1841 1401 2060 1457 invento

459 1516 685 1572 corpore
714 1498 836 1569 plus
880 1495 1191 1551 mcestitiam
1238 1498 1587 1564 susceperunt
1628 1508 1790 1562 quam
1819 1491 1885 1547 de
1915 1506 2061 1545 nun-

457 1591 589 1646 tiata
610 1585 1000 1644 resurrectione
1027 1583 1227 1657 gaudio
1256 1589 1641 1637 recrearentur.

534 1709 556 1737 α
590 1686 656 1743 Et
683 1684 801 1757 ipse
827 1682 965 1738 dixit
1010 1680 1078 1737 ad
1125 1697 1255 1737 eos:
1288 1679 1335 1736 Ο
1384 1678 1528 1734 stulti
1574 1685 1627 1733 et
1674 1677 1810 1733 tardi
1839 1677 1908 1732 ad
1937 1692 2060 1733 cre-

460 1776 697 1833 dendum
758 1774 816 1828 in
874 1770 1127 1828 omnibus
1183 1785 1303 1840 quae
1352 1767 1513 1824 locuti
1568 1776 1693 1823 sunt
1744 1769 2051 1838 prophetae.

2171 575 2225 622 et
2252 568 2366 639 ipse
2396 567 2613 623 evanuit
2659 583 2727 621 ex
2785 565 2954 622 oculis
3007 581 3213 622 eorum.
3250 586 3271 613 ι»
3307 564 3480 619 Deum
3515 579 3674 634 quem
3706 565 3761 618 in

2171 657 2507 726 expositione
2555 655 2843 727 Scriptura
2888 670 3000 711 non
3053 660 3420 728 cognoverunt
3485 652 3541 707 in
3608 652 3762 725 panis

2170 751 2432 809 fractione
2461 757 2812 823 cognoscunt.
2842 749 3123 805 Audienda
3152 748 3434 805 illuminati
3466 763 3577 804 non
3617 756 3760 817 sunt,

2167 850 2263 905 sed
2307 849 2575 921 faciendo,
2617 850 2743 922 quia
2788 849 3043 925 scriptum
3088 857 3208 906 est:
3249 842 3426 905 «Non
3492 847 3762 904 auditores

2168 939 2305 1012 legis
2329 939 2458 1011 justi
2485 946 2609 994 sunt
2628 939 2772 1011 apud
2790 940 2985 1008 Deum,
3018 936 3113 994 sed
3142 939 3369 995 factores
3398 939 3577 1009 (Rom.
3607 938 3699 1009 ιι.)
3734 959 3755 986 ι

2168 1027 2273 1098 Qui
2302 1044 2432 1101 ergo
2460 1029 2575 1085 vult
2602 1028 2785 1084 audita
2813 1027 3133 1101 intelligere,
3168 1028 3381 1084 festinet
3402 1028 3519 1099 jam
3549 1028 3760 1084 intelle-

2168 1137 2253 1184 cta
2299 1145 2464 1200 opere
2510 1128 2763 1201 implere.
2821 1128 3220 1185 Subtrahitura
3247 1127 3548 1184 carnalibus
3595 1128 3761 1183 oculis

2168 1218 2375 1290 species
2430 1216 2771 1285 inﬁrmitatis,
2823 1226 2879 1273 ut
2921 1218 3189 1273 mentibus
3242 1217 3459 1290 incipiat
3499 1232 3761 1290 apparere

2168 1307 2343 1380 gloria
2370 1307 2790 1363 resurrectionis.
2821 1307 2974 1364 Unde
3002 1306 3245 1362 subditur
3276 1326 3289 1363 :

2246 1427 2267 1454 (ι
2308 1405 2370 1459 Et
2413 1403 2669 1460 dixerunt
2722 1405 3071 1463 adinvicem:
3129 1405 3322 1461 Nonne
3374 1420 3468 1461 cor
3518 1413 3760 1462 nostrum

2170 1493 2363 1551 ardens
2392 1502 2507 1549 erat
2534 1494 2589 1549 in
2620 1494 2797 1563 nobis,
2826 1494 2956 1550 dum
2984 1494 3291 1565 loqueretur
3315 1494 3371 1549 in
3398 1494 3504 1562 via,
3535 1503 3590 1551 et
3619 1512 3760 1566 ape-

2166 1584 2295 1640 riret
2324 1585 2483 1641 nobis
2514 1584 2858 1654 Scripturas‘?
2887 1606 2908 1634 υ
2951 1585 3031 1639 Ex
3062 1584 3242 1641 audito
3269 1600 3513 1640 sermone
3539 1584 3760 1641 Domini

2168 1689 2264 1730 cor
2290 1674 2438 1744 prius
2485 1682 2698 1745 torpore
2734 1673 3117 1730 incredulitatis
3146 1680 3198 1729 et
3244 1673 3447 1729 timoris
3476 1673 3755 1745 frigidum,

2168 1770 2297 1844 igne
2327 1771 2556 1843 Spiritus
2589 1771 2759 1827 sancti
2800 1779 2880 1827 est
2926 1787 3209 1828 accensum
3252 1779 3311 1827 ut
3350 1788 3580 1842 superno
3609 1772 3759 1828 desi-

455 1867 649 1923 Nonne
676 1866 795 1920 haec
821 1860 1060 1932 oportuit
1084 1859 1197 1931 pati
1241 1858 1509 1914 Christum
1539 1865 1592 1914 et
1617 1858 1815 1913 intrare
1846 1857 1900 1910 in
1928 1857 2058 1930 glo-
2084 1844 2138 1906 B
2164 1860 2316 1917 derio
2336 1860 2540 1929 ardeat,
2574 1868 2628 1917 et
2656 1861 2724 1917 ad
2748 1860 3072 1918 credendam
3091 1860 3370 1919 veritatem
3402 1878 3458 1916 se
3485 1861 3754 1918 extendat.

452 1964 591 2020 riam
617 1977 772 2018 suam
793 1961 821 2014 ‘I
851 1959 919 2014 Et
944 1956 1209 2029 incipiens
1255 1971 1288 2011 a
1333 1950 1517 2026 Moyse
1563 1961 1615 2009 et
1651 1953 1903 2010 omnibus
1932 1968 2057 2025 pro-

457 2053 633 2127 phetis
683 2047 1135 2121 interpretabatur
1184 2045 1291 2101 illis
1327 2044 1384 2099 in
1422 2042 1676 2100 omnibus
1733 2044 2051 2114 Scripturas,

458 2158 578 2215 quae
628 2140 697 2195 de
737 2139 858 2210 ipso
907 2143 1079 2193 erant.
1116 2158 1137 2185 υ
1189 2135 1290 2189 Hic
1344 2133 1566 2206 gemina
1587 2148 1686 2187 nos
1732 2130 2055 2187 humiliandi

455 2240 745 2299 necessitas
772 2235 1055 2305 incumbit,
1088 2234 1180 2306 qui
1223 2249 1323 2289 nec
1349 2233 1406 2288 in
1462 2231 1749 2304 Scripturis
1796 2238 2055 2301 quantum

458 2336 671 2404 oportet
698 2326 891 2397 edocti,
924 2340 1026 2381 nec
1057 2322 1407 2394 adimplenda
1434 2338 1555 2392 quae
1585 2320 1853 2388 novimus,
1888 2336 2057 2390 quan-

458 2428 571 2476 tum
598 2420 776 2486 decet,
808 2431 994 2471 sumus
1011 2412 1220 2469 intenti.
1249 2413 1391 2467 Nam
1411 2411 1458 2466 si
1477 2412 1686 2482 Moyses
1705 2418 1758 2465 et
1775 2410 2056 2481 prOphetaa

457 2508 525 2565 de
555 2507 766 2564 Christo
794 2503 960 2561 locuti
986 2510 1128 2571 sunt,
1179 2508 1233 2556 et
1288 2517 1411 2556 eum
1457 2516 1554 2571 per
1608 2499 1914 2571 passionem
1944 2498 2058 2571 glo-

454 2607 593 2664 riam
649 2604 969 2659 intraturum
1025 2598 1408 2672 praedixerunt,
1466 2596 1741 2668 quomodo
1797 2596 2058 2668 gloriatur

459 2713 517 2752 se
546 2693 908 2751 Christianum
946 2706 1082 2757 esse,
1107 2688 1199 2759 qui
1219 2703 1393 2757 neque
1432 2686 1752 2757 Scripturas,
1796 2692 2053 2756 quantum

459 2785 529 2842 ad
584 2782 855 2840 Christum
907 2779 1175 2851 pertinent
1225 2776 1535 2848 investigat,
1592 2790 1769 2846 neque
1823 2774 2055 2847 gloriam

460 2898 621 2955 quam
649 2896 774 2937 cum
805 2877 1012 2935 Christo
1067 2876 1267 2932 habere
1322 2874 1486 2947 cupit,
1534 2890 1635 2945 per
1661 2872 1939 2946 passiones
1968 2880 2054 2928 at-

458 2973 667 3045 tingere
694 2968 982 3025 desiderat.

534 3092 557 3122 ‹‹
593 3070 658 3126 Et
712 3066 1281 3139 apprOpinquaverunt
1338 3062 1558 3119 castello
1605 3077 1713 3132 quo
1749 3061 1944 3129 ibant;
2004 3067 2057 3116 et

453 3161 570 3233 ipse
600 3175 659 3215 se
687 3156 842 3212 ﬁnxit
868 3156 1085 3227 longius
1126 3154 1223 3209 ire.
1257 3153 1324 3207 Et
1350 3159 1644 3225 coegerunt
1681 3151 1830 3206 illum
1861 3150 2054 3205 dicen-

2164 1948 2308 2019 Quot
2353 1950 2638 2022 praeceptis
2691 1949 2966 2005 instruitur
3016 1951 3180 2007 homo
3231 1950 3381 2022 quasi
3427 1957 3504 2007 tot
3549 1950 3756 2007 facibus

2162 2038 2544 2095 inﬂammatur.
2604 2040 2969 2096 Verumtatem
3007 2054 3117 2095 non
3167 2047 3538 2112 cognoverunt
3604 2056 3749 2105 eum,

2162 2138 2338 2195 donec
2378 2137 2434 2191 in
2482 2137 2743 2194 fractione
2789 2138 2962 2211 panis.
3013 2137 3166 2193 Certe
3216 2138 3451 2209 mysterii
3479 2153 3637 2194 causa
3667 2138 3751 2193 fa-

2163 2244 2306 2292 ctum
2353 2243 2450 2307 est,
2508 2242 2566 2291 ut
2620 2235 2698 2291 eis
2725 2236 2781 2291 in
2806 2237 2899 2292 illo
2957 2234 3163 2309 efﬁgies
3191 2235 3553 2292 ostenderetur
3592 2252 3752 2308 quam

2162 2340 2274 2381 non
2303 2333 2691 2397 cognoscerent
2718 2325 2820 2381 nisi
2876 2324 2933 2379 in
2988 2324 3246 2381 fractione
3303 2325 3474 2398 panis,
3502 2342 3569 2381 ne
3600 2326 3750 2396 quis-

2164 2430 2326 2485 quam
2356 2431 2413 2468 se
2443 2404 2711 2470 Christum
2751 2413 3036 2487 agnovisse
3083 2414 3384 2483 arbitretur,
3407 2415 3453 2469 si
3481 2414 3597 2484 ejus
3624 2430 3750 2471 cor-

2161 2502 2311 2574 poris
2336 2504 2605 2575 particeps
2658 2520 2769 2559 non
2813 2510 2937 2559 est:
2989 2503 3132 2574 quod
3182 2511 3263 2559 est
3307 2504 3563 2569 Ecclesia,
3601 2503 3752 2575 cujus

2162 2602 2422 2657 unitatem
2450 2601 2507 2657 in
2536 2609 2872 2658 sacramento
2914 2601 3069 2674 panis
3104 2602 3445 2658 commendat
3472 2602 3752 2674 Apostolus

2163 2691 2392 2747 dicens:
2439 2714 2461 2743 «
2494 2708 2632 2747 unus
2686 2691 2861 2764 panis,
2919 2707 3084 2747 unum
3141 2706 3333 2763 corpus
3378 2691 3530 2747 multi
3570 2707 3751 2747 sumus

2165 2780 2222 2854 (Ι
2251 2781 2378 2838 Cor.
2417 2780 2501 2851 x).
2538 2803 2560 2830 υ
2596 2781 2745 2837 Tunc
2774 2780 2919 2837 enim
2948 2797 3075 2838 vere
3104 2780 3483 2853 cognoscimus
3509 2797 3630 2837 cum
3656 2797 3752 2852 per

2163 2885 2558 2934 sacramentum
2617 2877 2869 2934 Ecclesia:
2942 2894 3066 2933 eum
3121 2894 3220 2948 pro
3276 2877 3431 2933 nobis
3485 2885 3749 2934 mortuum

2164 2983 2279 3021 esse
2323 2975 2378 3022 et
2420 2967 2683 3025 revixisse
2728 2966 2958 3023 ﬁdeliter
3003 2968 3383 3040 intelligamus.
3419 2968 3541 3024 Non
3571 2967 3751 3022 incon-

2162 3064 2419 3129 gruenter
2471 3056 2767 3129 accipimus
2820 3058 2926 3113 hoc
2981 3055 3425 3127 impedimentum
3480 3056 3536 3111 in
3584 3056 3749 3111 oculis

2163 3170 2351 3210 eorum
2390 3171 2423 3210 a
2477 3155 2679 3212 Satana
2742 3154 2973 3224 venisse,
3027 3171 3095 3210 ne
3135 3163 3522 3227 agnosceretur
3556 3155 3730 3211 Iesus.

457 3212 578 3308 i2;
602 3212 768 3304 lilane
805 3212 1110 3313 nobiscum,
1169 3242 1408 3310 domine,
1448 3212 1726 3313 vquoniam
1783 3240 2055 3309 advespe-
2083 3212 2133 3276 Ο
2164 3244 2272 3301 Sed
2320 3252 2500 3299 tamen
2528 3260 2561 3300 a
2606 3244 2817 3300 Christo
2862 3212 3004 3300 facta
3051 3251 3130 3299 est
3168 3212 3457 3315 promissio
3490 3261 3652 3315 usque
3681 3242 3748 3299 ad

449 3339 633 3409 rascit,
664 3344 718 3393 et
744 3336 999 3391 inclinata
1053 3340 1133 3389 est
1182 3332 1301 3402 jam
1356 3330 1493 3386 dies.
1554 3332 1621 3385 Et
1666 3329 1883 3385 intravit
1929 3344 2052 3384 cum

451 3429 582 3486 illis.
626 3450 647 3477 η
685 3425 976 3495 Scriptura:
1032 3438 1199 3478 sacra)
1242 3420 1497 3491 mysteria
1545 3436 1666 3491 quae
1695 3418 1763 3475 de
1790 3435 1849 3475 se
1879 3425 2049 3489 erant,

450 3529 556 3585 illis
582 3526 793 3583 duobus
819 3523 1085 3580 Dominus
1111 3521 1340 3594 aperuit,
1389 3527 1443 3576 et
1490 3527 1691 3587 tamen,
1723 3518 1850 3590 quia
1877 3519 2054 3575 adhuc

448 3618 507 3674 in
533 3633 722 3673 eorum
750 3613 1003 3671 cordibus
1031 3611 1349 3684 peregrinus
1375 3618 1491 3666 erat
1519 3626 1551 3665 a
1578 3608 1704 3679 ﬁde,
1735 3608 1813 3663 ire
1842 3625 1899 3663 se
1927 3608 2053 3664 10n-

447 3709 572 3782 gius
618 3704 798 3761 ﬁnxit.
862 3703 1092 3775 Fingere
1144 3716 1380 3771 namque
1435 3714 1761 3771 componere
1800 3697 2048 3753 dicimus.

449 3804 607 3862 Unde
651 3811 706 3858 et
750 3799 1141 3871 composituras
1184 3796 1284 3852 luti
1339 3795 1537 3868 ﬁgulos
1580 3812 1855 3852 vocamus.
1899 3794 2051 3850 Nihil

448 3894 595 3953 enim
651 3892 884 3963 simplex
940 3889 1138 3947 veritas
1194 3903 1292 3958 per
1331 3885 1699 3957 duplicitatem
1747 3884 1896 3952 fecit,
1954 3884 2051 3939 sed

448 3986 610 4041 talem
638 3999 696 4038 se
724 3981 803 4037 eis
835 3979 1080 4036 exhibuit
1135 3977 1191 4031 in
1227 3991 1454 4047 corpore
1510 3974 1684 4045 qualis
1739 3974 1883 4045 apud
1930 3973 2051 4029 illos

444 4090 560 4139 erat
586 4082 640 4136 in
671 4085 869 4136 mente.
901 4075 1172 4132 Probandi
1202 4084 1393 4131 erant:
1421 4072 1466 4127 si
1512 4073 1655 4127 hunc
1702 4088 1863 4142 quem
1904 4087 2048 4127 non-

445 4173 576 4228 dum
604 4178 662 4226 ut
693 4171 867 4225 Deum
895 4165 1216 4238 diligebant,
1248 4163 1439 4219 saltem
1468 4170 1527 4217 ut
1553 4162 1901 4236 peregrinum
1929 4161 2050 4216 dili-

443 4267 654 4336 gerent.
713 4260 781 4314 Et
834 4257 961 4328 quia
1011 4253 1253 4311 extranei
1298 4270 1332 4308 a
1367 4252 1624 4308 charitate
1662 4267 1773 4307 non
1799 4259 2050 4322 poterant

445 4367 561 4407 esse
618 4349 674 4405 hi
721 4363 843 4403 cum
901 4343 1096 4416 quibus
1152 4342 1361 4399 Veritas
1414 4341 1783 4416 gradiebatur,
1825 4358 1949 4396 eum
1978 4340 2048 4397 ad

441 4438 735 4512 hospitium
788 4443 848 4491 ut
900 4432 1247 4507 peregrinum
1302 4440 1516 4503 vocant,
1585 4431 1696 4487 imo
1754 4436 2049 4503 coegerunt

440 4547 586 4588 eum.
619 4528 701 4584 Ex
730 4542 836 4599 quo
890 4524 1180 4596 colligitur,
1213 4522 1340 4594 quia
1384 4521 1656 4594 peregrini
1711 4536 1823 4576 non
1859 4520 2034 4578 solum

433 4624 694 4687 invitandi
720 4629 863 4691 sunt,
896 4620 991 4676 sed
1020 4619 1183 4675 etiam
1212 4618 1282 4674 ad
1310 4616 1602 4687 hospitium
1632 4614 1897 4672 trahendi.

516 4738 538 4767 α
572 4717 639 4772 Et
669 4714 869 4770 factum
890 4718 988 4775 est,
1019 4709 1150 4764 dum
1195 4706 1536 4763 recumberet
1563 4722 1687 4761 cum
1726 4704 1856 4774 illis,
1887 4720 2039 4762 acce-

438 4806 521 4882 pit
546 4820 743 4880 panem
772 4810 827 4860 et
849 4798 1149 4869 benedixit,
1182 4814 1246 4855 ac
1266 4797 1449 4870 fregit,
1486 4803 1541 4853 et
1575 4794 1892 4868 porrigebat
1911 4794 2036 4852 illis.

2066 4584 2124 4648 D

2163 3350 2380 3405 panem,
2410 3342 2469 3389 ut
2508 3350 2650 3389 nunc
2678 3332 3007 3406 intelligatur
3035 3350 3068 3389 a
3094 3334 3251 3390 nobis
3279 3334 3541 3391 removeri
3570 3334 3745 3405 impe-

2161 3422 2461 3478 dimentum
2491 3423 2789 3493 inimicum,
2821 3439 2942 3478 cum
2981 3422 3035 3478 in
3081 3423 3317 3479 Ecclesia
3357 3422 3518 3496 digne
3548 3422 3747 3479 intelli-

2160 3522 2342 3595 gimus
2377 3520 2691 3595 mysterium
2738 3521 3060 3579 sacramenti
3108 3521 3347 3594 corporis
3380 3529 3433 3578 et
3477 3519 3747 3594 sanguinis

2159 3609 2399 3666 Domini.

2238 3731 2260 3758 «
2296 3710 2362 3764 Et
2387 3716 2669 3782 surgentes
2696 3709 2887 3766 eadem
2918 3710 3050 3766 hora
3084 3709 3312 3783 regressi
3341 3718 3463 3766 sunt
3485 3708 3743 3766 Hierusa—
3800 3720 3805 3723 ‘

2161 3797 2299 3868 lem;
2334 3806 2388 3854 et
2412 3798 2733 3855 invenerunt
2758 3807 3117 3874 congregatos
3152 3799 3421 3869 undecim,
3455 3806 3509 3855 et
3536 3815 3628 3856 eos
3657 3798 3743 3870 qui

2159 3903 2281 3943 cum
2311 3887 2442 3959 ipsis
2471 3896 2639 3957 erant,
2690 3888 2969 3945 dicentes:
3017 3887 3176 3960 Quod
3221 3888 3447 3945 surrexit
3489 3888 3744 3945 Dominus

2158 4001 2305 4053 vere,
2355 3992 2408 4041 et
2470 3985 2720 4058 apparuit
2766 3986 2997 4043 Simoni.
3043 3987 3108 4042 Et
3153 3986 3255 4059 ipsi
3300 3986 3589 4043 narrabant
3626 4002 3740 4058 qua

2156 4082 2312 4147 gesta
2357 4082 2509 4132 erant
2563 4075 2620 4129 in
2668 4076 2775 4144 via,
2825 4083 2878 4131 et
2921 4076 3191 4146 quomodo
3230 4084 3598 4150 cognoverunt
3623 4092 3739 4132 eum

2156 4161 2212 4218 in
2240 4164 2501 4221 fractione
2528 4165 2703 4235 panis.
2736 4166 2849 4221 Nec
2868 4165 2975 4220 illis
2994 4165 3351 4221 crediderunt.
3386 4188 3407 4215 υ
3439 4166 3738 4222 Notandum

2157 4253 2283 4323 quia
2309 4253 2475 4324 aliqui
2502 4252 2717 4310 fuerunt
2748 4254 2821 4308 ibi
2852 4254 2945 4325 qui
2974 4271 3085 4310 non
3114 4254 3452 4311 crediderunt
3481 4254 3586 4309 illis
3612 4254 3739 4310 duo-

2154 4342 2274 4413 bus,
2307 4342 2403 4398 sed
2428 4344 2483 4397 hi
2514 4342 2707 4414 quibus
2737 4342 2855 4414 jam
2894 4343 3163 4400 Dominus
3192 4353 3511 4417 apparuerat
3559 4345 3738 4416 profe-

2155 4449 2240 4499 cto
2271 4441 2612 4499 crediderunt
2657 4442 2754 4498 eis.
2787 4443 2935 4499 Sicut
2980 4460 3049 4499 ex
3075 4443 3388 4500 mulieribus
3414 4444 3597 4500 Mariae
3622 4445 3737 4500 Ma-

2153 4532 2402 4606 gdalenm
2451 4532 2526 4588 ita
2574 4549 2640 4589 ex
2670 4531 2799 4589 viris
2852 4533 3008 4590 Petro
3056 4533 3201 4590 visus
3228 4541 3308 4589 est
3351 4534 3550 4605 primo.
3589 4531 3737 4604 Quod

2154 4622 2199 4678 si
2227 4638 2337 4679 non
2365 4622 2510 4680 dicat
2538 4621 2889 4696 evangelista,
2928 4621 3143 4695 quando
3171 4606 3258 4683 vel
3286 4622 3380 4680 ubi
3418 4623 3617 4681 factum
3643 4629 3732 4693 est,

2149 4719 2331 4770 tamen
2359 4712 2486 4785 quia
2514 4712 2601 4784 sit,
2633 4727 2743 4770 non
2773 4719 2930 4769 tacet.

1521 5155 1958 5268 FERIA
2036 5156 2647 5265 TERTIA.

1732 5425 2133 5494 Secundum
2171 5425 2450 5494 Lucam.

506 5664 529 5698 α
586 5632 746 5703 Stetit
794 5638 945 5699 Iesus
974 5638 1029 5694 in
1077 5628 1260 5693 medio
1333 5630 1721 5706 discipulorum
1788 5645 2028 5704 suorum,

429 5744 483 5793 et
505 5736 644 5796 dixit
669 5732 791 5789 eis:
851 5732 971 5787 Pax
1026 5727 1200 5786 vobis.
1258 5725 1380 5798 Ego
1410 5739 1568 5795 sum;
1629 5723 1793 5781 nolite
1842 5724 2029 5780 timere

433 5828 589 5895 (Luc.
638 5821 815 5891 xxiv).
870 5843 891 5869 π
942 5817 1072 5875 Moli
1116 5814 1378 5885 corporis,
1442 5814 1539 5869 ubi
1593 5810 1848 5869 divinitas
1893 5821 2027 5885 erat,

428 5918 565 5974 ostia
610 5914 793 5972 clausa
835 5922 947 5966 non
990 5905 1330 5963 obstiterunt.
1360 5902 1429 5960 Et
1454 5902 1643 5975 procul
1670 5902 1836 5959 dubio
1864 5902 2029 5958 intel-

2138 5631 2419 5705 ligendum
2447 5629 2593 5702 quod
2620 5630 2747 5687 inde
2774 5630 3014 5689 Thomas
3038 5627 3263 5702 exierat,
3297 5636 3585 5703 antequam
3625 5628 3721 5688 Do-

2137 5722 2317 5778 minus
2344 5722 2680 5795 apparuisset
2699 5721 2838 5778 aliis.

2218 5836 2240 5863 «
2272 5812 2585 5870 Conturbati
2660 5829 2788 5871 vero
2844 5819 2900 5869 et
2946 5811 3185 5869 exterriti
3230 5810 3612 5870 existimabant
3669 5826 3719 5868 se

2135 5903 2312 5962 visum
2339 5903 2549 5963 videre.
2590 5926 2613 5956 »
2651 5904 2958 5963 Credebant
3005 5902 3253 5976 apostoli,
3285 5902 3383 5960 sed
3410 5918 3523 5961 non
3549 5903 3717 5960 turba-
