3924 6422
183 388 286 444 933

185 600 255 653 tia
288 600 522 668 majoris
569 602 743 670 partis
793 601 1075 663 excludit;
1129 599 1361 672 denique
1410 602 1536 671 quia
1586 601 1800 665 Petrus,

185 698 234 743 et
265 689 310 742 si
335 689 519 744 credit
553 690 952 755 resuscitatum,
987 687 1195 743 turbari
1244 698 1434 758 potuit,
1470 689 1614 760 quod
1643 689 1803 744 clau-

185 778 260 831 sis
287 777 451 833 ostiis
487 776 768 832 Dominus
807 795 930 834 cum
980 793 1213 850 corpore
1253 794 1312 831 se
1362 778 1690 849 improvisus
1719 779 1804 832 in-

185 867 386 922 fuderit
407 908 420 920 .
449 867 660 922 Putant
677 884 812 940 ergo
834 883 892 922 se
912 867 1162 938 spiritum
1187 866 1406 934 videre;
1431 883 1539 921 non
1561 883 1800 935 carnem,

184 955 305 1026 quia
356 972 470 1010 non
524 956 780 1020 credunt,
837 955 929 1012 vel
980 955 1140 1010 tertio
1188 955 1276 1011 die
1327 956 1569 1026 potuisse
1613 971 1802 1010 veram

185 1059 415 1100 carnem
480 1044 555 1098 de
621 1045 869 1114 sepulcro
925 1061 1238 1116 resurgere,
1289 1045 1375 1099 vel
1424 1045 1803 1100 resuscitatum

185 1133 384 1189 clausis
412 1133 610 1201 jauuis
638 1134 705 1187 ad
738 1149 837 1188 eos
867 1150 1031 1204 posse
1063 1143 1373 1204 penetrare.

263 1263 285 1288 «
323 1239 388 1294 Et
413 1240 565 1294 dixit
598 1240 715 1295 eis:
747 1239 887 1309 Quid
918 1241 1116 1295 turbati
1158 1241 1309 1306 estis,
1343 1250 1394 1296 et
1442 1242 1804 1313 cogitationes

185 1329 495 1384 ascendunt
530 1329 591 1383 in
622 1330 788 1384 corda
819 1338 1002 1385 vestra
1028 1331 1056 1386 ?
1090 1353 1110 1378 υ
1148 1331 1516 1401 Cogitationes
1560 1330 1666 1386 illa}
1696 1348 1805 1386 non

187 1417 434 1490 desuper
464 1417 901 1483 descenderunt,
938 1419 1033 1474 sed
1065 1419 1134 1474 de
1185 1420 1297 1474 imo
1327 1419 1511 1477 cordis
1539 1421 1806 1475 ascende-

186 1515 333 1572 runt,
368 1507 518 1562 sicut
562 1508 739 1562 herba
784 1507 932 1562 mala
981 1509 1052 1562 de
1095 1516 1269 1564 terra.
1330 1509 1514 1564 Fidem
1560 1525 1718 1579 quam
1748 1509 1803 1563 in

188 1596 346 1654 vobis
383 1597 643 1668 plantavi
683 1597 870 1668 exigo,
926 1598 1069 1668 quod
1119 1613 1190 1652 ex
1230 1597 1382 1652 vobis
1431 1606 1674 1653 exortum
1723 1606 1806 1652 est

187 1686 526 1741 condemno.
566 1685 626 1741 Si
655 1702 764 1741 non
806 1694 888 1741 est
937 1687 1153 1755 veritas,
1202 1687 1637 1754 resurrectionis,
1673 1704 1804 1760 per-

188 1775 331 1831 ditus
363 1784 451 1830 est
483 1780 708 1832 {ructus
736 1775 1028 1846 passionis.

264 1905 286 1931 ι
325 1882 530 1938 Videte
552 1897 752 1938 manus
781 1897 933 1938 meas
963 1890 1016 1938 et
1044 1883 1213 1954 pedes
1243 1883 1367 1955 quia
1384 1899 1488 1956 ego
1509 1883 1629 1955 ipse
1662 1901 1801 1939 sum.
1835 1870 1888 1931 Β

194 1971 417 2043 Palpate
449 1979 504 2026 et
537 1971 747 2037 videte,
780 1972 908 2044 quia
938 1972 1163 2042 spiritus
1206 1988 1422 2028 carnem
1460 1982 1512 2028 et
1541 1989 1666 2028 ossa
1697 1990 1805 2029 non

190 2061 374 2128 habet,
409 2061 558 2117 sicut
592 2077 680 2116 me
709 2061 903 2116 videtis
932 2062 1162 2117 habere.
1207 2063 1269 2117 Et
1307 2079 1431 2117 cum
1469 2063 1588 2118 haec
1632 2063 1805 2117 dixis-

194 2156 295 2216 set,
329 2150 583 2204 ostendit
613 2150 694 2204 eis
725 2164 937 2216 manus,
973 2158 1025 2204 et
1053 2152 1222 2221 pedes
1253 2159 1305 2205 et
1332 2150 1498 2206 latus.
1543 2175 1563 2199 η
1589 2152 1665 2205 Ad
1698 2152 1808 2206 du-

195 2238 488 2293 bitantium
550 2237 721 2294 corda
776 2239 1018 2293 sananda
1061 2239 1350 2294 vulnerum
1406 2248 1532 2294 sunt
1596 2249 1807 2296 servata

191 2327 456 2400 vestigia.
518 2327 705 2382 Multis
752 2328 937 2398 itaque
983 2329 1320 2383 documentis
1364 2329 1654 2399 persuadet
1710 2346 1807 2384 re-

195 2416 623 2482 surrectionem,
657 2417 951 2486 przebendo
997 2433 1057 2472 se
1106 2426 1158 2472 et
1201 2418 1373 2473 oculis
1431 2418 1722 2472 videndum
1755 2425 1806 2472 et

195 2504 452 2560 manibus
509 2506 988 2561 contrectandum.
1059 2504 1163 2574 Qui
1213 2506 1341 2560 dum
1384 2507 1648 2577 palpanda
1678 2521 1806 2562 ossa

196 2609 538 2666 carnemque
568 2602 857 2660 monstrat,
893 2602 1086 2649 statum
1122 2611 1235 2650 suae
1267 2595 1350 2650 vel
1380 2603 1585 2650 nostra:
1615 2611 1807 2650 resur-

195 2682 459 2738 rectionis
491 2681 790 2754 signiﬁcat,
825 2683 877 2738 in
901 2699 1009 2754 qua
1030 2699 1230 2754 corpus
1253 2683 1506 2738 nimirum
1537 2692 1589 2738 et
1609 2684 1806 2740 subtile

201 2770 298 2826 erit
341 2787 445 2842 per
496 2769 758 2827 effectum
814 2771 1074 2842 spiritalis
1133 2772 1404 2842 potentia,
1452 2781 1505 2828 et
1534 2772 1806 2844 palpabile

199 2877 296 2931 per
327 2861 616 2916 veritatem
651 2868 884 2915 naturas.
926 2861 1078 2916 Unde
1124 2861 1316 2915 beatus
1343 2862 1445 2916 Job
1480 2879 1492 2915 :
1529 2885 1548 2909 ι
1587 2863 1653 2916 Et
1684 2879 1809 2916 rur-

204 2965 319 3004 sum
358 2948 750 3006 circumdabor
796 2949 936 3019 pelle
984 2966 1124 3016 mea,
1160 2958 1212 3004 et
1253 2949 1307 3003 in
1356 2965 1522 3005 carne
1570 2966 1689 3005 mea
1720 2950 1804 3006 vi-

203 3037 344 3093 debo
399 3039 587 3093 Deum
629 3037 748 3107 (Job
806 3040 996 3108 x1x).»
1057 3039 1122 3092 Et
1171 3039 1453 3094 sciendum
1501 3039 1624 3111 quia
1669 3040 1806 3094 sicut

203 3126 486 3197 discipulis
516 3127 778 3198 dignatus
809 3134 891 3181 est
933 3126 1195 3182 Dominus
1245 3127 1485 3198 pandere
1535 3128 1656 3184 loca
1685 3128 1804 3184 cla—

1152 385 1736 443 DEFLORATIONES
1773 385 1874 448 SS.
1918 386 2215 442 PATRUM.
2257 418 2327 430 ——
2364 388 2493 443 LIB.
2537 388 2586 442 ῐ.

182 511 387 565 bantur
419 529 432 565 :
470 511 684 582 primo,
739 513 858 583 quia
907 526 1198 580 paucorum
1242 511 1552 580 Opinionem
1584 520 1800 566 sentcn-
1829 516 1883 570 A

3390 393 3493 448 93L

1988 534 2008 557 «ι
2044 512 2229 566 Adhuc
2257 521 2434 566 autem
2466 512 2572 566 illis
2600 528 2707 566 non
2733 512 3078 567 credentibus
3100 522 3150 569 et
3179 515 3498 572 mirantibus

1911 615 2022 668 prae
2053 602 2254 670 gaudio
2283 601 2423 654 dixit
2456 619 2468 654 :
2503 602 2726 655 Habetis
2759 601 2847 655 hic
2867 602 3071 673 aliquid
3099 605 3243 674 quod
3274 606 3500 660 mandu-

1911 698 2063 743 cetur
2086 691 2112 742 ξ)
2135 692 2201 743 At
2231 690 2306 742 illi
2337 690 2643 744 obtulerunt
2672 690 2719 744 ei
2751 699 2956 760 partem
2987 691 3150 762 piscis
3180 693 3289 747 assi
3323 701 3374 749 et
3412 693 3498 749 fa-

1911 793 2037 830 vum
2071 777 2264 832 mellis.
2320 779 2386 832 Et
2431 794 2555 834 cum
2608 779 2989 834 manducasset
3044 796 3223 836 coram
3269 782 3367 849 eis,
3399 799 3499 837 su-

1912 881 2068 919 mens
2101 865 2356 936 reliquias
2377 867 2527 920 dedit
2561 867 2684 936 illis,
2720 892 2741 916 »
2781 869 2870 922 Pie
2900 869 3181 924 sciendum
3212 879 3293 926 est
3327 889 3338 925 :
3375 873 3502 928 Post

1911 956 2366 1009 resurrectionem
2407 955 2621 1010 Domini
2677 956 2784 1010 cibi
2832 973 2969 1028 quos
3016 960 3248 1029 sumpsit
3295 960 3502 1016 nullum

1913 1043 2122 1112 sagina:
2176 1043 2543 1110 adjumentum
2591 1045 2642 1098 ei
2681 1045 3041 1114 praabuerunt,
3084 1048 3181 1102 sed
3229 1050 3501 1120 quomodo

1912 1131 1966 1183 in
2010 1132 2191 1202 ignem
2226 1131 2392 1186 missa
2439 1148 2581 1202 aqua
2634 1133 2954 1200 absumitur,
2998 1135 3068 1188 ita
3111 1152 3235 1190 mox
3273 1138 3501 1192 comesti

1913 1220 2140 1289 spiritali
2163 1220 2282 1288 ejus
2304 1224 2501 1276 virtute
2527 1230 2649 1275 sunt
2667 1224 2949 1293 assumpti.
2969 1223 3213 1280 Profecto
3234 1225 3370 1281 sicut
3392 1243 3501 1282 non

1912 1307 2287 1378 indiguitcibo
2318 1318 2439 1378 post
2484 1311 2965 1378 resurrectionem,
3007 1313 3090 1368 sic
3138 1329 3239 1369 nec
3269 1331 3366 1370 nos
3411 1317 3499 1370 in-

1912 1396 2225 1466 digebimus
2259 1415 2271 1461 ;
2303 1399 2397 1451 sed
2431 1415 2611 1453 veram
2642 1400 2806 1453 vitam
2838 1401 3016 1455 voluit
3045 1403 3354 1470 ostendere,
3389 1421 3499 1461 non

1911 1485 2307 1556 imaginariam.
2366 1487 2532 1541 Aliter
2587 1487 2730 1542 enim
2789 1489 3047 1544 absorbet
3098 1507 3293 1560 aquam
3352 1501 3501 1550 terra

1913 1575 2122 1643 sitiens,
2175 1575 2333 1630 aliter
2382 1576 2629 1631 exsiccat
2677 1577 2809 1632 solis
2868 1579 3055 1633 radius
3096 1581 3355 1636 candens.
3403 1583 3500 1640 llla

1914 1663 2172 1718 absorbet
2219 1663 2521 1736 indigentia
2558 1683 2571 1728 ;
2622 1665 2724 1721 iste
2756 1667 2994 1722 exsiccat
3040 1670 3294 1738 potentia.
3329 1672 3501 1728 Piscis

1913 1769 2067 1806 assus
2126 1751 2390 1823 signiﬁcat
2445 1756 2817 1822 mediatorem,
2878 1757 3133 1811 nimirum
3189 1760 3279 1830 qui
3335 1760 3503 1818 latere

1916 1841 2171 1912 dignatus
2203 1849 2284 1896 est
2313 1842 2366 1896 in
2388 1843 2545 1914 aquis
2575 1843 2801 1898 humani
2830 1845 3070 1916 generis,
3106 1853 3157 1901 et
3185 1848 3306 1919 capi
3335 1851 3504 1906 voluit

1914 1930 2112 2001 laqueo
2151 1931 2358 1997 mortis,
2393 1946 2447 1986 et
2474 1933 2646 1986 assari
2676 1933 3023 1989 tribulatione
3053 1936 3353 2005 passionis.
3392 1940 3504 1996 Sed

1915 2019 2004 2089 qui
2031 2018 2201 2088 piscis
2233 2034 2390 2073 assus
2420 2018 2516 2074 fuit
2545 2020 2596 2073 in
2626 2021 2898 2090 passione,
2933 2021 3083 2078 favus
3122 2024 3299 2080 mellis
3330 2028 3500 2083 exsti-

1913 2107 1976 2160 tit
2005 2107 2060 2161 in
2091 2108 2514 2163 resurrectione.
2568 2110 2744 2164 Favus
2787 2118 2871 2165 est
2911 2112 3018 2165 mel
3059 2111 3112 2167 in
3159 2130 3302 2184 cera,
3335 2116 3390 2170 id
3421 2126 3502 2174 est

1914 2195 2146 2251 dulcedo
2178 2196 2473 2251 divinitatis
2503 2197 2556 2251 in
2606 2199 2957 2255 humanitate.
2991 2202 3051 2254 In
3082 2201 3202 2256 cibo
3233 2220 3331 2260 suo
3365 2205 3504 2276 pisci

1914 2301 2042 2340 asso
2075 2285 2410 2357 conjungere
2442 2285 2622 2341 favum
2652 2287 2838 2353 voluit,
2864 2288 2990 2360 quia
3019 2289 3141 2344 illus
3172 2291 3226 2346 in
3255 2309 3354 2348 suo
3382 2310 3502 2350 cor-

1914 2389 2052 2445 pore
2109 2374 2178 2429 ad
2227 2382 2486 2428 aeternam
2537 2376 2778 2446 requiem
2825 2378 3088 2448 suscipit:
3123 2380 3215 2451 qui
3260 2397 3383 2438 cum
3414 2384 3503 2442 hic

1917 2463 2286 2517 tribulationes
2315 2464 2572 2530 sentiunt,
2599 2465 2669 2519 ab
2711 2481 2897 2521 amore
2945 2467 3171 2523 internae
3201 2470 3504 2530 dulcedinis

1914 2573 2024 2610 non
2059 2557 2338 2611 recedunt.
2374 2556 2477 2625 Qui
2509 2557 2595 2614 hic
2624 2573 2723 2628 pro
2767 2560 2882 2614 Deo
2911 2560 3066 2632 quasi
3106 2562 3274 2632 piscis
3304 2579 3501 2621 assan-

1914 2652 2021 2712 tur,
2053 2644 2165 2700 illic
2193 2645 2347 2717 quasi
2377 2645 2500 2701 favo
2529 2662 2660 2701 vera
2689 2647 2976 2704 dulcedine
3005 2649 3364 2707 satiabuntur.

1991 2791 2012 2816 α
2048 2769 2117 2823 Et
2145 2769 2279 2824 dixit
2308 2768 2378 2824 ad
2399 2783 2493 2824 eos
2526 2786 2540 2823 :
2573 2771 2700 2827 Haec
2742 2778 2866 2826 sunt
2912 2773 3080 2828 verba
3123 2791 3245 2846 quae
3291 2776 3505 2836 locutus

1915 2874 2030 2912 sum
2064 2858 2133 2913 ad
2164 2874 2260 2912 vos
2291 2873 2412 2914 cum
2465 2858 2643 2914 adhuc
2693 2876 2870 2915 essem
2917 2862 3219 2930 vobiscum,
3253 2868 3506 2938 quoniam

1914 2962 2146 3002 necesse
2176 2955 2260 3000 est
2284 2947 2500 3018 impleri
2529 2947 2711 3003 omnia
2749 2966 2869 3021 quae
2915 2951 3117 3022 scripta
3146 2962 3271 3009 sunt
3299 2955 3352 3009 in
3382 2957 3506 3029 lege

1915 3036 2106 3106 Moysi,
2140 3043 2192 3090 et
2222 3036 2522 3106 prophetis,
2553 3045 2606 3091 et
2633 3037 2858 3107 psalmis
2880 3038 2946 3093 de
2977 3055 3080 3094 me.
3113 3063 3135 3089 π
3170 3044 3299 3097 Cum
3331 3045 3506 3103 adhuc

1915 3141 2092 3178 essem
2125 3125 2432 3192 vobiscum,
2467 3125 2724 3180 subaudis
2753 3127 2806 3180 in
2836 3143 2995 3182 carne
3026 3130 3259 3201 mortali,
3291 3132 3504 3191 locutus

203 3230 385 3269 verum
419 3222 474 3270 et
516 3215 753 3279 lancea,
801 3213 873 3268 ita
916 3214 971 3268 in
1019 3214 1106 3268 die
1148 3213 1341 3283 judicii
1384 3215 1707 3270 monstrabit
1755 3223 1807 3271 et
1833 3228 1881 3292 α
1916 3229 2033 3266 sum
2064 3213 2233 3268 verba
2264 3215 2400 3280 hzec,
2449 3214 2654 3269 scilicet
2705 3217 2961 3286 quoniam
3004 3233 3235 3275 necesse
3281 3229 3367 3276 est
3395 3221 3502 3278 im-

203 3304 392 3359 eadem
419 3303 635 3372 judicia
667 3319 779 3358 suas
809 3302 1086 3373 passionis
1117 3311 1169 3358 et
1216 3303 1389 3373 ipsam
1439 3306 1645 3374 pariter
1675 3320 1808 3361 cru-

204 3407 340 3458 cem,
374 3401 434 3447 ut
489 3390 798 3449 confundat
841 3392 1200 3463 superborum
1245 3392 1667 3448 inﬁdelitatem.
1726 3394 1810 3449 Ob

202 3481 395 3536 multas
425 3482 642 3553 quippe
690 3496 885 3536 causas
942 3480 1110 3537 voluit
1166 3481 1443 3537 cicatrices
1489 3481 1544 3535 in
1579 3498 1812 3553 corpore

204 3586 300 3626 suo
329 3586 632 3627 remanere
663 3588 676 3626 :
707 3571 893 3624 Prima
925 3585 1088 3624 causa
1120 3569 1217 3624 fuit
1247 3578 1306 3624 ut
1346 3578 1611 3626 astrueret
1641 3572 1812 3628 disci-

204 3659 341 3730 pulis
380 3660 558 3716 ﬁdem
587 3659 1009 3714 resurrectionis
1059 3677 1072 3726 ;
1123 3660 1383 3726 secunda,
1426 3667 1483 3714 ut
1519 3661 1663 3714 Patri
1688 3677 1815 3732 pro-

206 3749 360 3804 nobis
391 3748 738 3823 supplicans,
788 3747 952 3820 quale
1002 3764 1181 3819 genus
1231 3748 1418 3804 mortis
1458 3749 1678 3820 pertulit
1713 3766 1815 3821 pro

205 3835 422 3894 homine
487 3853 720 3907 semper
773 3836 1024 3891 ostendat
1075 3855 1090 3905 ;
1145 3837 1327 3904 tertia,
1385 3844 1443 3892 ut
1498 3837 1817 3894 misericor-

207 3933 348 3990 diam
379 3952 544 3991 suam
574 3933 731 3989 nobis
761 3933 1049 3989 innovaret
1075 3933 1272 3988 talibus
1321 3933 1573 3997 indiciis;
1606 3941 1813 4006 quarta,

209 4028 268 4078 ut
295 4024 348 4079 in
378 4025 467 4081 dic
491 4023 698 4094 judicii
727 4023 978 4078 ostendat
999 4021 1219 4093 perﬁdis
1237 4037 1398 4094 quam
1417 4023 1562 4091 juste
1586 4023 1819 4078 debeant

211 4113 455 4168 damnari
485 4112 716 4183 ignibus
746 4111 984 4166 mternis.
1018 4111 1071 4165 Si
1125 4111 1245 4182 quis
1283 4111 1442 4166 miles
1471 4111 1816 4179 fortissimus,

207 4201 433 4270 jubente
465 4216 578 4257 suo
607 4216 758 4272 rege,
795 4216 900 4270 pro
929 4199 1102 4256 salute
1129 4216 1240 4255 suae
1270 4200 1449 4273 gentis
1496 4202 1712 4256 hostem
1743 4200 1822 4254 in-

212 4295 480 4353 terﬁceret
516 4293 706 4350 multis
733 4294 1050 4350 vulneribus
1096 4295 1358 4365 acceptis,
1408 4302 1461 4350 et
1506 4294 1680 4366 spolia
1709 4311 1820 4351 sua}

213 4387 357 4455 genti
386 4391 697 4458 reportaret
726 4383 795 4438 ab
829 4384 986 4439 hoste
1031 4391 1309 4454 superato,
1359 4391 1412 4439 et
1457 4384 1822 4456 interrogaret

214 4488 242 4528 a
268 4475 480 4531 medico
523 4489 592 4528 an
622 4473 700 4527 ita
745 4471 910 4528 vellet
941 4473 1122 4528 curari
1172 4480 1230 4528 ut
1273 4472 1501 4545 vestigia
1536 4473 1818 4529 vulnerum

1917 3302 2055 3373 pleri
2088 3319 2207 3371 qum
2239 3303 2441 3372 scripta
2472 3310 2596 3356 sunt
2632 3303 2700 3358 de
2749 3321 2858 3359 me.
2914 3305 3044 3361 Vide
3082 3310 3355 3377 quomodo
3387 3312 3505 3368 tulit

1918 3391 2180 3445 Dominus
2230 3407 2418 3446 omnes
2474 3392 2756 3463 ambages.
2820 3393 2980 3448 Visus
3033 3403 3135 3463 est,
3189 3403 3360 3454 tactus
3399 3407 3502 3471 est,

1919 3476 2286 3543 manducavit,
2319 3476 2626 3547 Scripturas
2657 3479 2949 3548 preposuit
2979 3487 3028 3533 et
3059 3483 3325 3552 exposuit.
3357 3485 3509 3543 Tunc

1924 3565 2132 3636 aperuit
2160 3564 2268 3619 illis
2300 3581 2520 3620 sensum
2549 3572 2606 3620 ut
2634 3565 2999 3639 intelligerent
3029 3569 3363 3642 Scripturas.

1999 3710 2021 3740 α
2049 3691 2116 3744 Ει
2148 3690 2281 3745 dixit
2313 3690 2392 3745 eis
2425 3708 2438 3744 :
2473 3691 2759 3758 Quomodo
2803 3691 2882 3748 sic
2928 3692 3184 3763 scriptum
3213 3705 3313 3764 est,
3349 3705 3402 3754 et
3429 3699 3516 3756 sic

1923 3780 2208 3850 oportebat
2264 3779 2535 3835 Christum
2587 3779 2718 3850 pati,
2777 3789 2829 3836 et
2871 3797 3164 3855 resurgere
3208 3802 3238 3840 a
3286 3789 3517 3846 mortuis

1925 3870 2082 3924 tertia
2112 3870 2220 3936 die,
2255 3877 2306 3924 et
2344 3869 2630 3939 praedicari
2661 3870 2714 3924 in
2744 3871 2961 3926 nomine
2993 3875 3109 3941 ejus
3140 3876 3518 3945 paenitentiam

1927 3973 1982 4023 et
2013 3967 2397 4023 remissionem
2445 3975 2793 4039 peccatorum
2841 3968 2895 4022 in
2935 3985 3125 4026 omnes
3173 3976 3394 4044 gentes,
3427 3975 3519 4031 in-

1927 4057 2135 4129 cipiens
2166 4057 2231 4111 ab
2255 4056 2629 4111 Hierusalem.
2668 4081 2688 4104 n
2725 4057 3116 4114 Commendata
3164 4061 3246 4116 sui
3277 4065 3521 4135 corporis

1930 4154 2154 4210 veritate
2183 4155 2536 4210 commendat
2564 4153 2825 4210 unitatem
2858 4155 3143 4226 Ecclesiae,
3179 4159 3297 4216 vult
3325 4162 3524 4232 praedi-

1931 4253 2042 4310 cari
2099 4253 2473 4324 paenitentiam
2529 4260 2581 4308 et
2627 4253 3007 4310 remissionem
3063 4266 3410 4328 peccatorum
3467 4261 3524 4316 in

1929 4367 2120 4408 omnes
2174 4359 2388 4424 gentes,
2446 4351 2521 4406 ita
2574 4359 2632 4406 ut
2685 4352 3033 4423 praedicaturi
3087 4354 3391 4428 inciperent
3454 4359 3523 4416 ab

1931 4450 2321 4520 Hierosolymis
2345 4467 2358 4504 :
2394 4465 2503 4506 non
2531 4449 2878 4507 solummodo
2906 4453 3269 4523 praedicantes
3296 4457 3520 4527 Judaais,

219 4571 359 4628 nulla
387 4577 749 4644 apparerent,
792 4587 862 4625 an
891 4570 967 4626 ita
1012 4571 1192 4642 potius
1239 4578 1297 4625 ut
1325 4570 1607 4627 cicatrices
1636 4586 1811 4626 rema-

1932 4549 2030 4605 sed
2059 4549 2226 4604 etiam
2252 4547 2568 4620 praedicatio
2612 4548 3000 4607 extenderetur
3027 4551 3094 4606 ad
3142 4553 3386 4626 gentium
3427 4571 3522 4612 er-

215 4678 400 4726 uerent
432 4671 561 4726 sine
591 4666 777 4741 aliqua
805 4666 1172 4735 deformitate,
1203 4667 1323 4739 ipse
1369 4669 1729 4740 responderet
1755 4685 1819 4725 se

217 4767 354 4824 velle
383 4766 595 4833 sanari,
630 4765 703 4820 ita
735 4773 792 4820 ut
822 4765 875 4820 in
907 4781 972 4822 eo
1014 4773 1302 4822 manerent
1349 4765 1508 4838 signa
1536 4765 1815 4838 triumphi,

221 4869 264 4924 si
291 4871 392 4925 hoc
419 4869 637 4940 absque
661 4866 912 4938 corporis
955 4866 1300 4924 deformitate
1331 4874 1522 4940 posset
1549 4867 1690 4924 ﬁeri.
1728 4868 1820 4926 Sic

218 4967 460 5039 profecto
492 4966 624 5024 fecit
680 4965 964 5020 Dominus.
1024 4967 1146 5020 Non
1203 4981 1334 5038 ergo
1391 4982 1454 5020 ex
1499 4965 1818 5037 impotentia

221 5066 441 5120 curandi
490 5062 779 5122 cicatrices
821 5061 1077 5130 servavit,
1119 5063 1218 5119 sed
1255 5071 1313 5119 ut
1366 5071 1688 5137 perpetuum
1735 5064 1816 5122 vi-

221 5163 397 5221 ctoriae
423 5179 542 5221 suae
572 5158 947 5219 circumferret
977 5159 1327 5233 triumphum.

1928 4663 2077 4704 rores
2089 4689 2103 4704 .

2004 4788 2026 4813 η
2060 4765 2172 4821 Vos
2200 4771 2382 4819 autem
2431 4769 2597 4820 testes
2653 4762 2784 4820 estis
2840 4764 3062 4834 horum,
3096 4774 3149 4823 et
3201 4784 3308 4842 ego
3361 4767 3517 4832 mitto

1926 4863 2257 4936 promissum
2285 4861 2457 4916 Patris
2486 4862 2593 4918 mei
2623 4862 2680 4916 in
2716 4878 2833 4920 vos.
2869 4881 2892 4914 ι
2947 4865 3056 4920 Vos
3103 4866 3195 4938 qui
3225 4868 3435 4926 vidistis
3464 4878 3520 4930 et

1925 4961 2173 5032 audistis,
2204 4962 2397 5017 horum
2441 4977 2569 5033 quae
2615 4961 2960 5033 praedicanda
2997 4972 3122 5020 sunt
3162 4973 3330 5023 testes
3360 4970 3512 5040 estis,

1923 5069 1980 5118 ut
2011 5060 2289 5117 sufﬁciatis
2325 5059 2395 5115 ad
2427 5061 2760 5128 testandum,
2808 5061 3017 5116 mittam
3064 5063 3219 5120 vobis
3269 5064 3513 5139 promis-

1924 5177 2042 5217 sum
2079 5158 2277 5229 Patris,
2312 5157 2368 5214 id
2398 5165 2482 5214 est
2508 5158 2739 5231 gratiam
2770 5158 3002 5232 Spiritus
3033 5161 3236 5220 sancti.

851 5520 1462 5630 DOMINICA
1536 5523 1666 5627 IN
1743 5520 2258 5627 OCTAVA
2332 5518 2904 5628 PASCHfE.

1500 5714 1901 5782 Secundum
1932 5715 2179 5781 Lucam
2198 5762 2214 5778 .

287 5953 313 5985 ε
343 5935 474 5992 Cum
498 5939 661 5995 esset
713 5947 842 5990 sero
896 5932 986 5990 die
1040 5931 1136 5989 illo
1176 5942 1286 5989 una
1327 5932 1708 6002 Sabbatorum,
1756 5934 1813 5988 et

1918 5929 2065 5988 fores
2086 5935 2274 5986 essent
2299 5927 2498 5985 clausa;
2541 5929 2634 5986 ubi
2676 5941 2829 5990 erant
2869 5936 3126 6013 discipuli
3166 5940 3508 6014 congregati,
