3924 6396
433 392 541 471 935

1546 393 1898 458 WERNERI
1932 390 2221 453 ABBATIS
2261 395 2326 452 S.
2375 392 2601 451 BLASII

3642 393 3751 451 936

434 546 661 614 propter
684 540 888 590 metum
932 531 1261 599 Iudaeorum,
1310 528 1461 584 venit
1505 530 1686 595 Iesus,
1728 533 1783 582 et
1813 522 1959 581 stetit
1987 522 2045 576 in
2071 516 2128 579 A
2152 519 2224 575 Et
2256 521 2398 578 sicut
2427 536 2533 576 una
2564 527 2647 577 est
2676 518 2914 577 charitas
2945 526 2997 577 et
3034 520 3141 577 duo
3187 524 3479 593 praecepta,
3509 519 3583 576 ita
3607 535 3750 575 unus

437 611 621 687 medio
651 640 837 683 eorum
880 624 1068 691 (Joan.
1105 622 1228 690 xx).
1267 645 1289 669 ιο
1340 616 1483 686 Quid
1542 616 1736 672 mirum
1770 614 1838 683 si,
1866 611 2048 683 januis

437 717 663 785 clausis,
693 722 817 786 post
844 709 1304 767 resurrectionem
1351 723 1504 762 suam
1552 706 1609 760 in
1641 702 2047 772 aeternumjam

442 812 682 867 victurus
709 803 944 862 intravit,
977 799 1067 871 qui
1106 798 1403 853 moriturus
1457 795 1685 851 veniens
1714 807 1825 848 non
1855 798 2048 862 aperto

440 907 596 955 utero
627 891 866 964 Virginis
896 889 1065 945 exivit
1090 889 1118 941 ?
1147 887 1256 943 Sed
1276 886 1403 957 quia
1423 884 1494 939 ad
1521 883 1657 938 illud
1679 898 1881 952 corpus
1902 877 2048 952 quod

440 985 609 1045 videri
638 988 847 1055 poterat
876 977 1013 1033 ﬁdes
1067 976 1392 1032 intuentium
1442 972 1746 1038 dubitabat,
1808 967 2050 1025 ostendit

442 1077 521 1133 eis
562 1073 813 1146 protinus
845 1083 1042 1123 manus
1086 1074 1138 1121 et
1185 1065 1358 1120 latus.
1427 1061 1770 1133 Palpandam
1823 1073 2047 1115 carnem

443 1162 689 1239 praebuit,
722 1174 888 1234 quam
919 1155 1118 1213 clausis
1150 1153 1334 1224 januis
1385 1150 1701 1206 introduxit.
1753 1148 1960 1203 Clavus
1999 1146 2049 1201 ei

442 1234 637 1312 manus
665 1249 877 1315 ﬁxerat,
901 1247 1093 1301 lancea
1140 1244 1276 1298 latus
1320 1247 1614 1312 aperuerat
1641 1237 1735 1293 ubi
1774 1237 1845 1292 ad
1884 1234 2048 1291 dubi-

443 1330 671 1402 tantium
700 1338 868 1395 corda
898 1333 1142 1391 sananda
1188 1331 1483 1387 vulnerum
1529 1335 1745 1384 servata
1792 1334 1917 1380 sunt
1953 1340 2052 1380 ve-

442 1433 623 1508 stigia.
656 1429 784 1492 Qua
822 1427 878 1480 in
904 1441 966 1479 re
994 1423 1104 1479 duo
1131 1422 1291 1487 mira,
1326 1427 1400 1485 et,
1427 1418 1582 1490 juxta
1631 1422 1923 1472 humanam
1955 1429 2049 1468 ra-

443 1505 648 1581 tionem
684 1517 787 1572 sibi
818 1514 979 1572 valde
1020 1509 1313 1577 Contraria,
1361 1506 1629 1574 ostendit,
1654 1505 1782 1561 dum
1812 1511 1937 1575 post
1967 1518 2052 1558 re-

443 1609 841 1672 surrectionem
900 1620 1054 1659 suam
1104 1616 1304 1670 corpus
1360 1613 1517 1653 suum
1546 1604 1599 1651 et
1636 1591 2051 1664 incorruptibile

445 1714 496 1763 et
525 1712 709 1760 tamen
737 1693 1017 1769 palpabile
1057 1688 1470 1747 demonstravit.
1502 1686 1643 1741 Nam
1693 1691 1746 1740 et
1775 1680 2052 1752 corrumpi

445 1806 676 1851 necesse
702 1795 787 1843 est
834 1782 982 1856 quod
1026 1780 1305 1852 palpatur,
1358 1784 1410 1832 et
1454 1773 1670 1846 palpari
1712 1788 1823 1828 non
1870 1777 2052 1842 potest

2156 610 2392 681 Spiritus
2423 619 2473 665 et
2505 609 2614 664 duo
2643 610 2787 665 data.
2822 611 2959 665 Ante
2988 617 3164 666 tamen
3184 609 3577 681 discipulorum
3598 624 3752 664 men-

2154 700 2301 754 tibus
2356 700 2530 754 inerat
2579 699 2816 770 Spiritus
2876 708 3095 757 sanctus
3136 699 3205 755 ad
3244 699 3453 770 ﬁdem;
3498 698 3596 754 sed
3640 712 3758 752 non

2155 789 2226 843 ita
2256 787 2566 854 manifeste,
2590 797 2645 843 ut
2675 796 2799 860 post
2845 788 3320 844 resurrectionem.
3367 788 3524 845 Unde
3568 786 3702 842 illud
3737 801 3754 853 ;

2162 879 2476 933 «Nondum
2529 885 2650 933 erat
2707 877 2939 948 Spiritus
2977 878 3158 948 datus,
3219 878 3346 949 quia
3400 877 3557 933 Jesus
3612 891 3758 930 non-

2156 967 2284 1021 dum
2343 967 2518 1023 fuerat
2575 965 2911 1041 gloriﬁcatus
2968 968 3148 1039 (Joan.
3208 969 3327 1029 vn).
3391 991 3412 1016 ιι
3489 966 3646 1023 Unde
3700 972 3759 1020 et

2156 1073 2255 1128 per
2316 1059 2542 1129 Moysen
2598 1057 2842 1113 dicitur:
2896 1080 2919 1106 α
2966 1057 3236 1112 Suxerunt
3289 1056 3398 1112 mel
3452 1056 3521 1111 de
3577 1064 3754 1127 petra,

2156 1146 2449 1218 oleumque
2478 1147 2546 1202 de
2576 1145 2741 1201 ﬁrma
2767 1155 2919 1218 petra
2948 1149 3111 1203 Deut.
3164 1146 3361 1217 xxxu).
3396 1166 3420 1196 ι
3469 1145 3616 1200 Nihil
3646 1144 3757 1200 tale

2150 1236 2303 1306 juxta
2332 1236 2619 1291 historiam
2649 1235 2868 1306 legitur,
2903 1235 2948 1290 si
2978 1244 3091 1292 tota
3117 1235 3286 1292 series
3327 1234 3540 1291 Veteris
3566 1234 3759 1290 Testa-

2155 1325 2327 1381 menti
2382 1332 2754 1380 recensentur.
2811 1324 2922 1381 Sed
2979 1324 3107 1395 quia
3178 1323 3475 1380 secundum
3523 1322 3759 1379 Paulum

2157 1417 2315 1481 petra
2344 1419 2460 1465 erat
2489 1410 2753 1476 Christus,
2786 1408 2895 1464 mel
2936 1409 3006 1464 de
3052 1416 3207 1480 petra
3238 1416 3493 1463 suxerunt
3516 1407 3611 1479 qui
3637 1406 3758 1463 Re-

2157 1499 2458 1571 demptoris
2489 1498 2745 1555 miracula
2774 1497 3053 1554 viderunt.
3090 1496 3284 1553 Oleum
3326 1512 3459 1552 vero
3504 1496 3575 1551 de
3598 1494 3758 1550 ﬁrma

2157 1596 2312 1659 petra
2344 1595 2630 1656 suxerunt,
2660 1586 2753 1659 qui
2781 1593 2906 1658 post
2952 1585 3405 1642 resurrectionem
3452 1586 3571 1655 ejus
3611 1583 3756 1641 effu-

2159 1676 2315 1733 sione
2345 1677 2516 1733 sancti
2572 1676 2808 1748 Spiritus
2866 1675 2997 1747 ungi
3051 1682 3384 1731 meruerunt.
3414 1673 3633 1729 Inﬁrma
3660 1690 3756 1745 pe-

2159 1774 2247 1822 tra
2274 1766 2423 1823 dedit
2449 1765 2580 1832 mel,
2611 1781 2739 1822 cum
2767 1763 2945 1821 adhuc
2974 1773 3121 1821 esset
3147 1763 3412 1832 mortalis,
3437 1779 3571 1819 vera
3602 1770 3757 1834 petra

446 1883 593 1959 quod
622 1894 733 1935 non
781 1852 1175 1941 corrumpitur.
1242 1866 1353 1923 Sed
1385 1865 1527 1920 miro
1571 1863 1737 1918 modo
1766 1870 1931 1959 atque
1958 1860 2049 1915 in-
2078 1874 2133 1934 Β
2374 1855 2513 1912 fudit
2538 1870 2664 1913 cum
2692 1862 2821 1927 post
2875 1854 3325 1911 resurrectionem
3371 1852 3470 1909 fuit
3495 1852 3756 1924 ἱωρεεεί-

447 1949 756 2033 ᾧειίωαιήΙί
786 1962 1120 2033 Redemptor
1164 1965 1349 2013 noster
1390 1963 1443 2012 et
1470 1949 1883 2024 incorruptibile
1929 1955 2055 2021 post

445 2056 910 2121 resurrectionem
968 2057 1021 2106 et
1075 2046 1347 2121 palpabile
1400 2059 1602 2115 corpus
1658 2039 1928 2108 exhibuit,
1972 2044 2050 2103 ut,

445 2141 798 2207 monstrando
854 2132 1266 2205 incorruptibile
1325 2130 1585 2186 invitaret
1646 2127 1713 2182 ad
1743 2124 2051 2198 praemium,

446 2232 747 2312 praebendo
798 2223 1073 2300 palpabile
1122 2221 1400 2312 formaret“
1422 2218 1493 2274 ad
1532 2215 1720 2312 fidem.
1751 2216 1822 2270 Et
1865 2213 2051 2312 incor-

447 2303 761 2398 ruptibilem
791 2333 850 2372 se
881 2329 1013 2386 ergo
1058 2319 1111 2368 et
1164 2306 1496 2383 palpabilem
1535 2303 1950 2368 demonstravit,
1995 2309 2054 2356 ut

448 2393 699 2490 profecto
729 2422 852 2465 esse
901 2410 1026 2475 post
1067 2397 1529 2456 resurrectionem
1571 2393 1888 2449 ostenderet
1933 2406 2053 2447 cor-

448 2480 552 2579 pus
581 2515 739 2557 suum
770 2503 823 2552 et
852 2492 1097 2564 ejusdem
1124 2495 1351 2554 naturae,
1382 2494 1437 2542 et
1466 2483 1689 2540 alterius
1716 2480 1936 2555 gloriae.

527 2653 549 2679 υ
581 2628 651 2683 Et
680 2621 812 2679 dixit
837 2618 917 2675 eis
948 2636 961 2672 :
990 2617 1101 2671 Pax
1130 2612 1309 2669 vobis.
1346 2631 1370 2662 ι
1420 2610 1622 2664 Pacem
1666 2605 1935 2662 oﬁ'erebat
1962 2603 2054 2676 qui

450 2724 676 2794 prOpter
700 2724 894 2784 pacem
924 2703 1091 2761 venit.
1114 2703 1182 2757 Et
1202 2700 1401 2772 quibus
1421 2695 1731 2794 antea-dixit
1763 2712 1777 2749 :
1806 2717 1827 2743 ε
1851 2696 2054 2794 Pacem

454 2782 910 2876 relinquoﬁvobis,
939 2808 1133 2865 pacem
1162 2803 1341 2845 meam
1372 2787 1443 2843 do
1473 2785 1632 2842 vobis
1653 2786 1831 2855 (Joan.
1852 2782 1996 2849 xiv),
2024 2802 2047 2832 ι

451 2874 623 2954 modo
644 2889 776 2948 dicit
807 2906 819 2943 :
860 2909 882 2935 α
926 2886 1034 2939 Pax
1062 2880 1219 2938 vobis
1254 2903 1276 2928 ιι
1312 2877 1437 2950 quia
1470 2890 1670 2948 pacem
1702 2874 1757 2929 in
1785 2879 2051 2929 nascente

452 2985 669 3044 Christo
689 2976 877 3052 angeli
904 2972 1339 3047 praedicaverunt
1368 2966 1602 3022 mundo.

527 3135 549 3161 α
574 3109 643 3165 Et
672 3120 795 3163 cum
823 3102 929 3156 hoc
950 3097 1197 3159 dixisset,
1220 3091 1460 3149 ostendit
1479 3090 1559 3145 eis
1581 3103 1776 3144 manus
1807 3093 1860 3142 et
1886 3086 2048 3152 latus,

453 3198 644 3258 Gavisi
680 3201 804 3250 sunt
855 3205 991 3260 ergo
1048 3182 1300 3250 discipuli
1342 3180 1460 3236 viso
1510 3178 1764 3234 Domino.
1794 3175 1940 3232 Dixit
1970 3175 2050 3229 eis

450 3238 645 3348 iterum
678 3303 692 3341 :
726 3284 843 3338 Pax
872 3238 1047 3335 vdbis.
1086 3298 1108 3324 ιθ
1162 3271 1385 3328 Iteratio
1425 3267 1769 3327 conﬁrmatio
1799 3273 1900 3322 est.
1949 3265 2055 3319 Dat
2084 3238 2134 3305 C

450 3393 641 3454 pacem
673 3372 823 3431 enim
870 3381 1028 3439 super
1078 3378 1296 3435 pacem,
1339 3359 1483 3415 sicut
1530 3356 1779 3429 promisit
1809 3371 1906 3426 per
1933 3368 2057 3424 pro-

450 3442 699 3544 phetam.
739 3457 841 3515 Vel
871 3457 996 3512 ideo
1052 3455 1305 3516 iteratur,
1362 3455 1422 3504 ut
1466 3452 1740 3503 monstret
1768 3442 2060 3543 paciﬁcata

451 3533 550 3633 per
577 3568 738 3611 suum
769 3545 1090 3620 sanguinem
1120 3556 1245 3614 quae
1272 3538 1330 3593 in
1367 3536 1510 3594 coelo
1555 3543 1608 3591 et
1635 3551 1760 3608 quae
1790 3533 1844 3588 in
1877 3542 2049 3588 terra.

531 3708 551 3731 ιι
589 3680 739 3738 Sicut
762 3673 907 3731 misit
938 3687 1027 3727 me
1056 3670 1234 3734 Pater,
1270 3672 1324 3720 et
1359 3680 1466 3737 ego
1496 3662 1651 3718 mitto
1680 3676 1806 3719 vos.
1851 3683 1872 3709 ι)
1910 3658 2060 3715 Sicut

451 3772 598 3832 misit
625 3785 714 3824 me
740 3767 900 3821 Pater
926 3763 1075 3817 Deus
1107 3759 1297 3820 Deum,
1330 3762 1383 3809 et
1427 3769 1532 3826 ego
1561 3751 1715 3807 mitto
1764 3766 1864 3807 vos
1892 3750 2059 3804 homo

452 3861 733 3921 homines.
774 3856 934 3910 Pater
983 3845 1222 3904 amando
1265 3842 1464 3898 Filium
1514 3840 1660 3896 misit
1689 3856 1810 3895 eum
1840 3839 1973 3910 pati,
2006 3846 2059 3894 et

451 3950 722 4010 Dominus
750 3957 942 3999 amans
971 3933 1253 4010 apostolos
1292 3931 1437 3986 misit
1470 3946 1585 3996 eos,
1616 3945 1726 3985 non
1772 3928 1842 3983 ad
1872 3926 2059 3982 mundi

452 4040 732 4115 gaudium,
766 4031 865 4088 sed
895 4029 964 4085 ad
996 4026 1337 4098 passionem.
1397 4019 1528 4074 Mitti
1574 4019 1738 4115 etiam
1788 4016 2059 4115 [filium—tt

451 4105 611 4188 Patre
653 4125 813 4196 juxta
864 4127 1116 4174 naturam
1166 4111 1413 4168 divinam
1469 4116 1648 4180 potest
1686 4105 1942 4178 intelligi.
1978 4106 2058 4162 Eo

453 4222 602 4278 enim
630 4212 797 4270 modo
828 4226 859 4263 a
891 4209 1048 4263 Patre
1080 4201 1251 4258 Filius
1299 4198 1532 4254 mittitur
1575 4214 1683 4269 quo
1723 4202 2048 4269 generatur.

455 4309 512 4366 Si
566 4304 714 4362 enim
776 4296 987 4358 missio,
1055 4288 1401 4347 solummodo
1456 4286 1763 4342 incarnatio
1833 4284 2058 4339 deberet

451 4392 704 4465 intelligi,
735 4387 890 4445 nullo
915 4382 1081 4439 modo
1114 4379 1343 4451 Spiritus
1373 4386 1593 4433 sanctus
1623 4376 1898 4431 diceretur
1923 4373 2055 4428 mit-

452 4487 512 4553 ti,
538 4461 655 4557 qui‘
673 4489 1023 4551 nequaquam
1070 4470 1383 4525 incarnatus
1429 4474 1538 4557 est.
1577 4465 1687 4521 Sed
1717 4463 1838 4534 ejus
1865 4461 2055 4518 missio

451 4552 573 4650 ipsa
601 4565 882 4645 processio
930 4565 1016 4619 est
1069 4575 1101 4615 a
1151 4560 1318 4650 Patre
1361 4564 1418 4612 ct
1688 4552 2052 4650 Sic_ut_itaque

453 4641 690 4739 Spiritus
740 4655 877 4713 mitti
932 4650 1131 4708 dicitur
1187 4646 1283 4720 qui
1336 4644 1605 4717 procedit,
1642 4643 1717 4699 ita
1761 4641 1930 4699 Filius
1961 4641 2055 4714 qui

449 4758 744 4831 generatur
756 4788 769 4802 .

524 4903 547 4928 α
578 4878 699 4933 Hoc
726 4886 849 4929 cum
878 4867 1132 4937 dixisset,
1161 4861 1460 4922 insufﬂavit
1496 4868 1551 4916 et
1596 4857 1732 4915 dixit
1775 4857 1857 4915 eis
1894 4873 1907 4913 :
1938 4859 2053 4914 Ac-

447 4978 614 5052 cipite
643 4972 912 5045 Spiritum
941 4975 1212 5024 sanctum.
1256 4962 1504 5032 Quorum
1549 4957 1871 5015 remiseritis
1915 4973 2052 5029 pec-

445 5047 571 5128 cata
598 5062 947 5122 remittuntur
976 5056 1079 5124 eis,
1112 5062 1168 5112 et
1195 5067 1431 5126 quorum
1462 5047 1796 5106 retinueritis
1836 5054 2053 5103 retenta

445 5184 592 5235 sunt.
624 5194 647 5225 ι
700 5165 1041 5226 lnsuftlando
1099 5159 1431 5236 signiﬁcavit
1486 5156 1741 5229 Spiritum
1799 5164 2050 5213 sanctum

444 5283 555 5324 non
584 5261 765 5320 Patris
809 5255 980 5313 solius
1024 5268 1149 5310 esse
1196 5249 1457 5321 Spiritum
1503 5246 1598 5303 sed
1647 5253 1701 5301 et
1731 5261 1913 5301 suum.
1950 5246 2051 5302 Ec-

444 5354 625 5413 clesize
654 5348 895 5409 charitas
924 5360 1047 5418 quae
1076 5358 1175 5415 per
1216 5338 1480 5413 Spiritum
1524 5342 1776 5392 sanctum
1806 5335 1965 5391 datur
1993 5335 2050 5390 in

446 5451 701 5511 cordibus
730 5444 931 5504 nostris
958 5440 1285 5515 participum
1332 5452 1554 5494 suorum
1596 5440 1818 5507 peccata
1862 5433 2047 5489 dimit-

444 5552 527 5620 tit,
558 5562 748 5605 eorum
775 5552 977 5610 autem,
1001 5541 1091 5613 qui
1119 5551 1229 5596 non
1258 5544 1384 5595 sunt
1402 5534 1523 5606 ejus
1543 5532 1858 5606 participes,
1878 5538 2045 5589 tenet.

446 5640 518 5695 Et
545 5638 669 5694 ideo
698 5641 890 5707 postea
920 5646 1082 5704 quam
1131 5629 1285 5695 dixit,
1325 5626 1573 5697 Accipite
1612 5623 1869 5695 Spiritum
1915 5640 2047 5679 san-

447 5745 614 5806 ctum,
646 5732 912 5792 continuo
940 5728 1010 5786 de
1038 5736 1388 5801 peccatorum
1418 5723 1744 5780 remissione
1765 5739 1832 5781 ac
1860 5731 2048 5780 reten-

446 5836 649 5891 tatioue
681 5828 937 5900 subjecit.
976 5827 1037 5882 In
1064 5835 1214 5884 terra
1262 5824 1463 5896 quippe
1495 5823 1659 5878 datur
1706 5821 1961 5893 Spiritus,
1994 5829 2052 5877 ut

445 5927 707 6003 diligatur
732 5922 1016 5998 proximus
1040 5939 1055 5991 ;
1082 5936 1115 5978 c
1143 5917 1284 5976 coelo
1312 5923 1495 5973 autem
1513 5922 1573 5974 ut
1598 5915 1860 5990 diligatur
1878 5916 2048 5972 Deus.

2165 1946 2313 2002 bilis.

2240 2094 2262 2121 α
2298 2072 2541 2129 Thomas
2572 2071 2750 2128 aulem
2778 2087 2920 2128 unus
2974 2086 3040 2127 ex
3094 2067 3407 2138 duodecim,
3439 2067 3530 2141 qui
3558 2067 3757 2125 dicitur

2163 2160 2448 2232 Didymus,
2483 2177 2591 2216 non
2640 2168 2752 2217 erat
2807 2177 2928 2218 cum
2986 2159 3067 2215 eis
3122 2158 3344 2231 quando
3384 2156 3529 2214 venit
3575 2155 3753 2214 Iesus.

2164 2249 2430 2306 Dixerunt
2461 2264 2598 2324 ergo
2620 2250 2670 2307 ei
2699 2249 2795 2306 alii
2823 2247 3076 2321 discipuli
3110 2265 3123 2302 :
3167 2247 3408 2303 Vidimus
3435 2245 3751 2302 Dominum.

2162 2338 2259 2394 Ille
2290 2347 2470 2395 autem
2502 2339 2637 2395 dixit
2684 2339 2764 2395 eis
2797 2356 2810 2395 :
2842 2338 2960 2394 Nisi
3011 2337 3204 2393 videro
3246 2336 3302 2391 in
3339 2336 3590 2391 manibus
3634 2337 3755 2406 ejus

2161 2426 2388 2483 ﬁxuram
2447 2428 2749 2496 clavorum,
2809 2434 2864 2483 et
2918 2426 3126 2482 mittam
3187 2425 3412 2498 digitum
3467 2440 3649 2481 meum
3696 2425 3753 2480 in

2160 2516 2350 2573 locum
2378 2517 2677 2585 clavorum,
2713 2525 2766 2574 et
2804 2514 3015 2572 mittam
3053 2530 3271 2571 manum
3317 2529 3495 2569 meam
3528 2513 3585 2568 in
3613 2514 3753 2569 latus

2161 2607 2298 2676 ejus,
2330 2622 2441 2663 non
2469 2608 2713 2663 credam.
2743 2630 2765 2657 ιι
2797 2607 2920 2663 Non
2949 2621 3084 2663 casu
3120 2603 3220 2660 sed
3261 2602 3443 2659 divina
3472 2601 3755 2675 dispensa-

2160 2696 2308 2752 tione
2337 2706 2556 2769 gestum
2587 2704 2689 2763 est,
2722 2701 2784 2752 ut
2834 2695 2928 2751 ille
2986 2692 3290 2767 discipulus
3340 2700 3468 2748 tunc
3511 2692 3750 2759 deesset,

2159 2794 2282 2857 post
2312 2794 2490 2841 autem
2520 2786 2780 2841 dubitans
2812 2785 3081 2857 palparet,
3110 2789 3167 2838 et
3211 2782 3437 2853 palpans
3483 2781 3750 2837 crederet.

2159 2875 2286 2930 Plus
2312 2875 2455 2930 enim
2485 2874 2780 2931 inﬁdelitas
2810 2875 3033 2929 Thomas
3063 2872 3135 2928 ad
3177 2869 3339 2926 ﬁdem
3367 2870 3526 2926 nobis
3554 2869 3756 2941 profuit

2160 2979 2327 3035 quam
2359 2964 2500 3020 ﬁdes
2530 2963 2888 3031 credentium,
2908 2963 3035 3033 quia
3055 2961 3182 3017 dum
3204 2959 3273 3015 ad
3296 2960 3459 3016 ﬁdem
3480 2959 3755 3032 palpando

2160 3053 2393 3121 ducitur,
2422 3062 2613 3110 nostra
2643 3068 2800 3109 mens
2826 3053 2881 3107 in
2912 3050 3020 3107 ﬁde
3051 3049 3337 3106 solidatur.

2232 3205 2255 3230 α
2283 3181 2348 3236 Ει
2366 3188 2492 3252 post
2534 3180 2652 3237 dies
2673 3185 2799 3237 octo
2816 3179 3013 3235 iterum
3033 3185 3188 3235 erant
3209 3175 3456 3248 discipuli
3473 3176 3590 3246 ejus
3609 3175 3754 3232 intus

2165 3279 2218 3327 et
2247 3272 2484 3327 Thomas
2512 3286 2638 3325 cum
2669 3270 2768 3338 eis,
2800 3268 2949 3325 venit
2975 3270 3139 3325 Jesus
3164 3267 3350 3339 januis
3377 3265 3596 3335 clausis,
3611 3266 3760 3322 stetit

2164 3362 2219 3417 in
2251 3361 2454 3425 medio,
2485 3368 2540 3416 et
2568 3360 2702 3415 dixit
2730 3377 2744 3415 :
2782 3361 2890 3415 Pax
2912 3356 3312 3415 vobis.Deinde
3342 3355 3472 3411 dixit
3495 3355 3715 3411 Thoma
3738 3372 3753 3412 :

2164 3450 2313 3507 Infer
2343 3449 2575 3523 digitum
2598 3456 2743 3504 tuum
2774 3449 2901 3515 huc,
2933 3457 2988 3505 et
3015 3447 3139 3504 vide
3163 3462 3353 3502 manus
3381 3460 3565 3510 meas;
3596 3454 3649 3501 et
3674 3443 3759 3499 af-

2166 3539 2252 3595 fer
2301 3554 2522 3594 manum
2553 3546 2726 3605 tuam,
2759 3545 2814 3594 et
2850 3537 3004 3594 mitte
3032 3536 3088 3592 in
3130 3535 3269 3591 latus
3314 3550 3513 3603 meum,
3562 3541 3618 3589 et
3643 3532 3756 3589 noli

2165 3645 2289 3685 esse
2317 3628 2636 3684 incredulus
2665 3627 2762 3684 sed
2792 3626 2995 3684 ﬁdelis.
3038 3648 3062 3678 ι
3097 3626 3306 3697 Corpus
3333 3623 3552 3682 Domini
3582 3622 3755 3678 intra-

2165 3718 2247 3773 vit
2276 3718 2343 3773 ad
2368 3716 2667 3788 discipulos
2691 3716 2882 3785 januis
2924 3715 3151 3783 clausis,
3196 3714 3338 3786 quod
3385 3729 3482 3784 per
3509 3711 3757 3768 nativita-

2166 3815 2274 3863 tem
2304 3806 2494 3864 clauso
2524 3805 2656 3861 exiit
2685 3814 2841 3861 utero
2888 3803 3130 3876 Virginis
3175 3821 3189 3857 :
3228 3803 3343 3859 Nec
3383 3800 3578 3856 mirum
3625 3801 3669 3855 si
3698 3800 3756 3855 in

2164 3906 2428 3955 aeternum
2457 3896 2697 3953 victurus
2726 3895 2796 3949 ad
2837 3892 3134 3964 discipulos
3181 3891 3419 3957 intravit,
3451 3890 3542 3963 qui
3584 3890 3755 3946 mori-

2163 3994 2319 4042 turus
2346 3986 2531 4043 clauso
2561 3983 2804 4056 Virginis
2846 3991 3002 4037 utero
3040 3980 3230 4037 exivit.
3280 3981 3397 4037 Duo
3433 3979 3567 4035 mira
3603 3981 3753 4047 juxta

2164 4078 2462 4133 humanam
2504 4075 2765 4130 rationem
2809 4072 2913 4128 sibi
2961 4071 3122 4129 valde
3176 4070 3449 4128 contraria
3494 4069 3753 4125 Dominus

2163 4167 2417 4233 ostendit,
2451 4166 2580 4221 dum
2608 4171 2732 4236 post
2758 4161 3220 4220 resurrectionem
3248 4175 3445 4231 corpus
3489 4174 3645 4214 suum
3673 4156 3752 4212 in-

2163 4254 2521 4327 corruptibile
2548 4262 2601 4310 et
2620 4252 2892 4325 palpabile
2922 4250 3328 4308 demonstravit.
3374 4249 3512 4304 Nam
3544 4255 3599 4303 et
3625 4262 3751 4303 cor-

2161 4345 2342 4418 rumpi
2368 4360 2598 4401 necesse
2653 4350 2737 4399 est
2788 4342 2933 4415 quod
2980 4341 3253 4413 palpatur,
3303 4347 3357 4395 et
3392 4337 3597 4410 palpari
3641 4351 3751 4391 non

2161 4442 2359 4507 potest,
2394 4434 2542 4507 quod
2571 4449 2680 4489 non
2710 4431 3099 4502 corrumpitur.
3144 4428 3252 4485 Sed
3298 4428 3431 4483 miro
3459 4426 3621 4482 modo
3647 4425 3753 4480 Re-

2164 4524 2416 4596 demptor
2446 4530 2633 4580 noster
2663 4539 2722 4578 se
2751 4520 3106 4577 monstrando
3142 4515 3600 4589 incorruptibilem
3647 4529 3748 4585 ap-

2081 4606 2135 4668 D
2165 4630 2358 4704 paruit,
2390 4638 2448 4685 ut
2478 4646 2579 4687 nos
2608 4628 2860 4685 invitaret
2889 4627 2959 4683 ad
2999 4624 3302 4698 premium,
3337 4630 3391 4679 et
3425 4619 3747 4694 palpabilem

2160 4737 2221 4776 se
2250 4719 2485 4792 praebuit
2512 4727 2568 4774 ut
2618 4717 2883 4774 formaret
2929 4714 3000 4771 ad
3040 4714 3224 4771 ﬁdem.
3259 4712 3505 4769 Divinum
3548 4709 3747 4767 factum

2158 4833 2268 4875 non
2317 4826 2403 4876 est
2446 4815 2695 4873 mirabile
2741 4813 2993 4884 multum,
3144 4809 3355 4868 ratione
3400 4809 3521 4882 capi
3563 4810 3744 4881 queat,

2159 4926 2248 4975 aut
2277 4917 2491 4975 ratione
2520 4915 2766 4990 probari.
2806 4915 2934 4973 Haec
2970 4909 3098 4971 ﬁdei
3143 4910 3353 4970 meritis
3395 4915 3478 4969 est
3503 4923 3745 4983 congrua

2156 5015 2241 5074 vis
2270 5014 2515 5072 rationis.

2234 5150 2255 5174 α
2292 5122 2597 5199 Respondit
2624 5123 2867 5181 Thomas
2894 5129 2949 5179 et
2976 5121 3116 5180 dixit
3145 5120 3196 5178 ei
3237 5138 3252 5175 :
3300 5117 3564 5176 Dominus
3593 5132 3742 5173 meus

2157 5231 2212 5280 et
2240 5225 2389 5281 Deus
2408 5241 2587 5282 meus.
2627 5248 2649 5273 υ
2699 5220 2934 5279 Videbat
2974 5221 3250 5279 hominem
3299 5225 3353 5276 et
3397 5217 3650 5293 tangebat
3690 5223 3741 5273 et

2157 5323 2522 5382 conﬁtebatur
2552 5325 2748 5393 Deum,
2782 5339 2945 5396 quem
2973 5336 3084 5378 non
3111 5320 3327 5379 videbat
3349 5335 3527 5392 neque
3550 5325 3740 5389 tange-

2155 5422 2278 5481 bat.
2316 5424 2461 5481 Dicit
2487 5422 2536 5479 ei
2564 5424 2736 5479 Iesus
2767 5440 2782 5477 :
2814 5444 2837 5471 α
2873 5420 3014 5491 Quia
3046 5418 3227 5478 vidisti
3270 5433 3357 5474 me
3386 5412 3679 5473 credidisti.
3712 5436 3735 5463 ι

2157 5522 2320 5577 Aliud
2368 5521 2501 5578 vidit
2547 5529 2602 5577 et
2640 5520 2786 5576 aliud
2835 5518 3071 5577 credidit
3117 5529 3130 5574 :
3174 5515 3451 5574 hominem
3494 5512 3645 5579 vidit,
3690 5519 3739 5568 et

2158 5622 2329 5678 Deum
2362 5619 2650 5678 confessus
2679 5625 2785 5677 est.
2814 5617 2943 5676 Non
2973 5618 3051 5675 ait
3070 5615 3314 5690 tetigisti,
3338 5614 3433 5671 sed
3453 5635 3477 5665 α
3497 5611 3691 5679 vidisti,
3711 5631 3733 5661 ι

2157 5721 2284 5794 quia
2328 5718 2608 5793 generalis
2647 5718 2893 5792 quodam
2937 5717 3101 5774 modo
3154 5730 3348 5772 sensus
3406 5720 3489 5770 est
3547 5709 3733 5779 visus;

2156 5835 2280 5874 nam
2324 5835 2425 5891 per
2476 5818 2614 5875 alios
2663 5823 2892 5889 quatuor
2930 5814 3198 5872 nominari
3239 5811 3379 5868 solet
3422 5816 3482 5868 ut
3507 5824 3630 5866 cum
3656 5806 3735 5862 di-

2154 5916 2329 5974 cimus
2359 5934 2376 5973 :
2407 5915 2551 5974 Audi
2577 5924 2630 5976 et
2675 5915 2821 5988 vide,
2868 5929 3032 5989 quam
3066 5913 3213 5971 bene
3256 5915 3437 5979 sonet,
3486 5904 3659 5975 Olfac,
3686 5910 3736 5963 et
