3956 6426
343 439 451 492 207

1231 434 1297 488 V.
1343 432 1678 488 GUIBERTI
1714 432 2006 488 ABBATIS
2043 435 2098 489 S.
2141 434 2382 492 MANE
2422 435 2514 492 DE
2557 431 2960 490 NOVIGENTO

3760 436 3856 488 208

345 589 547 631 eorum
575 589 722 646 quos
747 587 980 644 peccare
1002 572 1244 628 facimus
1265 571 1415 628 mala
1442 569 1770 642 paenitentia
1799 569 2044 626 nimium
2083 574 2128 626 Α
2156 572 2329 629 Jacob
2385 571 2676 638 videlicet,
2727 569 3154 626 circundamus.
3220 571 3504 626 deorum
3572 569 3858 641 pelliculis

347 664 464 719 Deo
520 671 685 734 grata
740 663 1028 734 lugemus,
1079 661 1396 731 eademque
1464 659 1655 714 debita
1719 658 2044 714 humilitate
2149 661 2403 718 obvolvit
2435 675 2664 725 manus,
2712 673 2846 715 cum
2892 666 3346 729 perpetratorum
3394 659 3690 716 malorum
3741 673 3857 714 me-

347 752 716 821 conlitemur;
769 752 966 807 haedus
1015 763 1266 820 namque
1329 755 1681 818 peccatorem
1731 747 2040 818 signiﬁcat.

348 839 547 896 Nescio
597 848 795 896 utrum
843 839 987 894 alias
1041 839 1098 892 in
1149 837 1255 893 hoc
1295 851 1463 906 opere
1513 835 1781 903 dixerim,
1837 835 2046 891 viderit

350 929 605 999 prudens
629 928 803 984 lector
830 929 1117 982 Isaianum
1151 925 1290 981 illud
1321 939 1354 980 a
1384 924 1628 979 Domino
1658 923 1876 980 dictum
1909 923 2047 980 huic

350 1017 472 1073 loco
499 1015 804 1072 convenire
835 1031 847 1070 :
879 1017 941 1070 Si
975 1016 1202 1081 fuerint,
1247 1012 1455 1083 inquit,
1501 1017 1726 1082 peccata
1767 1018 1948 1066 vestra
1986 1017 2048 1066 ut

351 1107 637 1170 coccinum,
683 1112 737 1160 et
788 1117 1043 1170 rursum,
1081 1107 1143 1156 ut
1171 1102 1492 1156 vermiculus
1553 1102 1706 1166 (Isai.
1737 1117 1774 1168 ι,
1840 1104 1952 1169 18);
1993 1107 2048 1157 et

353 1193 506 1264 quod
534 1193 632 1248 nix
677 1193 747 1246 ad
774 1193 1090 1257 coccinum,
1119 1199 1174 1246 et
1215 1189 1286 1244 ad
1319 1189 1700 1245 vermiculum
1752 1189 1904 1256 lana,
1939 1189 2048 1245 sub

351 1282 567 1350 optima
619 1280 824 1335 horum
883 1279 1064 1334 duum
1126 1278 1544 1348 signiﬁcatione
1595 1277 1858 1334 refertur.
1910 1277 2049 1333 Inde

353 1369 486 1426 facit
537 1369 786 1424 Rebecca
835 1383 1005 1435 escas,
1051 1369 1248 1434 quibus
1299 1367 1526 1420 libenter
1567 1373 1733 1435 pater
1790 1370 2043 1432 vescitur,

353 1471 485 1512 cum
535 1457 754 1526 patiens
801 1453 920 1524 jam
963 1454 1348 1510 tentationum
1398 1467 1641 1508 suarum
1688 1467 1760 1508 ex
1809 1453 2051 1508 materia

353 1544 717 1615 pmnitentize,
757 1551 812 1599 et
859 1544 1002 1598 alias
1037 1543 1276 1598 virtutes
1326 1543 1574 1609 coniicit,
1622 1542 1839 1612 quibus
1882 1541 2049 1612 quasi

352 1633 730 1688 condimentis
772 1632 1010 1687 rationis
1055 1630 1163 1686 sibi
1198 1631 1581 1701 patrocinium
1630 1637 1817 1685 mutat
1848 1637 1904 1685 et
1935 1629 2051 1685 illi-

354 1722 449 1778 cit.
483 1722 680 1790 (Vens.
721 1722 830 1790 10.)
861 1724 1004 1790 Quas
1033 1736 1152 1774 cum
1192 1721 1463 1787 intuleris,
1513 1718 1723 1788 inquit,
1777 1718 2052 1772 benedicat

356 1811 480 1874 tibi,
513 1815 802 1879 antequam
829 1812 1117 1873 moriatur,
1160 1809 1215 1863 id
1253 1815 1336 1864 est
1366 1822 1497 1863 cum
1545 1807 1693 1862 vires
1734 1821 1806 1862 ex
1837 1806 2051 1863 virtute

356 1897 650 1968 receperit,
679 1905 991 1967 antequam
1030 1897 1310 1952 defectum
1357 1895 1686 1966 cujuspiam
1728 1894 1925 1965 lapsus
1956 1910 2051 1951 re-

360 1986 590 2051 incidat,
642 1985 951 2055 przevenict
1017 1993 1068 2040 te
1121 1984 1474 2054 acquirendo
1537 1983 1752 2038 divina;
1806 1984 2054 2054 gratiam

361 2073 873 2142 multiplicationis.

429 2161 598 2217 Vens.
651 2163 736 2228 11,
787 2162 870 2226 12,
914 2161 998 2227 13,
1039 2160 1121 2214 14.
1173 2190 1241 2198 -
1273 2162 1429 2214 Nosti
1473 2161 1623 2229 quod
1676 2161 1832 2214 Esau
1876 2161 2056 2226 frater

357 2264 502 2304 meus
545 2251 702 2302 homo
743 2250 948 2318 pilosus
995 2251 1088 2315 sit,
1147 2254 1196 2301 et
1233 2263 1327 2314 ego
1375 2251 1528 2303 lenis.
1577 2251 1640 2305 Si
1687 2251 2057 2303 attrectaverit

352 2345 516 2410 pater
560 2353 727 2402 meus,
776 2343 825 2391 et
872 2341 1114 2404 senserit,
1169 2339 1324 2391 timeo
1367 2354 1434 2392 ne
1479 2341 1632 2407 putet
1670 2338 1776 2392 sibi
1824 2337 2056 2390 voluisse

359 2427 608 2493 illudere,
643 2432 692 2480 et
731 2425 951 2480 inducat
996 2441 1160 2494 super
1187 2442 1268 2478 me
1294 2426 1723 2480 maledictionem
1767 2440 1865 2494 pro
1893 2425 2053 2478 bene-

361 2515 614 2568 dictione.
654 2516 717 2568 In
762 2530 844 2568 me
880 2517 970 2578 sit,
1015 2515 1114 2580 ait,
1155 2516 1263 2568 ista
1303 2514 1633 2579 maledictio,
1672 2514 1758 2574 ﬁli
1801 2515 1898 2579 mi,
1930 2519 2052 2567 tan-

364 2609 477 2657 tum
505 2604 640 2656 audi
668 2619 842 2656 vocem
871 2619 1043 2656 meam
1070 2616 1082 2656 :
1133 2604 1319 2670 Perge,
1352 2603 1491 2671 affer
1529 2619 1648 2671 quae
1695 2602 1839 2656 dixi.
1874 2602 2049 2668 Abiit,

359 2699 409 2746 et
439 2693 644 2758 attulit,
693 2691 948 2760 deditque
994 2694 1178 2744 matri.
1235 2694 1401 2757 Esau,
1456 2691 1667 2762 inquit,
1701 2691 1756 2745 id
1808 2701 1892 2749 est
1935 2705 2054 2747 car-

360 2780 508 2835 nalis
529 2779 784 2846 all'ectus,
821 2783 898 2834 tot
925 2787 1170 2834 aestuum
1203 2779 1587 2849 corporalium
1631 2780 1764 2836 setis
1818 2796 1951 2838 cum
1983 2780 2054 2836 sit

361 2867 647 2934 horridus,
678 2875 734 2923 et
772 2867 1050 2936 hispidus,
1083 2867 1185 2936 qui
1243 2872 1384 2921 I08
1414 2867 1628 2924 dicitur
1667 2870 1848 2935 frater
1884 2883 2052 2936 meus,

360 2957 500 3026 quia
527 2970 600 3011 ex
625 2955 821 3010 eadem
871 2963 1057 3011 mente
1086 2969 1308 3022 sumus,
1359 2961 1406 3010 et
1437 2971 1553 3025 ego,
1610 2964 1804 3026 utpote
1842 2955 2054 3011 divina)

362 3044 763 3113 tranquillitati
793 3042 1072 3112 innixius,
1123 3043 1466 3099 naturaliter
1513 3045 1647 3098 lenis
1685 3052 1737 3099 et
1772 3043 2048 3114 placidus.

359 3131 416 3188 Si
451 3131 788 3198 intellectus,
831 3145 1004 3201 quem
1047 3140 1267 3201 patrem
1303 3146 1640 3202 prosequor,
1685 3140 1740 3188 et
1784 3133 1879 3188 cui
1912 3133 2053 3187 bene

359 3220 739 3291 gerendorum
770 3233 911 3275 cura
942 3220 1242 3287 incumbit,
1279 3228 1356 3276 tot
1388 3222 1717 3290 passionum
1749 3222 2052 3278 suborien—

361 3308 503 3364 tium
543 3309 904 3377 asperitatem
946 3309 1324 3378 praesenserit,
1356 3313 1570 3380 gvereor
1622 3324 1693 3364 ne
1722 3309 1972 3366 ludibrio
1998 3315 2054 3364 et

359 3396 574 3452 levitati
638 3395 887 3451 ascribat
940 3404 1054 3452 tam
1112 3397 1297 3452 ardua
1349 3397 1594 3453 voluisse
1658 3407 1944 3468 appetere,
1997 3405 2054 3454 et

359 3489 540 3539 totum
586 3484 691 3539 hoc
729 3483 868 3540 mihi
907 3485 1096 3554 potius
1141 3485 1215 3540 ad
1262 3485 1600 3541 deteriorem
1647 3493 1848 3558 vergat
1894 3487 2053 3542 defe—

358 3581 534 3640 ctum,
568 3587 744 3642 quam
775 3574 846 3629 ad
880 3575 1134 3644 aliquem
1164 3574 1298 3630 vitae
1327 3575 1665 3644 profectum.
1700 3575 1849 3632 Solet
1899 3576 2054 3631 enim

359 3663 524 3731 empti
597 3661 728 3717 boni
786 3661 1103 3732 desperatio
1157 3665 1213 3718 in
1277 3663 1529 3719 deterius
1585 3677 1807 3733 semper
1854 3664 2050 3720 relabi.

359 3748 497 3818 Ego,
573 3747 652 3804 ait
712 3748 987 3819 patientia
1055 3759 1255 3816 mater,
1307 3750 1738 3817 maledictionis,
1803 3749 2055 3807 defectus

357 3837 567 3894 scilicet
615 3838 810 3909 hujus,
867 3839 911 3894 si
980 3853 1111 3910 qua:
1169 3839 1260 3906 sit,
1313 3839 1597 3895 molestias
1642 3839 2054 3910 fastidiumque

359 3926 556 3993 feram,
645 3935 870 3983 tantum
948 3943 1112 3998 perge
1193 3927 1414 3997 pietatis
1507 3928 1762 3983 studium
1839 3941 2050 3999 aggre-

356 4013 581 4082 diendo,
611 4023 666 4071 et
697 4016 835 4084 affer
861 4031 992 4086 quae
1042 4015 1350 4086 deliqueris
1385 4015 1724 4083 confitendo,
1752 4017 1882 4088 limo
1909 4031 2052 4071 con-

357 4101 616 4160 fessionis
669 4104 956 4161 oblatione
1011 4105 1330 4176 purgando.
1375 4104 1533 4158 Abiit
1579 4103 1928 4174 proﬁciendo
1977 4103 2051 4159 ab

357 4190 485 4246 imis
513 4192 584 4248 ad
615 4207 842 4263 supera,
875 4195 1062 4248 attulit
1093 4191 1437 4263 paenitentiae
1465 4205 1656 4261 opera,
1703 4206 1835 4262 qum
1867 4190 2052 4246 conti-

357 4279 556 4336 cienda
586 4281 828 4337 aliarum
866 4281 1230 4336 condimento
1271 4280 1555 4336 virtutum
1594 4280 1805 4349 excipit
1847 4287 2048 4346 mater,

356 4383 487 4439 quae
516 4370 636 4426 haec
666 4370 836 4426 anxie
871 4370 1120 4440 parturit
1149 4367 1442 4438 patientia.

2154 750 2349 805 moriis
2406 749 2669 806 futurum
2726 762 2761 804 a
2816 747 2979 817 lapsu
3034 747 3205 804 simili
3255 748 3441 804 munit
3497 763 3669 818 opus.
3733 748 3864 803 σοιιί
3929 739 3932 743 '

2151 839 2303 892 nuda
2352 837 2616 908 protegit,
2666 852 2798 893 cum
2850 837 3009 892 verbi
3062 851 3130 892 ac
3183 835 3545 907 cogitationis
3606 835 3856 906 propria:

2154 926 2461 983 immunita
2483 927 2612 998 jugi
2644 924 3004 992 humilitatis,
3037 931 3092 980 et
3127 925 3340 980 erroris
3387 924 3608 995 pristini
3667 937 3861 979 recor—

2153 1015 2380 1070 datione
2422 1014 2693 1070 defendit.
2750 1014 2833 1068 Ea
2883 1027 3138 1083 namque
3195 1027 3327 1082 quae
3382 1012 3714 1083 cogitamus
3763 1025 3858 1080 per

2152 1103 2364 1159 collum
2395 1103 2574 1158 verba
2602 1101 2848 1169 edimus,
2884 1101 3037 1158 unde
3069 1109 3122 1157 et
3153 1115 3254 1171 pro
3283 1109 3530 1171 utroque
3560 1100 3854 1166 ponimus.

2156 1193 2494 1246 Pulmentum
2552 1191 2669 1256 dat,
2721 1190 2860 1246 dum
2912 1197 3159 1245 mentem
3199 1189 3273 1244 ab
3325 1189 3482 1244 omni
3533 1188 3858 1257 sanguinis,

2157 1280 2211 1334 id
2259 1287 2343 1335 est
2402 1279 2613 1350 peccati
2648 1279 2888 1334 humore
2928 1285 3104 1348 atque
3156 1276 3372 1333 duritia
3420 1278 3550 1348 igne
3595 1275 3863 1332 desiderii
3925 1329 3932 1352 η

2156 1367 2474 1436 spiritualis
2521 1367 2738 1424 emollit
2766 1375 2821 1423 et
2864 1367 3058 1422 siccat.
3103 1365 3538 1436 Consequenter
3595 1371 3862 1434 postmo-

2157 1455 2296 1510 dum
2341 1472 2511 1525 panes
2577 1456 2748 1512 tradit
2801 1470 2933 1526 quos
2980 1459 3220 1521 coxerat,
3277 1469 3409 1510 cum
3467 1453 3864 1509 infirmitatem

2157 1545 2550 1600 conversionis
2596 1544 2667 1600 ad
2719 1544 3062 1600 soliditatem
3119 1549 3332 1599 sancta:
3383 1540 3862 1602 conversationis,

2159 1646 2257 1702 per
2282 1633 2577 1688 charitatis
2603 1632 2814 1688 divinae
2845 1633 3108 1688 ardorem
3135 1632 3299 1703 quasi
3342 1631 3610 1698 farinam,
3648 1630 3727 1685 ad
3773 1642 3866 1699 pa-

2159 1722 2251 1776 nis
2281 1721 2675 1777 fortitudinem
2711 1723 2902 1778 animo
2947 1721 3366 1777 observandam
3413 1718 3699 1789 proponit.
3737 1717 3866 1772 Haec

2158 1809 2354 1865 omnia
2387 1810 2660 1880 patientia
2706 1809 2858 1877 facit,
2890 1809 3028 1865 dum
3062 1809 3210 1864 inter
3239 1821 3508 1864 murmur
3537 1805 3867 1862 carnalium

2092 1876 2133 1929 Β
2165 1876 2428 1954 motuum
2459 1899 2648 1954 studio
2681 1876 2971 1969 religionis
3019 1897 3256 1966 insistit;
3289 1895 3377 1952 his
3419 1903 3642 1966 patrem
3698 1893 3868 1950 illatis
3927 1935 3931 1956 .

2165 1995 2352 2054 vocat,
2391 1987 2478 2042 his
2531 1988 2685 2044 enim
2734 1988 3016 2044 virtutum
3076 1986 3347 2056 operibus
3396 1998 3624 2040 necesse
3673 1987 3763 2038 est
3806 1990 3866 2038 ut

2162 2077 2308 2132 ratio
2355 2083 2588 2145 paterne
2622 2077 2936 2146 provideat.
2975 2075 3098 2142 Quo
3129 2074 3474 2130 obaudiente
3502 2079 3558 2128 et
3586 2071 3862 2127 affectum

2164 2179 2230 2220 ac
2280 2167 2327 2220 si
2385 2165 2446 2220 in
2503 2165 2645 2221 filios
2700 2163 3049 2235 porrigente,
3101 2163 3237 2220 dicit
3282 2162 3478 2230 Iacob,
3541 2159 3866 2230 spiritualis

2163 2253 2374 2308 scilicet
2421 2254 2756 2323 appetitus:
2815 2253 3010 2322 (VERS.
3059 2251 3173 2322 19.)
3224 2253 3339 2318 Ego
3386 2266 3506 2304 sum
3559 2252 3706 2303 Esau
3741 2251 3865 2318 pri—

2162 2345 2459 2408 mogenitus
2489 2347 2643 2408 tuus;
2675 2344 2784 2408 feci
2824 2343 2966 2396 sicut
2995 2341 3302 2410 prxcepisti
3343 2339 3500 2405 mihi,
3557 2338 3613 2393 id
3659 2345 3770 2404 est,
3820 2335 3864 2390 si

2163 2443 2392 2499 quxras
2439 2444 2613 2499 quem
2646 2444 2737 2484 me
2776 2429 3062 2498 profitear,
3115 2441 3206 2483 me
3249 2425 3624 2482 aiTectualiter
3671 2433 3730 2480 et
3780 2438 3864 2480 se-

2161 2517 2418 2574 cundum
2458 2518 2711 2588 corporis
2761 2531 2964 2573 sensus
3000 2516 3216 2572 vixisse
3256 2521 3554 2585 protestor,
3589 2528 3729 2584 quae
3760 2512 3867 2582 pri-

2162 2620 2347 2662 maeva
2389 2606 2637 2662 hominis
2684 2606 2802 2661 vita
2841 2613 2945 2672 est,
3003 2604 3395 2660 carnalitatem
3447 2617 3560 2658 non
3613 2601 3866 2657 diffiteor

2161 2708 2368 2762 meam,
2397 2693 2480 2749 uti
2531 2702 2581 2750 te
2610 2695 2810 2749 docere
2840 2707 3137 2764 cognosco.
3173 2693 3346 2760 Surge
3375 2705 3511 2761 ergo
3557 2691 3631 2746 ad
3683 2689 3864 2746 defen-

2161 2781 2376 2837 sionem
2435 2781 2838 2837 teneritudinis
2897 2795 3056 2842 meze,
3120 2782 3244 2834 sede
3309 2779 3380 2834 ad
3446 2779 3863 2834 exhibitionem

2161 2870 2520 2926 discretionis
2552 2870 2896 2940 judiciaria),
2938 2875 2988 2924 et
3035 2869 3101 2922 de
3139 2871 3420 2922 venatione
3466 2884 3584 2922 mea
3629 2867 3861 2930 comede,
3918 2853 3932 2873 ’

2163 2959 2231 3014 de
2293 2957 2623 3013 omnimoda
2683 2958 2897 3013 scilicet
2963 2957 3369 3012 carualitatum
3427 2955 3863 3025 consumptione

2160 3045 2410 3113 reticere,
2453 3050 2514 3100 ut
2560 3045 2838 3100 benedicat
2896 3047 3035 3099 mihi
3099 3049 3286 3098 anima
3329 3049 3444 3110 tua,
3506 3043 3562 3099 id
3611 3051 3699 3100 est
3746 3043 3861 3098 vita

2111 3181 2126 3196 ,
2161 3142 2261 3190 tua
2318 3142 2695 3205 augmentum
2751 3132 2889 3189 mihi
2937 3132 3234 3202 spirituale
3291 3130 3590 3186 attribuat.
3651 3127 3862 3184 Anima
3930 3129 3931 3134 ‘

2164 3225 2328 3294 plane
2359 3239 2460 3294 pro
2493 3224 2610 3279 vita
2643 3225 2774 3293 poni
2813 3224 2970 3291 solet,
3014 3231 3076 3279 ut
3105 3231 3188 3278 est
3221 3237 3234 3276 :
3271 3222 3374 3288 Qui
3417 3225 3568 3276 amat
3617 3222 3859 3274 animam

2160 3328 2337 3379 suam,
2370 3315 2557 3383 perdet
2585 3328 2702 3366 eam
2728 3313 2918 3378 (Joan.
2951 3327 3046 3379 xu,
3095 3312 3204 3380 25).
3237 3310 3428 3368 Vitam
3472 3316 3691 3375 autem,
3725 3307 3856 3364 vitae

2161 3401 2407 3458 dicimus
2431 3401 2784 3471 qualitatem.

2232 3491 2404 3547 Vens.
2439 3493 2526 3544 20.
2568 3521 2637 3528 -
2667 3489 2954 3559 Quomodo,
2989 3487 3180 3558 inquit
3223 3487 3403 3552 Isaac,
3451 3489 3702 3542 invenire
3749 3489 3858 3540 tam

2161 3581 2264 3633 cito
2311 3577 2584 3647 potuisti?
2633 3579 2903 3642 voluntas,
2963 3576 3062 3642 ait,
3129 3576 3231 3629 I)ei
3279 3577 3411 3641 fuit,
3451 3580 3513 3630 ut
3559 3577 3667 3629 cito
3728 3574 3859 3628 mihi

2161 3672 2460 3723 occurreret
2490 3665 2635 3734 quod
2662 3665 2920 3719 volebam.
2959 3663 3196 3719 Miratur
3223 3663 3528 3733 aliquoties
3557 3662 3686 3732 ipsa
3715 3663 3858 3718 ratio

2161 3763 2278 3811 tam
2305 3754 2495 3810 subito
2542 3753 2815 3823 spiritum
2854 3766 2928 3808 ex
2967 3759 3127 3807 tanta
3157 3751 3536 3807 obduratione
3565 3751 3676 3806 sibi
3703 3765 3856 3806 com-

2160 3841 2488 3914 punctionis
2522 3840 2768 3907 infundi,
2801 3841 2897 3896 sed
2921 3840 3118 3896 eadem
3153 3853 3255 3910 per
3282 3840 3600 3910 appetitum
3633 3837 3859 3908 pietatis
3922 3880 3932 3906 ,

2162 3937 2343 3988 totum
2395 3929 2567 3985 refert
2622 3929 2695 3984 ad
2747 3929 2989 3998 gratiam
3044 3927 3162 3983 Dei.
3223 3927 3415 3999 (Vens.
3467 3930 3555 3994 21,
3605 3930 3696 3994 22,
3750 3925 3857 3992 23.)

2159 4019 2366 4074 Accede
2414 4018 2540 4083 huc,
2601 4018 2700 4079 ait,
2759 4023 2818 4070 ut
2867 4020 3090 4084 tangam
3139 4022 3205 4078 te,
3263 4017 3347 4084 fili
3391 4018 3484 4082 mi,
3543 4020 3592 4069 et
3636 4015 3859 4084 probem

2159 4113 2344 4162 utrum
2384 4112 2441 4160 tu
2484 4108 2560 4161 sis
2607 4107 2754 4174 filius
2797 4120 2942 4158 meus
2989 4107 3155 4170 Esau,
3193 4121 3266 4158 an
3314 4120 3440 4158 non.
3484 4106 3731 4158 Accessit
3771 4103 3859 4157 ille

2159 4195 2234 4250 ad
2274 4199 2510 4264 patrem,
2557 4200 2607 4248 et
2649 4194 2878 4263 palpata
2935 4209 2992 4248 eo
3035 4193 3183 4247 dixit
3219 4195 3384 4248 Isaac
3419 4209 3431 4247 :
3483 4195 3600 4247 Vox
3638 4191 3858 4260 quidem

2157 4299 2264 4338 vox
2300 4283 2462 4338 Iacob
2496 4288 2595 4352 est,
2639 4282 2734 4336 sed
2773 4297 2963 4336 manus
3010 4298 3203 4336 manus
3245 4286 3373 4336 sunt
3411 4284 3580 4337 Esau.
3624 4281 3707 4336 Et
3751 4294 3856 4334 non

2159 4374 2404 4439 cognovit
2451 4387 2588 4438 eum,
2639 4373 2771 4440 quia
2803 4372 2996 4440 pilosx
3033 4387 3226 4426 manus
3271 4370 3688 4425 similitudinem
3735 4371 3856 4437 fra-

427 4458 596 4515 Vi-ms.
637 4463 720 4525 15,
755 4462 839 4525 16,
879 4459 959 4513 17.
997 4488 1066 4497 -
1109 4458 1335 4512 Paravit
1373 4457 1472 4510 illa
1509 4455 1672 4517 cibos,
1717 4457 1858 4509 sicut
1885 4469 2050 4508 nove-
2091 4465 2132 4520 Ι)
2160 4463 2262 4516 tris
2305 4458 2535 4530 majoris
2583 4464 2982 4529 expresserant.
3032 4460 3240 4530 Tangit
3282 4460 3442 4514 Isaac
3493 4458 3856 4514 accedentem

352 4551 443 4602 rat
472 4549 602 4602 velle
647 4555 858 4618 patrem
907 4548 1077 4601 illius.
1127 4548 1199 4601 Et
1230 4545 1466 4599 vestibus
1495 4547 1644 4599 Esau
1685 4543 1846 4598 valde
1875 4543 2050 4611 bonis,

355 4651 489 4706 quas
538 4638 690 4706 apud
741 4652 796 4691 se
839 4635 1070 4690 habebat
1111 4633 1280 4701 domi,
1317 4631 1499 4687 induit
1549 4647 1686 4698 eum,
1734 4631 2053 4700 pelliculas-

352 4741 454 4794 que
513 4725 798 4780 haedorum
855 4723 1208 4779 circumdedit
1273 4721 1542 4786 manibus,
1614 4725 1665 4774 et
1719 4721 1844 4774 colli
1903 4719 2053 4773 nuda

347 4817 622 4883 prxtexit.
676 4814 836 4868 Dedit
886 4813 1244 4882 pulmentum,
1314 4814 1364 4862 et
1415 4823 1587 4879 panes
1638 4823 1770 4878 quos
1833 4813 2053 4862 coxerat

352 4903 606 4958 tradidit.
653 4903 908 4958 Rebecca
955 4900 1098 4954 cibos
1145 4898 1218 4954 ad
1275 4897 1456 4968 patris
1502 4895 1637 4952 velle
1681 4904 1864 4967 parat,
1916 4911 2049 4952 cum

353 4990 623 5060 patientia
651 4989 975 5046 secundum
1019 4987 1172 5057 quod
1206 4986 1280 5042 ab
1313 4983 1601 5041 intellectu
1632 4985 1740 5041 sibi
1771 4993 1858 5042 est
1902 4983 2050 5040 insi-

350 5084 474 5135 tum
522 5093 619 5149 per
670 5076 1002 5147 passionum
1060 5074 1419 5131 tolerantiam
1461 5073 1746 5130 virtutum
1789 5073 2050 5130 refectio-

349 5181 450 5222 nes
503 5166 810 5235 componit,
870 5171 925 5220 et
981 5163 1241 5234 ordinat;
1303 5161 1466 5218 nulla
1513 5170 1598 5218 est
1640 5163 1795 5218 enim
1840 5163 2044 5232 virtus,

348 5269 527 5324 quam
571 5253 954 5309 tentationum
1001 5251 1304 5307 tolerantia
1349 5265 1463 5306 non
1505 5251 1886 5308 commendat.
1936 5251 2048 5308 Ve-

347 5349 460 5396 stes
511 5342 666 5397 Esau
718 5340 886 5396 valde
936 5339 1116 5395 bonas
1163 5354 1334 5409 penes
1381 5354 1484 5396 nos
1537 5339 1820 5396 habemus
1877 5339 2044 5407 domi,

346 5443 480 5486 eum
507 5437 846 5484 ornamenta
877 5427 954 5498 pii
987 5429 1276 5498 appetitus
1307 5429 1470 5484 nobis
1507 5429 1848 5485 naturaliter
1881 5428 2046 5498 quasi

347 5518 551 5573 mentis
596 5516 794 5573 domui
839 5515 1029 5582 insita,
1083 5516 1205 5572 sine
1250 5533 1368 5588 quo
1413 5517 1564 5573 bona
1613 5531 1863 5588 quaeque
1912 5523 2048 5572 sunt

341 5604 505 5660 nulla
557 5617 989 5668 conservamus,
1047 5611 1100 5658 et
1162 5612 1398 5661 vacante
1455 5604 1630 5661 totius
1689 5603 2048 5660 carnalitatis

341 5695 694 5765 exclusaque
726 5691 956 5760 affectu,
988 5692 1076 5748 his
1107 5693 1226 5749 vitii
1250 5693 1735 5764 supplantatorem
1759 5693 2042 5758 animum,

2160 4549 2356 4616 Jacob,
2391 4555 2454 4605 ut
2483 4547 2700 4618 probet,
2734 4549 2780 4603 si
2830 4547 2982 4603 filius
3014 4548 3141 4618 ejus
3179 4549 3332 4603 Esau
3363 4553 3466 4613 est,
3496 4560 3630 4602 cum
3659 4546 3856 4602 anima

2155 4641 2276 4709 jam
2321 4636 2644 4693 caelestibus
2685 4636 2911 4708 gaudiis
2964 4635 3213 4704 inhians,
3259 4635 3693 4691 convenientem
3735 4636 3855 4706 jam

2159 4725 2265 4782 sibi
2310 4725 2463 4796 piam
2515 4724 2869 4782 affectionem
2919 4731 3068 4782 certo
3112 4724 3362 4794 experiri
3407 4723 3633 4789 nititur,
3680 4738 3758 4780 an
3789 4723 3856 4778 de

2160 4809 2533 4876 carnalitatis,
2602 4809 2696 4866 cui
2751 4809 2885 4864 olim
2939 4808 3184 4876 vacavit,
3253 4807 3482 4872 affectu,
3551 4808 3708 4878 quod
3775 4813 3854 4863 est

2159 4900 2336 4965 Esau,
2382 4911 2516 4954 vere
2547 4899 2836 4967 paeniteat,
2870 4897 2924 4952 id
2954 4903 3038 4952 cst
3079 4895 3125 4950 si
3173 4909 3232 4950 se
3261 4895 3415 4949 Esau
3461 4902 3848 4966 recognoscat.

2157 4987 2367 5042 Tactus
2411 4985 2564 5040 enim
2617 4984 2746 5040 finis
2803 4999 2926 5040 esse
2974 4983 3330 5054 dignoscitur
3374 4981 3649 5049 notionis;
3709 4983 3852 5038 sicut

2158 5083 2350 5130 autem
2379 5089 2450 5130 ex
2479 5081 2641 5144 patre
2689 5073 2861 5140 filius,
2896 5073 2976 5128 sic
3019 5086 3088 5127 ex
3129 5071 3346 5126 ratione
3376 5070 3466 5126 vel
3516 5071 3850 5127 humanitus

2158 5178 2259 5220 seu
2289 5162 2568 5218 divinitus
2599 5161 2891 5231 inspirata,
2926 5160 3054 5231 pius
3079 5159 3450 5225 occasionem,
3483 5165 3548 5214 ut
3579 5159 3656 5214 ita
3683 5172 3851 5228 aper—

2157 5251 2290 5319 tius,
2325 5249 2499 5321 juxta
2538 5249 2935 5320 Augustinum
2983 5249 3192 5312 dicam,
3239 5246 3458 5303 essendi
3502 5245 3726 5316 accipit,
3760 5243 3848 5301 vel

2159 5338 2472 5395 mundialis
2502 5337 2760 5405 allectus,
2794 5337 2956 5393 verbi
2987 5337 3190 5408 gratia,
3225 5343 3290 5392 ut
3313 5350 3388 5391 ex
3418 5334 3631 5391 virtute
3662 5333 3846 5390 inanis

2157 5427 2360 5499 gloria,
2392 5426 2486 5482 vel
2515 5426 2717 5482 vitium
2743 5425 3068 5482 securitatis
3110 5439 3176 5480 ac
3207 5424 3254 5480 si
3291 5439 3364 5480 ex
3396 5437 3611 5480 manna
3641 5422 3846 5480 vermis

2155 5515 2436 5572 exoritur.
2507 5515 2657 5570 Vera
2727 5515 2904 5584 igitur
2977 5512 3432 5582 supplantatoris
3499 5511 3843 5568 confessione

2155 5603 2418 5674 probata,
2476 5607 2682 5658 vocem
2741 5603 2975 5672 quidem
3031 5601 3203 5658 Jacob
3265 5601 3484 5668 asserit,
3543 5600 3640 5656 sed
3693 5601 3843 5656 Esau

2157 5705 2383 5758 manus,
2416 5690 2556 5761 quia
2592 5690 2698 5746 etsi
2739 5704 2910 5760 opera
2946 5689 3298 5746 carnalitatis
3344 5689 3600 5759 antiquae
3655 5688 3840 5745 horret
