  <div class='ocr_page' id='page_1' title='image "/cluster/home/n/w/nwhite01/storage/ocr_20150623/156-157/uc1.31175010662024/1110.png"; bbox 0 0 3924 6400; ppageno 0'>
   <div class='ocr_carea' id='block_1_1' title="bbox 93 381 3413 444">
    <p class='ocr_par' dir='ltr' id='par_1_1' title="bbox 93 381 3413 444">
     <span class='ocr_line' id='line_1_1' title="bbox 93 381 3413 444; baseline 0.001 -6"><span class='ocrx_word' id='word_1_1' title='bbox 93 386 197 438; x_wconf 81' lang='lat'><strong>937</strong></span> <span class='ocrx_word' id='word_1_2' title='bbox 1046 381 1623 438; x_wconf 77' lang='lat' dir='ltr'><strong>DEFLORATIONES</strong></span> <span class='ocrx_word' id='word_1_3' title='bbox 1655 381 1750 438; x_wconf 92' lang='lat' dir='ltr'><strong>SS.</strong></span> <span class='ocrx_word' id='word_1_4' title='bbox 1803 382 2117 441; x_wconf 76' lang='lat' dir='ltr'><strong>PATRUM.</strong></span> <span class='ocrx_word' id='word_1_5' title='bbox 2158 415 2224 426; x_wconf 92' lang='lat'><em>-</em></span> <span class='ocrx_word' id='word_1_6' title='bbox 2257 385 2390 440; x_wconf 85' lang='lat' dir='ltr'><strong>LIB.</strong></span> <span class='ocrx_word' id='word_1_7' title='bbox 2431 384 2479 440; x_wconf 93' lang='grc' dir='ltr'><strong>Ι.</strong></span> <span class='ocrx_word' id='word_1_8' title='bbox 3310 393 3413 444; x_wconf 78' lang='grc'><strong>938</strong></span> 
     </span>
    </p>
   </div>
   <div class='ocr_carea' id='block_1_2' title="bbox 93 505 3413 580">
    <p class='ocr_par' dir='ltr' id='par_1_2' title="bbox 93 505 3413 580">
     <span class='ocr_line' id='line_1_2' title="bbox 93 505 3413 580; baseline 0.001 -18"><span class='ocrx_word' id='word_1_9' title='bbox 93 506 218 563; x_wconf 82' lang='lat' dir='ltr'><strong>vide</strong></span> <span class='ocrx_word' id='word_1_10' title='bbox 246 521 429 580; x_wconf 78' lang='lat' dir='ltr'><strong>quam</strong></span> <span class='ocrx_word' id='word_1_11' title='bbox 459 505 615 563; x_wconf 86' lang='lat' dir='ltr'><strong>bene</strong></span> <span class='ocrx_word' id='word_1_12' title='bbox 641 505 808 562; x_wconf 89' lang='lat' dir='ltr'><strong>oleat.</strong></span> <span class='ocrx_word' id='word_1_13' title='bbox 845 505 1020 562; x_wconf 87' lang='lat' dir='ltr'><strong>Gusta</strong></span> <span class='ocrx_word' id='word_1_14' title='bbox 1067 514 1120 561; x_wconf 94' lang='lat' dir='ltr'><strong>et</strong></span> <span class='ocrx_word' id='word_1_15' title='bbox 1169 505 1298 561; x_wconf 93' lang='lat' dir='ltr'><strong>vide</strong></span> <span class='ocrx_word' id='word_1_16' title='bbox 1352 523 1519 576; x_wconf 88' lang='lat' dir='ltr'><strong>quam</strong></span> <span class='ocrx_word' id='word_1_17' title='bbox 1578 506 1716 561; x_wconf 87' lang='lat' dir='ltr'><strong>bene</strong></span> <span class='ocrx_word' id='word_1_18' title='bbox 1749 508 1803 572; x_wconf 72' lang='grc' dir='ltr'><strong>Α</strong></span> <span class='ocrx_word' id='word_1_19' title='bbox 1832 516 2075 562; x_wconf 88' lang='lat' dir='ltr'><strong>nostram</strong></span> <span class='ocrx_word' id='word_1_20' title='bbox 2106 509 2159 564; x_wconf 92' lang='lat' dir='ltr'><strong>in</strong></span> <span class='ocrx_word' id='word_1_21' title='bbox 2191 509 2347 564; x_wconf 88' lang='lat' dir='ltr'><strong>nobis</strong></span> <span class='ocrx_word' id='word_1_22' title='bbox 2377 526 2476 579; x_wconf 93' lang='lat' dir='ltr'><strong>per</strong></span> <span class='ocrx_word' id='word_1_23' title='bbox 2505 509 2682 579; x_wconf 87' lang='lat' dir='ltr'><strong>ipsum</strong></span> <span class='ocrx_word' id='word_1_24' title='bbox 2714 510 2940 566; x_wconf 77' lang='lat' dir='ltr'><strong>salutem</strong></span> <span class='ocrx_word' id='word_1_25' title='bbox 2968 527 3277 580; x_wconf 83' lang='lat' dir='ltr'><strong>operemur,</strong></span> <span class='ocrx_word' id='word_1_26' title='bbox 3306 521 3413 567; x_wconf 90' lang='lat' dir='ltr'><strong>tres</strong></span> 
     </span>
    </p>
   </div>
   <div class='ocr_carea' id='block_1_3' title="bbox 98 596 1719 668">
    <p class='ocr_par' dir='ltr' id='par_1_3' title="bbox 98 596 1719 668">
     <span class='ocr_line' id='line_1_3' title="bbox 98 596 1719 668; baseline 0.002 -20"><span class='ocrx_word' id='word_1_27' title='bbox 98 596 295 664; x_wconf 86' lang='lat' dir='ltr'><strong>sapiat,</strong></span> <span class='ocrx_word' id='word_1_28' title='bbox 330 605 509 665; x_wconf 83' lang='lat' dir='ltr'><strong>tange</strong></span> <span class='ocrx_word' id='word_1_29' title='bbox 542 604 603 652; x_wconf 92' lang='lat' dir='ltr'><strong>et</strong></span> <span class='ocrx_word' id='word_1_30' title='bbox 634 596 758 651; x_wconf 83' lang='lat' dir='ltr'><strong>vide</strong></span> <span class='ocrx_word' id='word_1_31' title='bbox 787 612 949 668; x_wconf 88' lang='lat' dir='ltr'><strong>quam</strong></span> <span class='ocrx_word' id='word_1_32' title='bbox 979 597 1117 651; x_wconf 84' lang='lat' dir='ltr'><strong>bene</strong></span> <span class='ocrx_word' id='word_1_33' title='bbox 1147 598 1339 651; x_wconf 88' lang='lat' dir='ltr'><strong>caleat.</strong></span> <span class='ocrx_word' id='word_1_34' title='bbox 1378 596 1531 652; x_wconf 84' lang='lat' dir='ltr'><strong>Unde</strong></span> <span class='ocrx_word' id='word_1_35' title='bbox 1554 607 1602 651; x_wconf 87' lang='lat' dir='ltr'><strong>et</strong></span> <span class='ocrx_word' id='word_1_36' title='bbox 1632 597 1719 651; x_wconf 90' lang='lat' dir='ltr'><strong>hic</strong></span> 
     </span>
    </p>
   </div>
   <div class='ocr_carea' id='block_1_4' title="bbox 1831 607 3409 683">
    <p class='ocr_par' dir='ltr' id='par_1_4' title="bbox 1831 607 3409 683">
     <span class='ocr_line' id='line_1_4' title="bbox 1831 607 3409 683; baseline 0.004 -23"><span class='ocrx_word' id='word_1_37' title='bbox 1831 607 1948 661; x_wconf 89' lang='lat' dir='ltr'><strong>dies</strong></span> <span class='ocrx_word' id='word_1_38' title='bbox 1975 608 2149 661; x_wconf 94' lang='lat' dir='ltr'><strong>dedit.</strong></span> <span class='ocrx_word' id='word_1_39' title='bbox 2189 608 2293 676; x_wconf 89' lang='lat' dir='ltr'><strong>Qui</strong></span> <span class='ocrx_word' id='word_1_40' title='bbox 2325 617 2440 662; x_wconf 84' lang='lat' dir='ltr'><strong>tres</strong></span> <span class='ocrx_word' id='word_1_41' title='bbox 2465 609 2602 668; x_wconf 78' lang='lat' dir='ltr'><strong>dies,</strong></span> <span class='ocrx_word' id='word_1_42' title='bbox 2637 609 2802 663; x_wconf 87' lang='lat' dir='ltr'><strong>etiam</strong></span> <span class='ocrx_word' id='word_1_43' title='bbox 2847 609 2900 663; x_wconf 86' lang='lat' dir='ltr'><strong>in</strong></span> <span class='ocrx_word' id='word_1_44' title='bbox 2959 610 3052 664; x_wconf 89' lang='lat' dir='ltr'><strong>illa</strong></span> <span class='ocrx_word' id='word_1_45' title='bbox 3107 627 3232 676; x_wconf 90' lang='lat' dir='ltr'><strong>ave,</strong></span> <span class='ocrx_word' id='word_1_46' title='bbox 3289 629 3409 683; x_wconf 72' lang='lat' dir='ltr'><strong>quae</strong></span> 
     </span>
    </p>
   </div>
   <div class='ocr_carea' id='block_1_5' title="bbox 103 684 648 756">
    <p class='ocr_par' dir='ltr' id='par_1_5' title="bbox 103 684 648 756">
     <span class='ocr_line' id='line_1_5' title="bbox 103 684 648 756; baseline 0.004 -18"><span class='ocrx_word' id='word_1_47' title='bbox 103 685 376 740; x_wconf 82' lang='lat' dir='ltr'><strong>Dominus</strong></span> <span class='ocrx_word' id='word_1_48' title='bbox 407 684 601 756; x_wconf 89' lang='lat' dir='ltr'><strong>inquit</strong></span> <span class='ocrx_word' id='word_1_49' title='bbox 633 701 648 740; x_wconf 89' lang='lat'><strong>:</strong></span> 
     </span>
    </p>
   </div>
   <div class='ocr_carea' id='block_1_6' title="bbox 1832 697 3417 772">
    <p class='ocr_par' dir='ltr' id='par_1_6' title="bbox 1832 697 3417 772">
     <span class='ocr_line' id='line_1_6' title="bbox 1832 697 3417 772; baseline 0.004 -24"><span class='ocrx_word' id='word_1_50' title='bbox 1832 697 2048 766; x_wconf 67' lang='lat' dir='ltr'><strong>phoenix</strong></span> <span class='ocrx_word' id='word_1_51' title='bbox 2071 697 2791 767; x_wconf 86' lang='lat' dir='ltr'><strong>appellatur,designautur.</strong></span> <span class='ocrx_word' id='word_1_52' title='bbox 2818 700 2896 752; x_wconf 89' lang='lat' dir='ltr'><strong>De</strong></span> <span class='ocrx_word' id='word_1_53' title='bbox 2918 715 3028 769; x_wconf 88' lang='lat' dir='ltr'><strong>qua</strong></span> <span class='ocrx_word' id='word_1_54' title='bbox 3048 700 3177 755; x_wconf 82' lang='lat' dir='ltr'><strong>dicit</strong></span> <span class='ocrx_word' id='word_1_55' title='bbox 3197 701 3417 772; x_wconf 74' lang='lat' dir='ltr'><strong>physio-</strong></span> 
     </span>
    </p>
   </div>
   <div class='ocr_carea' id='block_1_7' title="bbox 182 800 1716 874">
    <p class='ocr_par' dir='ltr' id='par_1_7' title="bbox 182 800 1716 874">
     <span class='ocr_line' id='line_1_7' title="bbox 182 800 1716 874; baseline -0.001 -18"><span class='ocrx_word' id='word_1_56' title='bbox 182 823 204 850; x_wconf 76' lang='grc' dir='ltr'><strong>ι</strong></span> <span class='ocrx_word' id='word_1_57' title='bbox 239 800 393 856; x_wconf 81' lang='lat' dir='ltr'><strong>Infer</strong></span> <span class='ocrx_word' id='word_1_58' title='bbox 422 801 680 874; x_wconf 91' lang='lat' dir='ltr'><strong>digitum</strong></span> <span class='ocrx_word' id='word_1_59' title='bbox 714 810 862 856; x_wconf 90' lang='lat' dir='ltr'><strong>tuum</strong></span> <span class='ocrx_word' id='word_1_60' title='bbox 893 802 1017 865; x_wconf 90' lang='lat' dir='ltr'><strong>huc,</strong></span> <span class='ocrx_word' id='word_1_61' title='bbox 1050 809 1104 857; x_wconf 91' lang='lat' dir='ltr'><strong>et</strong></span> <span class='ocrx_word' id='word_1_62' title='bbox 1133 801 1256 856; x_wconf 86' lang='lat' dir='ltr'><strong>vide</strong></span> <span class='ocrx_word' id='word_1_63' title='bbox 1285 817 1478 856; x_wconf 90' lang='lat' dir='ltr'><strong>manus</strong></span> <span class='ocrx_word' id='word_1_64' title='bbox 1500 816 1671 863; x_wconf 89' lang='lat' dir='ltr'><strong>meas,</strong></span> <span class='ocrx_word' id='word_1_65' title='bbox 1695 820 1716 846; x_wconf 81' lang='grc' dir='ltr'><strong><em>ιο</em></strong></span> 
     </span>
    </p>
   </div>
   <div class='ocr_carea' id='block_1_8' title="bbox 109 886 1722 958">
    <p class='ocr_par' dir='ltr' id='par_1_8' title="bbox 109 886 1722 958">
     <span class='ocr_line' id='line_1_8' title="bbox 109 886 1722 958; baseline -0.002 -18"><span class='ocrx_word' id='word_1_66' title='bbox 109 887 212 942; x_wconf 91' lang='lat' dir='ltr'><strong>hoc</strong></span> <span class='ocrx_word' id='word_1_67' title='bbox 241 894 329 941; x_wconf 90' lang='lat' dir='ltr'><strong>est</strong></span> <span class='ocrx_word' id='word_1_68' title='bbox 360 895 540 958; x_wconf 88' lang='lat' dir='ltr'><strong>tange</strong></span> <span class='ocrx_word' id='word_1_69' title='bbox 575 894 627 942; x_wconf 87' lang='lat' dir='ltr'><strong>et</strong></span> <span class='ocrx_word' id='word_1_70' title='bbox 679 887 817 942; x_wconf 86' lang='lat' dir='ltr'><strong>vide.</strong></span> <span class='ocrx_word' id='word_1_71' title='bbox 870 886 1010 942; x_wconf 87' lang='lat' dir='ltr'><strong>Vidit</strong></span> <span class='ocrx_word' id='word_1_72' title='bbox 1056 902 1194 956; x_wconf 89' lang='lat' dir='ltr'><strong>ergo</strong></span> <span class='ocrx_word' id='word_1_73' title='bbox 1243 886 1587 940; x_wconf 86' lang='lat' dir='ltr'><strong>solummodo</strong></span> <span class='ocrx_word' id='word_1_74' title='bbox 1635 886 1722 938; x_wconf 90' lang='lat' dir='ltr'><strong>in-</strong></span> 
     </span>
    </p>
   </div>
   <div class='ocr_carea' id='block_1_9' title="bbox 109 974 1725 1047">
    <p class='ocr_par' dir='ltr' id='par_1_9' title="bbox 109 974 1725 1047">
     <span class='ocr_line' id='line_1_9' title="bbox 109 974 1725 1047; baseline -0.001 -19"><span class='ocrx_word' id='word_1_75' title='bbox 109 975 337 1040; x_wconf 91' lang='lat' dir='ltr'><strong>tuendo,</strong></span> <span class='ocrx_word' id='word_1_76' title='bbox 374 974 502 1030; x_wconf 87' lang='lat' dir='ltr'><strong>sive</strong></span> <span class='ocrx_word' id='word_1_77' title='bbox 535 975 707 1031; x_wconf 89' lang='lat' dir='ltr'><strong>etiam</strong></span> <span class='ocrx_word' id='word_1_78' title='bbox 740 976 1034 1047; x_wconf 91' lang='lat' dir='ltr'><strong>tangendo.</strong></span> <span class='ocrx_word' id='word_1_79' title='bbox 1068 975 1186 1031; x_wconf 89' lang='lat' dir='ltr'><strong>Dici</strong></span> <span class='ocrx_word' id='word_1_80' title='bbox 1215 975 1358 1029; x_wconf 90' lang='lat' dir='ltr'><strong>enim</strong></span> <span class='ocrx_word' id='word_1_81' title='bbox 1393 982 1571 1043; x_wconf 86' lang='lat' dir='ltr'><strong>potest</strong></span> <span class='ocrx_word' id='word_1_82' title='bbox 1617 989 1725 1028; x_wconf 93' lang='lat' dir='ltr'><strong>non</strong></span> 
     </span>
    </p>
   </div>
   <div class='ocr_carea' id='block_1_10' title="bbox 113 1062 1718 1135">
    <p class='ocr_par' dir='ltr' id='par_1_10' title="bbox 113 1062 1718 1135">
     <span class='ocr_line' id='line_1_10' title="bbox 113 1062 1718 1135; baseline -0.002 -18"><span class='ocrx_word' id='word_1_83' title='bbox 113 1078 308 1118; x_wconf 86' lang='lat' dir='ltr'><strong>ausum</strong></span> <span class='ocrx_word' id='word_1_84' title='bbox 339 1073 479 1119; x_wconf 90' lang='lat' dir='ltr'><strong>tunc</strong></span> <span class='ocrx_word' id='word_1_85' title='bbox 531 1064 706 1120; x_wconf 87' lang='lat' dir='ltr'><strong>fuisse</strong></span> <span class='ocrx_word' id='word_1_86' title='bbox 751 1063 1083 1134; x_wconf 89' lang='lat' dir='ltr'><strong>discipulum</strong></span> <span class='ocrx_word' id='word_1_87' title='bbox 1131 1072 1354 1135; x_wconf 87' lang='lat' dir='ltr'><strong>tangere</strong></span> <span class='ocrx_word' id='word_1_88' title='bbox 1400 1062 1718 1116; x_wconf 90' lang='lat' dir='ltr'><strong>Dominum.</strong></span> 
     </span>
    </p>
   </div>
   <div class='ocr_carea' id='block_1_11' title="bbox 110 1149 1729 1223">
    <p class='ocr_par' dir='ltr' id='par_1_11' title="bbox 110 1149 1729 1223">
     <span class='ocr_line' id='line_1_11' title="bbox 110 1149 1729 1223; baseline -0.003 -16"><span class='ocrx_word' id='word_1_89' title='bbox 110 1152 232 1207; x_wconf 88' lang='lat' dir='ltr'><strong>Non</strong></span> <span class='ocrx_word' id='word_1_90' title='bbox 260 1151 415 1206; x_wconf 90' lang='lat' dir='ltr'><strong>enim</strong></span> <span class='ocrx_word' id='word_1_91' title='bbox 450 1154 732 1223; x_wconf 87' lang='lat' dir='ltr'><strong>scriptum</strong></span> <span class='ocrx_word' id='word_1_92' title='bbox 760 1160 845 1208; x_wconf 91' lang='lat' dir='ltr'><strong>est</strong></span> <span class='ocrx_word' id='word_1_93' title='bbox 875 1171 891 1207; x_wconf 88' lang='lat'><strong>:</strong></span> <span class='ocrx_word' id='word_1_94' title='bbox 923 1152 1120 1223; x_wconf 88' lang='lat' dir='ltr'><strong>Tetigit</strong></span> <span class='ocrx_word' id='word_1_95' title='bbox 1150 1151 1407 1216; x_wconf 80' lang='lat' dir='ltr'><strong>Thomas,</strong></span> <span class='ocrx_word' id='word_1_96' title='bbox 1455 1151 1553 1204; x_wconf 92' lang='lat' dir='ltr'><strong>sed</strong></span> <span class='ocrx_word' id='word_1_97' title='bbox 1602 1149 1729 1220; x_wconf 90' lang='lat' dir='ltr'><strong>quia</strong></span> 
     </span>
    </p>
   </div>
   <div class='ocr_carea' id='block_1_12' title="bbox 113 1240 633 1297">
    <p class='ocr_par' dir='ltr' id='par_1_12' title="bbox 113 1240 633 1297">
     <span class='ocr_line' id='line_1_12' title="bbox 113 1240 633 1297; baseline 0.004 -2"><span class='ocrx_word' id='word_1_98' title='bbox 113 1240 244 1295; x_wconf 83' lang='lat' dir='ltr'><strong>vidit</strong></span> <span class='ocrx_word' id='word_1_99' title='bbox 272 1248 329 1296; x_wconf 90' lang='lat' dir='ltr'><strong>et</strong></span> <span class='ocrx_word' id='word_1_100' title='bbox 358 1240 633 1297; x_wconf 88' lang='lat' dir='ltr'><strong>credidit.</strong></span> 
     </span>
    </p>
   </div>
   <div class='ocr_carea' id='block_1_13' title="bbox 160 1337 1731 1411">
    <p class='ocr_par' dir='ltr' id='par_1_13' title="bbox 160 1337 1731 1411">
     <span class='ocr_line' id='line_1_13' title="bbox 160 1337 1731 1411; baseline -0.003 -18"><span class='ocrx_word' id='word_1_101' title='bbox 160 1361 182 1386; x_wconf 76' lang='grc' dir='ltr'><strong>ιι</strong></span> <span class='ocrx_word' id='word_1_102' title='bbox 208 1339 361 1393; x_wconf 89' lang='lat' dir='ltr'><strong>Beati</strong></span> <span class='ocrx_word' id='word_1_103' title='bbox 382 1340 484 1411; x_wconf 89' lang='lat' dir='ltr'><strong>qui</strong></span> <span class='ocrx_word' id='word_1_104' title='bbox 509 1355 623 1394; x_wconf 90' lang='lat' dir='ltr'><strong>non</strong></span> <span class='ocrx_word' id='word_1_105' title='bbox 653 1339 974 1394; x_wconf 86' lang='lat' dir='ltr'><strong>videruutet</strong></span> <span class='ocrx_word' id='word_1_106' title='bbox 998 1337 1368 1394; x_wconf 90' lang='lat' dir='ltr'><strong>crediderunt.</strong></span> <span class='ocrx_word' id='word_1_107' title='bbox 1397 1357 1418 1386; x_wconf 76' lang='grc' dir='ltr'><strong>ι</strong></span> <span class='ocrx_word' id='word_1_108' title='bbox 1445 1337 1731 1391; x_wconf 90' lang='lat' dir='ltr'><strong>Commen-</strong></span> 
     </span>
    </p>
   </div>
   <div class='ocr_carea' id='block_1_14' title="bbox 118 1426 1731 1501">
    <p class='ocr_par' dir='ltr' id='par_1_14' title="bbox 118 1426 1731 1501">
     <span class='ocr_line' id='line_1_14' title="bbox 118 1426 1731 1501; baseline -0.003 -20"><span class='ocrx_word' id='word_1_109' title='bbox 118 1426 208 1482; x_wconf 88' lang='lat' dir='ltr'><strong>dat</strong></span> <span class='ocrx_word' id='word_1_110' title='bbox 236 1426 406 1483; x_wconf 79' lang='lat' dir='ltr'><strong>fidem</strong></span> <span class='ocrx_word' id='word_1_111' title='bbox 439 1429 728 1501; x_wconf 83' lang='lat' dir='ltr'><strong>gentium,</strong></span> <span class='ocrx_word' id='word_1_112' title='bbox 760 1430 857 1484; x_wconf 88' lang='lat' dir='ltr'><strong>sed</strong></span> <span class='ocrx_word' id='word_1_113' title='bbox 889 1428 1152 1499; x_wconf 68' lang='lat' dir='ltr'><strong>praeteriti</strong></span> <span class='ocrx_word' id='word_1_114' title='bbox 1183 1426 1445 1496; x_wconf 89' lang='lat' dir='ltr'><strong>temporis</strong></span> <span class='ocrx_word' id='word_1_115' title='bbox 1475 1440 1604 1479; x_wconf 86' lang='lat' dir='ltr'><strong>usus</strong></span> <span class='ocrx_word' id='word_1_116' title='bbox 1649 1431 1731 1477; x_wconf 91' lang='lat' dir='ltr'><strong>est</strong></span> 
     </span>
    </p>
   </div>
   <div class='ocr_carea' id='block_1_15' title="bbox 119 1515 1731 1590">
    <p class='ocr_par' dir='ltr' id='par_1_15' title="bbox 119 1515 1731 1590">
     <span class='ocr_line' id='line_1_15' title="bbox 119 1515 1731 1590; baseline -0.002 -21"><span class='ocrx_word' id='word_1_117' title='bbox 119 1516 306 1571; x_wconf 86' lang='lat' dir='ltr'><strong>verbis</strong></span> <span class='ocrx_word' id='word_1_118' title='bbox 335 1526 397 1572; x_wconf 90' lang='lat' dir='ltr'><strong>ut</strong></span> <span class='ocrx_word' id='word_1_119' title='bbox 429 1517 531 1573; x_wconf 87' lang='lat' dir='ltr'><strong>ille</strong></span> <span class='ocrx_word' id='word_1_120' title='bbox 563 1518 657 1590; x_wconf 93' lang='lat' dir='ltr'><strong>qui</strong></span> <span class='ocrx_word' id='word_1_121' title='bbox 689 1517 742 1572; x_wconf 90' lang='lat' dir='ltr'><strong>id</strong></span> <span class='ocrx_word' id='word_1_122' title='bbox 773 1516 917 1590; x_wconf 90' lang='lat' dir='ltr'><strong>quod</strong></span> <span class='ocrx_word' id='word_1_123' title='bbox 946 1525 1064 1572; x_wconf 91' lang='lat' dir='ltr'><strong>erat</strong></span> <span class='ocrx_word' id='word_1_124' title='bbox 1097 1515 1343 1570; x_wconf 84' lang='lat' dir='ltr'><strong>futurum</strong></span> <span class='ocrx_word' id='word_1_125' title='bbox 1378 1515 1432 1568; x_wconf 88' lang='lat' dir='ltr'><strong>in</strong></span> <span class='ocrx_word' id='word_1_126' title='bbox 1478 1529 1578 1568; x_wconf 87' lang='lat' dir='ltr'><strong>sua</strong></span> <span class='ocrx_word' id='word_1_127' title='bbox 1627 1528 1731 1567; x_wconf 89' lang='lat' dir='ltr'><strong>no-</strong></span> 
     </span>
    </p>
   </div>
   <div class='ocr_carea' id='block_1_16' title="bbox 121 1603 1734 1677">
    <p class='ocr_par' dir='ltr' id='par_1_16' title="bbox 121 1603 1734 1677">
     <span class='ocr_line' id='line_1_16' title="bbox 121 1603 1734 1677; baseline -0.004 -17"><span class='ocrx_word' id='word_1_128' title='bbox 121 1613 274 1661; x_wconf 82' lang='lat' dir='ltr'><strong>verat</strong></span> <span class='ocrx_word' id='word_1_129' title='bbox 311 1606 813 1677; x_wconf 64' lang='lat' dir='ltr'><strong>pradestinatione</strong></span> <span class='ocrx_word' id='word_1_130' title='bbox 856 1607 971 1674; x_wconf 86' lang='lat' dir='ltr'><strong>jam</strong></span> <span class='ocrx_word' id='word_1_131' title='bbox 1020 1604 1250 1660; x_wconf 87' lang='lat' dir='ltr'><strong>factum.</strong></span> <span class='ocrx_word' id='word_1_132' title='bbox 1308 1603 1603 1658; x_wconf 91' lang='lat' dir='ltr'><strong>Sciendum</strong></span> <span class='ocrx_word' id='word_1_133' title='bbox 1651 1607 1734 1654; x_wconf 89' lang='lat' dir='ltr'><strong>est</strong></span> 
     </span>
    </p>
   </div>
   <div class='ocr_carea' id='block_1_17' title="bbox 121 1687 1734 1766">
    <p class='ocr_par' dir='ltr' id='par_1_17' title="bbox 121 1687 1734 1766">
     <span class='ocr_line' id='line_1_17' title="bbox 121 1687 1734 1766; baseline -0.003 -19"><span class='ocrx_word' id='word_1_134' title='bbox 121 1692 275 1748; x_wconf 86' lang='lat' dir='ltr'><strong>illum</strong></span> <span class='ocrx_word' id='word_1_135' title='bbox 307 1710 444 1750; x_wconf 88' lang='lat' dir='ltr'><strong>vere</strong></span> <span class='ocrx_word' id='word_1_136' title='bbox 473 1695 715 1751; x_wconf 84' lang='lat' dir='ltr'><strong>credere</strong></span> <span class='ocrx_word' id='word_1_137' title='bbox 745 1695 837 1766; x_wconf 88' lang='lat' dir='ltr'><strong>qui</strong></span> <span class='ocrx_word' id='word_1_138' title='bbox 867 1692 1028 1749; x_wconf 84' lang='lat' dir='ltr'><strong>ﬁdem</strong></span> <span class='ocrx_word' id='word_1_139' title='bbox 1058 1693 1294 1764; x_wconf 86' lang='lat' dir='ltr'><strong>complet</strong></span> <span class='ocrx_word' id='word_1_140' title='bbox 1321 1707 1512 1762; x_wconf 86' lang='lat' dir='ltr'><strong>Opere.</strong></span> <span class='ocrx_word' id='word_1_141' title='bbox 1551 1689 1630 1744; x_wconf 92' lang='lat' dir='ltr'><strong>De</strong></span> <span class='ocrx_word' id='word_1_142' title='bbox 1651 1687 1734 1742; x_wconf 84' lang='lat' dir='ltr'><strong>his</strong></span> 
     </span>
    </p>
   </div>
   <div class='ocr_carea' id='block_1_18' title="bbox 123 1777 1735 1855">
    <p class='ocr_par' dir='ltr' id='par_1_18' title="bbox 123 1777 1735 1855">
     <span class='ocr_line' id='line_1_18' title="bbox 123 1777 1735 1855; baseline -0.004 -19"><span class='ocrx_word' id='word_1_143' title='bbox 123 1790 307 1838; x_wconf 86' lang='lat' dir='ltr'><strong>autem</strong></span> <span class='ocrx_word' id='word_1_144' title='bbox 338 1783 439 1855; x_wconf 88' lang='lat' dir='ltr'><strong>qui</strong></span> <span class='ocrx_word' id='word_1_145' title='bbox 504 1783 675 1839; x_wconf 84' lang='lat' dir='ltr'><strong>ﬁdem</strong></span> <span class='ocrx_word' id='word_1_146' title='bbox 732 1782 956 1839; x_wconf 85' lang='lat' dir='ltr'><strong>nomine</strong></span> <span class='ocrx_word' id='word_1_147' title='bbox 1011 1791 1168 1837; x_wconf 89' lang='lat' dir='ltr'><strong>tenus</strong></span> <span class='ocrx_word' id='word_1_148' title='bbox 1223 1783 1476 1844; x_wconf 86' lang='lat' dir='ltr'><strong>retinent,</strong></span> <span class='ocrx_word' id='word_1_149' title='bbox 1535 1777 1735 1832; x_wconf 83' lang='lat' dir='ltr'><strong>Paulus</strong></span> 
     </span>
    </p>
   </div>
   <div class='ocr_carea' id='block_1_19' title="bbox 1832 793 3418 864">
    <p class='ocr_par' dir='ltr' id='par_1_19' title="bbox 1832 793 3418 864">
     <span class='ocr_line' id='line_1_19' title="bbox 1832 793 3418 864; baseline 0.003 -18"><span class='ocrx_word' id='word_1_150' title='bbox 1832 793 1991 862; x_wconf 81' lang='lat' dir='ltr'><strong>logns</strong></span> <span class='ocrx_word' id='word_1_151' title='bbox 2022 794 2169 864; x_wconf 91' lang='lat' dir='ltr'><strong>quia,</strong></span> <span class='ocrx_word' id='word_1_152' title='bbox 2201 809 2325 848; x_wconf 90' lang='lat' dir='ltr'><strong>cum</strong></span> <span class='ocrx_word' id='word_1_153' title='bbox 2363 794 2675 863; x_wconf 83' lang='lat' dir='ltr'><strong>impleverit</strong></span> <span class='ocrx_word' id='word_1_154' title='bbox 2714 795 2903 848; x_wconf 89' lang='lat' dir='ltr'><strong>decem</strong></span> <span class='ocrx_word' id='word_1_155' title='bbox 2935 811 3105 850; x_wconf 90' lang='lat' dir='ltr'><strong>annos</strong></span> <span class='ocrx_word' id='word_1_156' title='bbox 3129 795 3250 850; x_wconf 78' lang='lat' dir='ltr'><strong>vitze</strong></span> <span class='ocrx_word' id='word_1_157' title='bbox 3280 813 3418 863; x_wconf 76' lang='lat' dir='ltr'><strong>suae,</strong></span> 
     </span>
    </p>
   </div>
   <div class='ocr_carea' id='block_1_20' title="bbox 1833 881 3422 953">
    <p class='ocr_par' dir='ltr' id='par_1_20' title="bbox 1833 881 3422 953">
     <span class='ocr_line' id='line_1_20' title="bbox 1833 881 3422 953; baseline 0.003 -18"><span class='ocrx_word' id='word_1_158' title='bbox 1833 883 1996 935; x_wconf 84' lang='lat' dir='ltr'><strong>intrat</strong></span> <span class='ocrx_word' id='word_1_159' title='bbox 2026 882 2079 935; x_wconf 90' lang='lat' dir='ltr'><strong>in</strong></span> <span class='ocrx_word' id='word_1_160' title='bbox 2112 881 2260 953; x_wconf 88' lang='lat' dir='ltr'><strong>ligna</strong></span> <span class='ocrx_word' id='word_1_161' title='bbox 2292 883 2499 949; x_wconf 89' lang='lat' dir='ltr'><strong>Libani,</strong></span> <span class='ocrx_word' id='word_1_162' title='bbox 2541 892 2592 936; x_wconf 84' lang='lat' dir='ltr'><strong>et</strong></span> <span class='ocrx_word' id='word_1_163' title='bbox 2646 883 2818 952; x_wconf 90' lang='lat' dir='ltr'><strong>replet</strong></span> <span class='ocrx_word' id='word_1_164' title='bbox 2874 885 3064 938; x_wconf 88' lang='lat' dir='ltr'><strong>ambas</strong></span> <span class='ocrx_word' id='word_1_165' title='bbox 3120 885 3234 938; x_wconf 92' lang='lat' dir='ltr'><strong>alas</strong></span> <span class='ocrx_word' id='word_1_166' title='bbox 3291 900 3422 939; x_wconf 85' lang='lat' dir='ltr'><strong>suas</strong></span> 
     </span>
    </p>
   </div>
   <div class='ocr_carea' id='block_1_21' title="bbox 1833 971 3428 1045">
    <p class='ocr_par' dir='ltr' id='par_1_21' title="bbox 1833 971 3428 1045">
     <span class='ocr_line' id='line_1_21' title="bbox 1833 971 3428 1045; baseline 0.004 -22"><span class='ocrx_word' id='word_1_167' title='bbox 1833 971 2070 1024; x_wconf 78' lang='lat' dir='ltr'><strong>diversis</strong></span> <span class='ocrx_word' id='word_1_168' title='bbox 2098 971 2433 1025; x_wconf 89' lang='lat' dir='ltr'><strong>aromatibus</strong></span> <span class='ocrx_word' id='word_1_169' title='bbox 2461 971 2708 1040; x_wconf 81' lang='lat' dir='ltr'><strong>ejusdem</strong></span> <span class='ocrx_word' id='word_1_170' title='bbox 2740 972 2892 1041; x_wconf 83' lang='lat' dir='ltr'><strong>ligni,</strong></span> <span class='ocrx_word' id='word_1_171' title='bbox 2926 971 3241 1045; x_wconf 85' lang='lat' dir='ltr'><strong>faciensque</strong></span> <span class='ocrx_word' id='word_1_172' title='bbox 3263 973 3428 1028; x_wconf 76' lang='lat' dir='ltr'><strong>variis</strong></span> 
     </span>
    </p>
   </div>
   <div class='ocr_carea' id='block_1_22' title="bbox 1835 1066 3424 1141">
    <p class='ocr_par' dir='ltr' id='par_1_22' title="bbox 1835 1066 3424 1141">
     <span class='ocr_line' id='line_1_22' title="bbox 1835 1066 3424 1141; baseline 0.003 -22"><span class='ocrx_word' id='word_1_173' title='bbox 1835 1066 1903 1120; x_wconf 91' lang='lat' dir='ltr'><strong>de</strong></span> <span class='ocrx_word' id='word_1_174' title='bbox 1933 1067 2225 1138; x_wconf 78' lang='lat' dir='ltr'><strong>pigmentis</strong></span> <span class='ocrx_word' id='word_1_175' title='bbox 2255 1067 2461 1134; x_wconf 90' lang='lat' dir='ltr'><strong>nidum,</strong></span> <span class='ocrx_word' id='word_1_176' title='bbox 2486 1076 2793 1141; x_wconf 72' lang='lat' dir='ltr'><strong>congregat</strong></span> <span class='ocrx_word' id='word_1_177' title='bbox 2825 1078 3226 1124; x_wconf 79' lang='lat' dir='ltr'><strong>sarmentorum</strong></span> <span class='ocrx_word' id='word_1_178' title='bbox 3260 1085 3424 1127; x_wconf 88' lang='lat' dir='ltr'><strong>acer—</strong></span> 
     </span>
    </p>
   </div>
   <div class='ocr_carea' id='block_1_23' title="bbox 1836 1155 3421 1230">
    <p class='ocr_par' dir='ltr' id='par_1_23' title="bbox 1836 1155 3421 1230">
     <span class='ocr_line' id='line_1_23' title="bbox 1836 1155 3421 1230; baseline 0.004 -20"><span class='ocrx_word' id='word_1_179' title='bbox 1836 1172 1960 1210; x_wconf 90' lang='lat' dir='ltr'><strong>vum</strong></span> <span class='ocrx_word' id='word_1_180' title='bbox 1995 1155 2310 1222; x_wconf 86' lang='lat' dir='ltr'><strong>maximum,</strong></span> <span class='ocrx_word' id='word_1_181' title='bbox 2344 1157 2443 1210; x_wconf 91' lang='lat' dir='ltr'><strong>sub</strong></span> <span class='ocrx_word' id='word_1_182' title='bbox 2493 1157 2717 1212; x_wconf 92' lang='lat' dir='ltr'><strong>domum</strong></span> <span class='ocrx_word' id='word_1_183' title='bbox 2765 1173 2994 1228; x_wconf 90' lang='lat' dir='ltr'><strong>ponens,</strong></span> <span class='ocrx_word' id='word_1_184' title='bbox 3045 1158 3421 1230; x_wconf 87' lang='lat' dir='ltr'><strong>accedensque</strong></span> 
     </span>
    </p>
   </div>
   <div class='ocr_carea' id='block_1_24' title="bbox 1837 1245 3419 1317">
    <p class='ocr_par' dir='ltr' id='par_1_24' title="bbox 1837 1245 3419 1317">
     <span class='ocr_line' id='line_1_24' title="bbox 1837 1245 3419 1317; baseline 0.003 -19"><span class='ocrx_word' id='word_1_185' title='bbox 1837 1245 1906 1298; x_wconf 90' lang='lat' dir='ltr'><strong>ad</strong></span> <span class='ocrx_word' id='word_1_186' title='bbox 1939 1261 2146 1309; x_wconf 89' lang='lat' dir='ltr'><strong>aerem,</strong></span> <span class='ocrx_word' id='word_1_187' title='bbox 2181 1245 2312 1300; x_wconf 90' lang='lat' dir='ltr'><strong>solis</strong></span> <span class='ocrx_word' id='word_1_188' title='bbox 2341 1246 2523 1317; x_wconf 86' lang='lat' dir='ltr'><strong>ignem</strong></span> <span class='ocrx_word' id='word_1_189' title='bbox 2553 1247 2769 1300; x_wconf 86' lang='lat' dir='ltr'><strong>attrahit</strong></span> <span class='ocrx_word' id='word_1_190' title='bbox 2824 1262 3008 1302; x_wconf 85' lang='lat' dir='ltr'><strong>secum</strong></span> <span class='ocrx_word' id='word_1_191' title='bbox 3067 1254 3120 1302; x_wconf 91' lang='lat' dir='ltr'><strong>et</strong></span> <span class='ocrx_word' id='word_1_192' title='bbox 3177 1247 3419 1302; x_wconf 76' lang='lat' dir='ltr'><strong>incendit</strong></span> 
     </span>
    </p>
   </div>
   <div class='ocr_carea' id='block_1_25' title="bbox 1838 1340 3426 1411">
    <p class='ocr_par' dir='ltr' id='par_1_25' title="bbox 1838 1340 3426 1411">
     <span class='ocr_line' id='line_1_25' title="bbox 1838 1340 3426 1411; baseline 0.003 -18"><span class='ocrx_word' id='word_1_193' title='bbox 1838 1349 2128 1406; x_wconf 89' lang='lat' dir='ltr'><strong>sarmenta,</strong></span> <span class='ocrx_word' id='word_1_194' title='bbox 2155 1356 2217 1395; x_wconf 91' lang='lat' dir='ltr'><strong>ac</strong></span> <span class='ocrx_word' id='word_1_195' title='bbox 2249 1340 2551 1411; x_wconf 83' lang='lat' dir='ltr'><strong>ingreditur</strong></span> <span class='ocrx_word' id='word_1_196' title='bbox 2581 1340 2762 1394; x_wconf 91' lang='lat' dir='ltr'><strong>nidum</strong></span> <span class='ocrx_word' id='word_1_197' title='bbox 2808 1357 2966 1394; x_wconf 91' lang='lat' dir='ltr'><strong>suum</strong></span> <span class='ocrx_word' id='word_1_198' title='bbox 3014 1357 3199 1396; x_wconf 88' lang='lat' dir='ltr'><strong>mense</strong></span> <span class='ocrx_word' id='word_1_199' title='bbox 3230 1342 3426 1398; x_wconf 83' lang='lat' dir='ltr'><strong>Martio</strong></span> 
     </span>
    </p>
   </div>
   <div class='ocr_carea' id='block_1_26' title="bbox 1838 1429 3420 1500">
    <p class='ocr_par' dir='ltr' id='par_1_26' title="bbox 1838 1429 3420 1500">
     <span class='ocr_line' id='line_1_26' title="bbox 1838 1429 3420 1500; baseline 0.001 -17"><span class='ocrx_word' id='word_1_200' title='bbox 1838 1436 1890 1483; x_wconf 91' lang='lat' dir='ltr'><strong>et</strong></span> <span class='ocrx_word' id='word_1_201' title='bbox 1919 1429 2186 1484; x_wconf 90' lang='lat' dir='ltr'><strong>comburit</strong></span> <span class='ocrx_word' id='word_1_202' title='bbox 2215 1445 2275 1484; x_wconf 90' lang='lat' dir='ltr'><strong>se</strong></span> <span class='ocrx_word' id='word_1_203' title='bbox 2305 1429 2500 1498; x_wconf 91' lang='lat' dir='ltr'><strong>ipsum,</strong></span> <span class='ocrx_word' id='word_1_204' title='bbox 2531 1438 2584 1484; x_wconf 92' lang='lat' dir='ltr'><strong>et</strong></span> <span class='ocrx_word' id='word_1_205' title='bbox 2609 1429 2750 1486; x_wconf 85' lang='lat' dir='ltr'><strong>cinis</strong></span> <span class='ocrx_word' id='word_1_206' title='bbox 2778 1429 2954 1500; x_wconf 91' lang='lat' dir='ltr'><strong>primo</strong></span> <span class='ocrx_word' id='word_1_207' title='bbox 2983 1430 3075 1485; x_wconf 88' lang='lat' dir='ltr'><strong>die</strong></span> <span class='ocrx_word' id='word_1_208' title='bbox 3107 1430 3337 1485; x_wconf 80' lang='lat' dir='ltr'><strong>vertitur</strong></span> <span class='ocrx_word' id='word_1_209' title='bbox 3365 1431 3420 1485; x_wconf 91' lang='lat' dir='ltr'><strong>in</strong></span> 
     </span>
    </p>
   </div>
   <div class='ocr_carea' id='block_1_27' title="bbox 1840 1518 3425 1585">
    <p class='ocr_par' dir='ltr' id='par_1_27' title="bbox 1840 1518 3425 1585">
     <span class='ocr_line' id='line_1_27' title="bbox 1840 1518 3425 1585; baseline 0.003 -15"><span class='ocrx_word' id='word_1_210' title='bbox 1840 1533 2099 1582; x_wconf 90' lang='lat' dir='ltr'><strong>vermem,</strong></span> <span class='ocrx_word' id='word_1_211' title='bbox 2133 1519 2372 1574; x_wconf 88' lang='lat' dir='ltr'><strong>secunda</strong></span> <span class='ocrx_word' id='word_1_212' title='bbox 2401 1519 2489 1573; x_wconf 85' lang='lat' dir='ltr'><strong>die</strong></span> <span class='ocrx_word' id='word_1_213' title='bbox 2547 1518 2601 1572; x_wconf 91' lang='lat' dir='ltr'><strong>in</strong></span> <span class='ocrx_word' id='word_1_214' title='bbox 2657 1518 2956 1585; x_wconf 89' lang='lat' dir='ltr'><strong>volucrem,</strong></span> <span class='ocrx_word' id='word_1_215' title='bbox 3019 1519 3172 1572; x_wconf 91' lang='lat' dir='ltr'><strong>tertia</strong></span> <span class='ocrx_word' id='word_1_216' title='bbox 3228 1519 3317 1574; x_wconf 89' lang='lat' dir='ltr'><strong>die</strong></span> <span class='ocrx_word' id='word_1_217' title='bbox 3372 1521 3425 1574; x_wconf 90' lang='lat' dir='ltr'><strong>in</strong></span> 
     </span>
    </p>
   </div>
   <div class='ocr_carea' id='block_1_28' title="bbox 1839 1605 3426 1678">
    <p class='ocr_par' dir='ltr' id='par_1_28' title="bbox 1839 1605 3426 1678">
     <span class='ocr_line' id='line_1_28' title="bbox 1839 1605 3426 1678; baseline 0.003 -20"><span class='ocrx_word' id='word_1_218' title='bbox 1839 1605 2124 1676; x_wconf 91' lang='lat' dir='ltr'><strong>pristinum</strong></span> <span class='ocrx_word' id='word_1_219' title='bbox 2156 1615 2374 1661; x_wconf 89' lang='lat' dir='ltr'><strong>statum.</strong></span> <span class='ocrx_word' id='word_1_220' title='bbox 2410 1607 2503 1662; x_wconf 85' lang='lat' dir='ltr'><strong>Hic</strong></span> <span class='ocrx_word' id='word_1_221' title='bbox 2529 1608 2715 1677; x_wconf 81' lang='lat' dir='ltr'><strong>itaque</strong></span> <span class='ocrx_word' id='word_1_222' title='bbox 2747 1607 2984 1678; x_wconf 72' lang='lat' dir='ltr'><strong>phoenix,</strong></span> <span class='ocrx_word' id='word_1_223' title='bbox 3017 1607 3108 1678; x_wconf 90' lang='lat' dir='ltr'><strong>qui</strong></span> <span class='ocrx_word' id='word_1_224' title='bbox 3147 1615 3270 1678; x_wconf 90' lang='lat' dir='ltr'><strong>post</strong></span> <span class='ocrx_word' id='word_1_225' title='bbox 3301 1607 3426 1664; x_wconf 86' lang='lat' dir='ltr'><strong>lon-</strong></span> 
     </span>
    </p>
   </div>
   <div class='ocr_carea' id='block_1_29' title="bbox 1840 1703 3433 1775">
    <p class='ocr_par' dir='ltr' id='par_1_29' title="bbox 1840 1703 3433 1775">
     <span class='ocr_line' id='line_1_29' title="bbox 1840 1703 3433 1775; baseline 0.003 -19"><span class='ocrx_word' id='word_1_226' title='bbox 1840 1717 1969 1774; x_wconf 89' lang='lat' dir='ltr'><strong>gam</strong></span> <span class='ocrx_word' id='word_1_227' title='bbox 2000 1711 2214 1758; x_wconf 70' lang='lat' dir='ltr'><strong>aetatem</strong></span> <span class='ocrx_word' id='word_1_228' title='bbox 2244 1704 2431 1759; x_wconf 91' lang='lat' dir='ltr'><strong>decem</strong></span> <span class='ocrx_word' id='word_1_229' title='bbox 2463 1719 2725 1758; x_wconf 91' lang='lat' dir='ltr'><strong>annorum</strong></span> <span class='ocrx_word' id='word_1_230' title='bbox 2751 1703 2877 1775; x_wconf 89' lang='lat' dir='ltr'><strong>igne</strong></span> <span class='ocrx_word' id='word_1_231' title='bbox 2907 1706 3246 1760; x_wconf 88' lang='lat' dir='ltr'><strong>consumitur</strong></span> <span class='ocrx_word' id='word_1_232' title='bbox 3273 1705 3327 1759; x_wconf 89' lang='lat' dir='ltr'><strong>in</strong></span> <span class='ocrx_word' id='word_1_233' title='bbox 3359 1707 3433 1762; x_wconf 85' lang='lat' dir='ltr'><strong>ci-</strong></span> 
     </span>
    </p>
   </div>
   <div class='ocr_carea' id='block_1_30' title="bbox 1844 1792 3429 1864">
    <p class='ocr_par' dir='ltr' id='par_1_30' title="bbox 1844 1792 3429 1864">
     <span class='ocr_line' id='line_1_30' title="bbox 1844 1792 3429 1864; baseline 0.003 -20"><span class='ocrx_word' id='word_1_234' title='bbox 1844 1807 2050 1858; x_wconf 91' lang='lat' dir='ltr'><strong>nerem,</strong></span> <span class='ocrx_word' id='word_1_235' title='bbox 2074 1807 2139 1847; x_wconf 89' lang='lat' dir='ltr'><strong>ac</strong></span> <span class='ocrx_word' id='word_1_236' title='bbox 2159 1792 2356 1847; x_wconf 88' lang='lat' dir='ltr'><strong>deinde</strong></span> <span class='ocrx_word' id='word_1_237' title='bbox 2379 1794 2602 1847; x_wconf 84' lang='lat' dir='ltr'><strong>vertitur</strong></span> <span class='ocrx_word' id='word_1_238' title='bbox 2624 1793 2678 1846; x_wconf 91' lang='lat' dir='ltr'><strong>in</strong></span> <span class='ocrx_word' id='word_1_239' title='bbox 2702 1808 2966 1857; x_wconf 91' lang='lat' dir='ltr'><strong>vermem,</strong></span> <span class='ocrx_word' id='word_1_240' title='bbox 3006 1800 3058 1846; x_wconf 92' lang='lat' dir='ltr'><strong>et</strong></span> <span class='ocrx_word' id='word_1_241' title='bbox 3093 1801 3429 1864; x_wconf 87' lang='lat' dir='ltr'><strong>postremum</strong></span> 
     </span>
    </p>
   </div>
   <div class='ocr_carea' id='block_1_31' title="bbox 125 1867 3436 1952">
    <p class='ocr_par' dir='ltr' id='par_1_31' title="bbox 125 1867 3436 1952">
     <span class='ocr_line' id='line_1_31' title="bbox 125 1867 3436 1952; baseline -0 -26"><span class='ocrx_word' id='word_1_242' title='bbox 125 1870 298 1927; x_wconf 87' lang='lat' dir='ltr'><strong>dicit:</strong></span> <span class='ocrx_word' id='word_1_243' title='bbox 340 1894 363 1921; x_wconf 81' lang='lat' dir='ltr'><strong><em>u</em></strong></span> <span class='ocrx_word' id='word_1_244' title='bbox 398 1871 759 1928; x_wconf 78' lang='lat' dir='ltr'><strong>Confitentur</strong></span> <span class='ocrx_word' id='word_1_245' title='bbox 786 1888 846 1927; x_wconf 90' lang='lat' dir='ltr'><strong>se</strong></span> <span class='ocrx_word' id='word_1_246' title='bbox 893 1887 1057 1927; x_wconf 89' lang='lat' dir='ltr'><strong>nosse</strong></span> <span class='ocrx_word' id='word_1_247' title='bbox 1104 1871 1300 1935; x_wconf 90' lang='lat' dir='ltr'><strong>Deum,</strong></span> <span class='ocrx_word' id='word_1_248' title='bbox 1351 1867 1502 1923; x_wconf 84' lang='lat' dir='ltr'><strong>factis</strong></span> <span class='ocrx_word' id='word_1_249' title='bbox 1550 1874 1733 1921; x_wconf 91' lang='lat' dir='ltr'><strong>autem</strong></span> <span class='ocrx_word' id='word_1_250' title='bbox 1765 1867 1818 1926; x_wconf 92' lang='lat' dir='ltr'>B</span> <span class='ocrx_word' id='word_1_251' title='bbox 1849 1889 2182 1934; x_wconf 67' lang='grc' dir='ltr'><strong>τρειαυηιυι-</strong></span> <span class='ocrx_word' id='word_1_252' title='bbox 2210 1881 2265 1935; x_wconf 73' lang='lat' dir='ltr'><strong>in</strong></span> <span class='ocrx_word' id='word_1_253' title='bbox 2308 1889 2506 1935; x_wconf 59' lang='lat' dir='ltr'><strong>statum</strong></span> <span class='ocrx_word' id='word_1_254' title='bbox 2553 1881 2811 1952; x_wconf 59' lang='lat' dir='ltr'><strong>priorem,</strong></span> <span class='ocrx_word' id='word_1_255' title='bbox 2858 1880 3111 1952; x_wconf 64' lang='lat' dir='ltr'><strong>designat</strong></span> <span class='ocrx_word' id='word_1_256' title='bbox 3166 1881 3316 1936; x_wconf 75' lang='lat' dir='ltr'><strong>illum</strong></span> <span class='ocrx_word' id='word_1_257' title='bbox 3365 1883 3436 1938; x_wconf 68' lang='lat' dir='ltr'><strong>de</strong></span> 
     </span>
    </p>
   </div>
   <div class='ocr_carea' id='block_1_32' title="bbox 127 1955 1739 2032">
    <p class='ocr_par' dir='ltr' id='par_1_32' title="bbox 127 1955 1739 2032">
     <span class='ocr_line' id='line_1_32' title="bbox 127 1955 1739 2032; baseline -0.004 -18"><span class='ocrx_word' id='word_1_258' title='bbox 127 1969 332 2032; x_wconf 84' lang='lat' dir='ltr'><strong>negant</strong></span> <span class='ocrx_word' id='word_1_259' title='bbox 364 1963 510 2029; x_wconf 79' lang='lat' dir='ltr'><strong>(Tit.</strong></span> <span class='ocrx_word' id='word_1_260' title='bbox 546 1964 618 2030; x_wconf 86' lang='lat' dir='ltr'><strong>l).</strong></span> <span class='ocrx_word' id='word_1_261' title='bbox 659 1984 681 2009; x_wconf 76' lang='grc' dir='ltr'><strong>ιο</strong></span> <span class='ocrx_word' id='word_1_262' title='bbox 709 1959 1055 2016; x_wconf 82' lang='lat' dir='ltr'><strong>EtJacobus:</strong></span> <span class='ocrx_word' id='word_1_263' title='bbox 1083 1981 1106 2007; x_wconf 74' lang='grc' dir='ltr'><strong><em>«ι</em></strong></span> <span class='ocrx_word' id='word_1_264' title='bbox 1132 1958 1291 2014; x_wconf 84' lang='lat' dir='ltr'><strong>Fides</strong></span> <span class='ocrx_word' id='word_1_265' title='bbox 1313 1957 1457 2013; x_wconf 90' lang='lat' dir='ltr'><strong>mine</strong></span> <span class='ocrx_word' id='word_1_266' title='bbox 1479 1955 1739 2027; x_wconf 86' lang='lat' dir='ltr'><strong>Operibus</strong></span> 
     </span>
    </p>
   </div>
   <div class='ocr_carea' id='block_1_33' title="bbox 132 2050 846 2121">
    <p class='ocr_par' dir='ltr' id='par_1_33' title="bbox 132 2050 846 2121">
     <span class='ocr_line' id='line_1_33' title="bbox 132 2050 846 2121; baseline 0.006 -20"><span class='ocrx_word' id='word_1_267' title='bbox 132 2057 349 2104; x_wconf 81' lang='lat' dir='ltr'><strong>mortua</strong></span> <span class='ocrx_word' id='word_1_268' title='bbox 380 2058 469 2105; x_wconf 89' lang='lat' dir='ltr'><strong>est</strong></span> <span class='ocrx_word' id='word_1_269' title='bbox 504 2051 654 2120; x_wconf 83' lang='lat' dir='ltr'><strong>(Jac.</strong></span> <span class='ocrx_word' id='word_1_270' title='bbox 689 2050 778 2121; x_wconf 89' lang='grc' dir='ltr'><strong><em>ιι).</em></strong></span> <span class='ocrx_word' id='word_1_271' title='bbox 824 2073 846 2098; x_wconf 82' lang='grc' dir='ltr'><strong>ιι</strong></span> 
     </span>
    </p>
   </div>
   <div class='ocr_carea' id='block_1_34' title="bbox 208 2141 1743 2220">
    <p class='ocr_par' dir='ltr' id='par_1_34' title="bbox 208 2141 1743 2220">
     <span class='ocr_line' id='line_1_34' title="bbox 208 2141 1743 2220; baseline -0.005 -19"><span class='ocrx_word' id='word_1_272' title='bbox 208 2169 230 2194; x_wconf 77' lang='grc' dir='ltr'><strong>α</strong></span> <span class='ocrx_word' id='word_1_273' title='bbox 265 2146 435 2201; x_wconf 79' lang='lat' dir='ltr'><strong>Multa</strong></span> <span class='ocrx_word' id='word_1_274' title='bbox 467 2149 698 2220; x_wconf 88' lang='lat' dir='ltr'><strong>quidem</strong></span> <span class='ocrx_word' id='word_1_275' title='bbox 730 2155 782 2204; x_wconf 93' lang='lat' dir='ltr'><strong>et</strong></span> <span class='ocrx_word' id='word_1_276' title='bbox 811 2146 922 2202; x_wconf 88' lang='lat' dir='ltr'><strong>alia</strong></span> <span class='ocrx_word' id='word_1_277' title='bbox 951 2145 1107 2219; x_wconf 89' lang='lat' dir='ltr'><strong>signa</strong></span> <span class='ocrx_word' id='word_1_278' title='bbox 1141 2144 1269 2200; x_wconf 86' lang='lat' dir='ltr'><strong>fecit</strong></span> <span class='ocrx_word' id='word_1_279' title='bbox 1298 2144 1456 2198; x_wconf 86' lang='lat' dir='ltr'><strong>Jesus</strong></span> <span class='ocrx_word' id='word_1_280' title='bbox 1499 2141 1554 2196; x_wconf 91' lang='lat' dir='ltr'><strong>in</strong></span> <span class='ocrx_word' id='word_1_281' title='bbox 1604 2155 1743 2196; x_wconf 84' lang='lat' dir='ltr'><strong>con—</strong></span> 
     </span>
    </p>
   </div>
   <div class='ocr_carea' id='block_1_35' title="bbox 138 2231 1746 2308">
    <p class='ocr_par' dir='ltr' id='par_1_35' title="bbox 138 2231 1746 2308">
     <span class='ocr_line' id='line_1_35' title="bbox 138 2231 1746 2308; baseline -0.005 -19"><span class='ocrx_word' id='word_1_282' title='bbox 138 2244 326 2306; x_wconf 92' lang='lat' dir='ltr'><strong>spectu</strong></span> <span class='ocrx_word' id='word_1_283' title='bbox 357 2236 766 2308; x_wconf 88' lang='lat' dir='ltr'><strong>discipulorum</strong></span> <span class='ocrx_word' id='word_1_284' title='bbox 794 2251 1037 2300; x_wconf 88' lang='lat' dir='ltr'><strong>suorum,</strong></span> <span class='ocrx_word' id='word_1_285' title='bbox 1073 2251 1194 2306; x_wconf 68' lang='lat' dir='ltr'><strong>quae</strong></span> <span class='ocrx_word' id='word_1_286' title='bbox 1225 2249 1333 2288; x_wconf 90' lang='lat' dir='ltr'><strong>non</strong></span> <span class='ocrx_word' id='word_1_287' title='bbox 1363 2231 1564 2301; x_wconf 87' lang='lat' dir='ltr'><strong>scripta</strong></span> <span class='ocrx_word' id='word_1_288' title='bbox 1612 2232 1746 2283; x_wconf 91' lang='lat' dir='ltr'><strong>sunt</strong></span> 
     </span>
    </p>
   </div>
   <div class='ocr_carea' id='block_1_36' title="bbox 139 2316 1747 2394">
    <p class='ocr_par' dir='ltr' id='par_1_36' title="bbox 139 2316 1747 2394">
     <span class='ocr_line' id='line_1_36' title="bbox 139 2316 1747 2394; baseline -0.004 -17"><span class='ocrx_word' id='word_1_289' title='bbox 139 2323 192 2377; x_wconf 90' lang='lat' dir='ltr'><strong>in</strong></span> <span class='ocrx_word' id='word_1_290' title='bbox 219 2325 357 2380; x_wconf 92' lang='lat' dir='ltr'><strong>libro</strong></span> <span class='ocrx_word' id='word_1_291' title='bbox 389 2327 522 2382; x_wconf 91' lang='lat' dir='ltr'><strong>hoc.</strong></span> <span class='ocrx_word' id='word_1_292' title='bbox 560 2327 689 2382; x_wconf 59' lang='lat' dir='ltr'><strong>Haec</strong></span> <span class='ocrx_word' id='word_1_293' title='bbox 717 2334 897 2380; x_wconf 85' lang='lat' dir='ltr'><strong>autem</strong></span> <span class='ocrx_word' id='word_1_294' title='bbox 955 2323 1162 2394; x_wconf 88' lang='lat' dir='ltr'><strong>scripta</strong></span> <span class='ocrx_word' id='word_1_295' title='bbox 1216 2328 1342 2376; x_wconf 90' lang='lat' dir='ltr'><strong>sunt</strong></span> <span class='ocrx_word' id='word_1_296' title='bbox 1399 2328 1452 2374; x_wconf 95' lang='lat' dir='ltr'><strong>ut</strong></span> <span class='ocrx_word' id='word_1_297' title='bbox 1504 2316 1747 2374; x_wconf 86' lang='lat' dir='ltr'><strong>credatis</strong></span> 
     </span>
    </p>
   </div>
   <div class='ocr_carea' id='block_1_37' title="bbox 141 2408 1750 2485">
    <p class='ocr_par' dir='ltr' id='par_1_37' title="bbox 141 2408 1750 2485">
     <span class='ocr_line' id='line_1_37' title="bbox 141 2408 1750 2485; baseline -0.006 -17"><span class='ocrx_word' id='word_1_298' title='bbox 141 2413 260 2485; x_wconf 87' lang='lat' dir='ltr'><strong>quia</strong></span> <span class='ocrx_word' id='word_1_299' title='bbox 289 2415 454 2470; x_wconf 81' lang='lat' dir='ltr'><strong>Jesus</strong></span> <span class='ocrx_word' id='word_1_300' title='bbox 485 2425 575 2470; x_wconf 89' lang='lat' dir='ltr'><strong>est</strong></span> <span class='ocrx_word' id='word_1_301' title='bbox 605 2415 855 2470; x_wconf 85' lang='lat' dir='ltr'><strong>Christus</strong></span> <span class='ocrx_word' id='word_1_302' title='bbox 889 2414 1058 2469; x_wconf 89' lang='lat' dir='ltr'><strong>Filius</strong></span> <span class='ocrx_word' id='word_1_303' title='bbox 1087 2412 1206 2475; x_wconf 89' lang='lat' dir='ltr'><strong>Dei,</strong></span> <span class='ocrx_word' id='word_1_304' title='bbox 1251 2419 1302 2465; x_wconf 90' lang='lat' dir='ltr'><strong>et</strong></span> <span class='ocrx_word' id='word_1_305' title='bbox 1352 2419 1406 2464; x_wconf 93' lang='lat' dir='ltr'><strong>ut</strong></span> <span class='ocrx_word' id='word_1_306' title='bbox 1453 2408 1750 2464; x_wconf 86' lang='lat' dir='ltr'><strong>credentes</strong></span> 
     </span>
    </p>
   </div>
   <div class='ocr_carea' id='block_1_38' title="bbox 145 2493 1750 2570">
    <p class='ocr_par' dir='ltr' id='par_1_38' title="bbox 145 2493 1750 2570">
     <span class='ocr_line' id='line_1_38' title="bbox 145 2493 1750 2570; baseline -0.005 -15"><span class='ocrx_word' id='word_1_307' title='bbox 145 2501 304 2557; x_wconf 90' lang='lat' dir='ltr'><strong>vitam</strong></span> <span class='ocrx_word' id='word_1_308' title='bbox 334 2503 594 2559; x_wconf 85' lang='lat' dir='ltr'><strong>habeatis</strong></span> <span class='ocrx_word' id='word_1_309' title='bbox 623 2504 680 2558; x_wconf 90' lang='lat' dir='ltr'><strong>in</strong></span> <span class='ocrx_word' id='word_1_310' title='bbox 709 2503 929 2559; x_wconf 87' lang='lat' dir='ltr'><strong>nomine</strong></span> <span class='ocrx_word' id='word_1_311' title='bbox 959 2503 1100 2570; x_wconf 86' lang='lat' dir='ltr'><strong>ejus.</strong></span> <span class='ocrx_word' id='word_1_312' title='bbox 1141 2525 1160 2547; x_wconf 78' lang='grc' dir='ltr'><strong><em>η</em></strong></span> <span class='ocrx_word' id='word_1_313' title='bbox 1195 2499 1369 2562; x_wconf 84' lang='lat' dir='ltr'><strong>Quasi</strong></span> <span class='ocrx_word' id='word_1_314' title='bbox 1413 2498 1576 2552; x_wconf 83' lang='lat' dir='ltr'><strong>linem</strong></span> <span class='ocrx_word' id='word_1_315' title='bbox 1625 2493 1750 2548; x_wconf 79' lang='lat' dir='ltr'><strong>libri</strong></span> 
     </span>
    </p>
   </div>
   <div class='ocr_carea' id='block_1_39' title="bbox 144 2586 1750 2665">
    <p class='ocr_par' dir='ltr' id='par_1_39' title="bbox 144 2586 1750 2665">
     <span class='ocr_line' id='line_1_39' title="bbox 144 2586 1750 2665; baseline -0.007 -17"><span class='ocrx_word' id='word_1_316' title='bbox 144 2591 292 2661; x_wconf 90' lang='lat' dir='ltr'><strong>ponit</strong></span> <span class='ocrx_word' id='word_1_317' title='bbox 324 2592 676 2665; x_wconf 86' lang='lat' dir='ltr'><strong>evangelista</strong></span> <span class='ocrx_word' id='word_1_318' title='bbox 705 2591 774 2648; x_wconf 80' lang='lat' dir='ltr'><strong>ad</strong></span> <span class='ocrx_word' id='word_1_319' title='bbox 805 2604 1065 2662; x_wconf 85' lang='lat' dir='ltr'><strong>magnam</strong></span> <span class='ocrx_word' id='word_1_320' title='bbox 1093 2586 1625 2645; x_wconf 84' lang='lat' dir='ltr'><strong>commendationem</strong></span> <span class='ocrx_word' id='word_1_321' title='bbox 1657 2600 1750 2637; x_wconf 86' lang='lat' dir='ltr'><strong>sa-</strong></span> 
     </span>
    </p>
   </div>
   <div class='ocr_carea' id='block_1_40' title="bbox 146 2673 1750 2747">
    <p class='ocr_par' dir='ltr' id='par_1_40' title="bbox 146 2673 1750 2747">
     <span class='ocr_line' id='line_1_40' title="bbox 146 2673 1750 2747; baseline -0.006 -12"><span class='ocrx_word' id='word_1_322' title='bbox 146 2682 411 2737; x_wconf 84' lang='lat' dir='ltr'><strong>cramenti</strong></span> <span class='ocrx_word' id='word_1_323' title='bbox 443 2691 724 2738; x_wconf 69' lang='lat' dir='ltr'><strong>secuturae</strong></span> <span class='ocrx_word' id='word_1_324' title='bbox 757 2678 1111 2746; x_wconf 86' lang='lat' dir='ltr'><strong>narrationis,</strong></span> <span class='ocrx_word' id='word_1_325' title='bbox 1144 2677 1352 2733; x_wconf 86' lang='lat' dir='ltr'><strong>faciens</strong></span> <span class='ocrx_word' id='word_1_326' title='bbox 1383 2676 1432 2732; x_wconf 90' lang='lat' dir='ltr'><strong>ei</strong></span> <span class='ocrx_word' id='word_1_327' title='bbox 1475 2673 1750 2747; x_wconf 90' lang='lat' dir='ltr'><strong>quodam-</strong></span> 
     </span>
    </p>
   </div>
   <div class='ocr_carea' id='block_1_41' title="bbox 149 2769 1008 2827">
    <p class='ocr_par' dir='ltr' id='par_1_41' title="bbox 149 2769 1008 2827">
     <span class='ocr_line' id='line_1_41' title="bbox 149 2769 1008 2827; baseline 0.001 -5"><span class='ocrx_word' id='word_1_328' title='bbox 149 2769 308 2826; x_wconf 89' lang='lat' dir='ltr'><strong>modo</strong></span> <span class='ocrx_word' id='word_1_329' title='bbox 337 2769 768 2827; x_wconf 88' lang='lat' dir='ltr'><strong>eminentiorem</strong></span> <span class='ocrx_word' id='word_1_330' title='bbox 799 2769 1008 2825; x_wconf 89' lang='lat' dir='ltr'><strong>locum.</strong></span> 
     </span>
    </p>
   </div>
   <div class='ocr_carea' id='block_1_42' title="bbox 434 2933 1468 2996">
    <p class='ocr_par' dir='ltr' id='par_1_42' title="bbox 434 2933 1468 2996">
     <span class='ocr_line' id='line_1_42' title="bbox 434 2933 1468 2996; baseline -0.008 0"><span class='ocrx_word' id='word_1_331' title='bbox 434 2937 682 2996; x_wconf 75' lang='lat' dir='ltr'><strong>SERMO</strong></span> <span class='ocrx_word' id='word_1_332' title='bbox 722 2937 798 2994; x_wconf 86' lang='lat' dir='ltr'><strong>IN</strong></span> <span class='ocrx_word' id='word_1_333' title='bbox 837 2935 1118 2993; x_wconf 80' lang='lat' dir='ltr'><strong>OCTAVA</strong></span> <span class='ocrx_word' id='word_1_334' title='bbox 1160 2933 1468 2991; x_wconf 67' lang='lat' dir='ltr'><strong>PASCHIE.</strong></span> 
     </span>
    </p>
   </div>
   <div class='ocr_carea' id='block_1_43' title="bbox 220 3075 1757 3149">
    <p class='ocr_par' dir='ltr' id='par_1_43' title="bbox 220 3075 1757 3149">
     <span class='ocr_line' id='line_1_43' title="bbox 220 3075 1757 3149; baseline -0.005 -15"><span class='ocrx_word' id='word_1_335' title='bbox 220 3080 354 3137; x_wconf 83' lang='lat' dir='ltr'><strong>Tres</strong></span> <span class='ocrx_word' id='word_1_336' title='bbox 383 3081 509 3138; x_wconf 91' lang='lat' dir='ltr'><strong>dies</strong></span> <span class='ocrx_word' id='word_1_337' title='bbox 542 3089 670 3137; x_wconf 79' lang='lat' dir='ltr'><strong>sunt</strong></span> <span class='ocrx_word' id='word_1_338' title='bbox 698 3078 989 3136; x_wconf 86' lang='lat' dir='ltr'><strong>invisibilis</strong></span> <span class='ocrx_word' id='word_1_339' title='bbox 1018 3077 1176 3143; x_wconf 89' lang='lat' dir='ltr'><strong>lucis,</strong></span> <span class='ocrx_word' id='word_1_340' title='bbox 1211 3075 1410 3149; x_wconf 91' lang='lat' dir='ltr'><strong>quibus</strong></span> <span class='ocrx_word' id='word_1_341' title='bbox 1455 3075 1757 3130; x_wconf 89' lang='lat' dir='ltr'><strong>illustratur</strong></span> 
     </span>
    </p>
   </div>
   <div class='ocr_carea' id='block_1_44' title="bbox 160 3164 1760 3242">
    <p class='ocr_par' dir='ltr' id='par_1_44' title="bbox 160 3164 1760 3242">
     <span class='ocr_line' id='line_1_44' title="bbox 160 3164 1760 3242; baseline -0.004 -20"><span class='ocrx_word' id='word_1_342' title='bbox 160 3169 385 3226; x_wconf 89' lang='lat' dir='ltr'><strong>interius</strong></span> <span class='ocrx_word' id='word_1_343' title='bbox 442 3167 713 3242; x_wconf 88' lang='lat' dir='ltr'><strong>spiritalis</strong></span> <span class='ocrx_word' id='word_1_344' title='bbox 767 3168 892 3224; x_wconf 75' lang='lat' dir='ltr'><strong>vitae</strong></span> <span class='ocrx_word' id='word_1_345' title='bbox 945 3183 1164 3224; x_wconf 83' lang='lat' dir='ltr'><strong>cursus.</strong></span> <span class='ocrx_word' id='word_1_346' title='bbox 1223 3166 1431 3220; x_wconf 88' lang='lat' dir='ltr'><strong>Primus</strong></span> <span class='ocrx_word' id='word_1_347' title='bbox 1487 3164 1605 3218; x_wconf 91' lang='lat' dir='ltr'><strong>dies</strong></span> <span class='ocrx_word' id='word_1_348' title='bbox 1673 3169 1760 3216; x_wconf 90' lang='lat' dir='ltr'><strong>est</strong></span> 
     </span>
    </p>
   </div>
   <div class='ocr_carea' id='block_1_45' title="bbox 158 3253 1758 3324">
    <p class='ocr_par' dir='ltr' id='par_1_45' title="bbox 158 3253 1758 3324">
     <span class='ocr_line' id='line_1_45' title="bbox 158 3253 1758 3324; baseline -0.005 -12"><span class='ocrx_word' id='word_1_349' title='bbox 158 3257 333 3324; x_wconf 89' lang='lat' dir='ltr'><strong>timor,</strong></span> <span class='ocrx_word' id='word_1_350' title='bbox 366 3260 655 3315; x_wconf 90' lang='lat' dir='ltr'><strong>secundus</strong></span> <span class='ocrx_word' id='word_1_351' title='bbox 682 3257 803 3312; x_wconf 88' lang='lat' dir='ltr'><strong>dies</strong></span> <span class='ocrx_word' id='word_1_352' title='bbox 849 3265 931 3313; x_wconf 89' lang='lat' dir='ltr'><strong>est</strong></span> <span class='ocrx_word' id='word_1_353' title='bbox 978 3255 1201 3317; x_wconf 86' lang='lat' dir='ltr'><strong>veritas,</strong></span> <span class='ocrx_word' id='word_1_354' title='bbox 1259 3253 1446 3309; x_wconf 87' lang='lat' dir='ltr'><strong>tertius</strong></span> <span class='ocrx_word' id='word_1_355' title='bbox 1499 3253 1618 3307; x_wconf 88' lang='lat' dir='ltr'><strong>dies</strong></span> <span class='ocrx_word' id='word_1_356' title='bbox 1675 3258 1758 3304; x_wconf 91' lang='lat' dir='ltr'><strong>cst</strong></span> 
     </span>
    </p>
   </div>
   <div class='ocr_carea' id='block_1_46' title="bbox 160 3340 1754 3412">
    <p class='ocr_par' dir='ltr' id='par_1_46' title="bbox 160 3340 1754 3412">
     <span class='ocr_line' id='line_1_46' title="bbox 160 3340 1754 3412; baseline -0.006 -10"><span class='ocrx_word' id='word_1_357' title='bbox 160 3347 418 3404; x_wconf 89' lang='lat' dir='ltr'><strong>charitas.</strong></span> <span class='ocrx_word' id='word_1_358' title='bbox 461 3349 682 3404; x_wconf 89' lang='lat' dir='ltr'><strong>Primus</strong></span> <span class='ocrx_word' id='word_1_359' title='bbox 713 3347 833 3401; x_wconf 90' lang='lat' dir='ltr'><strong>dies</strong></span> <span class='ocrx_word' id='word_1_360' title='bbox 863 3345 1035 3401; x_wconf 89' lang='lat' dir='ltr'><strong>solem</strong></span> <span class='ocrx_word' id='word_1_361' title='bbox 1052 3359 1215 3398; x_wconf 90' lang='lat' dir='ltr'><strong>suum</strong></span> <span class='ocrx_word' id='word_1_362' title='bbox 1230 3342 1388 3396; x_wconf 87' lang='lat' dir='ltr'><strong>habet</strong></span> <span class='ocrx_word' id='word_1_363' title='bbox 1409 3340 1711 3412; x_wconf 88' lang='lat' dir='ltr'><strong>potentiam</strong></span> <span class='ocrx_word' id='word_1_364' title='bbox 1740 3357 1754 3403; x_wconf 90' lang='lat'><strong>;</strong></span> 
     </span>
    </p>
   </div>
   <div class='ocr_carea' id='block_1_47' title="bbox 159 3429 1757 3504">
    <p class='ocr_par' dir='ltr' id='par_1_47' title="bbox 159 3429 1757 3504">
     <span class='ocr_line' id='line_1_47' title="bbox 159 3429 1757 3504; baseline -0.005 -14"><span class='ocrx_word' id='word_1_365' title='bbox 159 3437 425 3492; x_wconf 87' lang='lat' dir='ltr'><strong>secundus</strong></span> <span class='ocrx_word' id='word_1_366' title='bbox 445 3438 622 3493; x_wconf 88' lang='lat' dir='ltr'><strong>solem</strong></span> <span class='ocrx_word' id='word_1_367' title='bbox 644 3451 801 3490; x_wconf 91' lang='lat' dir='ltr'><strong>suum</strong></span> <span class='ocrx_word' id='word_1_368' title='bbox 826 3435 992 3489; x_wconf 89' lang='lat' dir='ltr'><strong>habet</strong></span> <span class='ocrx_word' id='word_1_369' title='bbox 1008 3431 1361 3504; x_wconf 86' lang='lat' dir='ltr'><strong>sapientiam;</strong></span> <span class='ocrx_word' id='word_1_370' title='bbox 1377 3430 1564 3486; x_wconf 91' lang='lat' dir='ltr'><strong>tertius</strong></span> <span class='ocrx_word' id='word_1_371' title='bbox 1586 3429 1757 3484; x_wconf 90' lang='lat' dir='ltr'><strong>solem</strong></span> 
     </span>
    </p>
   </div>
   <div class='ocr_carea' id='block_1_48' title="bbox 162 3528 1760 3606">
    <p class='ocr_par' dir='ltr' id='par_1_48' title="bbox 162 3528 1760 3606">
     <span class='ocr_line' id='line_1_48' title="bbox 162 3528 1760 3606; baseline -0.006 -18"><span class='ocrx_word' id='word_1_372' title='bbox 162 3549 314 3588; x_wconf 88' lang='lat' dir='ltr'><strong>suum</strong></span> <span class='ocrx_word' id='word_1_373' title='bbox 344 3535 515 3590; x_wconf 79' lang='lat' dir='ltr'><strong>habet</strong></span> <span class='ocrx_word' id='word_1_374' title='bbox 547 3533 966 3606; x_wconf 89' lang='lat' dir='ltr'><strong>benignitatem.</strong></span> <span class='ocrx_word' id='word_1_375' title='bbox 1000 3530 1246 3586; x_wconf 86' lang='lat' dir='ltr'><strong>Potentia</strong></span> <span class='ocrx_word' id='word_1_376' title='bbox 1275 3528 1343 3582; x_wconf 90' lang='lat' dir='ltr'><strong>ad</strong></span> <span class='ocrx_word' id='word_1_377' title='bbox 1378 3529 1612 3590; x_wconf 87' lang='lat' dir='ltr'><strong>Patrem,</strong></span> <span class='ocrx_word' id='word_1_378' title='bbox 1665 3540 1760 3579; x_wconf 90' lang='lat' dir='ltr'><strong>sa-</strong></span> 
     </span>
    </p>
   </div>
   <div class='ocr_carea' id='block_1_49' title="bbox 163 3616 1765 3693">
    <p class='ocr_par' dir='ltr' id='par_1_49' title="bbox 163 3616 1765 3693">
     <span class='ocr_line' id='line_1_49' title="bbox 163 3616 1765 3693; baseline -0.005 -17"><span class='ocrx_word' id='word_1_379' title='bbox 163 3623 356 3691; x_wconf 90' lang='lat' dir='ltr'><strong>pientia</strong></span> <span class='ocrx_word' id='word_1_380' title='bbox 389 3625 460 3679; x_wconf 90' lang='lat' dir='ltr'><strong>ad</strong></span> <span class='ocrx_word' id='word_1_381' title='bbox 494 3624 713 3686; x_wconf 89' lang='lat' dir='ltr'><strong>Filium,</strong></span> <span class='ocrx_word' id='word_1_382' title='bbox 746 3620 1059 3693; x_wconf 85' lang='lat' dir='ltr'><strong>benignitas</strong></span> <span class='ocrx_word' id='word_1_383' title='bbox 1089 3618 1161 3673; x_wconf 89' lang='lat' dir='ltr'><strong>ad</strong></span> <span class='ocrx_word' id='word_1_384' title='bbox 1202 3616 1460 3688; x_wconf 89' lang='lat' dir='ltr'><strong>Spiritum</strong></span> <span class='ocrx_word' id='word_1_385' title='bbox 1511 3623 1765 3670; x_wconf 83' lang='lat' dir='ltr'><strong>sanctum</strong></span> 
     </span>
    </p>
   </div>
   <div class='ocr_carea' id='block_1_50' title="bbox 165 3705 1760 3779">
    <p class='ocr_par' dir='ltr' id='par_1_50' title="bbox 165 3705 1760 3779">
     <span class='ocr_line' id='line_1_50' title="bbox 165 3705 1760 3779; baseline -0.006 -13"><span class='ocrx_word' id='word_1_386' title='bbox 165 3712 414 3778; x_wconf 85' lang='lat' dir='ltr'><strong>pertinet.</strong></span> <span class='ocrx_word' id='word_1_387' title='bbox 442 3713 552 3769; x_wconf 79' lang='lat' dir='ltr'><strong>Alii</strong></span> <span class='ocrx_word' id='word_1_388' title='bbox 586 3720 712 3766; x_wconf 90' lang='lat' dir='ltr'><strong>sunt</strong></span> <span class='ocrx_word' id='word_1_389' title='bbox 740 3710 861 3764; x_wconf 91' lang='lat' dir='ltr'><strong>dies</strong></span> <span class='ocrx_word' id='word_1_390' title='bbox 889 3708 1083 3769; x_wconf 89' lang='lat' dir='ltr'><strong>nostri,</strong></span> <span class='ocrx_word' id='word_1_391' title='bbox 1117 3722 1256 3779; x_wconf 91' lang='lat' dir='ltr'><strong>quos</strong></span> <span class='ocrx_word' id='word_1_392' title='bbox 1300 3705 1560 3760; x_wconf 87' lang='lat' dir='ltr'><strong>habemus</strong></span> <span class='ocrx_word' id='word_1_393' title='bbox 1609 3711 1760 3758; x_wconf 91' lang='lat' dir='ltr'><strong>exte-</strong></span> 
     </span>
    </p>
   </div>
   <div class='ocr_carea' id='block_1_51' title="bbox 166 3793 1753 3874">
    <p class='ocr_par' dir='ltr' id='par_1_51' title="bbox 166 3793 1753 3874">
     <span class='ocr_line' id='line_1_51' title="bbox 166 3793 1753 3874; baseline -0.004 -22"><span class='ocrx_word' id='word_1_394' title='bbox 166 3799 322 3870; x_wconf 88' lang='lat' dir='ltr'><strong>rius;</strong></span> <span class='ocrx_word' id='word_1_395' title='bbox 371 3801 483 3871; x_wconf 90' lang='lat' dir='ltr'><strong>alii,</strong></span> <span class='ocrx_word' id='word_1_396' title='bbox 541 3816 683 3874; x_wconf 89' lang='lat' dir='ltr'><strong>quos</strong></span> <span class='ocrx_word' id='word_1_397' title='bbox 729 3798 984 3853; x_wconf 90' lang='lat' dir='ltr'><strong>interius.</strong></span> <span class='ocrx_word' id='word_1_398' title='bbox 1035 3797 1166 3851; x_wconf 86' lang='lat' dir='ltr'><strong>Dies</strong></span> <span class='ocrx_word' id='word_1_399' title='bbox 1215 3794 1386 3851; x_wconf 86' lang='lat' dir='ltr'><strong>nostri</strong></span> <span class='ocrx_word' id='word_1_400' title='bbox 1429 3793 1753 3857; x_wconf 84' lang='lat' dir='ltr'><strong>exteriores,</strong></span> 
     </span>
    </p>
   </div>
   <div class='ocr_carea' id='block_1_52' title="bbox 166 3881 1756 3956">
    <p class='ocr_par' dir='ltr' id='par_1_52' title="bbox 166 3881 1756 3956">
     <span class='ocr_line' id='line_1_52' title="bbox 166 3881 1756 3956; baseline -0.006 -12"><span class='ocrx_word' id='word_1_401' title='bbox 166 3889 321 3944; x_wconf 78' lang='lat' dir='ltr'><strong>etiam</strong></span> <span class='ocrx_word' id='word_1_402' title='bbox 349 3905 471 3946; x_wconf 93' lang='lat' dir='ltr'><strong>cum</strong></span> <span class='ocrx_word' id='word_1_403' title='bbox 504 3889 778 3956; x_wconf 91' lang='lat' dir='ltr'><strong>nolumus,</strong></span> <span class='ocrx_word' id='word_1_404' title='bbox 813 3893 1125 3941; x_wconf 89' lang='lat' dir='ltr'><strong>transeunt.</strong></span> <span class='ocrx_word' id='word_1_405' title='bbox 1154 3884 1279 3939; x_wconf 88' lang='lat' dir='ltr'><strong>Dies</strong></span> <span class='ocrx_word' id='word_1_406' title='bbox 1297 3881 1756 3948; x_wconf 86' lang='lat' dir='ltr'><strong>verointeriores,</strong></span> 
     </span>
    </p>
   </div>
   <div class='ocr_carea' id='block_1_53' title="bbox 169 3977 1758 4053">
    <p class='ocr_par' dir='ltr' id='par_1_53' title="bbox 169 3977 1758 4053">
     <span class='ocr_line' id='line_1_53' title="bbox 169 3977 1758 4053; baseline -0.004 -16"><span class='ocrx_word' id='word_1_407' title='bbox 169 3984 212 4038; x_wconf 92' lang='lat' dir='ltr'><strong>si</strong></span> <span class='ocrx_word' id='word_1_408' title='bbox 238 3985 502 4051; x_wconf 88' lang='lat' dir='ltr'><strong>volumus,</strong></span> <span class='ocrx_word' id='word_1_409' title='bbox 535 3988 592 4040; x_wconf 90' lang='lat' dir='ltr'><strong>in</strong></span> <span class='ocrx_word' id='word_1_410' title='bbox 621 3993 884 4039; x_wconf 68' lang='lat' dir='ltr'><strong>aeternum</strong></span> <span class='ocrx_word' id='word_1_411' title='bbox 930 3996 1258 4053; x_wconf 89' lang='lat' dir='ltr'><strong>permanere</strong></span> <span class='ocrx_word' id='word_1_412' title='bbox 1305 3986 1560 4050; x_wconf 89' lang='lat' dir='ltr'><strong>possunt.</strong></span> <span class='ocrx_word' id='word_1_413' title='bbox 1615 3977 1758 4032; x_wconf 87' lang='lat' dir='ltr'><strong>Ecce</strong></span> 
     </span>
    </p>
   </div>
   <div class='ocr_carea' id='block_1_54' title="bbox 170 4067 1756 4141">
    <p class='ocr_par' dir='ltr' id='par_1_54' title="bbox 170 4067 1756 4141">
     <span class='ocr_line' id='line_1_54' title="bbox 170 4067 1756 4141; baseline -0.004 -16"><span class='ocrx_word' id='word_1_414' title='bbox 170 4080 278 4128; x_wconf 86' lang='lat' dir='ltr'><strong>tres</strong></span> <span class='ocrx_word' id='word_1_415' title='bbox 305 4075 423 4130; x_wconf 90' lang='lat' dir='ltr'><strong>dies</strong></span> <span class='ocrx_word' id='word_1_416' title='bbox 448 4083 577 4131; x_wconf 89' lang='lat' dir='ltr'><strong>sunt</strong></span> <span class='ocrx_word' id='word_1_417' title='bbox 599 4091 612 4128; x_wconf 94' lang='lat'>:</span> <span class='ocrx_word' id='word_1_418' title='bbox 634 4074 751 4128; x_wconf 84' lang='lat' dir='ltr'><strong>dies</strong></span> <span class='ocrx_word' id='word_1_419' title='bbox 773 4071 1006 4136; x_wconf 88' lang='lat' dir='ltr'><strong>timoris,</strong></span> <span class='ocrx_word' id='word_1_420' title='bbox 1054 4069 1144 4141; x_wconf 92' lang='lat' dir='ltr'><strong>qui</strong></span> <span class='ocrx_word' id='word_1_421' title='bbox 1173 4068 1480 4124; x_wconf 84' lang='lat' dir='ltr'><strong>manifestat</strong></span> <span class='ocrx_word' id='word_1_422' title='bbox 1519 4067 1716 4122; x_wconf 91' lang='lat' dir='ltr'><strong>malum</strong></span> <span class='ocrx_word' id='word_1_423' title='bbox 1742 4083 1756 4131; x_wconf 88' lang='lat'><strong>;</strong></span> 
     </span>
    </p>
   </div>
   <div class='ocr_carea' id='block_1_55' title="bbox 173 4155 1758 4232">
    <p class='ocr_par' dir='ltr' id='par_1_55' title="bbox 173 4155 1758 4232">
     <span class='ocr_line' id='line_1_55' title="bbox 173 4155 1758 4232; baseline -0.003 -19"><span class='ocrx_word' id='word_1_424' title='bbox 173 4161 284 4216; x_wconf 90' lang='lat' dir='ltr'><strong>dies</strong></span> <span class='ocrx_word' id='word_1_425' title='bbox 311 4165 572 4231; x_wconf 90' lang='lat' dir='ltr'><strong>veritatis,</strong></span> <span class='ocrx_word' id='word_1_426' title='bbox 605 4161 696 4232; x_wconf 90' lang='lat' dir='ltr'><strong>qui</strong></span> <span class='ocrx_word' id='word_1_427' title='bbox 725 4161 904 4215; x_wconf 84' lang='lat' dir='ltr'><strong>aufert</strong></span> <span class='ocrx_word' id='word_1_428' title='bbox 930 4159 1131 4213; x_wconf 90' lang='lat' dir='ltr'><strong>malum</strong></span> <span class='ocrx_word' id='word_1_429' title='bbox 1158 4176 1173 4224; x_wconf 87' lang='lat'><strong>;</strong></span> <span class='ocrx_word' id='word_1_430' title='bbox 1197 4157 1315 4212; x_wconf 91' lang='lat' dir='ltr'><strong>dies</strong></span> <span class='ocrx_word' id='word_1_431' title='bbox 1347 4155 1646 4218; x_wconf 88' lang='lat' dir='ltr'><strong>charitatis,</strong></span> <span class='ocrx_word' id='word_1_432' title='bbox 1668 4155 1758 4225; x_wconf 92' lang='lat' dir='ltr'><strong>qui</strong></span> 
     </span>
    </p>
   </div>
   <div class='ocr_carea' id='block_1_56' title="bbox 174 4244 1757 4309">
    <p class='ocr_par' dir='ltr' id='par_1_56' title="bbox 174 4244 1757 4309">
     <span class='ocr_line' id='line_1_56' title="bbox 174 4244 1757 4309; baseline -0.003 -6"><span class='ocrx_word' id='word_1_433' title='bbox 174 4250 402 4306; x_wconf 89' lang='lat' dir='ltr'><strong>restituit</strong></span> <span class='ocrx_word' id='word_1_434' title='bbox 430 4253 657 4309; x_wconf 90' lang='lat' dir='ltr'><strong>bonum.</strong></span> <span class='ocrx_word' id='word_1_435' title='bbox 690 4250 818 4304; x_wconf 88' lang='lat' dir='ltr'><strong>Dies</strong></span> <span class='ocrx_word' id='word_1_436' title='bbox 849 4247 1086 4303; x_wconf 89' lang='lat' dir='ltr'><strong>veritatis</strong></span> <span class='ocrx_word' id='word_1_437' title='bbox 1115 4244 1375 4302; x_wconf 82' lang='lat' dir='ltr'><strong>clariﬁcat</strong></span> <span class='ocrx_word' id='word_1_438' title='bbox 1405 4245 1548 4300; x_wconf 90' lang='lat' dir='ltr'><strong>diem</strong></span> <span class='ocrx_word' id='word_1_439' title='bbox 1590 4245 1757 4299; x_wconf 89' lang='lat' dir='ltr'><strong>timo-</strong></span> 
     </span>
    </p>
   </div>
   <div class='ocr_carea' id='block_1_57' title="bbox 177 4333 1761 4402">
    <p class='ocr_par' dir='ltr' id='par_1_57' title="bbox 177 4333 1761 4402">
     <span class='ocr_line' id='line_1_57' title="bbox 177 4333 1761 4402; baseline -0.003 -12"><span class='ocrx_word' id='word_1_440' title='bbox 177 4337 276 4402; x_wconf 84' lang='lat' dir='ltr'><strong>ris;</strong></span> <span class='ocrx_word' id='word_1_441' title='bbox 306 4340 424 4396; x_wconf 89' lang='lat' dir='ltr'><strong>dies</strong></span> <span class='ocrx_word' id='word_1_442' title='bbox 465 4337 758 4398; x_wconf 88' lang='lat' dir='ltr'><strong>charitatis</strong></span> <span class='ocrx_word' id='word_1_443' title='bbox 805 4335 1076 4393; x_wconf 84' lang='lat' dir='ltr'><strong>clarificat</strong></span> <span class='ocrx_word' id='word_1_444' title='bbox 1125 4342 1177 4390; x_wconf 92' lang='lat' dir='ltr'><strong>et</strong></span> <span class='ocrx_word' id='word_1_445' title='bbox 1232 4333 1378 4389; x_wconf 89' lang='lat' dir='ltr'><strong>diem</strong></span> <span class='ocrx_word' id='word_1_446' title='bbox 1433 4333 1650 4388; x_wconf 89' lang='lat' dir='ltr'><strong>timoris</strong></span> <span class='ocrx_word' id='word_1_447' title='bbox 1707 4339 1761 4388; x_wconf 92' lang='lat' dir='ltr'><strong>et</strong></span> 
     </span>
    </p>
   </div>
   <div class='ocr_carea' id='block_1_58' title="bbox 179 4422 1762 4498">
    <p class='ocr_par' dir='ltr' id='par_1_58' title="bbox 179 4422 1762 4498">
     <span class='ocr_line' id='line_1_58' title="bbox 179 4422 1762 4498; baseline -0.004 -17"><span class='ocrx_word' id='word_1_448' title='bbox 179 4425 315 4483; x_wconf 88' lang='lat' dir='ltr'><strong>diem</strong></span> <span class='ocrx_word' id='word_1_449' title='bbox 346 4429 616 4496; x_wconf 87' lang='lat' dir='ltr'><strong>veritatis,</strong></span> <span class='ocrx_word' id='word_1_450' title='bbox 649 4428 828 4483; x_wconf 90' lang='lat' dir='ltr'><strong>donec</strong></span> <span class='ocrx_word' id='word_1_451' title='bbox 875 4423 1124 4498; x_wconf 86' lang='lat' dir='ltr'><strong>perfecta</strong></span> <span class='ocrx_word' id='word_1_452' title='bbox 1172 4423 1337 4478; x_wconf 90' lang='lat' dir='ltr'><strong>fuerit</strong></span> <span class='ocrx_word' id='word_1_453' title='bbox 1390 4422 1647 4488; x_wconf 80' lang='lat' dir='ltr'><strong>charitas,</strong></span> <span class='ocrx_word' id='word_1_454' title='bbox 1707 4428 1762 4476; x_wconf 92' lang='lat' dir='ltr'><strong>et</strong></span> 
     </span>
    </p>
   </div>
   <div class='ocr_carea' id='block_1_59' title="bbox 181 4521 1760 4595">
    <p class='ocr_par' dir='ltr' id='par_1_59' title="bbox 181 4521 1760 4595">
     <span class='ocr_line' id='line_1_59' title="bbox 181 4521 1760 4595; baseline -0.004 -15"><span class='ocrx_word' id='word_1_455' title='bbox 181 4526 410 4595; x_wconf 82' lang='lat' dir='ltr'><strong>perfecte</strong></span> <span class='ocrx_word' id='word_1_456' title='bbox 439 4526 818 4585; x_wconf 85' lang='lat' dir='ltr'><strong>manifestetur</strong></span> <span class='ocrx_word' id='word_1_457' title='bbox 845 4521 1024 4580; x_wconf 89' lang='lat' dir='ltr'><strong>omnis</strong></span> <span class='ocrx_word' id='word_1_458' title='bbox 1056 4521 1280 4589; x_wconf 89' lang='lat' dir='ltr'><strong>veritas,</strong></span> <span class='ocrx_word' id='word_1_459' title='bbox 1312 4529 1362 4577; x_wconf 91' lang='lat' dir='ltr'><strong>et</strong></span> <span class='ocrx_word' id='word_1_460' title='bbox 1395 4521 1555 4578; x_wconf 89' lang='lat' dir='ltr'><strong>timor</strong></span> <span class='ocrx_word' id='word_1_461' title='bbox 1583 4536 1760 4592; x_wconf 65' lang='lat' dir='ltr'><strong>pinna:</strong></span> 
     </span>
    </p>
   </div>
   <div class='ocr_carea' id='block_1_60' title="bbox 182 4611 1759 4674">
    <p class='ocr_par' dir='ltr' id='par_1_60' title="bbox 182 4611 1759 4674">
     <span class='ocr_line' id='line_1_60' title="bbox 182 4611 1759 4674; baseline -0.003 -6"><span class='ocrx_word' id='word_1_462' title='bbox 182 4622 476 4674; x_wconf 89' lang='lat' dir='ltr'><strong>transeatur</strong></span> <span class='ocrx_word' id='word_1_463' title='bbox 504 4619 562 4673; x_wconf 88' lang='lat' dir='ltr'><strong>in</strong></span> <span class='ocrx_word' id='word_1_464' title='bbox 602 4617 849 4671; x_wconf 90' lang='lat' dir='ltr'><strong>timorem</strong></span> <span class='ocrx_word' id='word_1_465' title='bbox 898 4612 1242 4668; x_wconf 67' lang='lat' dir='ltr'><strong>reverentiae.</strong></span> <span class='ocrx_word' id='word_1_466' title='bbox 1293 4612 1373 4667; x_wconf 89' lang='lat' dir='ltr'><strong>De</strong></span> <span class='ocrx_word' id='word_1_467' title='bbox 1426 4611 1511 4666; x_wconf 90' lang='lat' dir='ltr'><strong>his</strong></span> <span class='ocrx_word' id='word_1_468' title='bbox 1566 4611 1759 4665; x_wconf 89' lang='lat' dir='ltr'><strong>diebus</strong></span> 
     </span>
    </p>
   </div>
   <div class='ocr_carea' id='block_1_61' title="bbox 187 4697 1766 4775">
    <p class='ocr_par' dir='ltr' id='par_1_61' title="bbox 187 4697 1766 4775">
     <span class='ocr_line' id='line_1_61' title="bbox 187 4697 1766 4775; baseline -0.002 -19"><span class='ocrx_word' id='word_1_469' title='bbox 187 4701 382 4760; x_wconf 91' lang='lat' dir='ltr'><strong>locutus</strong></span> <span class='ocrx_word' id='word_1_470' title='bbox 409 4715 493 4762; x_wconf 91' lang='lat' dir='ltr'><strong>est</strong></span> <span class='ocrx_word' id='word_1_471' title='bbox 509 4705 656 4762; x_wconf 85' lang='lat' dir='ltr'><strong>Osee</strong></span> <span class='ocrx_word' id='word_1_472' title='bbox 675 4703 963 4775; x_wconf 91' lang='lat' dir='ltr'><strong>propheta,</strong></span> <span class='ocrx_word' id='word_1_473' title='bbox 986 4700 1211 4757; x_wconf 90' lang='lat' dir='ltr'><strong>dicens:</strong></span> <span class='ocrx_word' id='word_1_474' title='bbox 1249 4721 1272 4752; x_wconf 73' lang='grc' dir='ltr'><strong>ι</strong></span> <span class='ocrx_word' id='word_1_475' title='bbox 1313 4697 1621 4756; x_wconf 75' lang='lat' dir='ltr'><strong>Vivificabit</strong></span> <span class='ocrx_word' id='word_1_476' title='bbox 1666 4714 1766 4754; x_wconf 90' lang='lat' dir='ltr'><strong>nos</strong></span> 
     </span>
    </p>
   </div>
   <div class='ocr_carea' id='block_1_62' title="bbox 188 4788 1757 4862">
    <p class='ocr_par' dir='ltr' id='par_1_62' title="bbox 188 4788 1757 4862">
     <span class='ocr_line' id='line_1_62' title="bbox 188 4788 1757 4862; baseline -0.002 -17"><span class='ocrx_word' id='word_1_477' title='bbox 188 4791 328 4862; x_wconf 89' lang='lat' dir='ltr'><strong>prius</strong></span> <span class='ocrx_word' id='word_1_478' title='bbox 353 4793 489 4852; x_wconf 86' lang='lat' dir='ltr'><strong>duos</strong></span> <span class='ocrx_word' id='word_1_479' title='bbox 519 4794 662 4860; x_wconf 91' lang='lat' dir='ltr'><strong>dies,</strong></span> <span class='ocrx_word' id='word_1_480' title='bbox 694 4793 751 4846; x_wconf 90' lang='lat' dir='ltr'><strong>in</strong></span> <span class='ocrx_word' id='word_1_481' title='bbox 798 4791 887 4847; x_wconf 91' lang='lat' dir='ltr'><strong>die</strong></span> <span class='ocrx_word' id='word_1_482' title='bbox 938 4789 1098 4845; x_wconf 88' lang='lat' dir='ltr'><strong>tertia</strong></span> <span class='ocrx_word' id='word_1_483' title='bbox 1144 4788 1424 4844; x_wconf 89' lang='lat' dir='ltr'><strong>suscitahit</strong></span> <span class='ocrx_word' id='word_1_484' title='bbox 1461 4805 1561 4844; x_wconf 90' lang='lat' dir='ltr'><strong>nos</strong></span> <span class='ocrx_word' id='word_1_485' title='bbox 1605 4789 1757 4856; x_wconf 77' lang='lat' dir='ltr'><strong>(Ose.</strong></span> 
     </span>
    </p>
   </div>
   <div class='ocr_carea' id='block_1_63' title="bbox 193 4877 1768 4956">
    <p class='ocr_par' dir='ltr' id='par_1_63' title="bbox 193 4877 1768 4956">
     <span class='ocr_line' id='line_1_63' title="bbox 193 4877 1768 4956; baseline -0.003 -21"><span class='ocrx_word' id='word_1_486' title='bbox 193 4880 284 4950; x_wconf 82' lang='lat' dir='ltr'><strong>vt).</strong></span> <span class='ocrx_word' id='word_1_487' title='bbox 319 4905 341 4931; x_wconf 73' lang='grc' dir='ltr'><strong>ι</strong></span> <span class='ocrx_word' id='word_1_488' title='bbox 368 4884 507 4940; x_wconf 83' lang='lat' dir='ltr'><strong>Nam</strong></span> <span class='ocrx_word' id='word_1_489' title='bbox 538 4882 774 4956; x_wconf 85' lang='lat' dir='ltr'><strong>qualiter</strong></span> <span class='ocrx_word' id='word_1_490' title='bbox 802 4878 1068 4952; x_wconf 79' lang='lat' dir='ltr'><strong>Dominus</strong></span> <span class='ocrx_word' id='word_1_491' title='bbox 1097 4886 1286 4934; x_wconf 87' lang='lat' dir='ltr'><strong>noster</strong></span> <span class='ocrx_word' id='word_1_492' title='bbox 1313 4879 1473 4934; x_wconf 84' lang='lat' dir='ltr'><strong>Jesus</strong></span> <span class='ocrx_word' id='word_1_493' title='bbox 1518 4877 1768 4933; x_wconf 88' lang='lat' dir='ltr'><strong>Christus</strong></span> 
     </span>
    </p>
   </div>
   <div class='ocr_carea' id='block_1_64' title="bbox 192 4965 1766 5042">
    <p class='ocr_par' dir='ltr' id='par_1_64' title="bbox 192 4965 1766 5042">
     <span class='ocr_line' id='line_1_64' title="bbox 192 4965 1766 5042; baseline -0.001 -18"><span class='ocrx_word' id='word_1_494' title='bbox 192 4983 281 5039; x_wconf 87' lang='lat' dir='ltr'><strong>per</strong></span> <span class='ocrx_word' id='word_1_495' title='bbox 304 4969 688 5029; x_wconf 85' lang='lat' dir='ltr'><strong>humanitatem</strong></span> <span class='ocrx_word' id='word_1_496' title='bbox 719 4984 883 5042; x_wconf 87' lang='lat' dir='ltr'><strong>quam</strong></span> <span class='ocrx_word' id='word_1_497' title='bbox 911 4975 1308 5038; x_wconf 81' lang='lat' dir='ltr'><strong>assumpserat,</strong></span> <span class='ocrx_word' id='word_1_498' title='bbox 1337 4970 1496 5024; x_wconf 88' lang='lat' dir='ltr'><strong>tertia</strong></span> <span class='ocrx_word' id='word_1_499' title='bbox 1535 4965 1625 5022; x_wconf 89' lang='lat' dir='ltr'><strong>die</strong></span> <span class='ocrx_word' id='word_1_500' title='bbox 1675 4982 1766 5022; x_wconf 90' lang='lat' dir='ltr'><strong>re-</strong></span> 
     </span>
    </p>
   </div>
   <div class='ocr_carea' id='block_1_65' title="bbox 197 5055 1766 5130">
    <p class='ocr_par' dir='ltr' id='par_1_65' title="bbox 197 5055 1766 5130">
     <span class='ocr_line' id='line_1_65' title="bbox 197 5055 1766 5130; baseline -0.001 -21"><span class='ocrx_word' id='word_1_501' title='bbox 197 5070 412 5130; x_wconf 85' lang='lat' dir='ltr'><strong>surgens</strong></span> <span class='ocrx_word' id='word_1_502' title='bbox 438 5078 468 5117; x_wconf 81' lang='lat' dir='ltr'><strong>a</strong></span> <span class='ocrx_word' id='word_1_503' title='bbox 497 5059 722 5117; x_wconf 88' lang='lat' dir='ltr'><strong>mortuis</strong></span> <span class='ocrx_word' id='word_1_504' title='bbox 751 5059 807 5112; x_wconf 93' lang='lat' dir='ltr'><strong>in</strong></span> <span class='ocrx_word' id='word_1_505' title='bbox 834 5073 894 5113; x_wconf 92' lang='lat' dir='ltr'><strong>se</strong></span> <span class='ocrx_word' id='word_1_506' title='bbox 925 5072 1026 5113; x_wconf 90' lang='lat' dir='ltr'><strong>nos</strong></span> <span class='ocrx_word' id='word_1_507' title='bbox 1055 5056 1412 5112; x_wconf 81' lang='lat' dir='ltr'><strong>vivificaverit</strong></span> <span class='ocrx_word' id='word_1_508' title='bbox 1442 5063 1496 5112; x_wconf 93' lang='lat' dir='ltr'><strong>et</strong></span> <span class='ocrx_word' id='word_1_509' title='bbox 1539 5055 1766 5112; x_wconf 87' lang='lat' dir='ltr'><strong>suscita-</strong></span> 
     </span>
    </p>
   </div>
   <div class='ocr_carea' id='block_1_66' title="bbox 198 5145 1767 5219">
    <p class='ocr_par' dir='ltr' id='par_1_66' title="bbox 198 5145 1767 5219">
     <span class='ocr_line' id='line_1_66' title="bbox 198 5145 1767 5219; baseline 0.001 -21"><span class='ocrx_word' id='word_1_510' title='bbox 198 5145 341 5216; x_wconf 82' lang='lat' dir='ltr'><strong>verit,</strong></span> <span class='ocrx_word' id='word_1_511' title='bbox 369 5151 673 5207; x_wconf 86' lang='lat' dir='ltr'><strong>audivimus</strong></span> <span class='ocrx_word' id='word_1_512' title='bbox 701 5155 754 5202; x_wconf 92' lang='lat' dir='ltr'><strong>et</strong></span> <span class='ocrx_word' id='word_1_513' title='bbox 782 5145 965 5219; x_wconf 87' lang='lat' dir='ltr'><strong>gavisi</strong></span> <span class='ocrx_word' id='word_1_514' title='bbox 993 5161 1198 5200; x_wconf 90' lang='lat' dir='ltr'><strong>sumus.</strong></span> <span class='ocrx_word' id='word_1_515' title='bbox 1233 5145 1339 5201; x_wconf 91' lang='lat' dir='ltr'><strong>Sed</strong></span> <span class='ocrx_word' id='word_1_516' title='bbox 1361 5145 1586 5218; x_wconf 89' lang='lat' dir='ltr'><strong>dignum</strong></span> <span class='ocrx_word' id='word_1_517' title='bbox 1607 5145 1767 5200; x_wconf 90' lang='lat' dir='ltr'><strong>valde</strong></span> 
     </span>
    </p>
   </div>
   <div class='ocr_carea' id='block_1_67' title="bbox 202 5233 1766 5310">
    <p class='ocr_par' dir='ltr' id='par_1_67' title="bbox 202 5233 1766 5310">
     <span class='ocr_line' id='line_1_67' title="bbox 202 5233 1766 5310; baseline 0.001 -24"><span class='ocrx_word' id='word_1_518' title='bbox 202 5240 275 5287; x_wconf 84' lang='lat' dir='ltr'><strong>est</strong></span> <span class='ocrx_word' id='word_1_519' title='bbox 306 5244 360 5291; x_wconf 91' lang='lat' dir='ltr'><strong>ut</strong></span> <span class='ocrx_word' id='word_1_520' title='bbox 395 5252 872 5310; x_wconf 88' lang='lat' dir='ltr'><strong>recompensemus</strong></span> <span class='ocrx_word' id='word_1_521' title='bbox 936 5234 988 5290; x_wconf 90' lang='lat' dir='ltr'><strong>ei</strong></span> <span class='ocrx_word' id='word_1_522' title='bbox 1051 5233 1375 5291; x_wconf 83' lang='lat' dir='ltr'><strong>beneﬁcium</strong></span> <span class='ocrx_word' id='word_1_523' title='bbox 1441 5251 1598 5290; x_wconf 92' lang='lat' dir='ltr'><strong>suum</strong></span> <span class='ocrx_word' id='word_1_524' title='bbox 1629 5275 1643 5302; x_wconf 97' lang='lat'><strong>,</strong></span> <span class='ocrx_word' id='word_1_525' title='bbox 1712 5241 1766 5289; x_wconf 92' lang='lat' dir='ltr'><strong>et</strong></span> 
     </span>
    </p>
   </div>
   <div class='ocr_carea' id='block_1_68' title="bbox 203 5323 1769 5394">
    <p class='ocr_par' dir='ltr' id='par_1_68' title="bbox 203 5323 1769 5394">
     <span class='ocr_line' id='line_1_68' title="bbox 203 5323 1769 5394; baseline 0.003 -19"><span class='ocrx_word' id='word_1_526' title='bbox 203 5327 642 5391; x_wconf 86' lang='lat' dir='ltr'><strong>quemadmodum</strong></span> <span class='ocrx_word' id='word_1_527' title='bbox 681 5341 784 5382; x_wconf 88' lang='lat' dir='ltr'><strong>nos</strong></span> <span class='ocrx_word' id='word_1_528' title='bbox 822 5323 877 5378; x_wconf 91' lang='lat' dir='ltr'><strong>in</strong></span> <span class='ocrx_word' id='word_1_529' title='bbox 919 5323 1038 5394; x_wconf 90' lang='lat' dir='ltr'><strong>ipso</strong></span> <span class='ocrx_word' id='word_1_530' title='bbox 1095 5323 1254 5379; x_wconf 90' lang='lat' dir='ltr'><strong>tertia</strong></span> <span class='ocrx_word' id='word_1_531' title='bbox 1304 5323 1392 5379; x_wconf 91' lang='lat' dir='ltr'><strong>die</strong></span> <span class='ocrx_word' id='word_1_532' title='bbox 1449 5331 1769 5390; x_wconf 70' lang='lat' dir='ltr'><strong>resurgente</strong></span> 
     </span>
    </p>
   </div>
   <div class='ocr_carea' id='block_1_69' title="bbox 204 5421 1771 5493">
    <p class='ocr_par' dir='ltr' id='par_1_69' title="bbox 204 5421 1771 5493">
     <span class='ocr_line' id='line_1_69' title="bbox 204 5421 1771 5493; baseline 0.002 -21"><span class='ocrx_word' id='word_1_533' title='bbox 204 5427 671 5490; x_wconf 87' lang='lat' dir='ltr'><strong>resurrexerimus,</strong></span> <span class='ocrx_word' id='word_1_534' title='bbox 703 5424 774 5478; x_wconf 91' lang='lat' dir='ltr'><strong>ita</strong></span> <span class='ocrx_word' id='word_1_535' title='bbox 802 5429 856 5478; x_wconf 92' lang='lat' dir='ltr'><strong>et</strong></span> <span class='ocrx_word' id='word_1_536' title='bbox 873 5437 975 5478; x_wconf 90' lang='lat' dir='ltr'><strong>nos</strong></span> <span class='ocrx_word' id='word_1_537' title='bbox 1005 5437 1104 5493; x_wconf 94' lang='lat' dir='ltr'><strong>pro</strong></span> <span class='ocrx_word' id='word_1_538' title='bbox 1136 5421 1257 5492; x_wconf 90' lang='lat' dir='ltr'><strong>ipso</strong></span> <span class='ocrx_word' id='word_1_539' title='bbox 1277 5428 1330 5476; x_wconf 90' lang='lat' dir='ltr'><strong>et</strong></span> <span class='ocrx_word' id='word_1_540' title='bbox 1351 5437 1450 5492; x_wconf 90' lang='lat' dir='ltr'><strong>per</strong></span> <span class='ocrx_word' id='word_1_541' title='bbox 1469 5421 1646 5492; x_wconf 90' lang='lat' dir='ltr'><strong>ipsum</strong></span> <span class='ocrx_word' id='word_1_542' title='bbox 1661 5428 1771 5475; x_wconf 85' lang='lat' dir='ltr'><strong>ter-</strong></span> 
     </span>
    </p>
   </div>
   <div class='ocr_carea' id='block_1_70' title="bbox 207 5504 1774 5588">
    <p class='ocr_par' dir='ltr' id='par_1_70' title="bbox 207 5504 1774 5588">
     <span class='ocr_line' id='line_1_70' title="bbox 207 5504 1774 5588; baseline 0.001 -26"><span class='ocrx_word' id='word_1_543' title='bbox 207 5504 273 5562; x_wconf 89' lang='lat' dir='ltr'><strong>tia</strong></span> <span class='ocrx_word' id='word_1_544' title='bbox 297 5510 378 5568; x_wconf 89' lang='lat' dir='ltr'><strong>die</strong></span> <span class='ocrx_word' id='word_1_545' title='bbox 402 5520 775 5588; x_wconf 87' lang='lat' dir='ltr'><strong>resurgentes,</strong></span> <span class='ocrx_word' id='word_1_546' title='bbox 809 5527 934 5567; x_wconf 91' lang='lat' dir='ltr'><strong>eum</strong></span> <span class='ocrx_word' id='word_1_547' title='bbox 964 5510 1018 5565; x_wconf 88' lang='lat' dir='ltr'><strong>in</strong></span> <span class='ocrx_word' id='word_1_548' title='bbox 1050 5509 1212 5566; x_wconf 89' lang='lat' dir='ltr'><strong>nobis</strong></span> <span class='ocrx_word' id='word_1_549' title='bbox 1257 5526 1557 5583; x_wconf 88' lang='lat' dir='ltr'><strong>resurgere</strong></span> <span class='ocrx_word' id='word_1_550' title='bbox 1605 5508 1774 5566; x_wconf 87' lang='lat' dir='ltr'><strong>facia-</strong></span> 
     </span>
    </p>
   </div>
   <div class='ocr_carea' id='block_1_71' title="bbox 208 5598 1774 5672">
    <p class='ocr_par' dir='ltr' id='par_1_71' title="bbox 208 5598 1774 5672">
     <span class='ocr_line' id='line_1_71' title="bbox 208 5598 1774 5672; baseline 0.004 -24"><span class='ocrx_word' id='word_1_551' title='bbox 208 5609 341 5653; x_wconf 85' lang='lat' dir='ltr'><strong>mus.</strong></span> <span class='ocrx_word' id='word_1_552' title='bbox 385 5603 494 5662; x_wconf 84' lang='lat' dir='ltr'><strong>Nec</strong></span> <span class='ocrx_word' id='word_1_553' title='bbox 532 5601 877 5661; x_wconf 88' lang='lat' dir='ltr'><strong>credendum</strong></span> <span class='ocrx_word' id='word_1_554' title='bbox 913 5608 992 5655; x_wconf 86' lang='lat' dir='ltr'><strong>est</strong></span> <span class='ocrx_word' id='word_1_555' title='bbox 1031 5599 1162 5672; x_wconf 87' lang='lat' dir='ltr'><strong>quin</strong></span> <span class='ocrx_word' id='word_1_556' title='bbox 1198 5615 1232 5655; x_wconf 90' lang='lat' dir='ltr'><strong>a</strong></span> <span class='ocrx_word' id='word_1_557' title='bbox 1282 5599 1440 5655; x_wconf 91' lang='lat' dir='ltr'><strong>nobis</strong></span> <span class='ocrx_word' id='word_1_558' title='bbox 1497 5598 1600 5654; x_wconf 90' lang='lat' dir='ltr'><strong>sibi</strong></span> <span class='ocrx_word' id='word_1_559' title='bbox 1654 5599 1774 5671; x_wconf 91' lang='lat' dir='ltr'><strong>ipse</strong></span> 
     </span>
    </p>
   </div>
   <div class='ocr_carea' id='block_1_72' title="bbox 213 5683 1777 5764">
    <p class='ocr_par' dir='ltr' id='par_1_72' title="bbox 213 5683 1777 5764">
     <span class='ocr_line' id='line_1_72' title="bbox 213 5683 1777 5764; baseline 0.005 -27"><span class='ocrx_word' id='word_1_560' title='bbox 213 5683 328 5742; x_wconf 86' lang='lat' dir='ltr'><strong>velit</strong></span> <span class='ocrx_word' id='word_1_561' title='bbox 353 5693 572 5750; x_wconf 87' lang='lat' dir='ltr'><strong>retribui</strong></span> <span class='ocrx_word' id='word_1_562' title='bbox 601 5690 747 5764; x_wconf 87' lang='lat' dir='ltr'><strong>quod</strong></span> <span class='ocrx_word' id='word_1_563' title='bbox 767 5689 1058 5762; x_wconf 90' lang='lat' dir='ltr'><strong>prioripse</strong></span> <span class='ocrx_word' id='word_1_564' title='bbox 1088 5688 1256 5744; x_wconf 86' lang='lat' dir='ltr'><strong>voluit</strong></span> <span class='ocrx_word' id='word_1_565' title='bbox 1291 5688 1578 5759; x_wconf 77' lang='lat' dir='ltr'><strong>impertiri.</strong></span> <span class='ocrx_word' id='word_1_566' title='bbox 1628 5688 1777 5745; x_wconf 90' lang='lat' dir='ltr'><strong>Sicut</strong></span> 
     </span>
    </p>
   </div>
   <div class='ocr_carea' id='block_1_73' title="bbox 1850 1977 3437 2050">
    <p class='ocr_par' dir='ltr' id='par_1_73' title="bbox 1850 1977 3437 2050">
     <span class='ocr_line' id='line_1_73' title="bbox 1850 1977 3437 2050; baseline 0.003 -21"><span class='ocrx_word' id='word_1_567' title='bbox 1850 1993 1958 2047; x_wconf 91' lang='lat' dir='ltr'><strong>quo</strong></span> <span class='ocrx_word' id='word_1_568' title='bbox 1991 1978 2260 2046; x_wconf 88' lang='lat' dir='ltr'><strong>Propheta</strong></span> <span class='ocrx_word' id='word_1_569' title='bbox 2293 1994 2305 2030; x_wconf 91' lang='lat'><strong>:</strong></span> <span class='ocrx_word' id='word_1_570' title='bbox 2345 2002 2365 2026; x_wconf 76' lang='grc' dir='ltr'><strong>ιι</strong></span> <span class='ocrx_word' id='word_1_571' title='bbox 2403 1979 2545 2050; x_wconf 86' lang='lat' dir='ltr'><strong>Ego,</strong></span> <span class='ocrx_word' id='word_1_572' title='bbox 2579 1977 2774 2048; x_wconf 85' lang='lat' dir='ltr'><strong>inquit,</strong></span> <span class='ocrx_word' id='word_1_573' title='bbox 2805 1994 2925 2032; x_wconf 91' lang='lat' dir='ltr'><strong>sum</strong></span> <span class='ocrx_word' id='word_1_574' title='bbox 2971 1978 3174 2032; x_wconf 79' lang='lat' dir='ltr'><strong>vermis</strong></span> <span class='ocrx_word' id='word_1_575' title='bbox 3222 1987 3274 2033; x_wconf 91' lang='lat' dir='ltr'><strong>et</strong></span> <span class='ocrx_word' id='word_1_576' title='bbox 3321 1996 3437 2034; x_wconf 88' lang='lat' dir='ltr'><strong>non</strong></span> 
     </span>
    </p>
   </div>
   <div class='ocr_carea' id='block_1_74' title="bbox 1851 2065 3440 2136">
    <p class='ocr_par' dir='ltr' id='par_1_74' title="bbox 1851 2065 3440 2136">
     <span class='ocr_line' id='line_1_74' title="bbox 1851 2065 3440 2136; baseline 0.004 -18"><span class='ocrx_word' id='word_1_577' title='bbox 1851 2065 2013 2118; x_wconf 88' lang='lat' dir='ltr'><strong>homo</strong></span> <span class='ocrx_word' id='word_1_578' title='bbox 2043 2066 2221 2135; x_wconf 77' lang='lat' dir='ltr'><strong>(Psal.</strong></span> <span class='ocrx_word' id='word_1_579' title='bbox 2262 2071 2394 2136; x_wconf 84' lang='lat' dir='ltr'><strong>xxi).</strong></span> <span class='ocrx_word' id='word_1_580' title='bbox 2433 2090 2456 2115; x_wconf 78' lang='grc' dir='ltr'><strong>ιι</strong></span> <span class='ocrx_word' id='word_1_581' title='bbox 2489 2067 2593 2122; x_wconf 91' lang='lat' dir='ltr'><strong>Cur</strong></span> <span class='ocrx_word' id='word_1_582' title='bbox 2645 2065 2806 2120; x_wconf 87' lang='lat' dir='ltr'><strong>totius</strong></span> <span class='ocrx_word' id='word_1_583' title='bbox 2856 2066 3118 2120; x_wconf 90' lang='lat' dir='ltr'><strong>Dominus</strong></span> <span class='ocrx_word' id='word_1_584' title='bbox 3171 2076 3440 2124; x_wconf 71' lang='lat' dir='ltr'><strong>creaturae</strong></span> 
     </span>
    </p>
   </div>
   <div class='ocr_carea' id='block_1_75' title="bbox 1853 2154 3437 2224">
    <p class='ocr_par' dir='ltr' id='par_1_75' title="bbox 1853 2154 3437 2224">
     <span class='ocr_line' id='line_1_75' title="bbox 1853 2154 3437 2224; baseline 0.003 -18"><span class='ocrx_word' id='word_1_585' title='bbox 1853 2154 2145 2209; x_wconf 90' lang='lat' dir='ltr'><strong>vermiculo</strong></span> <span class='ocrx_word' id='word_1_586' title='bbox 2175 2171 2234 2210; x_wconf 90' lang='lat' dir='ltr'><strong>se</strong></span> <span class='ocrx_word' id='word_1_587' title='bbox 2265 2155 2494 2210; x_wconf 88' lang='lat' dir='ltr'><strong>voluerit</strong></span> <span class='ocrx_word' id='word_1_588' title='bbox 2522 2154 2830 2224; x_wconf 88' lang='lat' dir='ltr'><strong>comparari</strong></span> <span class='ocrx_word' id='word_1_589' title='bbox 2875 2155 2930 2208; x_wconf 90' lang='lat' dir='ltr'><strong>in</strong></span> <span class='ocrx_word' id='word_1_590' title='bbox 2976 2155 3231 2224; x_wconf 87' lang='lat' dir='ltr'><strong>passione</strong></span> <span class='ocrx_word' id='word_1_591' title='bbox 3280 2166 3333 2211; x_wconf 90' lang='lat' dir='ltr'><strong>et</strong></span> <span class='ocrx_word' id='word_1_592' title='bbox 3381 2157 3437 2212; x_wconf 90' lang='lat' dir='ltr'><strong>in</strong></span> 
     </span>
    </p>
   </div>
   <div class='ocr_carea' id='block_1_76' title="bbox 1855 2251 3444 2323">
    <p class='ocr_par' dir='ltr' id='par_1_76' title="bbox 1855 2251 3444 2323">
     <span class='ocr_line' id='line_1_76' title="bbox 1855 2251 3444 2323; baseline 0.004 -20"><span class='ocrx_word' id='word_1_593' title='bbox 1855 2251 2130 2320; x_wconf 84' lang='lat' dir='ltr'><strong>sepultura</strong></span> <span class='ocrx_word' id='word_1_594' title='bbox 2189 2268 2312 2317; x_wconf 90' lang='lat' dir='ltr'><strong>sua,</strong></span> <span class='ocrx_word' id='word_1_595' title='bbox 2371 2268 2663 2323; x_wconf 90' lang='lat' dir='ltr'><strong>possumus</strong></span> <span class='ocrx_word' id='word_1_596' title='bbox 2720 2251 2822 2306; x_wconf 90' lang='lat' dir='ltr'><strong>hoc</strong></span> <span class='ocrx_word' id='word_1_597' title='bbox 2879 2252 3095 2321; x_wconf 88' lang='lat' dir='ltr'><strong>quidem</strong></span> <span class='ocrx_word' id='word_1_598' title='bbox 3154 2253 3444 2310; x_wconf 89' lang='lat' dir='ltr'><strong>humilitati</strong></span> 
     </span>
    </p>
   </div>
   <div class='ocr_carea' id='block_1_77' title="bbox 1857 2339 3446 2411">
    <p class='ocr_par' dir='ltr' id='par_1_77' title="bbox 1857 2339 3446 2411">
     <span class='ocr_line' id='line_1_77' title="bbox 1857 2339 3446 2411; baseline 0.004 -21"><span class='ocrx_word' id='word_1_599' title='bbox 1857 2339 2105 2408; x_wconf 90' lang='lat' dir='ltr'><strong>primitus</strong></span> <span class='ocrx_word' id='word_1_600' title='bbox 2135 2340 2436 2411; x_wconf 82' lang='lat' dir='ltr'><strong>assignare,</strong></span> <span class='ocrx_word' id='word_1_601' title='bbox 2471 2355 2590 2410; x_wconf 75' lang='lat' dir='ltr'><strong>quae</strong></span> <span class='ocrx_word' id='word_1_602' title='bbox 2613 2348 2928 2393; x_wconf 90' lang='lat' dir='ltr'><strong>sanctorum</strong></span> <span class='ocrx_word' id='word_1_603' title='bbox 2961 2339 3125 2393; x_wconf 86' lang='lat' dir='ltr'><strong>virtus</strong></span> <span class='ocrx_word' id='word_1_604' title='bbox 3155 2345 3239 2394; x_wconf 89' lang='lat' dir='ltr'><strong>est</strong></span> <span class='ocrx_word' id='word_1_605' title='bbox 3271 2341 3446 2396; x_wconf 88' lang='lat' dir='ltr'><strong>maxi-</strong></span> 
     </span>
    </p>
   </div>
   <div class='ocr_carea' id='block_1_78' title="bbox 1859 2428 3448 2499">
    <p class='ocr_par' dir='ltr' id='par_1_78' title="bbox 1859 2428 3448 2499">
     <span class='ocr_line' id='line_1_78' title="bbox 1859 2428 3448 2499; baseline 0.003 -19"><span class='ocrx_word' id='word_1_606' title='bbox 1859 2442 1968 2494; x_wconf 90' lang='lat' dir='ltr'><strong>ma,</strong></span> <span class='ocrx_word' id='word_1_607' title='bbox 2002 2428 2138 2482; x_wconf 91' lang='lat' dir='ltr'><strong>sicut</strong></span> <span class='ocrx_word' id='word_1_608' title='bbox 2171 2436 2396 2483; x_wconf 88' lang='lat' dir='ltr'><strong>sanctus</strong></span> <span class='ocrx_word' id='word_1_609' title='bbox 2418 2429 2630 2499; x_wconf 81' lang='lat' dir='ltr'><strong>Moyses</strong></span> <span class='ocrx_word' id='word_1_610' title='bbox 2653 2432 2778 2481; x_wconf 86' lang='lat' dir='ltr'><strong>ante</strong></span> <span class='ocrx_word' id='word_1_611' title='bbox 2799 2428 2968 2481; x_wconf 93' lang='lat' dir='ltr'><strong>Deum</strong></span> <span class='ocrx_word' id='word_1_612' title='bbox 2991 2428 3192 2482; x_wconf 88' lang='lat' dir='ltr'><strong>animal</strong></span> <span class='ocrx_word' id='word_1_613' title='bbox 3224 2445 3284 2484; x_wconf 93' lang='lat' dir='ltr'><strong>se</strong></span> <span class='ocrx_word' id='word_1_614' title='bbox 3306 2431 3448 2485; x_wconf 80' lang='lat' dir='ltr'><strong>irra-</strong></span> 
     </span>
    </p>
   </div>
   <div class='ocr_carea' id='block_1_79' title="bbox 1859 2523 3454 2596">
    <p class='ocr_par' dir='ltr' id='par_1_79' title="bbox 1859 2523 3454 2596">
     <span class='ocr_line' id='line_1_79' title="bbox 1859 2523 3454 2596; baseline 0.003 -18"><span class='ocrx_word' id='word_1_615' title='bbox 1859 2525 2062 2579; x_wconf 89' lang='lat' dir='ltr'><strong>tionale</strong></span> <span class='ocrx_word' id='word_1_616' title='bbox 2092 2524 2378 2596; x_wconf 83' lang='lat' dir='ltr'><strong>proﬁtetur</strong></span> <span class='ocrx_word' id='word_1_617' title='bbox 2402 2542 2415 2588; x_wconf 86' lang='lat'><strong>;</strong></span> <span class='ocrx_word' id='word_1_618' title='bbox 2442 2525 2612 2579; x_wconf 89' lang='lat' dir='ltr'><strong>David</strong></span> <span class='ocrx_word' id='word_1_619' title='bbox 2646 2541 2704 2578; x_wconf 90' lang='lat' dir='ltr'><strong>se</strong></span> <span class='ocrx_word' id='word_1_620' title='bbox 2735 2523 2967 2594; x_wconf 90' lang='lat' dir='ltr'><strong>pulicem</strong></span> <span class='ocrx_word' id='word_1_621' title='bbox 3017 2541 3163 2594; x_wconf 71' lang='lat' dir='ltr'><strong>saepe</strong></span> <span class='ocrx_word' id='word_1_622' title='bbox 3215 2542 3454 2582; x_wconf 88' lang='lat' dir='ltr'><strong>comme-</strong></span> 
     </span>
    </p>
   </div>
   <div class='ocr_carea' id='block_1_80' title="bbox 1862 2613 3454 2686">
    <p class='ocr_par' dir='ltr' id='par_1_80' title="bbox 1862 2613 3454 2686">
     <span class='ocr_line' id='line_1_80' title="bbox 1862 2613 3454 2686; baseline 0 -15"><span class='ocrx_word' id='word_1_623' title='bbox 1862 2625 2039 2671; x_wconf 90' lang='lat' dir='ltr'><strong>morat</strong></span> <span class='ocrx_word' id='word_1_624' title='bbox 2065 2632 2078 2668; x_wconf 89' lang='lat'><strong>:</strong></span> <span class='ocrx_word' id='word_1_625' title='bbox 2101 2615 2197 2668; x_wconf 89' lang='lat' dir='ltr'><strong>sed</strong></span> <span class='ocrx_word' id='word_1_626' title='bbox 2217 2615 2392 2685; x_wconf 85' lang='lat' dir='ltr'><strong>magis</strong></span> <span class='ocrx_word' id='word_1_627' title='bbox 2420 2614 2552 2668; x_wconf 92' lang='lat' dir='ltr'><strong>illud</strong></span> <span class='ocrx_word' id='word_1_628' title='bbox 2572 2613 2950 2683; x_wconf 87' lang='lat' dir='ltr'><strong>accipiendum</strong></span> <span class='ocrx_word' id='word_1_629' title='bbox 2994 2622 3144 2682; x_wconf 90' lang='lat' dir='ltr'><strong>puto,</strong></span> <span class='ocrx_word' id='word_1_630' title='bbox 3197 2616 3454 2686; x_wconf 87' lang='lat' dir='ltr'><strong>quoniam</strong></span> 
     </span>
    </p>
   </div>
   <div class='ocr_carea' id='block_1_81' title="bbox 1863 2702 3452 2777">
    <p class='ocr_par' dir='ltr' id='par_1_81' title="bbox 1863 2702 3452 2777">
     <span class='ocr_line' id='line_1_81' title="bbox 1863 2702 3452 2777; baseline 0 -17"><span class='ocrx_word' id='word_1_631' title='bbox 1863 2704 2066 2760; x_wconf 89' lang='lat' dir='ltr'><strong>vermis</strong></span> <span class='ocrx_word' id='word_1_632' title='bbox 2087 2704 2238 2758; x_wconf 86' lang='lat' dir='ltr'><strong>nulla</strong></span> <span class='ocrx_word' id='word_1_633' title='bbox 2267 2704 2603 2758; x_wconf 85' lang='lat' dir='ltr'><strong>extrinsecus</strong></span> <span class='ocrx_word' id='word_1_634' title='bbox 2633 2702 2957 2756; x_wconf 88' lang='lat' dir='ltr'><strong>admistione</strong></span> <span class='ocrx_word' id='word_1_635' title='bbox 2986 2702 3148 2756; x_wconf 88' lang='lat' dir='ltr'><strong>alieni</strong></span> <span class='ocrx_word' id='word_1_636' title='bbox 3177 2708 3452 2777; x_wconf 79' lang='lat' dir='ltr'><strong>corporis,</strong></span> 
     </span>
    </p>
   </div>
   <div class='ocr_carea' id='block_1_82' title="bbox 1864 2788 3458 2870">
    <p class='ocr_par' dir='ltr' id='par_1_82' title="bbox 1864 2788 3458 2870">
     <span class='ocr_line' id='line_1_82' title="bbox 1864 2788 3458 2870; baseline 0.001 -14"><span class='ocrx_word' id='word_1_637' title='bbox 1864 2802 1961 2858; x_wconf 84' lang='lat' dir='ltr'><strong>sed</strong></span> <span class='ocrx_word' id='word_1_638' title='bbox 1993 2802 2060 2857; x_wconf 91' lang='lat' dir='ltr'><strong>de</strong></span> <span class='ocrx_word' id='word_1_639' title='bbox 2091 2799 2208 2856; x_wconf 89' lang='lat' dir='ltr'><strong>sola</strong></span> <span class='ocrx_word' id='word_1_640' title='bbox 2239 2808 2291 2855; x_wconf 92' lang='lat' dir='ltr'><strong>et</strong></span> <span class='ocrx_word' id='word_1_641' title='bbox 2346 2816 2482 2870; x_wconf 90' lang='lat' dir='ltr'><strong>pura</strong></span> <span class='ocrx_word' id='word_1_642' title='bbox 2515 2808 2663 2854; x_wconf 90' lang='lat' dir='ltr'><strong>terra</strong></span> <span class='ocrx_word' id='word_1_643' title='bbox 2709 2807 3036 2870; x_wconf 90' lang='lat' dir='ltr'><strong>procreatur</strong></span> <span class='ocrx_word' id='word_1_644' title='bbox 3067 2817 3080 2854; x_wconf 92' lang='lat'>:</span> <span class='ocrx_word' id='word_1_645' title='bbox 3126 2799 3252 2856; x_wconf 92' lang='lat' dir='ltr'><strong>ideo</strong></span> <span class='ocrx_word' id='word_1_646' title='bbox 3299 2788 3458 2858; x_wconf 78' lang='lat' dir='ltr'><strong>illum</strong></span> 
     </span>
    </p>
   </div>
   <div class='ocr_carea' id='block_1_83' title="bbox 1865 2887 3457 2960">
    <p class='ocr_par' dir='ltr' id='par_1_83' title="bbox 1865 2887 3457 2960">
     <span class='ocr_line' id='line_1_83' title="bbox 1865 2887 3457 2960; baseline 0.001 -14"><span class='ocrx_word' id='word_1_647' title='bbox 1865 2898 2232 2960; x_wconf 86' lang='lat' dir='ltr'><strong>comparatum</strong></span> <span class='ocrx_word' id='word_1_648' title='bbox 2267 2888 2516 2954; x_wconf 90' lang='lat' dir='ltr'><strong>Domino,</strong></span> <span class='ocrx_word' id='word_1_649' title='bbox 2550 2887 2805 2960; x_wconf 90' lang='lat' dir='ltr'><strong>quoniam</strong></span> <span class='ocrx_word' id='word_1_650' title='bbox 2837 2896 2890 2943; x_wconf 91' lang='lat' dir='ltr'><strong>et</strong></span> <span class='ocrx_word' id='word_1_651' title='bbox 2928 2887 3047 2958; x_wconf 89' lang='lat' dir='ltr'><strong>ipse</strong></span> <span class='ocrx_word' id='word_1_652' title='bbox 3096 2889 3345 2949; x_wconf 87' lang='lat' dir='ltr'><strong>Salvator</strong></span> <span class='ocrx_word' id='word_1_653' title='bbox 3387 2892 3457 2948; x_wconf 87' lang='lat' dir='ltr'><strong>de</strong></span> 
     </span>
    </p>
   </div>
   <div class='ocr_carea' id='block_1_84' title="bbox 1867 2977 2764 3050">
    <p class='ocr_par' dir='ltr' id='par_1_84' title="bbox 1867 2977 2764 3050">
     <span class='ocr_line' id='line_1_84' title="bbox 1867 2977 2764 3050; baseline -0.002 -16"><span class='ocrx_word' id='word_1_654' title='bbox 1867 2980 1984 3036; x_wconf 91' lang='lat' dir='ltr'><strong>sola</strong></span> <span class='ocrx_word' id='word_1_655' title='bbox 2015 2987 2067 3034; x_wconf 90' lang='lat' dir='ltr'><strong>et</strong></span> <span class='ocrx_word' id='word_1_656' title='bbox 2095 2995 2230 3050; x_wconf 89' lang='lat' dir='ltr'><strong>pura</strong></span> <span class='ocrx_word' id='word_1_657' title='bbox 2251 2977 2416 3032; x_wconf 78' lang='lat' dir='ltr'><strong>Maria</strong></span> <span class='ocrx_word' id='word_1_658' title='bbox 2444 2986 2764 3049; x_wconf 88' lang='lat' dir='ltr'><strong>generatur.</strong></span> 
     </span>
    </p>
   </div>
   <div class='ocr_carea' id='block_1_85' title="bbox 1938 3100 3459 3176">
    <p class='ocr_par' dir='ltr' id='par_1_85' title="bbox 1938 3100 3459 3176">
     <span class='ocr_line' id='line_1_85' title="bbox 1938 3100 3459 3176; baseline 0.002 -19"><span class='ocrx_word' id='word_1_659' title='bbox 1938 3102 2196 3176; x_wconf 89' lang='lat' dir='ltr'><strong>Legimus</strong></span> <span class='ocrx_word' id='word_1_660' title='bbox 2226 3110 2279 3157; x_wconf 90' lang='lat' dir='ltr'><strong>et</strong></span> <span class='ocrx_word' id='word_1_661' title='bbox 2307 3100 2361 3155; x_wconf 91' lang='lat' dir='ltr'><strong>in</strong></span> <span class='ocrx_word' id='word_1_662' title='bbox 2395 3100 2550 3155; x_wconf 89' lang='lat' dir='ltr'><strong>libris</strong></span> <span class='ocrx_word' id='word_1_663' title='bbox 2582 3101 2754 3172; x_wconf 87' lang='lat' dir='ltr'><strong>Moysi</strong></span> <span class='ocrx_word' id='word_1_664' title='bbox 2784 3101 2852 3156; x_wconf 92' lang='lat' dir='ltr'><strong>de</strong></span> <span class='ocrx_word' id='word_1_665' title='bbox 2882 3118 3081 3158; x_wconf 90' lang='lat' dir='ltr'><strong>manna</strong></span> <span class='ocrx_word' id='word_1_666' title='bbox 3129 3103 3459 3160; x_wconf 89' lang='lat' dir='ltr'><strong>vermiculos</strong></span> 
     </span>
    </p>
   </div>
   <div class='ocr_carea' id='block_1_86' title="bbox 1787 3198 3459 3284">
    <p class='ocr_par' dir='ltr' id='par_1_86' title="bbox 1787 3198 3459 3284">
     <span class='ocr_line' id='line_1_86' title="bbox 1787 3198 3459 3284; baseline 0.002 -29"><span class='ocrx_word' id='word_1_667' title='bbox 1787 3220 1837 3284; x_wconf 70' lang='grc' dir='ltr'>ο</span> <span class='ocrx_word' id='word_1_668' title='bbox 1869 3209 2191 3271; x_wconf 88' lang='lat' dir='ltr'><strong>procreatos</strong></span> <span class='ocrx_word' id='word_1_669' title='bbox 2221 3198 2423 3271; x_wconf 76' lang='lat' dir='ltr'><strong>(Exod.</strong></span> <span class='ocrx_word' id='word_1_670' title='bbox 2457 3200 2590 3269; x_wconf 83' lang='lat' dir='ltr'><strong>xvi).</strong></span> <span class='ocrx_word' id='word_1_671' title='bbox 2622 3199 2801 3272; x_wconf 88' lang='lat' dir='ltr'><strong>Digna</strong></span> <span class='ocrx_word' id='word_1_672' title='bbox 2832 3199 2990 3271; x_wconf 91' lang='lat' dir='ltr'><strong>plane</strong></span> <span class='ocrx_word' id='word_1_673' title='bbox 3021 3208 3071 3255; x_wconf 90' lang='lat' dir='ltr'><strong>et</strong></span> <span class='ocrx_word' id='word_1_674' title='bbox 3111 3201 3259 3270; x_wconf 88' lang='lat' dir='ltr'><strong>justa</strong></span> <span class='ocrx_word' id='word_1_675' title='bbox 3306 3217 3459 3258; x_wconf 89' lang='lat' dir='ltr'><strong>com-</strong></span> 
     </span>
    </p>
   </div>
   <div class='ocr_carea' id='block_1_87' title="bbox 1864 3288 3458 3361">
    <p class='ocr_par' dir='ltr' id='par_1_87' title="bbox 1864 3288 3458 3361">
     <span class='ocr_line' id='line_1_87' title="bbox 1864 3288 3458 3361; baseline 0.004 -18"><span class='ocrx_word' id='word_1_676' title='bbox 1864 3290 2098 3361; x_wconf 87' lang='lat' dir='ltr'><strong>paratio.</strong></span> <span class='ocrx_word' id='word_1_677' title='bbox 2134 3288 2418 3360; x_wconf 85' lang='lat' dir='ltr'><strong>Siquidem</strong></span> <span class='ocrx_word' id='word_1_678' title='bbox 2453 3288 2520 3343; x_wconf 93' lang='lat' dir='ltr'><strong>de</strong></span> <span class='ocrx_word' id='word_1_679' title='bbox 2551 3304 2752 3342; x_wconf 89' lang='lat' dir='ltr'><strong>manna</strong></span> <span class='ocrx_word' id='word_1_680' title='bbox 2784 3289 3111 3344; x_wconf 89' lang='lat' dir='ltr'><strong>vermiculus</strong></span> <span class='ocrx_word' id='word_1_681' title='bbox 3143 3290 3386 3346; x_wconf 91' lang='lat' dir='ltr'><strong>nascitur</strong></span> <span class='ocrx_word' id='word_1_682' title='bbox 3404 3300 3458 3349; x_wconf 90' lang='lat' dir='ltr'><strong>et</strong></span> 
     </span>
    </p>
   </div>
   <div class='ocr_carea' id='block_1_88' title="bbox 1866 3375 3455 3450">
    <p class='ocr_par' dir='ltr' id='par_1_88' title="bbox 1866 3375 3455 3450">
     <span class='ocr_line' id='line_1_88' title="bbox 1866 3375 3455 3450; baseline 0 -18"><span class='ocrx_word' id='word_1_683' title='bbox 1866 3379 2130 3432; x_wconf 85' lang='lat' dir='ltr'><strong>Dominus</strong></span> <span class='ocrx_word' id='word_1_684' title='bbox 2161 3376 2409 3432; x_wconf 87' lang='lat' dir='ltr'><strong>Christus</strong></span> <span class='ocrx_word' id='word_1_685' title='bbox 2439 3376 2509 3432; x_wconf 91' lang='lat' dir='ltr'><strong>de</strong></span> <span class='ocrx_word' id='word_1_686' title='bbox 2540 3375 2761 3448; x_wconf 83' lang='lat' dir='ltr'><strong>Virgine</strong></span> <span class='ocrx_word' id='word_1_687' title='bbox 2793 3385 3142 3448; x_wconf 87' lang='lat' dir='ltr'><strong>procreatur;</strong></span> <span class='ocrx_word' id='word_1_688' title='bbox 3181 3377 3309 3449; x_wconf 90' lang='lat' dir='ltr'><strong>quin</strong></span> <span class='ocrx_word' id='word_1_689' title='bbox 3357 3396 3455 3450; x_wconf 86' lang='lat' dir='ltr'><strong>p0-</strong></span> 
     </span>
    </p>
   </div>
   <div class='ocr_carea' id='block_1_89' title="bbox 1866 3473 3452 3546">
    <p class='ocr_par' dir='ltr' id='par_1_89' title="bbox 1866 3473 3452 3546">
     <span class='ocr_line' id='line_1_89' title="bbox 1866 3473 3452 3546; baseline 0.001 -16"><span class='ocrx_word' id='word_1_690' title='bbox 1866 3475 2157 3545; x_wconf 89' lang='lat' dir='ltr'><strong>tiusipsam</strong></span> <span class='ocrx_word' id='word_1_691' title='bbox 2178 3473 2402 3528; x_wconf 84' lang='lat' dir='ltr'><strong>Mariam</strong></span> <span class='ocrx_word' id='word_1_692' title='bbox 2428 3489 2679 3528; x_wconf 90' lang='lat' dir='ltr'><strong>mannam</strong></span> <span class='ocrx_word' id='word_1_693' title='bbox 2702 3474 2952 3539; x_wconf 84' lang='lat' dir='ltr'><strong>dixerim,</strong></span> <span class='ocrx_word' id='word_1_694' title='bbox 2978 3475 3105 3546; x_wconf 90' lang='lat' dir='ltr'><strong>quia</strong></span> <span class='ocrx_word' id='word_1_695' title='bbox 3123 3483 3202 3530; x_wconf 89' lang='lat' dir='ltr'><strong>est</strong></span> <span class='ocrx_word' id='word_1_696' title='bbox 3221 3476 3452 3544; x_wconf 85' lang='lat' dir='ltr'><strong>subtilis,</strong></span> 
     </span>
    </p>
   </div>
   <div class='ocr_carea' id='block_1_90' title="bbox 1866 3562 3458 3634">
    <p class='ocr_par' dir='ltr' id='par_1_90' title="bbox 1866 3562 3458 3634">
     <span class='ocr_line' id='line_1_90' title="bbox 1866 3562 3458 3634; baseline 0.002 -16"><span class='ocrx_word' id='word_1_697' title='bbox 1866 3563 2170 3634; x_wconf 86' lang='lat' dir='ltr'><strong>splendida,</strong></span> <span class='ocrx_word' id='word_1_698' title='bbox 2205 3563 2390 3617; x_wconf 86' lang='lat' dir='ltr'><strong>suavis</strong></span> <span class='ocrx_word' id='word_1_699' title='bbox 2421 3571 2472 3618; x_wconf 90' lang='lat' dir='ltr'><strong>et</strong></span> <span class='ocrx_word' id='word_1_700' title='bbox 2500 3567 2677 3634; x_wconf 87' lang='lat' dir='ltr'><strong>virgo.</strong></span> <span class='ocrx_word' id='word_1_701' title='bbox 2735 3562 2867 3630; x_wconf 64' lang='lat' dir='ltr'><strong>Quae</strong></span> <span class='ocrx_word' id='word_1_702' title='bbox 2907 3563 3054 3617; x_wconf 90' lang='lat' dir='ltr'><strong>velut</strong></span> <span class='ocrx_word' id='word_1_703' title='bbox 3098 3563 3311 3619; x_wconf 76' lang='lat' dir='ltr'><strong>caelitus</strong></span> <span class='ocrx_word' id='word_1_704' title='bbox 3355 3582 3458 3621; x_wconf 81' lang='lat' dir='ltr'><strong>ve-</strong></span> 
     </span>
    </p>
   </div>
   <div class='ocr_carea' id='block_1_91' title="bbox 1864 3651 3458 3722">
    <p class='ocr_par' dir='ltr' id='par_1_91' title="bbox 1864 3651 3458 3722">
     <span class='ocr_line' id='line_1_91' title="bbox 1864 3651 3458 3722; baseline 0.003 -16"><span class='ocrx_word' id='word_1_705' title='bbox 1864 3652 2040 3717; x_wconf 82' lang='lat' dir='ltr'><strong>aiens,</strong></span> <span class='ocrx_word' id='word_1_706' title='bbox 2075 3651 2282 3707; x_wconf 90' lang='lat' dir='ltr'><strong>cunctis</strong></span> <span class='ocrx_word' id='word_1_707' title='bbox 2312 3651 2686 3706; x_wconf 90' lang='lat' dir='ltr'><strong>Ecclesiarum</strong></span> <span class='ocrx_word' id='word_1_708' title='bbox 2716 3651 2926 3722; x_wconf 89' lang='lat' dir='ltr'><strong>poculis</strong></span> <span class='ocrx_word' id='word_1_709' title='bbox 2955 3651 3137 3708; x_wconf 89' lang='lat' dir='ltr'><strong>cibum</strong></span> <span class='ocrx_word' id='word_1_710' title='bbox 3159 3653 3458 3710; x_wconf 88' lang='lat' dir='ltr'><strong>dulciorem</strong></span> 
     </span>
    </p>
   </div>
   <div class='ocr_carea' id='block_1_92' title="bbox 1866 3748 3460 3823">
    <p class='ocr_par' dir='ltr' id='par_1_92' title="bbox 1866 3748 3460 3823">
     <span class='ocr_line' id='line_1_92' title="bbox 1866 3748 3460 3823; baseline 0.003 -20"><span class='ocrx_word' id='word_1_711' title='bbox 1866 3766 1953 3804; x_wconf 90' lang='lat' dir='ltr'><strong>me</strong></span> <span class='ocrx_word' id='word_1_712' title='bbox 1980 3749 2029 3804; x_wconf 91' lang='lat' dir='ltr'><strong>le</strong></span> <span class='ocrx_word' id='word_1_713' title='bbox 2059 3749 2306 3804; x_wconf 84' lang='lat' dir='ltr'><strong>defluxit.</strong></span> <span class='ocrx_word' id='word_1_714' title='bbox 2348 3748 2454 3817; x_wconf 87' lang='lat' dir='ltr'><strong>Qui</strong></span> <span class='ocrx_word' id='word_1_715' title='bbox 2484 3749 2638 3805; x_wconf 90' lang='lat' dir='ltr'><strong>cibus</strong></span> <span class='ocrx_word' id='word_1_716' title='bbox 2669 3758 2789 3804; x_wconf 87' lang='lat' dir='ltr'><strong>erat</strong></span> <span class='ocrx_word' id='word_1_717' title='bbox 2818 3749 3082 3816; x_wconf 87' lang='lat' dir='ltr'><strong>Christus,</strong></span> <span class='ocrx_word' id='word_1_718' title='bbox 3116 3751 3209 3822; x_wconf 91' lang='lat' dir='ltr'><strong>qui</strong></span> <span class='ocrx_word' id='word_1_719' title='bbox 3239 3751 3292 3805; x_wconf 91' lang='lat' dir='ltr'><strong>in</strong></span> <span class='ocrx_word' id='word_1_720' title='bbox 3332 3769 3460 3823; x_wconf 80' lang='lat' dir='ltr'><strong>pas-</strong></span> 
     </span>
    </p>
   </div>
   <div class='ocr_carea' id='block_1_93' title="bbox 1867 3837 3462 3909">
    <p class='ocr_par' dir='ltr' id='par_1_93' title="bbox 1867 3837 3462 3909">
     <span class='ocr_line' id='line_1_93' title="bbox 1867 3837 3462 3909; baseline 0.004 -17"><span class='ocrx_word' id='word_1_721' title='bbox 1867 3838 2021 3894; x_wconf 89' lang='lat' dir='ltr'><strong>sione</strong></span> <span class='ocrx_word' id='word_1_722' title='bbox 2050 3837 2120 3892; x_wconf 88' lang='lat' dir='ltr'><strong>ita</strong></span> <span class='ocrx_word' id='word_1_723' title='bbox 2150 3837 2458 3908; x_wconf 87' lang='lat' dir='ltr'><strong>opprobriis</strong></span> <span class='ocrx_word' id='word_1_724' title='bbox 2488 3838 2768 3907; x_wconf 89' lang='lat' dir='ltr'><strong>decoctus,</strong></span> <span class='ocrx_word' id='word_1_725' title='bbox 2803 3837 2955 3909; x_wconf 80' lang='lat' dir='ltr'><strong>quasi</strong></span> <span class='ocrx_word' id='word_1_726' title='bbox 2984 3839 3039 3892; x_wconf 93' lang='lat' dir='ltr'><strong>in</strong></span> <span class='ocrx_word' id='word_1_727' title='bbox 3086 3855 3326 3895; x_wconf 87' lang='lat' dir='ltr'><strong>vermem</strong></span> <span class='ocrx_word' id='word_1_728' title='bbox 3376 3850 3462 3898; x_wconf 92' lang='lat' dir='ltr'><strong>est</strong></span> 
     </span>
    </p>
   </div>
   <div class='ocr_carea' id='block_1_94' title="bbox 1866 3926 3447 3987">
    <p class='ocr_par' dir='ltr' id='par_1_94' title="bbox 1866 3926 3447 3987">
     <span class='ocr_line' id='line_1_94' title="bbox 1866 3926 3447 3987; baseline 0.004 -7"><span class='ocrx_word' id='word_1_729' title='bbox 1866 3927 2145 3983; x_wconf 89' lang='lat' dir='ltr'><strong>redactus.</strong></span> <span class='ocrx_word' id='word_1_730' title='bbox 2185 3927 2293 3982; x_wconf 91' lang='lat' dir='ltr'><strong>Sed</strong></span> <span class='ocrx_word' id='word_1_731' title='bbox 2324 3941 2470 3983; x_wconf 90' lang='lat' dir='ltr'><strong>nunc</strong></span> <span class='ocrx_word' id='word_1_732' title='bbox 2517 3926 2584 3980; x_wconf 81' lang='lat' dir='ltr'><strong>ad</strong></span> <span class='ocrx_word' id='word_1_733' title='bbox 2633 3926 2909 3982; x_wconf 90' lang='lat' dir='ltr'><strong>historiam</strong></span> <span class='ocrx_word' id='word_1_734' title='bbox 2956 3926 3243 3982; x_wconf 88' lang='lat' dir='ltr'><strong>redeamus</strong></span> <span class='ocrx_word' id='word_1_735' title='bbox 3301 3931 3447 3987; x_wconf 88' lang='lat' dir='ltr'><strong>avis.</strong></span> 
     </span>
    </p>
   </div>
   <div class='ocr_carea' id='block_1_95' title="bbox 1866 4027 3460 4099">
    <p class='ocr_par' dir='ltr' id='par_1_95' title="bbox 1866 4027 3460 4099">
     <span class='ocr_line' id='line_1_95' title="bbox 1866 4027 3460 4099; baseline 0.003 -17"><span class='ocrx_word' id='word_1_736' title='bbox 1866 4027 2161 4099; x_wconf 85' lang='lat' dir='ltr'><strong>Quingenti</strong></span> <span class='ocrx_word' id='word_1_737' title='bbox 2190 4028 2370 4097; x_wconf 87' lang='lat' dir='ltr'><strong>itaque</strong></span> <span class='ocrx_word' id='word_1_738' title='bbox 2400 4027 2445 4082; x_wconf 90' lang='lat' dir='ltr'><strong>si</strong></span> <span class='ocrx_word' id='word_1_739' title='bbox 2475 4044 2574 4098; x_wconf 91' lang='lat' dir='ltr'><strong>per</strong></span> <span class='ocrx_word' id='word_1_740' title='bbox 2621 4027 2887 4083; x_wconf 89' lang='lat' dir='ltr'><strong>decenum</strong></span> <span class='ocrx_word' id='word_1_741' title='bbox 2936 4027 3373 4098; x_wconf 88' lang='lat' dir='ltr'><strong>multiplicantur,</strong></span> <span class='ocrx_word' id='word_1_742' title='bbox 3425 4049 3460 4087; x_wconf 92' lang='lat' dir='ltr'><strong>v</strong></span> 
     </span>
    </p>
   </div>
   <div class='ocr_carea' id='block_1_96' title="bbox 1865 4115 3455 4190">
    <p class='ocr_par' dir='ltr' id='par_1_96' title="bbox 1865 4115 3455 4190">
     <span class='ocr_line' id='line_1_96' title="bbox 1865 4115 3455 4190; baseline 0.003 -20"><span class='ocrx_word' id='word_1_743' title='bbox 1865 4117 2033 4170; x_wconf 90' lang='lat' dir='ltr'><strong>millia</strong></span> <span class='ocrx_word' id='word_1_744' title='bbox 2064 4116 2291 4171; x_wconf 83' lang='lat' dir='ltr'><strong>faciunt.</strong></span> <span class='ocrx_word' id='word_1_745' title='bbox 2334 4115 2572 4171; x_wconf 87' lang='lat' dir='ltr'><strong>Fuerunt</strong></span> <span class='ocrx_word' id='word_1_746' title='bbox 2611 4125 2793 4171; x_wconf 89' lang='lat' dir='ltr'><strong>autem</strong></span> <span class='ocrx_word' id='word_1_747' title='bbox 2827 4117 2896 4170; x_wconf 90' lang='lat' dir='ltr'><strong>ab</strong></span> <span class='ocrx_word' id='word_1_748' title='bbox 2936 4116 3115 4171; x_wconf 83' lang='lat' dir='ltr'><strong>Adam</strong></span> <span class='ocrx_word' id='word_1_749' title='bbox 3154 4134 3326 4190; x_wconf 90' lang='lat' dir='ltr'><strong>usque</strong></span> <span class='ocrx_word' id='word_1_750' title='bbox 3383 4121 3455 4175; x_wconf 89' lang='lat' dir='ltr'><strong>ad</strong></span> 
     </span>
    </p>
   </div>
   <div class='ocr_carea' id='block_1_97' title="bbox 1866 4204 3454 4282">
    <p class='ocr_par' dir='ltr' id='par_1_97' title="bbox 1866 4204 3454 4282">
     <span class='ocr_line' id='line_1_97' title="bbox 1866 4204 3454 4282; baseline 0.003 -21"><span class='ocrx_word' id='word_1_751' title='bbox 1866 4207 2136 4261; x_wconf 89' lang='lat' dir='ltr'><strong>Christum</strong></span> <span class='ocrx_word' id='word_1_752' title='bbox 2170 4222 2202 4260; x_wconf 94' lang='lat' dir='ltr'><strong>v</strong></span> <span class='ocrx_word' id='word_1_753' title='bbox 2233 4205 2400 4258; x_wconf 88' lang='lat' dir='ltr'><strong>millia</strong></span> <span class='ocrx_word' id='word_1_754' title='bbox 2429 4221 2720 4260; x_wconf 84' lang='lat' dir='ltr'><strong>annorum.</strong></span> <span class='ocrx_word' id='word_1_755' title='bbox 2785 4204 2904 4275; x_wconf 92' lang='lat' dir='ltr'><strong>Quo</strong></span> <span class='ocrx_word' id='word_1_756' title='bbox 2963 4205 3127 4277; x_wconf 83' lang='lat' dir='ltr'><strong>longo</strong></span> <span class='ocrx_word' id='word_1_757' title='bbox 3185 4215 3454 4282; x_wconf 87' lang='lat' dir='ltr'><strong>tempore,</strong></span> 
     </span>
    </p>
   </div>
   <div class='ocr_carea' id='block_1_98' title="bbox 1865 4302 3456 4377">
    <p class='ocr_par' dir='ltr' id='par_1_98' title="bbox 1865 4302 3456 4377">
     <span class='ocr_line' id='line_1_98' title="bbox 1865 4302 3456 4377; baseline 0.003 -18"><span class='ocrx_word' id='word_1_758' title='bbox 1865 4319 1984 4359; x_wconf 92' lang='lat' dir='ltr'><strong>cum</strong></span> <span class='ocrx_word' id='word_1_759' title='bbox 2017 4318 2115 4371; x_wconf 89' lang='lat' dir='ltr'><strong>per</strong></span> <span class='ocrx_word' id='word_1_760' title='bbox 2143 4302 2653 4372; x_wconf 75' lang='lat' dir='ltr'><strong>praevaricationem</strong></span> <span class='ocrx_word' id='word_1_761' title='bbox 2683 4302 2814 4357; x_wconf 73' lang='lat' dir='ltr'><strong>Adze</strong></span> <span class='ocrx_word' id='word_1_762' title='bbox 2836 4319 2974 4373; x_wconf 88' lang='lat' dir='ltr'><strong>pene</strong></span> <span class='ocrx_word' id='word_1_763' title='bbox 2999 4303 3233 4358; x_wconf 91' lang='lat' dir='ltr'><strong>mundus</strong></span> <span class='ocrx_word' id='word_1_764' title='bbox 3257 4305 3456 4377; x_wconf 87' lang='lat' dir='ltr'><strong>deper-</strong></span> 
     </span>
    </p>
   </div>
   <div class='ocr_carea' id='block_1_99' title="bbox 1865 4389 3459 4465">
    <p class='ocr_par' dir='ltr' id='par_1_99' title="bbox 1865 4389 3459 4465">
     <span class='ocr_line' id='line_1_99' title="bbox 1865 4389 3459 4465; baseline 0.005 -21"><span class='ocrx_word' id='word_1_765' title='bbox 1865 4391 1968 4445; x_wconf 88' lang='lat' dir='ltr'><strong>iret</strong></span> <span class='ocrx_word' id='word_1_766' title='bbox 1998 4395 2160 4455; x_wconf 87' lang='lat' dir='ltr'><strong>totus,</strong></span> <span class='ocrx_word' id='word_1_767' title='bbox 2202 4389 2271 4445; x_wconf 90' lang='lat' dir='ltr'><strong>de</strong></span> <span class='ocrx_word' id='word_1_768' title='bbox 2321 4390 2548 4462; x_wconf 88' lang='lat' dir='ltr'><strong>Virgine</strong></span> <span class='ocrx_word' id='word_1_769' title='bbox 2597 4390 2840 4446; x_wconf 86' lang='lat' dir='ltr'><strong>nascitur</strong></span> <span class='ocrx_word' id='word_1_770' title='bbox 2894 4390 3141 4446; x_wconf 88' lang='lat' dir='ltr'><strong>Christus</strong></span> <span class='ocrx_word' id='word_1_771' title='bbox 3187 4394 3279 4465; x_wconf 89' lang='lat' dir='ltr'><strong>qui</strong></span> <span class='ocrx_word' id='word_1_772' title='bbox 3329 4395 3459 4452; x_wconf 90' lang='lat' dir='ltr'><strong>dum</strong></span> 
     </span>
    </p>
   </div>
   <div class='ocr_carea' id='block_1_100' title="bbox 1866 4478 3455 4553">
    <p class='ocr_par' dir='ltr' id='par_1_100' title="bbox 1866 4478 3455 4553">
     <span class='ocr_line' id='line_1_100' title="bbox 1866 4478 3455 4553; baseline -0.001 -19"><span class='ocrx_word' id='word_1_773' title='bbox 1866 4479 2084 4534; x_wconf 89' lang='lat' dir='ltr'><strong>duabus</strong></span> <span class='ocrx_word' id='word_1_774' title='bbox 2114 4478 2231 4543; x_wconf 90' lang='lat' dir='ltr'><strong>alis,</strong></span> <span class='ocrx_word' id='word_1_775' title='bbox 2261 4478 2359 4533; x_wconf 88' lang='lat' dir='ltr'><strong>Dei</strong></span> <span class='ocrx_word' id='word_1_776' title='bbox 2391 4479 2598 4534; x_wconf 90' lang='lat' dir='ltr'><strong>scilicet</strong></span> <span class='ocrx_word' id='word_1_777' title='bbox 2624 4479 2913 4535; x_wconf 88' lang='lat' dir='ltr'><strong>dilectione</strong></span> <span class='ocrx_word' id='word_1_778' title='bbox 2943 4495 3008 4536; x_wconf 91' lang='lat' dir='ltr'><strong>ac</strong></span> <span class='ocrx_word' id='word_1_779' title='bbox 3038 4481 3292 4553; x_wconf 86' lang='lat' dir='ltr'><strong>proximi,</strong></span> <span class='ocrx_word' id='word_1_780' title='bbox 3338 4489 3455 4544; x_wconf 91' lang='lat' dir='ltr'><strong>col-</strong></span> 
     </span>
    </p>
   </div>
   <div class='ocr_carea' id='block_1_101' title="bbox 1788 4577 3459 4657">
    <p class='ocr_par' dir='ltr' id='par_1_101' title="bbox 1788 4577 3459 4657">
     <span class='ocr_line' id='line_1_101' title="bbox 1788 4577 3459 4657; baseline -0.001 -25"><span class='ocrx_word' id='word_1_781' title='bbox 1788 4581 1838 4640; x_wconf 91' lang='lat' dir='ltr'><strong>D</strong></span> <span class='ocrx_word' id='word_1_782' title='bbox 1870 4577 2324 4649; x_wconf 84' lang='lat' dir='ltr'><strong>legissetdiversa</strong></span> <span class='ocrx_word' id='word_1_783' title='bbox 2339 4584 2581 4631; x_wconf 85' lang='lat' dir='ltr'><strong>aromata</strong></span> <span class='ocrx_word' id='word_1_784' title='bbox 2600 4586 2912 4632; x_wconf 89' lang='lat' dir='ltr'><strong>sanctarum</strong></span> <span class='ocrx_word' id='word_1_785' title='bbox 2933 4579 3203 4648; x_wconf 89' lang='lat' dir='ltr'><strong>virtutum,</strong></span> <span class='ocrx_word' id='word_1_786' title='bbox 3226 4599 3459 4657; x_wconf 84' lang='lat' dir='ltr'><strong>compo-</strong></span> 
     </span>
    </p>
   </div>
   <div class='ocr_carea' id='block_1_102' title="bbox 1872 4665 3456 4741">
    <p class='ocr_par' dir='ltr' id='par_1_102' title="bbox 1872 4665 3456 4741">
     <span class='ocr_line' id='line_1_102' title="bbox 1872 4665 3456 4741; baseline 0.001 -19"><span class='ocrx_word' id='word_1_787' title='bbox 1872 4669 1975 4722; x_wconf 91' lang='lat' dir='ltr'><strong>suit</strong></span> <span class='ocrx_word' id='word_1_788' title='bbox 2004 4667 2111 4721; x_wconf 91' lang='lat' dir='ltr'><strong>sibi</strong></span> <span class='ocrx_word' id='word_1_789' title='bbox 2137 4680 2207 4720; x_wconf 79' lang='lat' dir='ltr'><strong>ex</strong></span> <span class='ocrx_word' id='word_1_790' title='bbox 2239 4665 2318 4720; x_wconf 90' lang='lat' dir='ltr'><strong>eis</strong></span> <span class='ocrx_word' id='word_1_791' title='bbox 2336 4665 2386 4718; x_wconf 91' lang='lat' dir='ltr'><strong>in</strong></span> <span class='ocrx_word' id='word_1_792' title='bbox 2408 4665 2666 4720; x_wconf 89' lang='lat' dir='ltr'><strong>cordibus</strong></span> <span class='ocrx_word' id='word_1_793' title='bbox 2688 4665 2962 4720; x_wconf 90' lang='lat' dir='ltr'><strong>hominum</strong></span> <span class='ocrx_word' id='word_1_794' title='bbox 2987 4667 3142 4738; x_wconf 91' lang='lat' dir='ltr'><strong>quasi</strong></span> <span class='ocrx_word' id='word_1_795' title='bbox 3166 4669 3372 4741; x_wconf 81' lang='lat' dir='ltr'><strong>nidum,</strong></span> <span class='ocrx_word' id='word_1_796' title='bbox 3399 4676 3456 4734; x_wconf 83' lang='lat' dir='ltr'><strong>id</strong></span> 
     </span>
    </p>
   </div>
   <div class='ocr_carea' id='block_1_103' title="bbox 1873 4753 3453 4833">
    <p class='ocr_par' dir='ltr' id='par_1_103' title="bbox 1873 4753 3453 4833">
     <span class='ocr_line' id='line_1_103' title="bbox 1873 4753 3453 4833; baseline 0.007 -24"><span class='ocrx_word' id='word_1_797' title='bbox 1873 4765 1954 4812; x_wconf 88' lang='lat' dir='ltr'><strong>est</strong></span> <span class='ocrx_word' id='word_1_798' title='bbox 1985 4753 2431 4810; x_wconf 88' lang='lat' dir='ltr'><strong>mansiunculam.</strong></span> <span class='ocrx_word' id='word_1_799' title='bbox 2482 4754 2580 4809; x_wconf 91' lang='lat' dir='ltr'><strong>Cui</strong></span> <span class='ocrx_word' id='word_1_800' title='bbox 2636 4754 2764 4809; x_wconf 90' lang='lat' dir='ltr'><strong>dum</strong></span> <span class='ocrx_word' id='word_1_801' title='bbox 2819 4770 3035 4809; x_wconf 85' lang='lat' dir='ltr'><strong>sacram</strong></span> <span class='ocrx_word' id='word_1_802' title='bbox 3099 4773 3453 4833; x_wconf 87' lang='lat' dir='ltr'><strong>supponeret,</strong></span> 
     </span>
    </p>
   </div>
   <div class='ocr_carea' id='block_1_104' title="bbox 1873 4844 3460 4913">
    <p class='ocr_par' dir='ltr' id='par_1_104' title="bbox 1873 4844 3460 4913">
     <span class='ocr_line' id='line_1_104' title="bbox 1873 4844 3460 4913; baseline -0.002 -8"><span class='ocrx_word' id='word_1_803' title='bbox 1873 4851 1977 4906; x_wconf 91' lang='lat' dir='ltr'><strong>hoc</strong></span> <span class='ocrx_word' id='word_1_804' title='bbox 2005 4858 2085 4906; x_wconf 83' lang='lat' dir='ltr'><strong>est</strong></span> <span class='ocrx_word' id='word_1_805' title='bbox 2113 4849 2328 4904; x_wconf 86' lang='lat' dir='ltr'><strong>aridam</strong></span> <span class='ocrx_word' id='word_1_806' title='bbox 2360 4845 2444 4902; x_wconf 88' lang='lat' dir='ltr'><strong>vel</strong></span> <span class='ocrx_word' id='word_1_807' title='bbox 2474 4847 2782 4901; x_wconf 87' lang='lat' dir='ltr'><strong>mordacem</strong></span> <span class='ocrx_word' id='word_1_808' title='bbox 2815 4844 3184 4903; x_wconf 86' lang='lat' dir='ltr'><strong>inﬁdelitatem</strong></span> <span class='ocrx_word' id='word_1_809' title='bbox 3231 4853 3460 4913; x_wconf 78' lang='lat' dir='ltr'><strong>Judaeo-</strong></span> 
     </span>
    </p>
   </div>
   <div class='ocr_carea' id='block_1_105' title="bbox 1874 4935 3455 5016">
    <p class='ocr_par' dir='ltr' id='par_1_105' title="bbox 1874 4935 3455 5016">
     <span class='ocr_line' id='line_1_105' title="bbox 1874 4935 3455 5016; baseline 0.004 -25"><span class='ocrx_word' id='word_1_810' title='bbox 1874 4955 2016 5009; x_wconf 88' lang='lat' dir='ltr'><strong>rum,</strong></span> <span class='ocrx_word' id='word_1_811' title='bbox 2049 4954 2212 5011; x_wconf 89' lang='lat' dir='ltr'><strong>quam</strong></span> <span class='ocrx_word' id='word_1_812' title='bbox 2239 4937 2291 4991; x_wconf 91' lang='lat' dir='ltr'><strong>in</strong></span> <span class='ocrx_word' id='word_1_813' title='bbox 2324 4952 2383 4992; x_wconf 90' lang='lat' dir='ltr'><strong>se</strong></span> <span class='ocrx_word' id='word_1_814' title='bbox 2413 4935 2684 4990; x_wconf 83' lang='lat' dir='ltr'><strong>excitabat</strong></span> <span class='ocrx_word' id='word_1_815' title='bbox 2711 4949 2776 4989; x_wconf 91' lang='lat' dir='ltr'><strong>ex</strong></span> <span class='ocrx_word' id='word_1_816' title='bbox 2807 4935 3001 5006; x_wconf 85' lang='lat' dir='ltr'><strong>Opibus</strong></span> <span class='ocrx_word' id='word_1_817' title='bbox 3041 4936 3268 5006; x_wconf 69' lang='lat' dir='ltr'><strong>justitiaa</strong></span> <span class='ocrx_word' id='word_1_818' title='bbox 3316 4962 3455 5016; x_wconf 87' lang='lat' dir='ltr'><strong>quas</strong></span> 
     </span>
    </p>
   </div>
   <div class='ocr_carea' id='block_1_106' title="bbox 1873 5024 3458 5096">
    <p class='ocr_par' dir='ltr' id='par_1_106' title="bbox 1873 5024 3458 5096">
     <span class='ocr_line' id='line_1_106' title="bbox 1873 5024 3458 5096; baseline 0.001 -14"><span class='ocrx_word' id='word_1_819' title='bbox 1873 5027 2090 5094; x_wconf 84' lang='lat' dir='ltr'><strong>fecerat,</strong></span> <span class='ocrx_word' id='word_1_820' title='bbox 2115 5027 2166 5082; x_wconf 92' lang='lat' dir='ltr'><strong>in</strong></span> <span class='ocrx_word' id='word_1_821' title='bbox 2185 5034 2389 5082; x_wconf 89' lang='lat' dir='ltr'><strong>tantam</strong></span> <span class='ocrx_word' id='word_1_822' title='bbox 2413 5031 2732 5081; x_wconf 89' lang='lat' dir='ltr'><strong>exarserunt</strong></span> <span class='ocrx_word' id='word_1_823' title='bbox 2750 5024 3064 5096; x_wconf 89' lang='lat' dir='ltr'><strong>nequitiam,</strong></span> <span class='ocrx_word' id='word_1_824' title='bbox 3089 5035 3164 5095; x_wconf 91' lang='lat' dir='ltr'><strong>ut,</strong></span> <span class='ocrx_word' id='word_1_825' title='bbox 3187 5029 3243 5085; x_wconf 89' lang='lat' dir='ltr'><strong>in</strong></span> <span class='ocrx_word' id='word_1_826' title='bbox 3270 5049 3458 5094; x_wconf 81' lang='lat' dir='ltr'><strong>mense</strong></span> 
     </span>
    </p>
   </div>
   <div class='ocr_carea' id='block_1_107' title="bbox 1873 5120 3458 5200">
    <p class='ocr_par' dir='ltr' id='par_1_107' title="bbox 1873 5120 3458 5200">
     <span class='ocr_line' id='line_1_107' title="bbox 1873 5120 3458 5200; baseline 0.003 -19"><span class='ocrx_word' id='word_1_827' title='bbox 1873 5125 2069 5181; x_wconf 80' lang='lat' dir='ltr'><strong>Martio</strong></span> <span class='ocrx_word' id='word_1_828' title='bbox 2101 5124 2234 5180; x_wconf 85' lang='lat' dir='ltr'><strong>feria</strong></span> <span class='ocrx_word' id='word_1_829' title='bbox 2264 5141 2339 5189; x_wconf 84' lang='grc' dir='ltr'><strong>νι,</strong></span> <span class='ocrx_word' id='word_1_830' title='bbox 2373 5123 2498 5194; x_wconf 87' lang='lat' dir='ltr'><strong>igne</strong></span> <span class='ocrx_word' id='word_1_831' title='bbox 2528 5120 2800 5193; x_wconf 90' lang='lat' dir='ltr'><strong>passionis</strong></span> <span class='ocrx_word' id='word_1_832' title='bbox 2830 5137 2954 5176; x_wconf 88' lang='lat' dir='ltr'><strong>eum</strong></span> <span class='ocrx_word' id='word_1_833' title='bbox 2984 5138 3386 5200; x_wconf 88' lang='lat' dir='ltr'><strong>consumerent,</strong></span> <span class='ocrx_word' id='word_1_834' title='bbox 3406 5145 3458 5190; x_wconf 86' lang='lat' dir='ltr'><strong>et</strong></span> 
     </span>
    </p>
   </div>
   <div class='ocr_carea' id='block_1_108' title="bbox 1877 5211 3462 5287">
    <p class='ocr_par' dir='ltr' id='par_1_108' title="bbox 1877 5211 3462 5287">
     <span class='ocr_line' id='line_1_108' title="bbox 1877 5211 3462 5287; baseline 0.006 -18"><span class='ocrx_word' id='word_1_835' title='bbox 1877 5215 2032 5287; x_wconf 86' lang='lat' dir='ltr'><strong>quasi</strong></span> <span class='ocrx_word' id='word_1_836' title='bbox 2061 5215 2113 5268; x_wconf 89' lang='lat' dir='ltr'><strong>in</strong></span> <span class='ocrx_word' id='word_1_837' title='bbox 2144 5214 2386 5270; x_wconf 91' lang='lat' dir='ltr'><strong>cinerem</strong></span> <span class='ocrx_word' id='word_1_838' title='bbox 2418 5219 2682 5276; x_wconf 87' lang='lat' dir='ltr'><strong>veterent,</strong></span> <span class='ocrx_word' id='word_1_839' title='bbox 2732 5211 2863 5264; x_wconf 91' lang='lat' dir='ltr'><strong>dum</strong></span> <span class='ocrx_word' id='word_1_840' title='bbox 2911 5226 3009 5281; x_wconf 91' lang='lat' dir='ltr'><strong>pro</strong></span> <span class='ocrx_word' id='word_1_841' title='bbox 3054 5217 3240 5271; x_wconf 89' lang='lat' dir='ltr'><strong>mundi</strong></span> <span class='ocrx_word' id='word_1_842' title='bbox 3287 5221 3462 5281; x_wconf 89' lang='lat' dir='ltr'><strong>salute</strong></span> 
     </span>
    </p>
   </div>
   <div class='ocr_carea' id='block_1_109' title="bbox 1877 5298 3467 5379">
    <p class='ocr_par' dir='ltr' id='par_1_109' title="bbox 1877 5298 3467 5379">
     <span class='ocr_line' id='line_1_109' title="bbox 1877 5298 3467 5379; baseline 0.003 -19"><span class='ocrx_word' id='word_1_843' title='bbox 1877 5306 2026 5360; x_wconf 92' lang='lat' dir='ltr'><strong>illum</strong></span> <span class='ocrx_word' id='word_1_844' title='bbox 2057 5302 2462 5374; x_wconf 82' lang='lat' dir='ltr'><strong>crucifigerent.</strong></span> <span class='ocrx_word' id='word_1_845' title='bbox 2496 5299 2705 5355; x_wconf 92' lang='lat' dir='ltr'><strong>Deinde</strong></span> <span class='ocrx_word' id='word_1_846' title='bbox 2734 5298 2791 5353; x_wconf 90' lang='lat' dir='ltr'><strong>in</strong></span> <span class='ocrx_word' id='word_1_847' title='bbox 2820 5299 3074 5372; x_wconf 91' lang='lat' dir='ltr'><strong>sepulcro</strong></span> <span class='ocrx_word' id='word_1_848' title='bbox 3115 5307 3358 5379; x_wconf 90' lang='lat' dir='ltr'><strong>ponitur,</strong></span> <span class='ocrx_word' id='word_1_849' title='bbox 3411 5321 3467 5370; x_wconf 80' lang='lat' dir='ltr'><strong>et</strong></span> 
     </span>
    </p>
   </div>
   <div class='ocr_carea' id='block_1_110' title="bbox 1878 5396 3463 5476">
    <p class='ocr_par' dir='ltr' id='par_1_110' title="bbox 1878 5396 3463 5476">
     <span class='ocr_line' id='line_1_110' title="bbox 1878 5396 3463 5476; baseline 0.006 -18"><span class='ocrx_word' id='word_1_850' title='bbox 1878 5403 2032 5476; x_wconf 86' lang='lat' dir='ltr'><strong>quasi</strong></span> <span class='ocrx_word' id='word_1_851' title='bbox 2062 5401 2273 5457; x_wconf 90' lang='lat' dir='ltr'><strong>vermis</strong></span> <span class='ocrx_word' id='word_1_852' title='bbox 2301 5399 2550 5468; x_wconf 88' lang='lat' dir='ltr'><strong>interra,</strong></span> <span class='ocrx_word' id='word_1_853' title='bbox 2583 5398 2660 5454; x_wconf 88' lang='lat' dir='ltr'><strong>sic</strong></span> <span class='ocrx_word' id='word_1_854' title='bbox 2701 5396 2790 5452; x_wconf 93' lang='lat' dir='ltr'><strong>die</strong></span> <span class='ocrx_word' id='word_1_855' title='bbox 2847 5399 3090 5454; x_wconf 91' lang='lat' dir='ltr'><strong>secundo</strong></span> <span class='ocrx_word' id='word_1_856' title='bbox 3145 5401 3200 5457; x_wconf 90' lang='lat' dir='ltr'><strong>in</strong></span> <span class='ocrx_word' id='word_1_857' title='bbox 3253 5410 3463 5468; x_wconf 92' lang='lat' dir='ltr'><strong>tumulo</strong></span> 
     </span>
    </p>
   </div>
   <div class='ocr_carea' id='block_1_111' title="bbox 1880 5487 3467 5564">
    <p class='ocr_par' dir='ltr' id='par_1_111' title="bbox 1880 5487 3467 5564">
     <span class='ocr_line' id='line_1_111' title="bbox 1880 5487 3467 5564; baseline 0 -15"><span class='ocrx_word' id='word_1_858' title='bbox 1880 5493 2204 5549; x_wconf 91' lang='lat' dir='ltr'><strong>occultatur.</strong></span> <span class='ocrx_word' id='word_1_859' title='bbox 2235 5488 2414 5544; x_wconf 87' lang='lat' dir='ltr'><strong>Tertia</strong></span> <span class='ocrx_word' id='word_1_860' title='bbox 2443 5503 2576 5543; x_wconf 89' lang='lat' dir='ltr'><strong>vero</strong></span> <span class='ocrx_word' id='word_1_861' title='bbox 2605 5487 2714 5551; x_wconf 90' lang='lat' dir='ltr'><strong>die,</strong></span> <span class='ocrx_word' id='word_1_862' title='bbox 2741 5487 2880 5541; x_wconf 91' lang='lat' dir='ltr'><strong>sicut</strong></span> <span class='ocrx_word' id='word_1_863' title='bbox 2902 5489 3119 5557; x_wconf 71' lang='lat' dir='ltr'><strong>phoenix</strong></span> <span class='ocrx_word' id='word_1_864' title='bbox 3152 5491 3206 5546; x_wconf 91' lang='lat' dir='ltr'><strong>in</strong></span> <span class='ocrx_word' id='word_1_865' title='bbox 3227 5496 3467 5564; x_wconf 88' lang='lat' dir='ltr'><strong>priorem</strong></span> 
     </span>
    </p>
   </div>
   <div class='ocr_carea' id='block_1_112' title="bbox 1882 5584 3469 5656">
    <p class='ocr_par' dir='ltr' id='par_1_112' title="bbox 1882 5584 3469 5656">
     <span class='ocr_line' id='line_1_112' title="bbox 1882 5584 3469 5656; baseline 0.004 -10"><span class='ocrx_word' id='word_1_866' title='bbox 1882 5597 2077 5646; x_wconf 89' lang='lat' dir='ltr'><strong>statum</strong></span> <span class='ocrx_word' id='word_1_867' title='bbox 2107 5593 2418 5650; x_wconf 89' lang='lat' dir='ltr'><strong>renovatur,</strong></span> <span class='ocrx_word' id='word_1_868' title='bbox 2450 5584 2525 5638; x_wconf 88' lang='lat' dir='ltr'><strong>ita</strong></span> <span class='ocrx_word' id='word_1_869' title='bbox 2551 5590 2606 5639; x_wconf 94' lang='lat' dir='ltr'><strong>et</strong></span> <span class='ocrx_word' id='word_1_870' title='bbox 2645 5584 2894 5638; x_wconf 90' lang='lat' dir='ltr'><strong>Christus</strong></span> <span class='ocrx_word' id='word_1_871' title='bbox 2929 5585 3000 5640; x_wconf 92' lang='lat' dir='ltr'><strong>de</strong></span> <span class='ocrx_word' id='word_1_872' title='bbox 3039 5590 3364 5651; x_wconf 88' lang='lat' dir='ltr'><strong>mortalitate</strong></span> <span class='ocrx_word' id='word_1_873' title='bbox 3396 5599 3469 5656; x_wconf 87' lang='lat' dir='ltr'><strong>ad</strong></span> 
     </span>
    </p>
   </div>
   <div class='ocr_carea' id='block_1_113' title="bbox 1883 5680 3474 5750">
    <p class='ocr_par' dir='ltr' id='par_1_113' title="bbox 1883 5680 3474 5750">
     <span class='ocr_line' id='line_1_113' title="bbox 1883 5680 3474 5750; baseline 0.002 -8"><span class='ocrx_word' id='word_1_874' title='bbox 1883 5685 2336 5743; x_wconf 88' lang='lat' dir='ltr'><strong>immortalitatem</strong></span> <span class='ocrx_word' id='word_1_875' title='bbox 2365 5681 2744 5736; x_wconf 89' lang='lat' dir='ltr'><strong>resuscitatur.</strong></span> <span class='ocrx_word' id='word_1_876' title='bbox 2783 5680 2984 5737; x_wconf 80' lang='lat' dir='ltr'><strong>Aliter:</strong></span> <span class='ocrx_word' id='word_1_877' title='bbox 3021 5683 3244 5742; x_wconf 72' lang='lat' dir='ltr'><strong>Phtenix</strong></span> <span class='ocrx_word' id='word_1_878' title='bbox 3276 5692 3474 5750; x_wconf 79' lang='lat' dir='ltr'><strong>dicitur</strong></span> 
     </span>
    </p>
   </div>
   <div class='ocr_carea' id='block_1_114' title="bbox 214 5777 3478 5852">
    <p class='ocr_par' dir='ltr' id='par_1_114' title="bbox 214 5777 3478 5852">
     <span class='ocr_line' id='line_1_114' title="bbox 214 5777 3478 5852; baseline -0.001 -20"><span class='ocrx_word' id='word_1_879' title='bbox 214 5785 332 5847; x_wconf 73' lang='lat' dir='ltr'><strong>ergo</strong></span> <span class='ocrx_word' id='word_1_880' title='bbox 356 5778 485 5852; x_wconf 87' lang='lat' dir='ltr'><strong>ipse,</strong></span> <span class='ocrx_word' id='word_1_881' title='bbox 519 5786 581 5838; x_wconf 88' lang='lat' dir='ltr'><strong>ut</strong></span> <span class='ocrx_word' id='word_1_882' title='bbox 612 5787 858 5838; x_wconf 87' lang='lat' dir='ltr'><strong>nostram</strong></span> <span class='ocrx_word' id='word_1_883' title='bbox 884 5778 940 5834; x_wconf 89' lang='lat' dir='ltr'><strong>in</strong></span> <span class='ocrx_word' id='word_1_884' title='bbox 969 5794 1030 5834; x_wconf 85' lang='lat' dir='ltr'><strong>se</strong></span> <span class='ocrx_word' id='word_1_885' title='bbox 1059 5786 1112 5834; x_wconf 92' lang='lat' dir='ltr'><strong>et</strong></span> <span class='ocrx_word' id='word_1_886' title='bbox 1140 5793 1241 5850; x_wconf 88' lang='lat' dir='ltr'><strong>per</strong></span> <span class='ocrx_word' id='word_1_887' title='bbox 1268 5793 1329 5835; x_wconf 89' lang='lat' dir='ltr'><strong>se</strong></span> <span class='ocrx_word' id='word_1_888' title='bbox 1347 5779 1577 5834; x_wconf 87' lang='lat' dir='ltr'><strong>salutem</strong></span> <span class='ocrx_word' id='word_1_889' title='bbox 1590 5793 1783 5850; x_wconf 89' lang='lat' dir='ltr'><strong>opera-</strong></span> <span class='ocrx_word' id='word_1_890' title='bbox 1887 5787 2112 5850; x_wconf 68' lang='lat' dir='ltr'><strong>rubens,</strong></span> <span class='ocrx_word' id='word_1_891' title='bbox 2146 5791 2197 5838; x_wconf 79' lang='lat' dir='ltr'><strong>et</strong></span> <span class='ocrx_word' id='word_1_892' title='bbox 2226 5789 2310 5836; x_wconf 81' lang='lat' dir='ltr'><strong>est</strong></span> <span class='ocrx_word' id='word_1_893' title='bbox 2337 5777 2590 5835; x_wconf 83' lang='lat' dir='ltr'><strong>Christus</strong></span> <span class='ocrx_word' id='word_1_894' title='bbox 2619 5777 2808 5848; x_wconf 89' lang='lat' dir='ltr'><strong>dequo</strong></span> <span class='ocrx_word' id='word_1_895' title='bbox 2828 5777 3025 5834; x_wconf 81' lang='lat' dir='ltr'><strong>dicitur</strong></span> <span class='ocrx_word' id='word_1_896' title='bbox 3047 5799 3060 5836; x_wconf 75' lang='grc' dir='ltr'>ε</span> <span class='ocrx_word' id='word_1_897' title='bbox 3085 5805 3106 5828; x_wconf 86' lang='grc'>.</span> <span class='ocrx_word' id='word_1_898' title='bbox 3131 5782 3264 5852; x_wconf 68' lang='lat' dir='ltr'><strong>Quis</strong></span> <span class='ocrx_word' id='word_1_899' title='bbox 3276 5792 3478 5849; x_wconf 71' lang='grc' dir='ltr'><strong>εειίειθ</strong></span> 
     </span>
    </p>
   </div>
   <div class='ocr_carea' id='block_1_115' title="bbox 219 5865 3480 5948">
    <p class='ocr_par' dir='ltr' id='par_1_115' title="bbox 219 5865 3480 5948">
     <span class='ocr_line' id='line_1_115' title="bbox 219 5865 3480 5948; baseline -0.001 -16"><span class='ocrx_word' id='word_1_900' title='bbox 219 5877 367 5945; x_wconf 69' lang='lat' dir='ltr'><strong>retur,</strong></span> <span class='ocrx_word' id='word_1_901' title='bbox 403 5887 511 5938; x_wconf 86' lang='lat' dir='ltr'><strong>tres</strong></span> <span class='ocrx_word' id='word_1_902' title='bbox 555 5880 678 5936; x_wconf 88' lang='lat' dir='ltr'><strong>dies</strong></span> <span class='ocrx_word' id='word_1_903' title='bbox 734 5877 938 5933; x_wconf 89' lang='lat' dir='ltr'><strong>habere</strong></span> <span class='ocrx_word' id='word_1_904' title='bbox 989 5876 1179 5947; x_wconf 88' lang='lat' dir='ltr'><strong>voluit,</strong></span> <span class='ocrx_word' id='word_1_905' title='bbox 1239 5877 1315 5933; x_wconf 90' lang='lat' dir='ltr'><strong>ita</strong></span> <span class='ocrx_word' id='word_1_906' title='bbox 1367 5885 1421 5934; x_wconf 86' lang='lat' dir='ltr'><strong>at</strong></span> <span class='ocrx_word' id='word_1_907' title='bbox 1457 5876 1616 5934; x_wconf 84' lang='lat' dir='ltr'><strong>nobis</strong></span> <span class='ocrx_word' id='word_1_908' title='bbox 1648 5916 1662 5945; x_wconf 89' lang='lat'><strong>,</strong></span> <span class='ocrx_word' id='word_1_909' title='bbox 1722 5883 1782 5932; x_wconf 92' lang='lat' dir='ltr'><strong>ut</strong></span> <span class='ocrx_word' id='word_1_910' title='bbox 1890 5875 1984 5948; x_wconf 88' lang='lat' dir='ltr'><strong>qui</strong></span> <span class='ocrx_word' id='word_1_911' title='bbox 2027 5871 2169 5929; x_wconf 89' lang='lat' dir='ltr'><strong>venit</strong></span> <span class='ocrx_word' id='word_1_912' title='bbox 2205 5872 2275 5926; x_wconf 89' lang='lat' dir='ltr'><strong>de</strong></span> <span class='ocrx_word' id='word_1_913' title='bbox 2331 5869 2541 5931; x_wconf 79' lang='lat' dir='ltr'><strong>Edom,</strong></span> <span class='ocrx_word' id='word_1_914' title='bbox 2600 5865 2782 5922; x_wconf 89' lang='lat' dir='ltr'><strong>tinctis</strong></span> <span class='ocrx_word' id='word_1_915' title='bbox 2838 5868 3078 5924; x_wconf 89' lang='lat' dir='ltr'><strong>vestibus</strong></span> <span class='ocrx_word' id='word_1_916' title='bbox 3133 5873 3204 5928; x_wconf 91' lang='lat' dir='ltr'><strong>de</strong></span> <span class='ocrx_word' id='word_1_917' title='bbox 3258 5876 3422 5934; x_wconf 84' lang='lat' dir='ltr'><strong>Bosra</strong></span> <span class='ocrx_word' id='word_1_918' title='bbox 3449 5881 3480 5936; x_wconf 82' lang='lat'><strong>?</strong></span> 
     </span>
    </p>
   </div>
   <div class='ocr_carea' id='block_1_116' title="bbox 508 5989 3105 6070">
    <p class='ocr_par' dir='ltr' id='par_1_116' title="bbox 508 5989 3105 6070">
     <span class='ocr_line' id='line_1_116' title="bbox 508 5989 3105 6070; baseline -0.009 1"><span class='ocrx_word' id='word_1_919' title='bbox 508 6007 774 6070; x_wconf 67' lang='lat' dir='ltr'><strong>Panos.</strong></span> <span class='ocrx_word' id='word_1_920' title='bbox 805 6001 1047 6068; x_wconf 79' lang='lat' dir='ltr'><strong>CLVII.</strong></span> <span class='ocrx_word' id='word_1_921' title='bbox 3026 5989 3105 6048; x_wconf 85' lang='lat'><strong>30</strong></span> 
     </span>
    </p>
   </div>
  </div>
