3924 6394
485 349 587 404 939

1632 345 1971 404 VVERNESRI
2013 345 2298 402 ABBATIS
2327 349 2393 402 S.
2439 349 2658 406 BLASH

3690 365 3793 419 9ιο

488 476 596 530 lca.
630 473 819 543 inu.)
851 493 876 522 ι
911 472 1106 537 Edom,
1139 472 1281 543 quod
1319 471 1516 529 dicitur
1575 477 1744 544 rufus
1793 481 1878 528 est
1937 473 2078 526 Esau
2111 474 2165 536 A
2194 473 2438 528 Christus
2471 475 2642 530 voluit
2663 475 2849 547 ligari,
2877 475 3145 552 cruciﬁgi,
3173 495 3273 550 per
3294 481 3528 539 triduum
3553 483 3794 558 quiesce-

488 571 824 644 appellatus,
855 578 1077 642 pr0pter
1108 570 1286 625 rel'um
1315 570 1654 641 pulmentum
1685 585 1795 643 quo
1847 585 1876 624 a
1921 570 2090 626 fratre

487 643 586 718 suo
613 661 781 717 Jacob
810 667 893 716 est
921 643 1155 716 cibatus.
1189 660 1246 714 A
1277 675 1385 730 quo
1405 660 1549 716 dicta
1571 667 1658 716 est
1675 659 1829 730 regio
1851 659 2092 714 Idumaea

488 751 542 808 in
573 767 679 823 qua
709 757 868 822 caput
896 747 1051 821 regni
1083 755 1202 804 erat
1229 747 1418 804 civitas
1468 749 1669 806 Bosra.
1723 750 1784 802 In
1831 748 1932 803 hac
1986 747 2090 804 Job

491 839 764 912 regnavit,
821 839 916 910 qui
973 853 1073 892 sua
1132 837 1442 894 infirmitate
1500 837 1702 894 Christi
1776 837 2090 908 passionem

488 938 872 1013 praefiguravit.
907 937 1153 994 Christus
1175 937 1246 994 de
1268 937 1441 993 Edom
1463 937 1631 1005 venit,
1661 937 1794 993 dum
1827 953 1858 991 a
1915 937 2094 1007 genti-

485 1031 585 1087 bus
610 1043 829 1100 passus.
861 1042 992 1084 caro
1023 1025 1145 1098 ejus
1174 1027 1446 1100 sanguine
1477 1027 1687 1082 rubuit.
1742 1025 1922 1083 Vestis
1965 1026 2091 1095 ejus

485 1126 541 1178 tn
564 1119 733 1175 Bosra
764 1115 1014 1189 tingitur,
1039 1117 1168 1170 dum
1192 1115 1244 1171 in
1272 1115 1724 1186 Hierosolymam,
1761 1132 1881 1188 qum
1929 1122 2092 1186 caput

488 1206 644 1280 regni
669 1205 786 1272 fuit,
817 1205 991 1262 vestis
1025 1205 1144 1274 ejus
1189 1204 1459 1277 sanguine
1499 1204 1833 1278 aspergitur.
1884 1204 1985 1260 llic
2032 1211 2091 1258 ut

486 1305 703 1378 phoenix
737 1313 1009 1361 sarmenta
1037 1303 1443 1360 odoriferarum
1485 1303 1745 1359 arborum
1797 1302 1850 1358 in
1901 1302 2088 1358 nidum

487 1395 730 1468 collegit,
775 1393 903 1450 dum
952 1394 1174 1465 scriptis
1221 1393 1610 1464 prophetarum
1650 1391 2089 1462 Hierosolymam

484 1483 734 1555 replevit.
765 1483 988 1538 Eisdem
1035 1498 1165 1538 vero
1209 1481 1514 1538 sarmentis
1559 1481 1905 1546 conhuritur,
1959 1481 2087 1536 dum

483 1572 783 1630 secundum
811 1571 958 1628 dicta
984 1572 1380 1644 prophetarum
1412 1570 1469 1627 in
1498 1570 1939 1641 Hierosolymam
1959 1569 2088 1640 igne

482 1670 760 1745 passionis
800 1670 1160 1727 consumitur.
1213 1669 1400 1726 Tertia
1441 1669 1531 1724 die
1587 1669 1706 1724 avis
1773 1676 2082 1739 reparatur,

485 1761 612 1834 quia
641 1760 897 1817 Christus
929 1759 1090 1814 tertia
1135 1759 1231 1816 die
1279 1775 1316 1814 a
1366 1759 1522 1814 Patre
1569 1757 1887 1814 suscitatur.
1947 1756 2088 1812 Illud

2200 585 2280 638 re,
2317 571 2402 627 sic
2435 587 2534 628 nos
2565 575 2828 630 debemus
2857 591 3052 630 sensus
3082 587 3315 644 nostros,
3359 597 3428 652 qu
3469 590 3593 636 sunt
3625 567 3796 652 pueri

2197 659 2317 716 sine
2347 661 2676 734 predagOgo,
2709 680 2883 734 equus
2913 680 3150 720 currens
3173 666 3291 723 sine
3319 669 3513 741 auriga
3532 679 3585 727 et
3605 670 3783 738 freno,

2198 765 2228 803 a
2259 758 2513 806 veterana
2527 753 2922 809 consuetudine
2950 755 3266 824 prohibere,
3297 765 3349 814 et
3376 759 3546 816 clavis
3566 761 3786 830 iustitia:

2197 845 2254 901 in
2283 863 2446 904 cruce
2476 848 2829 919 pmnitentim.
2871 849 3181 908 immobiles
3235 854 3394 910 valde
3448 863 3500 910 et
3555 858 3788 915 insensi-

2200 935 2336 992 biles
2363 952 2430 993 ac
2459 945 2706 993 mortuos
2735 938 2954 996 efficere
2984 949 3042 995 ut
3071 943 3275 998 mundo
3318 944 3703 1020 crucifigamar
3731 949 3786 1004 in

2199 1025 2378 1082 nobis.
2439 1025 2593 1084 Multi
2645 1027 3040 1100 crucifiguntur
3096 1032 3306 1087 mundo
3375 1049 3485 1088 non
3551 1038 3786 1092 mundus

2198 1113 2333 1186 ipsis
2367 1131 2379 1168 :
2413 1114 2550 1170 tales
2577 1123 2632 1170 et
2659 1115 2907 1187 despecti
2930 1125 3058 1172 sunt
3083 1121 3306 1186 mundo,
3337 1123 3432 1178 sed
3462 1123 3562 1195 ipsi
3601 1135 3790 1182 amant

2199 1213 2487 1268 mundum.
2529 1213 2593 1268 lli
2625 1214 2828 1269 mundo
2858 1217 3056 1273 mortui
3087 1225 3232 1284 sunt,
3265 1219 3362 1274 sed
3393 1236 3500 1276 non
3545 1225 3787 1280 mundus

2197 1301 2354 1372 ipsis.
2391 1302 2589 1358 Paulus
2617 1313 2676 1358 ut
2705 1315 3119 1374 purgamentum
3151 1307 3338 1363 mundi
3381 1319 3518 1376 erat.
3566 1329 3670 1370 nec
3714 1314 3787 1370 dc

2198 1395 2401 1446 mundo
2421 1393 2668 1448 curabat.
2704 1393 2866 1449 Unde
2896 1394 3014 1449 ait:
3075 1419 3095 1444 ε
3151 1397 3278 1452 Mihi
3324 1401 3557 1456 mundus
3607 1403 3791 1460 cruci-

2197 1479 2344 1536 ﬁxus
2372 1489 2456 1536 est
2487 1489 2542 1536 et
2569 1497 2676 1554 ego
2703 1483 2910 1540 mundo
2936 1485 3154 1552 (Calai.
3193 1487 3293 1550 γι).
3326 1511 3348 1536 ιι
3392 1486 3496 1557 Qui
3539 1490 3620 1547 sic
3660 1507 3786 1548 cum

2197 1577 2411 1634 Christo
2455 1577 2806 1650 crucifigitur,
2855 1581 3075 1637 Christo
3119 1584 3504 1655 consepelitur,
3551 1595 3611 1642 ut
3647 1597 3788 1662 agat

2195 1666 2494 1736 spiritalem
2524 1669 2944 1724 sabbatismum.
2999 1671 3127 1728 Haec
3186 1680 3268 1727 est
3330 1683 3510 1730 sancta
3559 1680 3787 1749 requies

2195 1771 2357 1826 quam
2389 1757 2650 1827 praecepit
2677 1759 2942 1814 Dominus
2970 1761 3280 1818 observari.
3313 1763 3439 1819 Haec
3472 1772 3552 1819 est
3607 1767 3788 1837 prima

483 1859 668 1906 autem
691 1849 839 1922 quod
873 1858 1089 1920 gestum
1121 1856 1207 1904 est
1236 1847 1291 1902 in
1331 1847 1563 1911 Christo,
1600 1861 1706 1902 non
1737 1855 1946 1902 tantum
1994 1863 2082 1901 re-
2113 1835 2162 1894 Β
2193 1845 2370 1907 diana,
2396 1845 2604 1900 scilicet
2619 1847 2942 1904 decliuarea
2965 1848 3126 1904 malo.
3147 1849 3445 1907 Tristitiam
3488 1835 3787 1912 Dominicae

478 1941 740 2007 medium,
775 1939 874 1994 sed
904 1939 1066 1995 etiam
1099 1937 1194 1992 fuit
1224 1944 1649 1994 sacramentum.
1687 1935 1944 2006 Oportuit
1975 1935 2084 2006 igi-

485 2047 567 2094 tur
594 2045 652 2092 ut
678 2037 966 2093 visibiliter
1015 2036 1151 2092 foris
1192 2033 1365 2096 fieret.
1415 2043 1686 2106 quatenus
1745 2033 1876 2088 illud
1937 2035 2084 2104 quod

480 2125 535 2182 in
568 2127 728 2183 nobis
754 2125 1108 2180 invisibiliter
1140 2124 1258 2179 fieri
1287 2125 1494 2190 debuit,
1541 2121 1900 2193 significaret.
1955 2123 2084 2178 Dies

482 2217 600 2288 ejus
629 2214 964 2271 intrinsecus
1022 2213 1236 2269 fuerunt
1297 2213 1518 2268 nostri:
1579 2212 1697 2266 dies
1752 2211 2084 2266 intrinsecus

484 2305 768 2380 quaerendi
797 2312 938 2359 sunt.
975 2305 1109 2358 Tres
1158 2319 1293 2374 ergo
1336 2303 1458 2356 dies
1507 2301 1772 2356 habemus
1823 2300 2084 2356 intrinse-

483 2421 602 2471 cus,
633 2404 835 2477 quibus
863 2402 1199 2458 illuminatur
1226 2400 1412 2456 anima
1451 2408 1657 2455 nostra.
1707 2399 1801 2454 Ad
1845 2399 2080 2468 primum

482 2495 628 2550 diem
653 2508 806 2549 mors
835 2492 1093 2564 pertinet,
1125 2489 1197 2547 ad
1228 2489 1527 2548 secundum
1550 2487 1854 2560 sepultura,
1874 2489 1945 2543 ad
1969 2497 2080 2544 ter-

483 2583 620 2638 tium
651 2579 1010 2638 resurrectio.

556 2679 727 2752 Igitur
753 2677 807 2732 in
837 2677 922 2732 his
954 2675 1135 2732 tribus
1192 2675 1386 2730 diebus
1441 2681 1698 2730 notantur
1753 2673 1912 2729 etiam
1970 2681 2080 2729 tres

477 2767 662 2826 diaeta:
693 2765 1069 2832 medicinales,
1105 2781 1224 2836 quae
1255 2773 1379 2819 sunt
1409 2772 1600 2820 contra
1628 2763 1850 2818 morbos
1894 2771 2078 2818 veter-

481 2873 652 2914 nosos
693 2855 911 2912 salubre
974 2854 1298 2919 antidotum,
1368 2858 1561 2909 contra
1626 2852 2077 2924 quadriduanum

477 2947 746 3003 Lazarum
779 2944 1174 3016 supercreleste
1207 2943 1542 2998 balsamum.
1604 2942 1715 2996 IIas
1772 2941 1897 2998 ituri
1955 2950 2080 2998 sunt

475 3046 566 3119 qui
599 3044 834 3100 Domino
865 3051 990 3097 sunt
1014 3041 1394 3098 sacriﬁcaturi.
1425 3041 1538 3096 lloc
1586 3039 1692 3094 iter
1739 3049 2076 3112 przeceptum

474 3143 557 3192 est
588 3133 713 3190 filiis
745 3133 912 3188 Israel
943 3131 1021 3188 ire
1082 3139 1139 3186 ut
1193 3128 1572 3186 sacrificarent
1630 3129 1888 3195 Domino,
1950 3145 2074 3184 cum

2191 1942 2467 2012 passionis
2496 1953 2684 1998 secuta
2717 1952 2798 1999 est
2831 1945 3006 2016 gloria
3040 1954 3094 2000 et
3123 1948 3382 2018 gaudium
3424 1953 3782 2010 resurreCtio-

2193 2032 2277 2086 nis
2303 2046 2316 2086 :
2350 2033 2436 2086 cui
2467 2042 2520 2086 et
2550 2049 2650 2088 nos
2681 2049 3159 2106 conresurgamus.
3190 2045 3246 2092 ut
3273 2037 3328 2092 in
3355 2060 3374 2086 ιι
3401 2040 3637 2096 novitate
3659 2043 3784 2099 vita

2190 2121 2532 2175 ambulemus
2562 2123 2738 2191 (Rom.
2773 2125 2870 2192 Vl).
2910 2147 2932 2172 ιι
2967 2126 3094 2180 Haec
3125 2134 3208 2181 est
3228 2129 3460 2183 secunda
3483 2129 3782 2200 diaeta,hoc

2192 2217 2273 2264 est
2297 2209 2479 2266 facere
2494 2214 2712 2268 bonum.
2734 2213 2917 2267 Tertia
2937 2213 3095 2268 dimta
3109 2224 3324 2270 estcum
3343 2218 3572 2274 Domino
3593 2235 3782 2276 ascen-

2190 2307 2340 2371 dere,
2371 2316 2429 2362 ut
2458 2324 2563 2380 quo
2588 2310 2875 2380 priecessit
2907 2321 3088 2380 caput,
3113 2321 3411 2382 sequantur
3439 2323 3491 2370 et
3518 2318 3776 2386 membra,

2191 2415 2312 2469 qute
2333 2414 2554 2452 sursum
2573 2407 2699 2453 sunt
2721 2401 3014 2470 quaerendo
3035 2409 3086 2456 et
3108 2403 3386 2473 sapiendo.
3405 2405 3552 2462 Hanc
3569 2405 3779 2463 diaetam

2194 2487 2319 2542 facit
2345 2487 2524 2556 justus
2557 2489 2772 2558 quando
2803 2505 3031 2558 superna
3061 2492 3508 2562 contemplando;
3533 2497 3782 2568 exprimit

2189 2576 2422 2632 alterum
2469 2577 2692 2631 Paulum
2752 2578 2840 2634 vel
2887 2578 3118 2634 alterum
3180 2581 3480 2650 Martinam,
3539 2585 3774 2641 dicens:

2191 2697 2212 2720 ιι
2249 2672 2420 2742 Cupio
2458 2673 2704 2740 dissolvi,
2736 2683 2787 2730 et
2817 2691 2940 2731 esse
2961 2691 3082 2732 cum
3113 2677 3336 2735 Christo
3370 2681 3635 2754 \Philipp.
3656 2684 3716 2748 ι).
3745 2707 3766 2732 ι

2189 2761 2348 2830 Quod
2379 2771 2463 2817 cst
2495 2783 2517 2813 ι
2555 2773 2606 2818 et
2637 2763 2877 2819 inhabita
2933 2764 2986 2820 in
3041 2767 3299 2822 saeculum
3357 2771 3536 2826 saeculi
3586 2774 3764 2843 (Psal.

2189 2853 2416 2922 χχχι-ι).
2461 2872 2482 2900 ι
2518 2852 2574 2908 Si
2602 2853 2704 2906 bas
2735 2853 2924 2910 dimtas
2955 2871 3088 2924 quas
3122 2857 3294 2912 Davi-.1
3324 2857 3378 2912 in
3428 2859 3530 2916 hoc
3571 2877 3726 2917 versu
3757 2877 3768 2914 :

2192 2963 2214 2988 ιι
2249 2942 2476 2996 Declina
2515 2956 2546 2996 a
2586 2942 2737 2998 malo
2777 2952 2830 2998 et
2873 2945 2956 3000 fac
3013 2944 3235 3011 bonum,
3304 2955 3357 3003 et
3420 2948 3656 3005 inhabita
3721 2951 3773 3005 in

2187 3030 2449 3086 saeculum
2503 3031 2687 3088 saeculi
2753 3032 2960 3108 (ibid.),
3000 3057 3023 3082 ιι
3083 3046 3495 3107 commemorat,
3551 3055 3773 3110 proces-

2187 3127 2346 3193 seris,
2380 3126 2704 3184 sacriﬁcium
2737 3129 2974 3185 Domino
2994 3129 3180 3200 offers,
3215 3133 3306 3204 qui
3333 3149 3444 3189 non
3473 3133 3616 3190 aliud
3645 3151 3677 3190 a
3720 3143 3772 3191 te

473 3233 798 3282 eruerentur
828 3239 892 3278 ex
925 3221 1184 3294 [Egi-pm.
1218 3219 1452 3274 Mundus
1481 3219 1582 3274 iste
1625 3227 1709 3274 est
1752 3218 2075 3290 relinquen-
2106 3211 2154 3275 C
2187 3215 2288 3270 nisi
2311 3225 2380 3285 te,
2407 3217 2499 3288 qui
2520 3234 2627 3272 non
2649 3217 2794 3273 aliud
2819 3219 2921 3273 nisi
2943 3236 3002 3275 se
3025 3220 3174 3278 dedit
3192 3237 3292 3292 pro
3309 3230 3389 3279 te.
3431 3223 3523 3280 Vel
3545 3222 3631 3282 hie
3659 3233 3770 3280 tres

473 3313 575 3370 dus
603 3329 712 3370 non
744 3311 888 3378 loco,
913 3310 1010 3365 sed
1030 3309 1353 3376 'animo,non
1376 3308 1634 3380 passibus
1654 3305 2075 3378 proﬁciscendo,

473 3411 569 3468 sed
610 3409 830 3467 actibus
873 3405 1246 3479 proficiendo.
1311 3407 1514 3461 Harum
1572 3405 1736 3462 trium
1797 3404 2078 3460 dimtarum

472 3499 811 3556 mentionem
841 3495 970 3554 facit
999 3494 1264 3552 sacerdos
1292 3511 1458 3552 orans
1483 3509 1585 3566 pro
1616 3510 1676 3549 se
1725 3501 1778 3549 et
1821 3509 1922 3564 pro
1969 3509 2076 3564 po-

473 3588 624 3662 pulo,
658 3587 751 3644 ubi
779 3586 910 3643 dicit
942 3603 956 3640 :
995 3608 1018 3634 ιι
1054 3585 1328 3640 Memores
1377 3582 1580 3638 divina:
1623 3581 1902 3654 passionis
1947 3589 2074 3649 tuae,

471 3693 578 3735 nec
605 3693 716 3734 non
745 3675 1006 3750 gloriosae
1036 3671 1458 3730 resurrectionis
1481 3672 1552 3727 ab
1580 3670 1790 3738 inferis,
1815 3680 2076 3728 etascen-

470 3765 640 3824 sionis
667 3766 724 3821 in
751 3765 975 3822 coelum.
1013 3783 1038 3816 ι
1089 3763 1231 3819 Sane
1281 3763 1535 3818 ducatum
1587 3761 1748 3830 huius
1787 3760 2074 3833 religionis

468 3855 814 3914 consecravit
843 3853 1092 3911 Christus
1137 3859 1309 3924 caput
1349 3860 1593 3906 nostrum
1647 3849 1821 3905 tribus
1876 3849 2074 3906 diebus

468 3945 684 4015 mortis,
715 3941 1158 4010 resurrectionis,
1188 3939 1553 3998 ascensionis.
1587 3939 1796 4005 Passio,
1847 3938 2073 3996 crucifi-

470 4034 580 4105 aio,
605 4033 909 4108 sepultura,
941 4039 1110 4090 totum
1149 4038 1236 4089 est
1287 4045 1400 4088 una
1455 4028 1642 4086 dia-ta.
1711 4027 1866 4086 Sicut
1923 4027 2072 4086 enim

2188 3305 2365 3361 dirutae
2387 3313 2513 3360 sunt
2536 3315 2649 3361 tres
2663 3323 2962 3377 processus
2991 3325 3220 3380 quorum
3246 3311 3452 3382 primus
3489 3320 3566 3372 est
3604 3313 3768 3370 relin-

2187 3411 2362 3466 quere
2392 3395 2656 3466 peccandi
2687 3399 3140 3455 consuetudinem
3174 3417 3188 3454 :
3221 3400 3361 3457 hanc
3379 3401 3626 3460 concedit
3665 3419 3770 3460 non

2189 3491 2417 3548 multum
2450 3493 2648 3550 timens
2678 3493 2813 3565 parti
2850 3511 2986 3552 suae.
3019 3495 3270 3553 Secunda
3297 3497 3554 3556 deserere
3599 3509 3771 3557 actum

2187 3589 2496 3653 peccatum,
2529 3591 2583 3640 et
2615 3581 2758 3640 hanc
2785 3584 3036 3642 concedit
3086 3587 3298 3647 Pharao
3343 3587 3440 3644 sed
3484 3589 3680 3646 invitus
3722 3597 3773 3646 et

2186 3671 2406 3727 timens.
2430 3671 2617 3728 Restat
2639 3672 2800 3728 tertia
2827 3671 3170 3742 difﬁcillima,
3201 3675 3374 3747 ipsam
3406 3693 3620 3750 quoque
3652 3679 3772 3753 cogi

2184 3760 2461 3832 expellere
2492 3777 2616 3833 quae
2645 3769 2729 3820 est
2787 3763 3093 3820 recordatio
3139 3763 3460 3834 affectuose.
3525 3766 3582 3824 Si
3634 3769 3772 3826 hanc

2182 3849 2397 3906 diaetam
2456 3850 2628 3908 invito
2697 3851 3016 3908 adversario
3073 3863 3264 3912 nostro
3320 3857 3763 3930 processerimus,

2179 3937 2360 4012 ipsum
2391 3954 2516 3998 cum
2538 3939 2690 3998 omni
2724 3940 2922 3998 militia
2951 3940 3010 3998 in
3037 3943 3268 4000 nihilum
3294 3943 3629 4018 redigemus.

891 4479 1517 4588 DOMINICA
1589 4481 1633 4583 Ι
1709 4479 2046 4584 POST
2129 4479 2727 4588 OCTAVAS
2799 4479 3378 4589 PASCHfE.

555 4785 578 4811 α
609 4760 732 4835 Ego
760 4775 882 4817 sum
911 4767 1095 4832 pastor
1123 4759 1324 4815 bonus.
1365 4758 1546 4814 Bonus
1589 4763 1782 4829 pastor
1828 4755 2075 4812 animam

481 4867 634 4912 suam
666 4851 760 4908 dat
781 4865 882 4921 pro
910 4850 1107 4906 ovibus
1137 4847 1252 4904 suis
1281 4849 1468 4914 (Joan.
1502 4847 1578 4917 χ).
1615 4869 1636 4896 ιι
1673 4848 1792 4903 Non
1823 4862 1887 4901 ex
1939 4845 2092 4902 acci-

480 4941 628 4998 denti
657 4940 753 4996 sed
782 4939 1145 4995 essentialiter
1175 4946 1258 4993 est
1288 4937 1488 5002 bonus,
1521 4936 1613 5007 qui
1659 4935 1886 4992 formam
1935 4934 2095 4990 boni-

481 5042 602 5097 tatis
621 5054 788 5112 quam
809 5037 1082 5093 imitemur
1097 5035 1374 5108 adjungit,
1393 5035 1583 5090 dicens
1607 5051 1620 5086 :
1654 5055 1677 5086 α
1701 5035 1885 5089 Bonus
1902 5041 2094 5104 pastor

483 5131 723 5186 animam
753 5144 906 5184 suam
935 5127 1031 5182 dat
1060 5142 1160 5197 pro
1214 5126 1416 5182 ovibus
1473 5124 1612 5180 suis.
1657 5148 1681 5175 »ι
1742 5124 1893 5181 Fecit
1946 5122 2090 5195 quod

485 5219 712 5282 monuit,
745 5217 988 5274 ostendit
1021 5215 1166 5288 quod
1190 5213 1394 5283 jussit;
1424 5214 1674 5269 animam
1702 5213 1906 5284 posuit,
1937 5221 1996 5267 ut
2037 5211 2090 5266 in

484 5318 729 5376 sacrario
753 5323 941 5372 nostro
961 5329 1165 5386 corpus
1187 5329 1344 5368 suum
1369 5320 1422 5368 et
1459 5313 1786 5383 sanguinem
1831 5317 2091 5377 verteret,

485 5415 537 5461 et
564 5425 697 5465 oves
728 5423 862 5480 quas
891 5405 1186 5461 redimeret
1221 5402 1401 5460 carnis
1422 5417 1532 5457 suae
1552 5401 1814 5457 alimento
1834 5400 2084 5456 satiaret.

490 5493 727 5556 Primum
759 5504 842 5552 est
873 5493 1149 5550 exteriora
1175 5501 1366 5548 nostra
1415 5491 1848 5548 misericorditer
1895 5489 2092 5546 ovibus

488 5588 1207 5665 impendere;postrenum,
1241 5591 1288 5645 si
1317 5605 1548 5645 necesse
1591 5588 1686 5655 sit,
1735 5603 1837 5659 pro
1880 5587 2091 5643 eisdem

489 5684 646 5738 mori.
667 5681 1075 5740 UudeJoaunes
1095 5679 1148 5734 in
1167 5678 1417 5750 Epistola
1437 5693 1568 5734 sua:
1585 5699 1605 5727 ι
1659 5677 1807 5734 Sicut
1836 5677 2090 5734 Christus

489 5773 724 5828 animam
756 5786 913 5828 suam
941 5785 1039 5842 pro
1071 5769 1229 5824 nobis
1259 5766 1446 5839 posuit
1498 5767 1580 5823 sic
1608 5775 1662 5824 et
1689 5783 1793 5823 nos
1821 5765 2090 5822 debemus

485 5879 588 5934 pro
617 5866 866 5924 fratribus
895 5863 1162 5938 ponere(!
1183 5866 1343 5922 Ιοετη.
1363 5865 1468 5934 in).
1500 5883 1523 5913 ι
1551 5859 1682 5920 Hoc
1703 5871 1786 5921 est
1808 5863 2090 5936 proprium

2190 4755 2428 4828 pastoris
2455 4757 2523 4814 ad
2553 4755 2924 4816 differentiam
2953 4759 3280 4818 mercenarii
3311 4759 3396 4817 vel
3439 4758 3604 4820 furis.
3645 4760 3769 4834 Qui-

2200 4861 2434 4920 cumque
2463 4849 2738 4920 praepositi
2759 4848 3024 4908 Ecclesiae
3044 4858 3170 4906 sunt
3189 4849 3286 4906 filii
3305 4857 3427 4906 sunt
3446 4858 3705 4922 pastores.
3720 4851 3770 4908 Si

2201 4951 2446 5013 pastores
2477 4945 2750 5017 quomodo
2780 4962 2922 5002 unus
2952 4954 3162 5018 pastor.
3186 4947 3435 5020 nisiquia
3453 4955 3578 5008 sunt
3596 4964 3770 5008 omnes

2199 5033 2445 5090 membra
2472 5034 2634 5090 unius
2652 5035 2909 5106 pastoris,
2948 5035 3106 5106 cujus
3153 5044 3280 5096 sunt
3317 5053 3449 5094 oves
3503 5035 3766 5108 proprie!

2277 5155 2299 5182 ιι
2344 5133 2721 5190 Mercenarius
2760 5142 2964 5202 autem,
3007 5143 3060 5191 et
3117 5135 3210 5208 qui
3265 5151 3374 5190 non
3435 5142 3516 5192 est
3580 5144 3766 5207 pastor,

2199 5221 2360 5292 cujus
2389 5239 2499 5280 non
2530 5232 2808 5281 suntoves
2823 5223 3080 5296 propriae,
3105 5225 3239 5280 vidit
3259 5224 3444 5295 lupum
3459 5225 3767 5294 venientem,

2201 5321 2252 5368 et
2282 5311 2503 5368 dimittit
2532 5328 2667 5370 oves
2697 5322 2752 5369 et
2782 5311 2936 5386 fugit,
2970 5322 3026 5370 et
3061 5313 3221 5385 lupus
3267 5313 3405 5386 rapit
3435 5321 3490 5370 et
3526 5313 3770 5388 dispergit

2199 5416 2357 5458 oves.
2432 5401 2810 5460 Meroenarius
2847 5411 3032 5460 autem
3095 5401 3254 5475 fugit,
3324 5402 3450 5476 quia
3507 5419 3767 5462 mercena-

2197 5498 2312 5554 rius
2341 5507 2443 5562 est,
2479 5507 2532 5556 et
2573 5516 2684 5556 non
2713 5501 2952 5570 pertinet
2979 5500 3050 5556 ad
3080 5517 3207 5557 eum
3229 5499 3302 5557 de
3330 5499 3542 5557 ovibus.
3591 5522 3610 5553 ι
3653 5501 3766 5572 Qui-

2198 5605 2435 5662 cumque
2460 5589 2784 5661 praepositus
2815 5589 3080 5648 Ecclesiae
3106 5589 3296 5664 quer-it
3309 5589 3618 5662 temporalia
3631 5606 3765 5649 com-

2199 5679 2381 5742 moda,
2415 5687 2471 5734 et
2517 5694 2629 5734 non
2688 5694 2751 5734 ea
2797 5695 2920 5751 quae
2975 5690 3101 5736 sunt
3153 5677 3375 5746 Christi,
3424 5681 3765 5737 mercenarius

2199 5775 2301 5824 est.
2322 5767 2402 5824 De
2415 5766 2614 5824 talibus
2625 5767 2758 5826 dicit
2781 5769 3082 5839 Dominus:
3115 5792 3138 5820 ι
3159 5768 3466 5826 Amendico
3486 5769 3656 5840 vobis,
3682 5785 3764 5827 re-

2197 5873 2464 5938 ceperunt
2488 5864 2805 5924 mercedem
2839 5881 2995 5926 suam
3024 5867 3254 5940 (lauit.
3305 5867 3402 5938 vi).
3441 5890 3464 5917 τ
3512 5868 3762 5927 Meleona-
