  <div class='ocr_page' id='page_1' title='image "/cluster/home/n/w/nwhite01/storage/ocr_20150623/156-157/uc1.31175010662024/1112.png"; bbox 0 0 3924 6414; ppageno 0'>
   <div class='ocr_carea' id='block_1_1' title="bbox 140 360 1816 442">
    <p class='ocr_par' dir='ltr' id='par_1_1' title="bbox 140 360 1804 433">
     <span class='ocr_line' id='line_1_1' title="bbox 140 360 1804 433; baseline 0.01 -17"><span class='ocrx_word' id='word_1_1' title='bbox 140 360 232 418; x_wconf 74' lang='grc' dir='ltr'>θιι</span> <span class='ocrx_word' id='word_1_2' title='bbox 1107 373 1687 432; x_wconf 80' lang='lat' dir='ltr'><strong>DEFLORATIONES</strong></span> <span class='ocrx_word' id='word_1_3' title='bbox 1726 377 1804 433; x_wconf 89' lang='lat' dir='ltr'><strong>SS</strong></span> 
     </span>
    </p>
   </div>
   <div class='ocr_carea' id='block_1_2' title="bbox 1931 360 3492 442">
    <p class='ocr_par' dir='ltr' id='par_1_2' title="bbox 1931 378 3492 438">
     <span class='ocr_line' id='line_1_2' title="bbox 1931 378 3492 438; baseline 0.003 -6"><span class='ocrx_word' id='word_1_4' title='bbox 1931 378 2191 435; x_wconf 73' lang='lat' dir='ltr'><strong>ATRUM.</strong></span> <span class='ocrx_word' id='word_1_5' title='bbox 2237 409 2304 418; x_wconf 94' lang='lat'><strong><em>—</em></strong></span> <span class='ocrx_word' id='word_1_6' title='bbox 2345 378 2478 433; x_wconf 80' lang='lat' dir='ltr'><strong>LIB.</strong></span> <span class='ocrx_word' id='word_1_7' title='bbox 2528 379 2575 432; x_wconf 88' lang='grc'><strong>1.</strong></span> <span class='ocrx_word' id='word_1_8' title='bbox 3392 384 3492 438; x_wconf 69' lang='grc'><strong>942</strong></span> 
     </span>
    </p>
   </div>
   <div class='ocr_carea' id='block_1_3' title="bbox 153 488 3501 577">
    <p class='ocr_par' dir='ltr' id='par_1_3' title="bbox 153 488 3501 577">
     <span class='ocr_line' id='line_1_3' title="bbox 153 488 3501 577; baseline 0.005 -30"><span class='ocrx_word' id='word_1_9' title='bbox 153 488 218 546; x_wconf 88' lang='lat' dir='ltr'><strong>rii</strong></span> <span class='ocrx_word' id='word_1_10' title='bbox 283 501 495 553; x_wconf 75' lang='lat' dir='ltr'><strong>autem</strong></span> <span class='ocrx_word' id='word_1_11' title='bbox 581 499 902 557; x_wconf 71' lang='lat' dir='ltr'><strong>necessarii</strong></span> <span class='ocrx_word' id='word_1_12' title='bbox 966 509 1112 566; x_wconf 90' lang='lat' dir='ltr'><strong>sunt,</strong></span> <span class='ocrx_word' id='word_1_13' title='bbox 1188 502 1317 574; x_wconf 85' lang='lat' dir='ltr'><strong>quia</strong></span> <span class='ocrx_word' id='word_1_14' title='bbox 1367 518 1466 572; x_wconf 92' lang='lat' dir='ltr'><strong>per</strong></span> <span class='ocrx_word' id='word_1_15' title='bbox 1540 517 1637 557; x_wconf 89' lang='lat' dir='ltr'><strong>eos</strong></span> <span class='ocrx_word' id='word_1_16' title='bbox 1701 518 1802 557; x_wconf 82' lang='lat' dir='ltr'><strong>vox</strong></span> <span class='ocrx_word' id='word_1_17' title='bbox 1834 503 1889 562; x_wconf 83' lang='grc' dir='ltr'><strong>Α</strong></span> <span class='ocrx_word' id='word_1_18' title='bbox 1919 505 2018 557; x_wconf 89' lang='lat' dir='ltr'><strong>sed</strong></span> <span class='ocrx_word' id='word_1_19' title='bbox 2046 504 2239 574; x_wconf 79' lang='lat' dir='ltr'><strong>spiritu</strong></span> <span class='ocrx_word' id='word_1_20' title='bbox 2291 504 2576 560; x_wconf 85' lang='lat' dir='ltr'><strong>vobiscum</strong></span> <span class='ocrx_word' id='word_1_21' title='bbox 2620 520 2741 560; x_wconf 90' lang='lat' dir='ltr'><strong>sum</strong></span> <span class='ocrx_word' id='word_1_22' title='bbox 2785 505 3013 575; x_wconf 80' lang='lat' dir='ltr'><strong>(Coloss.</strong></span> <span class='ocrx_word' id='word_1_23' title='bbox 3061 507 3142 577; x_wconf 91' lang='grc' dir='ltr'>ιι).</span> <span class='ocrx_word' id='word_1_24' title='bbox 3176 530 3198 555; x_wconf 74' lang='grc' dir='ltr'>ιο</span> <span class='ocrx_word' id='word_1_25' title='bbox 3253 508 3501 564; x_wconf 87' lang='lat' dir='ltr'><strong>Pastores</strong></span> 
     </span>
    </p>
   </div>
   <div class='ocr_carea' id='block_1_4' title="bbox 159 578 3508 666">
    <p class='ocr_par' dir='ltr' id='par_1_4' title="bbox 159 578 3508 666">
     <span class='ocr_line' id='line_1_4' title="bbox 159 578 3508 666; baseline 0.004 -29"><span class='ocrx_word' id='word_1_26' title='bbox 159 578 371 641; x_wconf 83' lang='lat' dir='ltr'><strong>Christi</strong></span> <span class='ocrx_word' id='word_1_27' title='bbox 405 587 694 644; x_wconf 77' lang='lat' dir='ltr'><strong>auditur.</strong></span> <span class='ocrx_word' id='word_1_28' title='bbox 730 588 921 646; x_wconf 82' lang='lat' dir='ltr'><strong>Audite</strong></span> <span class='ocrx_word' id='word_1_29' title='bbox 941 589 1232 646; x_wconf 90' lang='lat' dir='ltr'><strong>Dominum</strong></span> <span class='ocrx_word' id='word_1_30' title='bbox 1254 597 1650 646; x_wconf 72' lang='lat' dir='ltr'><strong>monstrantem</strong></span> <span class='ocrx_word' id='word_1_31' title='bbox 1668 607 1810 646; x_wconf 88' lang='lat' dir='ltr'><strong>mer-</strong></span> <span class='ocrx_word' id='word_1_32' title='bbox 1915 592 2080 664; x_wconf 92' lang='lat' dir='ltr'><strong>igitur</strong></span> <span class='ocrx_word' id='word_1_33' title='bbox 2133 608 2238 647; x_wconf 89' lang='lat' dir='ltr'><strong>non</strong></span> <span class='ocrx_word' id='word_1_34' title='bbox 2289 592 2391 646; x_wconf 88' lang='lat' dir='ltr'><strong>sibi</strong></span> <span class='ocrx_word' id='word_1_35' title='bbox 2435 591 2647 664; x_wconf 86' lang='lat' dir='ltr'><strong>fugiunt</strong></span> <span class='ocrx_word' id='word_1_36' title='bbox 2677 594 2720 648; x_wconf 90' lang='lat' dir='ltr'><strong>si</strong></span> <span class='ocrx_word' id='word_1_37' title='bbox 2751 595 2948 650; x_wconf 89' lang='lat' dir='ltr'><strong>cedunt</strong></span> <span class='ocrx_word' id='word_1_38' title='bbox 3007 596 3388 666; x_wconf 88' lang='lat' dir='ltr'><strong>persecutioni,</strong></span> <span class='ocrx_word' id='word_1_39' title='bbox 3451 605 3508 652; x_wconf 87' lang='lat' dir='ltr'><strong>ut</strong></span> 
     </span>
    </p>
   </div>
   <div class='ocr_carea' id='block_1_5' title="bbox 170 686 461 731">
    <p class='ocr_par' dir='ltr' id='par_1_5' title="bbox 170 686 461 731">
     <span class='ocr_line' id='line_1_5' title="bbox 170 686 461 731; baseline 0.007 -2"><span class='ocrx_word' id='word_1_40' title='bbox 170 686 430 731; x_wconf 71' lang='grc' dir='ltr'>οθιιειιοε</span> <span class='ocrx_word' id='word_1_41' title='bbox 445 716 461 730; x_wconf 75' lang='grc' dir='ltr'><strong>ο</strong></span> 
     </span>
    </p>
   </div>
   <div class='ocr_carea' id='block_1_6' title="bbox 253 789 1807 866">
    <p class='ocr_par' dir='ltr' id='par_1_6' title="bbox 253 789 1807 866">
     <span class='ocr_line' id='line_1_6' title="bbox 253 789 1807 866; baseline 0.002 -19"><span class='ocrx_word' id='word_1_42' title='bbox 253 812 277 840; x_wconf 75' lang='grc' dir='ltr'>«ι</span> <span class='ocrx_word' id='word_1_43' title='bbox 313 791 559 860; x_wconf 71' lang='lat' dir='ltr'><strong>Scribze,</strong></span> <span class='ocrx_word' id='word_1_44' title='bbox 611 789 814 866; x_wconf 90' lang='lat' dir='ltr'><strong>inquit,</strong></span> <span class='ocrx_word' id='word_1_45' title='bbox 865 801 918 848; x_wconf 92' lang='lat' dir='ltr'><strong>et</strong></span> <span class='ocrx_word' id='word_1_46' title='bbox 966 793 1230 850; x_wconf 67' lang='lat' dir='ltr'><strong>Pharisaei</strong></span> <span class='ocrx_word' id='word_1_47' title='bbox 1284 811 1448 866; x_wconf 85' lang='lat' dir='ltr'><strong>super</strong></span> <span class='ocrx_word' id='word_1_48' title='bbox 1494 795 1807 850; x_wconf 80' lang='lat' dir='ltr'><strong>cathedram</strong></span> 
     </span>
    </p>
   </div>
   <div class='ocr_carea' id='block_1_7' title="bbox 186 880 1810 956">
    <p class='ocr_par' dir='ltr' id='par_1_7' title="bbox 186 880 1810 956">
     <span class='ocr_line' id='line_1_7' title="bbox 186 880 1810 956; baseline 0.001 -19"><span class='ocrx_word' id='word_1_49' title='bbox 186 880 362 954; x_wconf 74' lang='lat' dir='ltr'><strong>Moysi</strong></span> <span class='ocrx_word' id='word_1_50' title='bbox 393 881 708 952; x_wconf 90' lang='lat' dir='ltr'><strong>sederunt;</strong></span> <span class='ocrx_word' id='word_1_51' title='bbox 745 899 865 954; x_wconf 63' lang='lat' dir='ltr'><strong>quae</strong></span> <span class='ocrx_word' id='word_1_52' title='bbox 898 882 1088 939; x_wconf 90' lang='lat' dir='ltr'><strong>dicunt</strong></span> <span class='ocrx_word' id='word_1_53' title='bbox 1120 883 1280 939; x_wconf 83' lang='lat' dir='ltr'><strong>facile</strong></span> <span class='ocrx_word' id='word_1_54' title='bbox 1315 901 1327 938; x_wconf 90' lang='lat'>:</span> <span class='ocrx_word' id='word_1_55' title='bbox 1363 900 1483 956; x_wconf 58' lang='lat' dir='ltr'><strong>qua!</strong></span> <span class='ocrx_word' id='word_1_56' title='bbox 1514 893 1693 940; x_wconf 90' lang='lat' dir='ltr'><strong>autem</strong></span> <span class='ocrx_word' id='word_1_57' title='bbox 1730 883 1810 939; x_wconf 88' lang='lat' dir='ltr'><strong>fa-</strong></span> 
     </span>
    </p>
   </div>
   <div class='ocr_carea' id='block_1_8' title="bbox 193 971 1810 1043">
    <p class='ocr_par' dir='ltr' id='par_1_8' title="bbox 193 971 1810 1043">
     <span class='ocr_line' id='line_1_8' title="bbox 193 971 1810 1043; baseline 0.002 -17"><span class='ocrx_word' id='word_1_58' title='bbox 193 973 352 1027; x_wconf 88' lang='lat' dir='ltr'><strong>ciunt</strong></span> <span class='ocrx_word' id='word_1_59' title='bbox 381 971 572 1026; x_wconf 72' lang='lat' dir='ltr'><strong>facere</strong></span> <span class='ocrx_word' id='word_1_60' title='bbox 596 971 766 1026; x_wconf 89' lang='lat' dir='ltr'><strong>nolite</strong></span> <span class='ocrx_word' id='word_1_61' title='bbox 785 971 1007 1041; x_wconf 76' lang='lat' dir='ltr'><strong>(Matth.</strong></span> <span class='ocrx_word' id='word_1_62' title='bbox 1031 974 1219 1041; x_wconf 77' lang='lat' dir='ltr'><strong>xxiii).</strong></span> <span class='ocrx_word' id='word_1_63' title='bbox 1263 995 1284 1020; x_wconf 76' lang='grc' dir='ltr'><strong>η</strong></span> <span class='ocrx_word' id='word_1_64' title='bbox 1312 971 1454 1037; x_wconf 90' lang='lat' dir='ltr'><strong>Quid</strong></span> <span class='ocrx_word' id='word_1_65' title='bbox 1475 973 1619 1027; x_wconf 90' lang='lat' dir='ltr'><strong>aliud</strong></span> <span class='ocrx_word' id='word_1_66' title='bbox 1652 972 1810 1043; x_wconf 83' lang='lat' dir='ltr'><strong>dixit,</strong></span> 
     </span>
    </p>
   </div>
   <div class='ocr_carea' id='block_1_9' title="bbox 191 1059 1810 1132">
    <p class='ocr_par' dir='ltr' id='par_1_9' title="bbox 191 1059 1810 1132">
     <span class='ocr_line' id='line_1_9' title="bbox 191 1059 1810 1132; baseline 0.001 -17"><span class='ocrx_word' id='word_1_67' title='bbox 191 1060 304 1116; x_wconf 84' lang='lat' dir='ltr'><strong>nisi</strong></span> <span class='ocrx_word' id='word_1_68' title='bbox 334 1060 442 1114; x_wconf 90' lang='lat' dir='ltr'><strong>Per</strong></span> <span class='ocrx_word' id='word_1_69' title='bbox 471 1059 851 1115; x_wconf 87' lang='lat' dir='ltr'><strong>mercenaries</strong></span> <span class='ocrx_word' id='word_1_70' title='bbox 883 1075 1076 1116; x_wconf 77' lang='lat' dir='ltr'><strong>vocem</strong></span> <span class='ocrx_word' id='word_1_71' title='bbox 1105 1061 1338 1132; x_wconf 85' lang='lat' dir='ltr'><strong>pastoris</strong></span> <span class='ocrx_word' id='word_1_72' title='bbox 1367 1061 1547 1117; x_wconf 86' lang='lat' dir='ltr'><strong>audite</strong></span> <span class='ocrx_word' id='word_1_73' title='bbox 1567 1063 1596 1116; x_wconf 62' lang='grc' dir='ltr'>εν</span> <span class='ocrx_word' id='word_1_74' title='bbox 1615 1061 1810 1116; x_wconf 83' lang='lat' dir='ltr'><strong>Nullus</strong></span> 
     </span>
    </p>
   </div>
   <div class='ocr_carea' id='block_1_10' title="bbox 189 1151 1812 1228">
    <p class='ocr_par' dir='ltr' id='par_1_10' title="bbox 189 1151 1812 1228">
     <span class='ocr_line' id='line_1_10' title="bbox 189 1151 1812 1228; baseline 0 -16"><span class='ocrx_word' id='word_1_75' title='bbox 189 1151 346 1213; x_wconf 85' lang='lat' dir='ltr'><strong>enim</strong></span> <span class='ocrx_word' id='word_1_76' title='bbox 381 1154 767 1211; x_wconf 82' lang='lat' dir='ltr'><strong>mercenarius</strong></span> <span class='ocrx_word' id='word_1_77' title='bbox 800 1170 969 1210; x_wconf 88' lang='lat' dir='ltr'><strong>ausus</strong></span> <span class='ocrx_word' id='word_1_78' title='bbox 1001 1162 1085 1210; x_wconf 88' lang='lat' dir='ltr'><strong>est</strong></span> <span class='ocrx_word' id='word_1_79' title='bbox 1115 1155 1300 1212; x_wconf 83' lang='lat' dir='ltr'><strong>dicere</strong></span> <span class='ocrx_word' id='word_1_80' title='bbox 1327 1156 1534 1228; x_wconf 89' lang='lat' dir='ltr'><strong>populo</strong></span> <span class='ocrx_word' id='word_1_81' title='bbox 1562 1156 1763 1212; x_wconf 90' lang='lat' dir='ltr'><strong>Christi</strong></span> <span class='ocrx_word' id='word_1_82' title='bbox 1799 1175 1812 1212; x_wconf 86' lang='lat'><strong>:</strong></span> 
     </span>
    </p>
   </div>
   <div class='ocr_carea' id='block_1_11' title="bbox 185 1244 1805 1319">
    <p class='ocr_par' dir='ltr' id='par_1_11' title="bbox 185 1244 1805 1319">
     <span class='ocr_line' id='line_1_11' title="bbox 185 1244 1805 1319; baseline 0 -18"><span class='ocrx_word' id='word_1_83' title='bbox 185 1247 315 1302; x_wconf 83' lang='lat' dir='ltr'><strong>Tua</strong></span> <span class='ocrx_word' id='word_1_84' title='bbox 345 1260 554 1318; x_wconf 70' lang='lat' dir='ltr'><strong>quaere,</strong></span> <span class='ocrx_word' id='word_1_85' title='bbox 585 1259 692 1300; x_wconf 91' lang='lat' dir='ltr'><strong>non</strong></span> <span class='ocrx_word' id='word_1_86' title='bbox 726 1260 848 1318; x_wconf 66' lang='lat' dir='ltr'><strong>quae</strong></span> <span class='ocrx_word' id='word_1_87' title='bbox 873 1245 1005 1300; x_wconf 76' lang='lat' dir='ltr'><strong>Iesu</strong></span> <span class='ocrx_word' id='word_1_88' title='bbox 1037 1244 1263 1300; x_wconf 84' lang='lat' dir='ltr'><strong>Christi.</strong></span> <span class='ocrx_word' id='word_1_89' title='bbox 1316 1244 1449 1301; x_wconf 90' lang='lat' dir='ltr'><strong>lude</strong></span> <span class='ocrx_word' id='word_1_90' title='bbox 1480 1261 1611 1319; x_wconf 89' lang='lat' dir='ltr'><strong>ergo</strong></span> <span class='ocrx_word' id='word_1_91' title='bbox 1641 1245 1805 1318; x_wconf 55' lang='lat' dir='ltr'><strong>laedit,</strong></span> 
     </span>
    </p>
   </div>
   <div class='ocr_carea' id='block_1_12' title="bbox 181 1340 1812 1404">
    <p class='ocr_par' dir='ltr' id='par_1_12' title="bbox 181 1340 1812 1404">
     <span class='ocr_line' id='line_1_12' title="bbox 181 1340 1812 1404; baseline -0.001 -4"><span class='ocrx_word' id='word_1_92' title='bbox 181 1342 347 1400; x_wconf 88' lang='lat' dir='ltr'><strong>unde</strong></span> <span class='ocrx_word' id='word_1_93' title='bbox 376 1341 525 1399; x_wconf 82' lang='lat' dir='ltr'><strong>mala</strong></span> <span class='ocrx_word' id='word_1_94' title='bbox 555 1341 705 1404; x_wconf 85' lang='lat' dir='ltr'><strong>facit.</strong></span> <span class='ocrx_word' id='word_1_95' title='bbox 738 1359 846 1397; x_wconf 92' lang='lat' dir='ltr'><strong>non</strong></span> <span class='ocrx_word' id='word_1_96' title='bbox 878 1342 1022 1398; x_wconf 92' lang='lat' dir='ltr'><strong>unde</strong></span> <span class='ocrx_word' id='word_1_97' title='bbox 1072 1340 1214 1398; x_wconf 90' lang='lat' dir='ltr'><strong>bona</strong></span> <span class='ocrx_word' id='word_1_98' title='bbox 1248 1341 1397 1400; x_wconf 91' lang='lat' dir='ltr'><strong>dicit.</strong></span> <span class='ocrx_word' id='word_1_99' title='bbox 1431 1344 1649 1398; x_wconf 87' lang='lat' dir='ltr'><strong>Botrum</strong></span> <span class='ocrx_word' id='word_1_100' title='bbox 1689 1357 1812 1400; x_wconf 89' lang='lat' dir='ltr'><strong>car-</strong></span> 
     </span>
    </p>
   </div>
   <div class='ocr_carea' id='block_1_13' title="bbox 177 1430 1809 1505">
    <p class='ocr_par' dir='ltr' id='par_1_13' title="bbox 177 1430 1809 1505">
     <span class='ocr_line' id='line_1_13' title="bbox 177 1430 1809 1505; baseline -0.002 -16"><span class='ocrx_word' id='word_1_101' title='bbox 177 1449 282 1505; x_wconf 67' lang='lat' dir='ltr'><strong>pe,</strong></span> <span class='ocrx_word' id='word_1_102' title='bbox 329 1431 552 1504; x_wconf 84' lang='lat' dir='ltr'><strong>spinam</strong></span> <span class='ocrx_word' id='word_1_103' title='bbox 583 1447 739 1486; x_wconf 91' lang='lat' dir='ltr'><strong>cave.</strong></span> <span class='ocrx_word' id='word_1_104' title='bbox 774 1430 975 1485; x_wconf 88' lang='lat' dir='ltr'><strong>Botrus</strong></span> <span class='ocrx_word' id='word_1_105' title='bbox 1024 1430 1320 1504; x_wconf 87' lang='lat' dir='ltr'><strong>aliquando</strong></span> <span class='ocrx_word' id='word_1_106' title='bbox 1352 1432 1662 1487; x_wconf 82' lang='lat' dir='ltr'><strong>conseritur</strong></span> <span class='ocrx_word' id='word_1_107' title='bbox 1692 1432 1809 1504; x_wconf 81' lang='lat' dir='ltr'><strong>spi-</strong></span> 
     </span>
    </p>
   </div>
   <div class='ocr_carea' id='block_1_14' title="bbox 177 1518 1811 1593">
    <p class='ocr_par' dir='ltr' id='par_1_14' title="bbox 177 1518 1811 1593">
     <span class='ocr_line' id='line_1_14' title="bbox 177 1518 1811 1593; baseline -0.001 -15"><span class='ocrx_word' id='word_1_108' title='bbox 177 1522 305 1589; x_wconf 88' lang='lat' dir='ltr'><strong>nis,</strong></span> <span class='ocrx_word' id='word_1_109' title='bbox 340 1529 400 1576; x_wconf 90' lang='lat' dir='ltr'><strong>et</strong></span> <span class='ocrx_word' id='word_1_110' title='bbox 442 1525 628 1593; x_wconf 90' lang='lat' dir='ltr'><strong>portat</strong></span> <span class='ocrx_word' id='word_1_111' title='bbox 679 1518 833 1590; x_wconf 80' lang='lat' dir='ltr'><strong>spina</strong></span> <span class='ocrx_word' id='word_1_112' title='bbox 891 1535 999 1574; x_wconf 92' lang='lat' dir='ltr'><strong>non</strong></span> <span class='ocrx_word' id='word_1_113' title='bbox 1059 1536 1215 1574; x_wconf 84' lang='lat' dir='ltr'><strong>suum</strong></span> <span class='ocrx_word' id='word_1_114' title='bbox 1274 1519 1530 1586; x_wconf 77' lang='lat' dir='ltr'><strong>fructum,</strong></span> <span class='ocrx_word' id='word_1_115' title='bbox 1590 1521 1811 1593; x_wconf 86' lang='lat' dir='ltr'><strong>quando</strong></span> 
     </span>
    </p>
   </div>
   <div class='ocr_carea' id='block_1_15' title="bbox 178 1606 1809 1683">
    <p class='ocr_par' dir='ltr' id='par_1_15' title="bbox 178 1606 1809 1683">
     <span class='ocr_line' id='line_1_15' title="bbox 178 1606 1809 1683; baseline -0.001 -17"><span class='ocrx_word' id='word_1_116' title='bbox 178 1610 384 1683; x_wconf 82' lang='lat' dir='ltr'><strong>spinis</strong></span> <span class='ocrx_word' id='word_1_117' title='bbox 415 1609 627 1681; x_wconf 88' lang='lat' dir='ltr'><strong>palmes</strong></span> <span class='ocrx_word' id='word_1_118' title='bbox 656 1606 946 1663; x_wconf 88' lang='lat' dir='ltr'><strong>incumbit.</strong></span> <span class='ocrx_word' id='word_1_119' title='bbox 1004 1606 1276 1664; x_wconf 88' lang='lat' dir='ltr'><strong>Cathedra</strong></span> <span class='ocrx_word' id='word_1_120' title='bbox 1306 1609 1477 1681; x_wconf 80' lang='lat' dir='ltr'><strong>Moysi</strong></span> <span class='ocrx_word' id='word_1_121' title='bbox 1519 1609 1639 1664; x_wconf 89' lang='lat' dir='ltr'><strong>vitis</strong></span> <span class='ocrx_word' id='word_1_122' title='bbox 1671 1616 1809 1679; x_wconf 86' lang='lat' dir='ltr'><strong>erat,</strong></span> 
     </span>
    </p>
   </div>
   <div class='ocr_carea' id='block_1_16' title="bbox 179 1696 1808 1770">
    <p class='ocr_par' dir='ltr' id='par_1_16' title="bbox 179 1696 1808 1770">
     <span class='ocr_line' id='line_1_16' title="bbox 179 1696 1808 1770; baseline -0.001 -16"><span class='ocrx_word' id='word_1_123' title='bbox 179 1699 612 1755; x_wconf 72' lang='lat' dir='ltr'><strong>Pharisaeorum</strong></span> <span class='ocrx_word' id='word_1_124' title='bbox 643 1713 825 1752; x_wconf 90' lang='lat' dir='ltr'><strong>mores</strong></span> <span class='ocrx_word' id='word_1_125' title='bbox 854 1696 1044 1767; x_wconf 63' lang='lat' dir='ltr'><strong>Spiuaa,</strong></span> <span class='ocrx_word' id='word_1_126' title='bbox 1067 1697 1318 1754; x_wconf 90' lang='lat' dir='ltr'><strong>doctrina</strong></span> <span class='ocrx_word' id='word_1_127' title='bbox 1340 1714 1465 1754; x_wconf 91' lang='lat' dir='ltr'><strong>vera</strong></span> <span class='ocrx_word' id='word_1_128' title='bbox 1497 1715 1596 1770; x_wconf 87' lang='lat' dir='ltr'><strong>per</strong></span> <span class='ocrx_word' id='word_1_129' title='bbox 1615 1699 1808 1764; x_wconf 88' lang='lat' dir='ltr'><strong>malos,</strong></span> 
     </span>
    </p>
   </div>
   <div class='ocr_carea' id='block_1_17' title="bbox 177 1794 1809 1870">
    <p class='ocr_par' dir='ltr' id='par_1_17' title="bbox 177 1794 1809 1870">
     <span class='ocr_line' id='line_1_17' title="bbox 177 1794 1809 1870; baseline 0 -18"><span class='ocrx_word' id='word_1_130' title='bbox 177 1797 418 1870; x_wconf 83' lang='lat' dir='ltr'><strong>palmes</strong></span> <span class='ocrx_word' id='word_1_131' title='bbox 440 1796 491 1850; x_wconf 92' lang='lat' dir='ltr'><strong>in</strong></span> <span class='ocrx_word' id='word_1_132' title='bbox 516 1811 676 1868; x_wconf 88' lang='lat' dir='ltr'><strong>sepe,</strong></span> <span class='ocrx_word' id='word_1_133' title='bbox 701 1802 754 1851; x_wconf 89' lang='lat' dir='ltr'><strong>et</strong></span> <span class='ocrx_word' id='word_1_134' title='bbox 771 1794 962 1850; x_wconf 92' lang='lat' dir='ltr'><strong>botrus</strong></span> <span class='ocrx_word' id='word_1_135' title='bbox 978 1795 1119 1849; x_wconf 71' lang='lat' dir='ltr'><strong>inter</strong></span> <span class='ocrx_word' id='word_1_136' title='bbox 1136 1794 1342 1866; x_wconf 92' lang='lat' dir='ltr'><strong>spinas.</strong></span> <span class='ocrx_word' id='word_1_137' title='bbox 1367 1796 1531 1852; x_wconf 88' lang='lat' dir='ltr'><strong>Caute</strong></span> <span class='ocrx_word' id='word_1_138' title='bbox 1554 1797 1715 1870; x_wconf 89' lang='lat' dir='ltr'><strong>elige,</strong></span> <span class='ocrx_word' id='word_1_139' title='bbox 1739 1813 1809 1853; x_wconf 92' lang='lat' dir='ltr'><strong>ne</strong></span> 
     </span>
    </p>
   </div>
   <div class='ocr_carea' id='block_1_18' title="bbox 176 1861 1890 1959">
    <p class='ocr_par' dir='ltr' id='par_1_18' title="bbox 176 1861 1890 1959">
     <span class='ocr_line' id='line_1_18' title="bbox 176 1861 1890 1959; baseline -0.001 -16"><span class='ocrx_word' id='word_1_140' title='bbox 176 1861 336 1943; x_wconf 65' lang='lat' dir='ltr'><strong>dum</strong></span> <span class='ocrx_word' id='word_1_141' title='bbox 373 1861 837 1959; x_wconf 41' lang='lat' dir='ltr'><strong>qumris&#39;fructum</strong></span> <span class='ocrx_word' id='word_1_142' title='bbox 871 1884 1076 1940; x_wconf 88' lang='lat' dir='ltr'><strong>laceres</strong></span> <span class='ocrx_word' id='word_1_143' title='bbox 1104 1861 1368 1939; x_wconf 78' lang='lat' dir='ltr'><strong>mundum</strong></span> <span class='ocrx_word' id='word_1_144' title='bbox 1395 1861 1734 1957; x_wconf 45' lang='lat' dir='ltr'><strong>[manumv‘IL</strong></span> <span class='ocrx_word' id='word_1_145' title='bbox 1758 1893 1810 1942; x_wconf 93' lang='lat' dir='ltr'><strong>et</strong></span> <span class='ocrx_word' id='word_1_146' title='bbox 1838 1861 1890 1921; x_wconf 79' lang='grc' dir='ltr'>Β</span> 
     </span>
    </p>
   </div>
   <div class='ocr_carea' id='block_1_19' title="bbox 180 1972 1816 2042">
    <p class='ocr_par' dir='ltr' id='par_1_19' title="bbox 180 1972 1816 2042">
     <span class='ocr_line' id='line_1_19' title="bbox 180 1972 1816 2042; baseline -0.003 -8"><span class='ocrx_word' id='word_1_147' title='bbox 180 1992 333 2034; x_wconf 87' lang='lat' dir='ltr'><strong>cum</strong></span> <span class='ocrx_word' id='word_1_148' title='bbox 364 1974 520 2030; x_wconf 85' lang='lat' dir='ltr'><strong>audis</strong></span> <span class='ocrx_word' id='word_1_149' title='bbox 551 1974 697 2030; x_wconf 90' lang='lat' dir='ltr'><strong>bona</strong></span> <span class='ocrx_word' id='word_1_150' title='bbox 725 1972 1019 2042; x_wconf 89' lang='lat' dir='ltr'><strong>dicentem,</strong></span> <span class='ocrx_word' id='word_1_151' title='bbox 1069 1989 1138 2028; x_wconf 91' lang='lat' dir='ltr'><strong>ne</strong></span> <span class='ocrx_word' id='word_1_152' title='bbox 1183 1973 1412 2029; x_wconf 89' lang='lat' dir='ltr'><strong>imiteris</strong></span> <span class='ocrx_word' id='word_1_153' title='bbox 1443 1975 1583 2029; x_wconf 90' lang='lat' dir='ltr'><strong>mala</strong></span> <span class='ocrx_word' id='word_1_154' title='bbox 1615 1975 1816 2030; x_wconf 87' lang='lat' dir='ltr'><strong>facien-</strong></span> 
     </span>
    </p>
   </div>
   <div class='ocr_carea' id='block_1_20' title="bbox 180 2068 1816 2142">
    <p class='ocr_par' dir='ltr' id='par_1_20' title="bbox 180 2068 1816 2142">
     <span class='ocr_line' id='line_1_20' title="bbox 180 2068 1816 2142; baseline 0 -15"><span class='ocrx_word' id='word_1_155' title='bbox 180 2072 351 2127; x_wconf 66' lang='lat' dir='ltr'><strong>tem.</strong></span> <span class='ocrx_word' id='word_1_156' title='bbox 377 2071 512 2140; x_wconf 65' lang='lat' dir='ltr'><strong>Quae</strong></span> <span class='ocrx_word' id='word_1_157' title='bbox 532 2069 720 2127; x_wconf 91' lang='lat' dir='ltr'><strong>dicunt</strong></span> <span class='ocrx_word' id='word_1_158' title='bbox 751 2068 934 2136; x_wconf 91' lang='lat' dir='ltr'><strong>facite,</strong></span> <span class='ocrx_word' id='word_1_159' title='bbox 971 2069 1154 2141; x_wconf 80' lang='lat' dir='ltr'><strong>eligite</strong></span> <span class='ocrx_word' id='word_1_160' title='bbox 1182 2086 1316 2126; x_wconf 91' lang='lat' dir='ltr'><strong>uvas</strong></span> <span class='ocrx_word' id='word_1_161' title='bbox 1341 2089 1356 2138; x_wconf 89' lang='lat'><strong>;</strong></span> <span class='ocrx_word' id='word_1_162' title='bbox 1377 2089 1496 2142; x_wconf 75' lang='lat' dir='ltr'><strong>qua:</strong></span> <span class='ocrx_word' id='word_1_163' title='bbox 1518 2080 1697 2126; x_wconf 91' lang='lat' dir='ltr'><strong>autem</strong></span> <span class='ocrx_word' id='word_1_164' title='bbox 1729 2071 1816 2127; x_wconf 90' lang='lat' dir='ltr'><strong>fa-</strong></span> 
     </span>
    </p>
   </div>
   <div class='ocr_carea' id='block_1_21' title="bbox 180 2157 1815 2231">
    <p class='ocr_par' dir='ltr' id='par_1_21' title="bbox 180 2157 1815 2231">
     <span class='ocr_line' id='line_1_21' title="bbox 180 2157 1815 2231; baseline -0.001 -15"><span class='ocrx_word' id='word_1_165' title='bbox 180 2160 362 2216; x_wconf 89' lang='lat' dir='ltr'><strong>ciunt</strong></span> <span class='ocrx_word' id='word_1_166' title='bbox 391 2161 578 2216; x_wconf 91' lang='lat' dir='ltr'><strong>facere</strong></span> <span class='ocrx_word' id='word_1_167' title='bbox 609 2157 798 2226; x_wconf 91' lang='lat' dir='ltr'><strong>nolite,</strong></span> <span class='ocrx_word' id='word_1_168' title='bbox 823 2166 1011 2213; x_wconf 89' lang='lat' dir='ltr'><strong>cavete</strong></span> <span class='ocrx_word' id='word_1_169' title='bbox 1032 2159 1238 2230; x_wconf 88' lang='lat' dir='ltr'><strong>spinas.</strong></span> <span class='ocrx_word' id='word_1_170' title='bbox 1265 2159 1469 2215; x_wconf 83' lang='lat' dir='ltr'><strong>Audite</strong></span> <span class='ocrx_word' id='word_1_171' title='bbox 1490 2159 1815 2231; x_wconf 81' lang='lat' dir='ltr'><strong>Apostolum</strong></span> 
     </span>
    </p>
   </div>
   <div class='ocr_carea' id='block_1_22' title="bbox 185 2245 1814 2318">
    <p class='ocr_par' dir='ltr' id='par_1_22' title="bbox 185 2245 1814 2318">
     <span class='ocr_line' id='line_1_22' title="bbox 185 2245 1814 2318; baseline -0.001 -12"><span class='ocrx_word' id='word_1_172' title='bbox 185 2251 272 2306; x_wconf 88' lang='lat' dir='ltr'><strong>de</strong></span> <span class='ocrx_word' id='word_1_173' title='bbox 309 2246 674 2304; x_wconf 86' lang='lat' dir='ltr'><strong>mercenariis</strong></span> <span class='ocrx_word' id='word_1_174' title='bbox 705 2246 1051 2318; x_wconf 87' lang='lat' dir='ltr'><strong>loquentem:</strong></span> <span class='ocrx_word' id='word_1_175' title='bbox 1091 2271 1111 2295; x_wconf 75' lang='grc' dir='ltr'><strong>ι</strong></span> <span class='ocrx_word' id='word_1_176' title='bbox 1151 2245 1294 2316; x_wconf 91' lang='lat' dir='ltr'><strong>Quid</strong></span> <span class='ocrx_word' id='word_1_177' title='bbox 1325 2248 1470 2303; x_wconf 90' lang='lat' dir='ltr'><strong>enim</strong></span> <span class='ocrx_word' id='word_1_178' title='bbox 1501 2252 1632 2303; x_wconf 87' lang='lat' dir='ltr'><strong>dum</strong></span> <span class='ocrx_word' id='word_1_179' title='bbox 1665 2248 1814 2304; x_wconf 92' lang='lat' dir='ltr'><strong>omni</strong></span> 
     </span>
    </p>
   </div>
   <div class='ocr_carea' id='block_1_23' title="bbox 198 2335 1820 2399">
    <p class='ocr_par' dir='ltr' id='par_1_23' title="bbox 198 2335 1820 2399">
     <span class='ocr_line' id='line_1_23' title="bbox 198 2335 1820 2399; baseline -0.002 -4"><span class='ocrx_word' id='word_1_180' title='bbox 198 2339 391 2395; x_wconf 89' lang='lat' dir='ltr'><strong>modo</strong></span> <span class='ocrx_word' id='word_1_181' title='bbox 423 2337 537 2393; x_wconf 89' lang='lat' dir='ltr'><strong>sive</strong></span> <span class='ocrx_word' id='word_1_182' title='bbox 574 2335 893 2399; x_wconf 83' lang='lat' dir='ltr'><strong>occasione,</strong></span> <span class='ocrx_word' id='word_1_183' title='bbox 945 2336 1064 2391; x_wconf 87' lang='lat' dir='ltr'><strong>sive</strong></span> <span class='ocrx_word' id='word_1_184' title='bbox 1112 2337 1337 2393; x_wconf 86' lang='lat' dir='ltr'><strong>veritate</strong></span> <span class='ocrx_word' id='word_1_185' title='bbox 1379 2337 1580 2392; x_wconf 83' lang='lat' dir='ltr'><strong>Christi</strong></span> <span class='ocrx_word' id='word_1_186' title='bbox 1609 2354 1820 2392; x_wconf 89' lang='lat' dir='ltr'><strong>annun-</strong></span> 
     </span>
    </p>
   </div>
   <div class='ocr_carea' id='block_1_24' title="bbox 200 2424 1818 2497">
    <p class='ocr_par' dir='ltr' id='par_1_24' title="bbox 200 2424 1818 2497">
     <span class='ocr_line' id='line_1_24' title="bbox 200 2424 1818 2497; baseline -0.002 -12"><span class='ocrx_word' id='word_1_187' title='bbox 200 2428 391 2484; x_wconf 86' lang='lat' dir='ltr'><strong>tietur</strong></span> <span class='ocrx_word' id='word_1_188' title='bbox 413 2427 442 2480; x_wconf 83' lang='lat'><strong>?</strong></span> <span class='ocrx_word' id='word_1_189' title='bbox 468 2426 699 2497; x_wconf 80' lang='lat' dir='ltr'><strong>(Philip.</strong></span> <span class='ocrx_word' id='word_1_190' title='bbox 726 2429 788 2489; x_wconf 82' lang='lat'><strong>1.)</strong></span> <span class='ocrx_word' id='word_1_191' title='bbox 828 2447 850 2472; x_wconf 73' lang='grc' dir='ltr'><strong>ι</strong></span> <span class='ocrx_word' id='word_1_192' title='bbox 887 2425 1125 2491; x_wconf 87' lang='lat' dir='ltr'><strong>Veritas,</strong></span> <span class='ocrx_word' id='word_1_193' title='bbox 1149 2424 1202 2480; x_wconf 89' lang='lat' dir='ltr'><strong>id</strong></span> <span class='ocrx_word' id='word_1_194' title='bbox 1226 2433 1306 2479; x_wconf 90' lang='lat' dir='ltr'><strong>est</strong></span> <span class='ocrx_word' id='word_1_195' title='bbox 1335 2426 1584 2481; x_wconf 86' lang='lat' dir='ltr'><strong>Christus</strong></span> <span class='ocrx_word' id='word_1_196' title='bbox 1607 2442 1639 2480; x_wconf 90' lang='lat' dir='ltr'><strong>a</strong></span> <span class='ocrx_word' id='word_1_197' title='bbox 1669 2442 1818 2482; x_wconf 82' lang='lat' dir='ltr'><strong>mer-</strong></span> 
     </span>
    </p>
   </div>
   <div class='ocr_carea' id='block_1_25' title="bbox 195 2512 1810 2582">
    <p class='ocr_par' dir='ltr' id='par_1_25' title="bbox 195 2512 1810 2582">
     <span class='ocr_line' id='line_1_25' title="bbox 195 2512 1810 2582; baseline -0.001 -9"><span class='ocrx_word' id='word_1_198' title='bbox 195 2514 459 2574; x_wconf 87' lang='lat' dir='ltr'><strong>cenariis</strong></span> <span class='ocrx_word' id='word_1_199' title='bbox 514 2513 828 2582; x_wconf 85' lang='lat' dir='ltr'><strong>occasione,</strong></span> <span class='ocrx_word' id='word_1_200' title='bbox 862 2527 894 2568; x_wconf 89' lang='lat' dir='ltr'><strong>a</strong></span> <span class='ocrx_word' id='word_1_201' title='bbox 942 2512 1065 2568; x_wconf 82' lang='lat' dir='ltr'><strong>ﬁliis</strong></span> <span class='ocrx_word' id='word_1_202' title='bbox 1134 2514 1359 2570; x_wconf 85' lang='lat' dir='ltr'><strong>veritate</strong></span> <span class='ocrx_word' id='word_1_203' title='bbox 1435 2515 1810 2572; x_wconf 87' lang='lat' dir='ltr'><strong>annuutiatur.</strong></span> 
     </span>
    </p>
   </div>
   <div class='ocr_carea' id='block_1_26' title="bbox 199 2610 1820 2683">
    <p class='ocr_par' dir='ltr' id='par_1_26' title="bbox 199 2610 1820 2683">
     <span class='ocr_line' id='line_1_26' title="bbox 199 2610 1820 2683; baseline -0.001 -13"><span class='ocrx_word' id='word_1_204' title='bbox 199 2615 342 2670; x_wconf 85' lang='lat' dir='ltr'><strong>Filii</strong></span> <span class='ocrx_word' id='word_1_205' title='bbox 373 2620 639 2669; x_wconf 62' lang='lat' dir='ltr'><strong>aeternam</strong></span> <span class='ocrx_word' id='word_1_206' title='bbox 681 2610 1057 2666; x_wconf 77' lang='lat' dir='ltr'><strong>haereditatem</strong></span> <span class='ocrx_word' id='word_1_207' title='bbox 1106 2610 1262 2682; x_wconf 89' lang='lat' dir='ltr'><strong>prius</strong></span> <span class='ocrx_word' id='word_1_208' title='bbox 1315 2611 1584 2683; x_wconf 88' lang='lat' dir='ltr'><strong>patienter</strong></span> <span class='ocrx_word' id='word_1_209' title='bbox 1617 2629 1820 2683; x_wconf 90' lang='lat' dir='ltr'><strong>exspe-</strong></span> 
     </span>
    </p>
   </div>
   <div class='ocr_carea' id='block_1_27' title="bbox 199 2699 1823 2772">
    <p class='ocr_par' dir='ltr' id='par_1_27' title="bbox 199 2699 1823 2772">
     <span class='ocr_line' id='line_1_27' title="bbox 199 2699 1823 2772; baseline -0.003 -11"><span class='ocrx_word' id='word_1_210' title='bbox 199 2710 386 2769; x_wconf 82' lang='lat' dir='ltr'><strong>ctam,</strong></span> <span class='ocrx_word' id='word_1_211' title='bbox 412 2699 735 2758; x_wconf 88' lang='lat' dir='ltr'><strong>mercenarii</strong></span> <span class='ocrx_word' id='word_1_212' title='bbox 790 2699 1148 2772; x_wconf 89' lang='lat' dir='ltr'><strong>temporalem</strong></span> <span class='ocrx_word' id='word_1_213' title='bbox 1207 2701 1520 2757; x_wconf 88' lang='lat' dir='ltr'><strong>mercedem</strong></span> <span class='ocrx_word' id='word_1_214' title='bbox 1565 2701 1823 2757; x_wconf 86' lang='lat' dir='ltr'><strong>festinan-</strong></span> 
     </span>
    </p>
   </div>
   <div class='ocr_carea' id='block_1_28' title="bbox 205 2788 1825 2862">
    <p class='ocr_par' dir='ltr' id='par_1_28' title="bbox 205 2788 1825 2862">
     <span class='ocr_line' id='line_1_28' title="bbox 205 2788 1825 2862; baseline -0.003 -14"><span class='ocrx_word' id='word_1_215' title='bbox 205 2795 309 2848; x_wconf 82' lang='lat' dir='ltr'><strong>ter</strong></span> <span class='ocrx_word' id='word_1_216' title='bbox 340 2798 619 2862; x_wconf 84' lang='lat' dir='ltr'><strong>ex0ptant.</strong></span> <span class='ocrx_word' id='word_1_217' title='bbox 653 2789 1025 2845; x_wconf 77' lang='lat' dir='ltr'><strong>Merceuarius</strong></span> <span class='ocrx_word' id='word_1_218' title='bbox 1055 2788 1238 2860; x_wconf 87' lang='lat' dir='ltr'><strong>itaque</strong></span> <span class='ocrx_word' id='word_1_219' title='bbox 1267 2798 1350 2844; x_wconf 91' lang='lat' dir='ltr'><strong>est</strong></span> <span class='ocrx_word' id='word_1_220' title='bbox 1389 2791 1480 2861; x_wconf 91' lang='lat' dir='ltr'><strong>qui</strong></span> <span class='ocrx_word' id='word_1_221' title='bbox 1512 2789 1691 2846; x_wconf 89' lang='lat' dir='ltr'><strong>locum</strong></span> <span class='ocrx_word' id='word_1_222' title='bbox 1719 2806 1825 2862; x_wconf 89' lang='lat' dir='ltr'><strong>pa-</strong></span> 
     </span>
    </p>
   </div>
   <div class='ocr_carea' id='block_1_29' title="bbox 200 2877 1825 2951">
    <p class='ocr_par' dir='ltr' id='par_1_29' title="bbox 200 2877 1825 2951">
     <span class='ocr_line' id='line_1_29' title="bbox 200 2877 1825 2951; baseline -0.002 -14"><span class='ocrx_word' id='word_1_223' title='bbox 200 2879 398 2937; x_wconf 69' lang='lat' dir='ltr'><strong>storis</strong></span> <span class='ocrx_word' id='word_1_224' title='bbox 428 2886 597 2944; x_wconf 89' lang='lat' dir='ltr'><strong>tenet,</strong></span> <span class='ocrx_word' id='word_1_225' title='bbox 629 2878 728 2932; x_wconf 85' lang='lat' dir='ltr'><strong>sed</strong></span> <span class='ocrx_word' id='word_1_226' title='bbox 758 2878 966 2933; x_wconf 91' lang='lat' dir='ltr'><strong>lucrum</strong></span> <span class='ocrx_word' id='word_1_227' title='bbox 999 2877 1300 2933; x_wconf 88' lang='lat' dir='ltr'><strong>animarum</strong></span> <span class='ocrx_word' id='word_1_228' title='bbox 1317 2894 1426 2933; x_wconf 92' lang='lat' dir='ltr'><strong>non</strong></span> <span class='ocrx_word' id='word_1_229' title='bbox 1457 2879 1664 2950; x_wconf 72' lang='lat' dir='ltr'><strong>quaerit,</strong></span> <span class='ocrx_word' id='word_1_230' title='bbox 1695 2879 1825 2951; x_wconf 90' lang='lat' dir='ltr'><strong>quia</strong></span> 
     </span>
    </p>
   </div>
   <div class='ocr_carea' id='block_1_30' title="bbox 214 2974 1825 3048">
    <p class='ocr_par' dir='ltr' id='par_1_30' title="bbox 214 2974 1825 3048">
     <span class='ocr_line' id='line_1_30' title="bbox 214 2974 1825 3048; baseline -0.002 -13"><span class='ocrx_word' id='word_1_231' title='bbox 214 2976 469 3035; x_wconf 82' lang='lat' dir='ltr'><strong>terrenis</strong></span> <span class='ocrx_word' id='word_1_232' title='bbox 519 2975 829 3032; x_wconf 90' lang='lat' dir='ltr'><strong>commodis</strong></span> <span class='ocrx_word' id='word_1_233' title='bbox 886 2974 1074 3042; x_wconf 90' lang='lat' dir='ltr'><strong>inhiat,</strong></span> <span class='ocrx_word' id='word_1_234' title='bbox 1125 2984 1178 3031; x_wconf 92' lang='lat' dir='ltr'><strong>et</strong></span> <span class='ocrx_word' id='word_1_235' title='bbox 1233 2976 1440 3032; x_wconf 89' lang='lat' dir='ltr'><strong>honore</strong></span> <span class='ocrx_word' id='word_1_236' title='bbox 1493 2976 1825 3048; x_wconf 85' lang='lat' dir='ltr'><strong>praelationis</strong></span> 
     </span>
    </p>
   </div>
   <div class='ocr_carea' id='block_1_31' title="bbox 209 3064 1825 3142">
    <p class='ocr_par' dir='ltr' id='par_1_31' title="bbox 209 3064 1825 3142">
     <span class='ocr_line' id='line_1_31' title="bbox 209 3064 1825 3142; baseline -0.001 -19"><span class='ocrx_word' id='word_1_237' title='bbox 209 3068 446 3142; x_wconf 78' lang='lat' dir='ltr'><strong>gaudet.</strong></span> <span class='ocrx_word' id='word_1_238' title='bbox 506 3065 700 3122; x_wconf 90' lang='lat' dir='ltr'><strong>Utrum</strong></span> <span class='ocrx_word' id='word_1_239' title='bbox 751 3072 934 3119; x_wconf 90' lang='lat' dir='ltr'><strong>tamen</strong></span> <span class='ocrx_word' id='word_1_240' title='bbox 989 3064 1372 3120; x_wconf 85' lang='lat' dir='ltr'><strong>mercenarius</strong></span> <span class='ocrx_word' id='word_1_241' title='bbox 1404 3065 1490 3128; x_wconf 90' lang='lat' dir='ltr'><strong>sit,</strong></span> <span class='ocrx_word' id='word_1_242' title='bbox 1543 3081 1650 3120; x_wconf 90' lang='lat' dir='ltr'><strong>non</strong></span> <span class='ocrx_word' id='word_1_243' title='bbox 1684 3066 1825 3122; x_wconf 88' lang='lat' dir='ltr'><strong>bene</strong></span> 
     </span>
    </p>
   </div>
   <div class='ocr_carea' id='block_1_32' title="bbox 209 3152 1825 3229">
    <p class='ocr_par' dir='ltr' id='par_1_32' title="bbox 209 3152 1825 3229">
     <span class='ocr_line' id='line_1_32' title="bbox 209 3152 1825 3229; baseline -0.002 -16"><span class='ocrx_word' id='word_1_244' title='bbox 209 3155 584 3229; x_wconf 79' lang='lat' dir='ltr'><strong>dignoscitur,</strong></span> <span class='ocrx_word' id='word_1_245' title='bbox 617 3153 723 3208; x_wconf 85' lang='lat' dir='ltr'><strong>nisi</strong></span> <span class='ocrx_word' id='word_1_246' title='bbox 753 3167 875 3209; x_wconf 90' lang='lat' dir='ltr'><strong>cum</strong></span> <span class='ocrx_word' id='word_1_247' title='bbox 906 3153 1063 3223; x_wconf 90' lang='lat' dir='ltr'><strong>lupus</strong></span> <span class='ocrx_word' id='word_1_248' title='bbox 1093 3153 1328 3220; x_wconf 87' lang='lat' dir='ltr'><strong>accedit,</strong></span> <span class='ocrx_word' id='word_1_249' title='bbox 1362 3153 1453 3225; x_wconf 90' lang='lat' dir='ltr'><strong>qui</strong></span> <span class='ocrx_word' id='word_1_250' title='bbox 1485 3152 1686 3211; x_wconf 87' lang='lat' dir='ltr'><strong>indicat</strong></span> <span class='ocrx_word' id='word_1_251' title='bbox 1715 3169 1825 3226; x_wconf 90' lang='lat' dir='ltr'><strong>quo</strong></span> 
     </span>
    </p>
   </div>
   <div class='ocr_carea' id='block_1_33' title="bbox 1914 680 3494 756">
    <p class='ocr_par' dir='ltr' id='par_1_33' title="bbox 1914 680 3494 756">
     <span class='ocr_line' id='line_1_33' title="bbox 1914 680 3494 756; baseline 0.004 -23"><span class='ocrx_word' id='word_1_252' title='bbox 1914 680 2033 750; x_wconf 91' lang='lat' dir='ltr'><strong>ipse</strong></span> <span class='ocrx_word' id='word_1_253' title='bbox 2092 682 2380 752; x_wconf 85' lang='lat' dir='ltr'><strong>Apostolus</strong></span> <span class='ocrx_word' id='word_1_254' title='bbox 2439 683 2744 738; x_wconf 89' lang='lat' dir='ltr'><strong>submissus</strong></span> <span class='ocrx_word' id='word_1_255' title='bbox 2775 683 2829 738; x_wconf 89' lang='lat' dir='ltr'><strong>in</strong></span> <span class='ocrx_word' id='word_1_256' title='bbox 2861 691 3045 756; x_wconf 91' lang='lat' dir='ltr'><strong>sporta</strong></span> <span class='ocrx_word' id='word_1_257' title='bbox 3100 701 3195 755; x_wconf 91' lang='lat' dir='ltr'><strong>per</strong></span> <span class='ocrx_word' id='word_1_258' title='bbox 3252 702 3494 740; x_wconf 90' lang='lat' dir='ltr'><strong>murum.</strong></span> 
     </span>
    </p>
   </div>
   <div class='ocr_carea' id='block_1_34' title="bbox 1915 777 3503 850">
    <p class='ocr_par' dir='ltr' id='par_1_34' title="bbox 1915 777 3503 850">
     <span class='ocr_line' id='line_1_34' title="bbox 1915 777 3503 850; baseline 0.004 -18"><span class='ocrx_word' id='word_1_259' title='bbox 1915 777 2062 833; x_wconf 88' lang='lat' dir='ltr'><strong>Oves</strong></span> <span class='ocrx_word' id='word_1_260' title='bbox 2109 794 2343 850; x_wconf 89' lang='lat' dir='ltr'><strong>namque</strong></span> <span class='ocrx_word' id='word_1_261' title='bbox 2402 780 2607 850; x_wconf 85' lang='lat' dir='ltr'><strong>pastori</strong></span> <span class='ocrx_word' id='word_1_262' title='bbox 2636 780 2689 835; x_wconf 90' lang='lat' dir='ltr'><strong>in</strong></span> <span class='ocrx_word' id='word_1_263' title='bbox 2721 780 2860 836; x_wconf 80' lang='lat' dir='ltr'><strong>coelo</strong></span> <span class='ocrx_word' id='word_1_264' title='bbox 2903 782 3119 837; x_wconf 89' lang='lat' dir='ltr'><strong>sedenti</strong></span> <span class='ocrx_word' id='word_1_265' title='bbox 3169 781 3503 838; x_wconf 86' lang='lat' dir='ltr'><strong>orationibus</strong></span> 
     </span>
    </p>
   </div>
   <div class='ocr_carea' id='block_1_35' title="bbox 1915 867 3504 944">
    <p class='ocr_par' dir='ltr' id='par_1_35' title="bbox 1915 867 3504 944">
     <span class='ocr_line' id='line_1_35' title="bbox 1915 867 3504 944; baseline 0.004 -23"><span class='ocrx_word' id='word_1_266' title='bbox 1915 867 2355 935; x_wconf 86' lang='lat' dir='ltr'><strong>commendabat,</strong></span> <span class='ocrx_word' id='word_1_267' title='bbox 2417 885 2474 924; x_wconf 90' lang='lat' dir='ltr'><strong>se</strong></span> <span class='ocrx_word' id='word_1_268' title='bbox 2532 877 2708 924; x_wconf 85' lang='lat' dir='ltr'><strong>autem</strong></span> <span class='ocrx_word' id='word_1_269' title='bbox 2766 871 2983 925; x_wconf 85' lang='lat' dir='ltr'><strong>utilitati</strong></span> <span class='ocrx_word' id='word_1_270' title='bbox 3013 886 3204 926; x_wconf 89' lang='lat' dir='ltr'><strong>earum</strong></span> <span class='ocrx_word' id='word_1_271' title='bbox 3238 872 3504 944; x_wconf 86' lang='lat' dir='ltr'><strong>fugiendo</strong></span> 
     </span>
    </p>
   </div>
   <div class='ocr_carea' id='block_1_36' title="bbox 1918 957 3507 1029">
    <p class='ocr_par' dir='ltr' id='par_1_36' title="bbox 1918 957 3507 1029">
     <span class='ocr_line' id='line_1_36' title="bbox 1918 957 3507 1029; baseline 0.004 -19"><span class='ocrx_word' id='word_1_272' title='bbox 1918 957 2184 1020; x_wconf 87' lang='lat' dir='ltr'><strong>servabat,</strong></span> <span class='ocrx_word' id='word_1_273' title='bbox 2219 957 2360 1011; x_wconf 83' lang='lat' dir='ltr'><strong>sicut</strong></span> <span class='ocrx_word' id='word_1_274' title='bbox 2389 958 2623 1029; x_wconf 91' lang='lat' dir='ltr'><strong>quodam</strong></span> <span class='ocrx_word' id='word_1_275' title='bbox 2653 958 2776 1014; x_wconf 92' lang='lat' dir='ltr'><strong>loco</strong></span> <span class='ocrx_word' id='word_1_276' title='bbox 2806 959 2877 1013; x_wconf 88' lang='lat' dir='ltr'><strong>ait</strong></span> <span class='ocrx_word' id='word_1_277' title='bbox 2907 973 2920 1014; x_wconf 89' lang='lat'><strong>:</strong></span> <span class='ocrx_word' id='word_1_278' title='bbox 2960 983 2981 1008; x_wconf 77' lang='grc' dir='ltr'>α</span> <span class='ocrx_word' id='word_1_279' title='bbox 3007 961 3220 1014; x_wconf 84' lang='lat' dir='ltr'><strong>Manere</strong></span> <span class='ocrx_word' id='word_1_280' title='bbox 3249 960 3302 1014; x_wconf 89' lang='lat' dir='ltr'><strong>in</strong></span> <span class='ocrx_word' id='word_1_281' title='bbox 3332 976 3507 1016; x_wconf 90' lang='lat' dir='ltr'><strong>carne</strong></span> 
     </span>
    </p>
   </div>
   <div class='ocr_carea' id='block_1_37' title="bbox 1918 1045 3510 1120">
    <p class='ocr_par' dir='ltr' id='par_1_37' title="bbox 1918 1045 3510 1120">
     <span class='ocr_line' id='line_1_37' title="bbox 1918 1045 3510 1120; baseline 0.003 -22"><span class='ocrx_word' id='word_1_282' title='bbox 1918 1045 2286 1100; x_wconf 87' lang='lat' dir='ltr'><strong>necessarium</strong></span> <span class='ocrx_word' id='word_1_283' title='bbox 2311 1055 2537 1116; x_wconf 79' lang='lat' dir='ltr'><strong>prepter</strong></span> <span class='ocrx_word' id='word_1_284' title='bbox 2559 1063 2658 1101; x_wconf 90' lang='lat' dir='ltr'><strong>vos</strong></span> <span class='ocrx_word' id='word_1_285' title='bbox 2681 1049 2916 1120; x_wconf 79' lang='lat' dir='ltr'><strong>(Philip.</strong></span> <span class='ocrx_word' id='word_1_286' title='bbox 2950 1050 3016 1118; x_wconf 89' lang='grc' dir='ltr'><strong>ι).</strong></span> <span class='ocrx_word' id='word_1_287' title='bbox 3050 1072 3071 1096; x_wconf 73' lang='grc' dir='ltr'>ιν</span> <span class='ocrx_word' id='word_1_288' title='bbox 3099 1048 3190 1103; x_wconf 85' lang='lat' dir='ltr'><strong>Ab</strong></span> <span class='ocrx_word' id='word_1_289' title='bbox 3214 1050 3333 1120; x_wconf 89' lang='lat' dir='ltr'><strong>ipso</strong></span> <span class='ocrx_word' id='word_1_290' title='bbox 3355 1063 3510 1103; x_wconf 83' lang='lat' dir='ltr'><strong>nam-</strong></span> 
     </span>
    </p>
   </div>
   <div class='ocr_carea' id='block_1_38' title="bbox 1917 1134 3504 1208">
    <p class='ocr_par' dir='ltr' id='par_1_38' title="bbox 1917 1134 3504 1208">
     <span class='ocr_line' id='line_1_38' title="bbox 1917 1134 3504 1208; baseline 0.003 -20"><span class='ocrx_word' id='word_1_291' title='bbox 1917 1149 2023 1206; x_wconf 90' lang='lat' dir='ltr'><strong>que</strong></span> <span class='ocrx_word' id='word_1_292' title='bbox 2050 1148 2242 1189; x_wconf 89' lang='lat' dir='ltr'><strong>omues</strong></span> <span class='ocrx_word' id='word_1_293' title='bbox 2272 1134 2555 1190; x_wconf 88' lang='lat' dir='ltr'><strong>audierant</strong></span> <span class='ocrx_word' id='word_1_294' title='bbox 2588 1153 2601 1190; x_wconf 91' lang='lat'>:</span> <span class='ocrx_word' id='word_1_295' title='bbox 2639 1158 2661 1184; x_wconf 75' lang='grc' dir='ltr'>α</span> <span class='ocrx_word' id='word_1_296' title='bbox 2698 1135 2754 1192; x_wconf 92' lang='lat' dir='ltr'><strong>Si</strong></span> <span class='ocrx_word' id='word_1_297' title='bbox 2784 1153 2882 1191; x_wconf 91' lang='lat' dir='ltr'><strong>vos</strong></span> <span class='ocrx_word' id='word_1_298' title='bbox 2923 1136 3193 1208; x_wconf 89' lang='lat' dir='ltr'><strong>persecuti</strong></span> <span class='ocrx_word' id='word_1_299' title='bbox 3225 1137 3422 1192; x_wconf 81' lang='lat' dir='ltr'><strong>fuerint</strong></span> <span class='ocrx_word' id='word_1_300' title='bbox 3452 1138 3504 1192; x_wconf 92' lang='lat' dir='ltr'><strong>in</strong></span> 
     </span>
    </p>
   </div>
   <div class='ocr_carea' id='block_1_39' title="bbox 1918 1228 3504 1304">
    <p class='ocr_par' dir='ltr' id='par_1_39' title="bbox 1918 1228 3504 1304">
     <span class='ocr_line' id='line_1_39' title="bbox 1918 1228 3504 1304; baseline 0.004 -21"><span class='ocrx_word' id='word_1_301' title='bbox 1918 1243 2026 1284; x_wconf 90' lang='lat' dir='ltr'><strong>una</strong></span> <span class='ocrx_word' id='word_1_302' title='bbox 2054 1228 2290 1296; x_wconf 85' lang='lat' dir='ltr'><strong>civitate,</strong></span> <span class='ocrx_word' id='word_1_303' title='bbox 2324 1229 2495 1303; x_wconf 83' lang='lat' dir='ltr'><strong>fugite</strong></span> <span class='ocrx_word' id='word_1_304' title='bbox 2525 1230 2576 1286; x_wconf 91' lang='lat' dir='ltr'><strong>in</strong></span> <span class='ocrx_word' id='word_1_305' title='bbox 2628 1231 2788 1286; x_wconf 89' lang='lat' dir='ltr'><strong>aliam</strong></span> <span class='ocrx_word' id='word_1_306' title='bbox 2843 1234 3062 1303; x_wconf 76' lang='lat' dir='ltr'><strong>(Matth.</strong></span> <span class='ocrx_word' id='word_1_307' title='bbox 3095 1237 3168 1304; x_wconf 78' lang='grc' dir='ltr'>ιι).</span> <span class='ocrx_word' id='word_1_308' title='bbox 3207 1254 3229 1284; x_wconf 74' lang='grc' dir='ltr'><strong>ι</strong></span> <span class='ocrx_word' id='word_1_309' title='bbox 3263 1235 3322 1288; x_wconf 92' lang='lat' dir='ltr'><strong>In</strong></span> <span class='ocrx_word' id='word_1_310' title='bbox 3353 1247 3504 1289; x_wconf 84' lang='lat' dir='ltr'><strong>mer-</strong></span> 
     </span>
    </p>
   </div>
   <div class='ocr_carea' id='block_1_40' title="bbox 1915 1317 3503 1395">
    <p class='ocr_par' dir='ltr' id='par_1_40' title="bbox 1915 1317 3503 1395">
     <span class='ocr_line' id='line_1_40' title="bbox 1915 1317 3503 1395; baseline 0.002 -21"><span class='ocrx_word' id='word_1_311' title='bbox 1915 1317 2134 1374; x_wconf 89' lang='lat' dir='ltr'><strong>cenario</strong></span> <span class='ocrx_word' id='word_1_312' title='bbox 2191 1335 2327 1392; x_wconf 90' lang='lat' dir='ltr'><strong>ergo</strong></span> <span class='ocrx_word' id='word_1_313' title='bbox 2387 1320 2825 1391; x_wconf 82' lang='lat' dir='ltr'><strong>reprehenditur,</strong></span> <span class='ocrx_word' id='word_1_314' title='bbox 2887 1337 2996 1377; x_wconf 92' lang='lat' dir='ltr'><strong>non</strong></span> <span class='ocrx_word' id='word_1_315' title='bbox 3054 1322 3304 1394; x_wconf 88' lang='lat' dir='ltr'><strong>corporis</strong></span> <span class='ocrx_word' id='word_1_316' title='bbox 3353 1321 3503 1395; x_wconf 86' lang='lat' dir='ltr'><strong>fuga,</strong></span> 
     </span>
    </p>
   </div>
   <div class='ocr_carea' id='block_1_41' title="bbox 1916 1399 3511 1484">
    <p class='ocr_par' dir='ltr' id='par_1_41' title="bbox 1916 1399 3511 1484">
     <span class='ocr_line' id='line_1_41' title="bbox 1916 1399 3511 1484; baseline 0.004 -23"><span class='ocrx_word' id='word_1_317' title='bbox 1916 1399 2260 1475; x_wconf 31' lang='lat' dir='ltr'><strong>sed&#39;mentis,</strong></span> <span class='ocrx_word' id='word_1_318' title='bbox 2295 1416 2346 1465; x_wconf 89' lang='lat' dir='ltr'><strong>et</strong></span> <span class='ocrx_word' id='word_1_319' title='bbox 2377 1409 2518 1481; x_wconf 88' lang='lat' dir='ltr'><strong>quod</strong></span> <span class='ocrx_word' id='word_1_320' title='bbox 2552 1425 2652 1466; x_wconf 91' lang='lat' dir='ltr'><strong>sua</strong></span> <span class='ocrx_word' id='word_1_321' title='bbox 2683 1411 2894 1484; x_wconf 71' lang='lat' dir='ltr'><strong>quaerit,</strong></span> <span class='ocrx_word' id='word_1_322' title='bbox 2927 1427 3035 1468; x_wconf 91' lang='lat' dir='ltr'><strong>non</strong></span> <span class='ocrx_word' id='word_1_323' title='bbox 3058 1429 3177 1484; x_wconf 82' lang='lat' dir='ltr'><strong>quae</strong></span> <span class='ocrx_word' id='word_1_324' title='bbox 3203 1413 3333 1468; x_wconf 83' lang='lat' dir='ltr'><strong>Jesu</strong></span> <span class='ocrx_word' id='word_1_325' title='bbox 3360 1411 3511 1468; x_wconf 63' lang='lat' dir='ltr'><strong>Chrio</strong></span> 
     </span>
    </p>
   </div>
   <div class='ocr_carea' id='block_1_42' title="bbox 1916 1495 2006 1552">
    <p class='ocr_par' dir='ltr' id='par_1_42' title="bbox 1916 1495 2006 1552">
     <span class='ocr_line' id='line_1_42' title="bbox 1916 1495 2006 1552; baseline 0.033 -3"><span class='ocrx_word' id='word_1_326' title='bbox 1916 1495 2006 1552; x_wconf 90' lang='lat' dir='ltr'><strong>sti.</strong></span> 
     </span>
    </p>
   </div>
   <div class='ocr_carea' id='block_1_43' title="bbox 1993 1601 3512 1678">
    <p class='ocr_par' dir='ltr' id='par_1_43' title="bbox 1993 1601 3512 1678">
     <span class='ocr_line' id='line_1_43' title="bbox 1993 1601 3512 1678; baseline 0.005 -20"><span class='ocrx_word' id='word_1_327' title='bbox 1993 1625 2014 1650; x_wconf 77' lang='grc' dir='ltr'><strong><em>α</em></strong></span> <span class='ocrx_word' id='word_1_328' title='bbox 2047 1601 2167 1673; x_wconf 85' lang='lat' dir='ltr'><strong>Ego</strong></span> <span class='ocrx_word' id='word_1_329' title='bbox 2199 1620 2317 1658; x_wconf 87' lang='lat' dir='ltr'><strong>sum</strong></span> <span class='ocrx_word' id='word_1_330' title='bbox 2346 1612 2530 1676; x_wconf 85' lang='lat' dir='ltr'><strong>pastor</strong></span> <span class='ocrx_word' id='word_1_331' title='bbox 2545 1604 2741 1673; x_wconf 87' lang='lat' dir='ltr'><strong>bonus,</strong></span> <span class='ocrx_word' id='word_1_332' title='bbox 2775 1614 2828 1662; x_wconf 90' lang='lat' dir='ltr'><strong>et</strong></span> <span class='ocrx_word' id='word_1_333' title='bbox 2855 1622 3131 1678; x_wconf 82' lang='lat' dir='ltr'><strong>cognosco</strong></span> <span class='ocrx_word' id='word_1_334' title='bbox 3157 1623 3308 1662; x_wconf 89' lang='lat' dir='ltr'><strong>meas</strong></span> <span class='ocrx_word' id='word_1_335' title='bbox 3331 1615 3385 1664; x_wconf 91' lang='lat' dir='ltr'><strong>et</strong></span> <span class='ocrx_word' id='word_1_336' title='bbox 3413 1622 3512 1666; x_wconf 90' lang='lat' dir='ltr'><strong>co-</strong></span> 
     </span>
    </p>
   </div>
   <div class='ocr_carea' id='block_1_44' title="bbox 1916 1694 3514 1768">
    <p class='ocr_par' dir='ltr' id='par_1_44' title="bbox 1916 1694 3514 1768">
     <span class='ocr_line' id='line_1_44' title="bbox 1916 1694 3514 1768; baseline 0.003 -23"><span class='ocrx_word' id='word_1_337' title='bbox 1916 1700 2188 1762; x_wconf 85' lang='lat' dir='ltr'><strong>gnoscunt</strong></span> <span class='ocrx_word' id='word_1_338' title='bbox 2209 1709 2294 1749; x_wconf 76' lang='lat' dir='ltr'><strong>me</strong></span> <span class='ocrx_word' id='word_1_339' title='bbox 2315 1710 2470 1750; x_wconf 63' lang='lat' dir='ltr'><strong>mere.</strong></span> <span class='ocrx_word' id='word_1_340' title='bbox 2496 1719 2517 1743; x_wconf 72' lang='grc' dir='ltr'><strong><em>υ</em></strong></span> <span class='ocrx_word' id='word_1_341' title='bbox 2545 1694 2833 1768; x_wconf 80' lang='lat' dir='ltr'><strong>Cognosco</strong></span> <span class='ocrx_word' id='word_1_342' title='bbox 2856 1712 3027 1765; x_wconf 90' lang='lat' dir='ltr'><strong>meas,</strong></span> <span class='ocrx_word' id='word_1_343' title='bbox 3054 1697 3107 1751; x_wconf 90' lang='lat' dir='ltr'><strong>id</strong></span> <span class='ocrx_word' id='word_1_344' title='bbox 3128 1705 3209 1753; x_wconf 90' lang='lat' dir='ltr'><strong>est</strong></span> <span class='ocrx_word' id='word_1_345' title='bbox 3229 1696 3398 1768; x_wconf 85' lang='lat' dir='ltr'><strong>diligo</strong></span> <span class='ocrx_word' id='word_1_346' title='bbox 3425 1711 3438 1765; x_wconf 87' lang='lat'><strong>;</strong></span> <span class='ocrx_word' id='word_1_347' title='bbox 3461 1703 3514 1752; x_wconf 91' lang='lat' dir='ltr'><strong>et</strong></span> 
     </span>
    </p>
   </div>
   <div class='ocr_carea' id='block_1_45' title="bbox 1918 1788 3518 1866">
    <p class='ocr_par' dir='ltr' id='par_1_45' title="bbox 1918 1788 3518 1866">
     <span class='ocr_line' id='line_1_45' title="bbox 1918 1788 3518 1866; baseline 0.004 -22"><span class='ocrx_word' id='word_1_348' title='bbox 1918 1805 2054 1866; x_wconf 74' lang='lat' dir='ltr'><strong>mea:</strong></span> <span class='ocrx_word' id='word_1_349' title='bbox 2083 1788 2316 1863; x_wconf 88' lang='lat' dir='ltr'><strong>diligunt</strong></span> <span class='ocrx_word' id='word_1_350' title='bbox 2344 1808 2450 1848; x_wconf 91' lang='lat' dir='ltr'><strong>me.</strong></span> <span class='ocrx_word' id='word_1_351' title='bbox 2484 1792 2541 1846; x_wconf 89' lang='lat' dir='ltr'><strong>In</strong></span> <span class='ocrx_word' id='word_1_352' title='bbox 2574 1792 2740 1848; x_wconf 90' lang='lat' dir='ltr'><strong>bonis</strong></span> <span class='ocrx_word' id='word_1_353' title='bbox 2773 1800 2856 1849; x_wconf 91' lang='lat' dir='ltr'><strong>est</strong></span> <span class='ocrx_word' id='word_1_354' title='bbox 2885 1793 3101 1865; x_wconf 90' lang='lat' dir='ltr'><strong>ostium,</strong></span> <span class='ocrx_word' id='word_1_355' title='bbox 3127 1793 3404 1861; x_wconf 88' lang='lat' dir='ltr'><strong>ostiarius,</strong></span> <span class='ocrx_word' id='word_1_356' title='bbox 3429 1809 3518 1866; x_wconf 75' lang='lat' dir='ltr'><strong>pa.</strong></span> 
     </span>
    </p>
   </div>
   <div class='ocr_carea' id='block_1_46' title="bbox 1923 1881 3512 1952">
    <p class='ocr_par' dir='ltr' id='par_1_46' title="bbox 1923 1881 3512 1952">
     <span class='ocr_line' id='line_1_46' title="bbox 1923 1881 3512 1952; baseline 0.004 -21"><span class='ocrx_word' id='word_1_357' title='bbox 1923 1886 2056 1946; x_wconf 90' lang='lat' dir='ltr'><strong>slor,</strong></span> <span class='ocrx_word' id='word_1_358' title='bbox 2090 1894 2247 1935; x_wconf 91' lang='lat' dir='ltr'><strong>oves.</strong></span> <span class='ocrx_word' id='word_1_359' title='bbox 2286 1881 2347 1934; x_wconf 93' lang='lat' dir='ltr'><strong>In</strong></span> <span class='ocrx_word' id='word_1_360' title='bbox 2376 1881 2536 1936; x_wconf 88' lang='lat' dir='ltr'><strong>malis</strong></span> <span class='ocrx_word' id='word_1_361' title='bbox 2582 1881 2770 1951; x_wconf 84' lang='lat' dir='ltr'><strong>fures;</strong></span> <span class='ocrx_word' id='word_1_362' title='bbox 2812 1884 3075 1951; x_wconf 90' lang='lat' dir='ltr'><strong>latrones,</strong></span> <span class='ocrx_word' id='word_1_363' title='bbox 3116 1884 3512 1952; x_wconf 86' lang='lat' dir='ltr'><strong>mercenarius,</strong></span> 
     </span>
    </p>
   </div>
   <div class='ocr_carea' id='block_1_47' title="bbox 1924 1966 3505 2044">
    <p class='ocr_par' dir='ltr' id='par_1_47' title="bbox 1924 1966 3505 2044">
     <span class='ocr_line' id='line_1_47' title="bbox 1924 1966 3505 2044; baseline 0.006 -25"><span class='ocrx_word' id='word_1_364' title='bbox 1924 1966 2099 2038; x_wconf 91' lang='lat' dir='ltr'><strong>lupus.</strong></span> <span class='ocrx_word' id='word_1_365' title='bbox 2132 1967 2396 2024; x_wconf 90' lang='lat' dir='ltr'><strong>Dominus</strong></span> <span class='ocrx_word' id='word_1_366' title='bbox 2441 1969 2570 2025; x_wconf 90' lang='lat' dir='ltr'><strong>dicit</strong></span> <span class='ocrx_word' id='word_1_367' title='bbox 2619 1987 2679 2026; x_wconf 93' lang='lat' dir='ltr'><strong>se</strong></span> <span class='ocrx_word' id='word_1_368' title='bbox 2719 1988 2845 2027; x_wconf 89' lang='lat' dir='ltr'><strong>esse</strong></span> <span class='ocrx_word' id='word_1_369' title='bbox 2891 1973 3087 2027; x_wconf 88' lang='lat' dir='ltr'><strong>ostium</strong></span> <span class='ocrx_word' id='word_1_370' title='bbox 3124 1981 3174 2028; x_wconf 90' lang='lat' dir='ltr'><strong>et</strong></span> <span class='ocrx_word' id='word_1_371' title='bbox 3207 1981 3505 2044; x_wconf 89' lang='lat' dir='ltr'><strong>pastorem.</strong></span> 
     </span>
    </p>
   </div>
   <div class='ocr_carea' id='block_1_48' title="bbox 1925 2063 3517 2140">
    <p class='ocr_par' dir='ltr' id='par_1_48' title="bbox 1925 2063 3517 2140">
     <span class='ocr_line' id='line_1_48' title="bbox 1925 2063 3517 2140; baseline 0.004 -22"><span class='ocrx_word' id='word_1_372' title='bbox 1925 2063 2032 2118; x_wconf 88' lang='lat' dir='ltr'><strong>Sed</strong></span> <span class='ocrx_word' id='word_1_373' title='bbox 2062 2065 2107 2118; x_wconf 90' lang='lat' dir='ltr'><strong>si</strong></span> <span class='ocrx_word' id='word_1_374' title='bbox 2137 2065 2548 2122; x_wconf 88' lang='lat' dir='ltr'><strong>consideremus</strong></span> <span class='ocrx_word' id='word_1_375' title='bbox 2579 2068 2960 2139; x_wconf 83' lang='lat' dir='ltr'><strong>pr0prietates,</strong></span> <span class='ocrx_word' id='word_1_376' title='bbox 3009 2069 3254 2124; x_wconf 83' lang='lat' dir='ltr'><strong>Christus</strong></span> <span class='ocrx_word' id='word_1_377' title='bbox 3283 2085 3386 2126; x_wconf 90' lang='lat' dir='ltr'><strong>nec</strong></span> <span class='ocrx_word' id='word_1_378' title='bbox 3414 2085 3517 2140; x_wconf 89' lang='lat' dir='ltr'><strong>pa-</strong></span> 
     </span>
    </p>
   </div>
   <div class='ocr_carea' id='block_1_49' title="bbox 1925 2155 3514 2230">
    <p class='ocr_par' dir='ltr' id='par_1_49' title="bbox 1925 2155 3514 2230">
     <span class='ocr_line' id='line_1_49' title="bbox 1925 2155 3514 2230; baseline 0.005 -25"><span class='ocrx_word' id='word_1_379' title='bbox 1925 2158 2040 2206; x_wconf 89' lang='lat' dir='ltr'><strong>stor</strong></span> <span class='ocrx_word' id='word_1_380' title='bbox 2071 2161 2175 2217; x_wconf 89' lang='lat' dir='ltr'><strong>est,</strong></span> <span class='ocrx_word' id='word_1_381' title='bbox 2221 2170 2323 2210; x_wconf 90' lang='lat' dir='ltr'><strong>nec</strong></span> <span class='ocrx_word' id='word_1_382' title='bbox 2354 2155 2580 2220; x_wconf 89' lang='lat' dir='ltr'><strong>ostium,</strong></span> <span class='ocrx_word' id='word_1_383' title='bbox 2629 2156 2982 2212; x_wconf 90' lang='lat' dir='ltr'><strong>similitudine</strong></span> <span class='ocrx_word' id='word_1_384' title='bbox 3014 2165 3196 2214; x_wconf 89' lang='lat' dir='ltr'><strong>autem</strong></span> <span class='ocrx_word' id='word_1_385' title='bbox 3225 2166 3279 2214; x_wconf 92' lang='lat' dir='ltr'><strong>et</strong></span> <span class='ocrx_word' id='word_1_386' title='bbox 3307 2166 3514 2230; x_wconf 88' lang='lat' dir='ltr'><strong>pastor,</strong></span> 
     </span>
    </p>
   </div>
   <div class='ocr_carea' id='block_1_50' title="bbox 1928 2241 3516 2316">
    <p class='ocr_par' dir='ltr' id='par_1_50' title="bbox 1928 2241 3516 2316">
     <span class='ocr_line' id='line_1_50' title="bbox 1928 2241 3516 2316; baseline 0.004 -20"><span class='ocrx_word' id='word_1_387' title='bbox 1928 2248 1982 2296; x_wconf 90' lang='lat' dir='ltr'><strong>et</strong></span> <span class='ocrx_word' id='word_1_388' title='bbox 2010 2241 2224 2308; x_wconf 88' lang='lat' dir='ltr'><strong>ostium,</strong></span> <span class='ocrx_word' id='word_1_389' title='bbox 2259 2250 2310 2298; x_wconf 90' lang='lat' dir='ltr'><strong>et</strong></span> <span class='ocrx_word' id='word_1_390' title='bbox 2339 2244 2487 2298; x_wconf 84' lang='lat' dir='ltr'><strong>ovis.</strong></span> <span class='ocrx_word' id='word_1_391' title='bbox 2527 2245 2810 2316; x_wconf 87' lang='lat' dir='ltr'><strong>Tanquam</strong></span> <span class='ocrx_word' id='word_1_392' title='bbox 2860 2246 3002 2301; x_wconf 91' lang='lat' dir='ltr'><strong>enim</strong></span> <span class='ocrx_word' id='word_1_393' title='bbox 3051 2247 3169 2302; x_wconf 89' lang='lat' dir='ltr'><strong>ovis</strong></span> <span class='ocrx_word' id='word_1_394' title='bbox 3216 2247 3288 2302; x_wconf 88' lang='lat' dir='ltr'><strong>ad</strong></span> <span class='ocrx_word' id='word_1_395' title='bbox 3316 2247 3516 2304; x_wconf 50' lang='lat' dir='ltr'><strong>immod-</strong></span> 
     </span>
    </p>
   </div>
   <div class='ocr_carea' id='block_1_51' title="bbox 1928 2329 3519 2408">
    <p class='ocr_par' dir='ltr' id='par_1_51' title="bbox 1928 2329 3519 2408">
     <span class='ocr_line' id='line_1_51' title="bbox 1928 2329 3519 2408; baseline 0.004 -25"><span class='ocrx_word' id='word_1_396' title='bbox 1928 2329 2149 2384; x_wconf 90' lang='lat' dir='ltr'><strong>landum</strong></span> <span class='ocrx_word' id='word_1_397' title='bbox 2182 2330 2377 2386; x_wconf 86' lang='lat' dir='ltr'><strong>ductus</strong></span> <span class='ocrx_word' id='word_1_398' title='bbox 2409 2340 2509 2388; x_wconf 90' lang='lat' dir='ltr'><strong>est.</strong></span> <span class='ocrx_word' id='word_1_399' title='bbox 2543 2333 2729 2389; x_wconf 83' lang='lat' dir='ltr'><strong>Janua</strong></span> <span class='ocrx_word' id='word_1_400' title='bbox 2765 2342 2846 2390; x_wconf 90' lang='lat' dir='ltr'><strong>est</strong></span> <span class='ocrx_word' id='word_1_401' title='bbox 2902 2335 2957 2390; x_wconf 90' lang='lat' dir='ltr'><strong>in</strong></span> <span class='ocrx_word' id='word_1_402' title='bbox 3005 2335 3208 2406; x_wconf 88' lang='lat' dir='ltr'><strong>capite,</strong></span> <span class='ocrx_word' id='word_1_403' title='bbox 3248 2344 3434 2408; x_wconf 90' lang='lat' dir='ltr'><strong>pastor</strong></span> <span class='ocrx_word' id='word_1_404' title='bbox 3463 2336 3519 2390; x_wconf 92' lang='lat' dir='ltr'><strong>in</strong></span> 
     </span>
    </p>
   </div>
   <div class='ocr_carea' id='block_1_52' title="bbox 1927 2421 3518 2496">
    <p class='ocr_par' dir='ltr' id='par_1_52' title="bbox 1927 2421 3518 2496">
     <span class='ocr_line' id='line_1_52' title="bbox 1927 2421 3518 2496; baseline 0.004 -21"><span class='ocrx_word' id='word_1_405' title='bbox 1927 2434 2184 2490; x_wconf 85' lang='lat' dir='ltr'><strong>corpore.</strong></span> <span class='ocrx_word' id='word_1_406' title='bbox 2242 2421 2384 2476; x_wconf 86' lang='lat' dir='ltr'><strong>Dixit</strong></span> <span class='ocrx_word' id='word_1_407' title='bbox 2441 2423 2644 2478; x_wconf 87' lang='lat' dir='ltr'><strong>Petro:</strong></span> <span class='ocrx_word' id='word_1_408' title='bbox 2682 2446 2704 2472; x_wconf 81' lang='grc' dir='ltr'><strong><em>α</em></strong></span> <span class='ocrx_word' id='word_1_409' title='bbox 2759 2425 2929 2480; x_wconf 91' lang='lat' dir='ltr'><strong>Pasce</strong></span> <span class='ocrx_word' id='word_1_410' title='bbox 2969 2440 3102 2480; x_wconf 88' lang='lat' dir='ltr'><strong>oves</strong></span> <span class='ocrx_word' id='word_1_411' title='bbox 3149 2442 3301 2481; x_wconf 90' lang='lat' dir='ltr'><strong>meas</strong></span> <span class='ocrx_word' id='word_1_412' title='bbox 3333 2427 3518 2496; x_wconf 83' lang='lat' dir='ltr'><strong>(Joan.</strong></span> 
     </span>
    </p>
   </div>
   <div class='ocr_carea' id='block_1_53' title="bbox 1928 2507 3523 2586">
    <p class='ocr_par' dir='ltr' id='par_1_53' title="bbox 1928 2507 3523 2586">
     <span class='ocr_line' id='line_1_53' title="bbox 1928 2507 3523 2586; baseline 0.005 -25"><span class='ocrx_word' id='word_1_413' title='bbox 1928 2509 2066 2577; x_wconf 84' lang='lat' dir='ltr'><strong>xxt).</strong></span> <span class='ocrx_word' id='word_1_414' title='bbox 2105 2531 2126 2557; x_wconf 79' lang='grc' dir='ltr'><strong>υ</strong></span> <span class='ocrx_word' id='word_1_415' title='bbox 2155 2507 2325 2577; x_wconf 87' lang='lat' dir='ltr'><strong>Quasi</strong></span> <span class='ocrx_word' id='word_1_416' title='bbox 2354 2509 2598 2566; x_wconf 90' lang='lat' dir='ltr'><strong>diceret:</strong></span> <span class='ocrx_word' id='word_1_417' title='bbox 2631 2510 2774 2580; x_wconf 89' lang='lat' dir='ltr'><strong>Quid</strong></span> <span class='ocrx_word' id='word_1_418' title='bbox 2812 2511 2944 2566; x_wconf 91' lang='lat' dir='ltr'><strong>mihi</strong></span> <span class='ocrx_word' id='word_1_419' title='bbox 2986 2511 3164 2580; x_wconf 89' lang='lat' dir='ltr'><strong>dabis,</strong></span> <span class='ocrx_word' id='word_1_420' title='bbox 3209 2515 3332 2586; x_wconf 88' lang='lat' dir='ltr'><strong>quia</strong></span> <span class='ocrx_word' id='word_1_421' title='bbox 3371 2529 3523 2569; x_wconf 88' lang='lat' dir='ltr'><strong>amas</strong></span> 
     </span>
    </p>
   </div>
   <div class='ocr_carea' id='block_1_54' title="bbox 1930 2605 3515 2680">
    <p class='ocr_par' dir='ltr' id='par_1_54' title="bbox 1930 2605 3515 2680">
     <span class='ocr_line' id='line_1_54' title="bbox 1930 2605 3515 2680; baseline 0.003 -20"><span class='ocrx_word' id='word_1_422' title='bbox 1930 2621 2017 2660; x_wconf 91' lang='lat' dir='ltr'><strong>me</strong></span> <span class='ocrx_word' id='word_1_423' title='bbox 2048 2606 2076 2658; x_wconf 83' lang='lat'><strong>‘?</strong></span> <span class='ocrx_word' id='word_1_424' title='bbox 2105 2605 2219 2662; x_wconf 83' lang='lat' dir='ltr'><strong>Hoc</strong></span> <span class='ocrx_word' id='word_1_425' title='bbox 2248 2607 2319 2661; x_wconf 90' lang='lat' dir='ltr'><strong>da</strong></span> <span class='ocrx_word' id='word_1_426' title='bbox 2348 2607 2479 2661; x_wconf 90' lang='lat' dir='ltr'><strong>mihi</strong></span> <span class='ocrx_word' id='word_1_427' title='bbox 2513 2627 2524 2662; x_wconf 91' lang='lat'>:</span> <span class='ocrx_word' id='word_1_428' title='bbox 2559 2607 2616 2663; x_wconf 91' lang='lat' dir='ltr'><strong>Si</strong></span> <span class='ocrx_word' id='word_1_429' title='bbox 2645 2623 2798 2663; x_wconf 90' lang='lat' dir='ltr'><strong>amas</strong></span> <span class='ocrx_word' id='word_1_430' title='bbox 2826 2625 2935 2675; x_wconf 91' lang='lat' dir='ltr'><strong>me,</strong></span> <span class='ocrx_word' id='word_1_431' title='bbox 2968 2625 3131 2680; x_wconf 88' lang='lat' dir='ltr'><strong>pasce</strong></span> <span class='ocrx_word' id='word_1_432' title='bbox 3169 2625 3304 2666; x_wconf 87' lang='lat' dir='ltr'><strong>oves</strong></span> <span class='ocrx_word' id='word_1_433' title='bbox 3337 2627 3515 2666; x_wconf 90' lang='lat' dir='ltr'><strong>meas.</strong></span> 
     </span>
    </p>
   </div>
   <div class='ocr_carea' id='block_1_55' title="bbox 1930 2694 3523 2770">
    <p class='ocr_par' dir='ltr' id='par_1_55' title="bbox 1930 2694 3523 2770">
     <span class='ocr_line' id='line_1_55' title="bbox 1930 2694 3523 2770; baseline 0.003 -21"><span class='ocrx_word' id='word_1_434' title='bbox 1930 2695 2036 2749; x_wconf 90' lang='lat' dir='ltr'><strong>Per</strong></span> <span class='ocrx_word' id='word_1_435' title='bbox 2057 2694 2276 2763; x_wconf 87' lang='lat' dir='ltr'><strong>jauuam</strong></span> <span class='ocrx_word' id='word_1_436' title='bbox 2307 2695 2482 2765; x_wconf 89' lang='lat' dir='ltr'><strong>intra;</strong></span> <span class='ocrx_word' id='word_1_437' title='bbox 2515 2712 2643 2751; x_wconf 88' lang='lat' dir='ltr'><strong>nam</strong></span> <span class='ocrx_word' id='word_1_438' title='bbox 2692 2696 2784 2768; x_wconf 91' lang='lat' dir='ltr'><strong>qui</strong></span> <span class='ocrx_word' id='word_1_439' title='bbox 2815 2712 2887 2752; x_wconf 75' lang='lat' dir='ltr'><strong>ex</strong></span> <span class='ocrx_word' id='word_1_440' title='bbox 2933 2697 3039 2753; x_wconf 88' lang='lat' dir='ltr'><strong>alia</strong></span> <span class='ocrx_word' id='word_1_441' title='bbox 3071 2708 3226 2770; x_wconf 90' lang='lat' dir='ltr'><strong>parte</strong></span> <span class='ocrx_word' id='word_1_442' title='bbox 3255 2699 3523 2768; x_wconf 87' lang='lat' dir='ltr'><strong>ascendit,</strong></span> 
     </span>
    </p>
   </div>
   <div class='ocr_carea' id='block_1_56' title="bbox 1930 2781 3528 2860">
    <p class='ocr_par' dir='ltr' id='par_1_56' title="bbox 1930 2781 3528 2860">
     <span class='ocr_line' id='line_1_56' title="bbox 1930 2781 3528 2860; baseline 0.004 -22"><span class='ocrx_word' id='word_1_443' title='bbox 1930 2783 2021 2838; x_wconf 92' lang='lat' dir='ltr'><strong>ille</strong></span> <span class='ocrx_word' id='word_1_444' title='bbox 2053 2781 2138 2837; x_wconf 91' lang='lat' dir='ltr'><strong>fur</strong></span> <span class='ocrx_word' id='word_1_445' title='bbox 2167 2791 2250 2839; x_wconf 89' lang='lat' dir='ltr'><strong>est</strong></span> <span class='ocrx_word' id='word_1_446' title='bbox 2271 2792 2322 2839; x_wconf 93' lang='lat' dir='ltr'><strong>et</strong></span> <span class='ocrx_word' id='word_1_447' title='bbox 2343 2783 2503 2840; x_wconf 89' lang='lat' dir='ltr'><strong>latro.</strong></span> <span class='ocrx_word' id='word_1_448' title='bbox 2538 2785 2597 2840; x_wconf 87' lang='lat' dir='ltr'><strong>In</strong></span> <span class='ocrx_word' id='word_1_449' title='bbox 2645 2785 2730 2840; x_wconf 89' lang='lat' dir='ltr'><strong>his</strong></span> <span class='ocrx_word' id='word_1_450' title='bbox 2778 2787 3032 2858; x_wconf 88' lang='lat' dir='ltr'><strong>personis</strong></span> <span class='ocrx_word' id='word_1_451' title='bbox 3079 2788 3337 2844; x_wconf 86' lang='lat' dir='ltr'><strong>invenies</strong></span> <span class='ocrx_word' id='word_1_452' title='bbox 3385 2805 3528 2860; x_wconf 88' lang='lat' dir='ltr'><strong>quos</strong></span> 
     </span>
    </p>
   </div>
   <div class='ocr_carea' id='block_1_57' title="bbox 1931 2877 3531 2953">
    <p class='ocr_par' dir='ltr' id='par_1_57' title="bbox 1931 2877 3531 2953">
     <span class='ocr_line' id='line_1_57' title="bbox 1931 2877 3531 2953; baseline 0.006 -22"><span class='ocrx_word' id='word_1_453' title='bbox 1931 2877 2153 2951; x_wconf 89' lang='lat' dir='ltr'><strong>diligas,</strong></span> <span class='ocrx_word' id='word_1_454' title='bbox 2186 2895 2328 2951; x_wconf 90' lang='lat' dir='ltr'><strong>quos</strong></span> <span class='ocrx_word' id='word_1_455' title='bbox 2359 2879 2581 2949; x_wconf 88' lang='lat' dir='ltr'><strong>toleres,</strong></span> <span class='ocrx_word' id='word_1_456' title='bbox 2625 2897 2762 2953; x_wconf 90' lang='lat' dir='ltr'><strong>quos</strong></span> <span class='ocrx_word' id='word_1_457' title='bbox 2809 2898 3032 2938; x_wconf 88' lang='lat' dir='ltr'><strong>caveas.</strong></span> <span class='ocrx_word' id='word_1_458' title='bbox 3091 2884 3417 2952; x_wconf 76' lang='lat' dir='ltr'><strong>Diligeudus</strong></span> <span class='ocrx_word' id='word_1_459' title='bbox 3447 2892 3531 2940; x_wconf 90' lang='lat' dir='ltr'><strong>est</strong></span> 
     </span>
    </p>
   </div>
   <div class='ocr_carea' id='block_1_58' title="bbox 1930 2967 3532 3038">
    <p class='ocr_par' dir='ltr' id='par_1_58' title="bbox 1930 2967 3532 3038">
     <span class='ocr_line' id='line_1_58' title="bbox 1930 2967 3532 3038; baseline 0.006 -18"><span class='ocrx_word' id='word_1_460' title='bbox 1930 2974 2136 3038; x_wconf 90' lang='lat' dir='ltr'><strong>pastor,</strong></span> <span class='ocrx_word' id='word_1_461' title='bbox 2195 2967 2511 3024; x_wconf 87' lang='lat' dir='ltr'><strong>tolerandus</strong></span> <span class='ocrx_word' id='word_1_462' title='bbox 2575 2978 2657 3024; x_wconf 91' lang='lat' dir='ltr'><strong>est</strong></span> <span class='ocrx_word' id='word_1_463' title='bbox 2701 2973 3101 3038; x_wconf 86' lang='lat' dir='ltr'><strong>mercenarius,</strong></span> <span class='ocrx_word' id='word_1_464' title='bbox 3134 2974 3415 3030; x_wconf 91' lang='lat' dir='ltr'><strong>cavendus</strong></span> <span class='ocrx_word' id='word_1_465' title='bbox 3445 2981 3532 3029; x_wconf 91' lang='lat' dir='ltr'><strong>est</strong></span> 
     </span>
    </p>
   </div>
   <div class='ocr_carea' id='block_1_59' title="bbox 1931 3053 3528 3128">
    <p class='ocr_par' dir='ltr' id='par_1_59' title="bbox 1931 3053 3528 3128">
     <span class='ocr_line' id='line_1_59' title="bbox 1931 3053 3528 3128; baseline 0.005 -19"><span class='ocrx_word' id='word_1_466' title='bbox 1931 3053 2096 3110; x_wconf 89' lang='lat' dir='ltr'><strong>latro.</strong></span> <span class='ocrx_word' id='word_1_467' title='bbox 2136 3056 2504 3112; x_wconf 84' lang='lat' dir='ltr'><strong>Mercenarius</strong></span> <span class='ocrx_word' id='word_1_468' title='bbox 2552 3057 2695 3113; x_wconf 89' lang='lat' dir='ltr'><strong>enim</strong></span> <span class='ocrx_word' id='word_1_469' title='bbox 2745 3059 3012 3116; x_wconf 89' lang='lat' dir='ltr'><strong>canonice</strong></span> <span class='ocrx_word' id='word_1_470' title='bbox 3044 3061 3232 3128; x_wconf 86' lang='lat' dir='ltr'><strong>intrat,</strong></span> <span class='ocrx_word' id='word_1_471' title='bbox 3263 3078 3389 3118; x_wconf 86' lang='lat' dir='ltr'><strong>vera</strong></span> <span class='ocrx_word' id='word_1_472' title='bbox 3421 3061 3528 3117; x_wconf 82' lang='lat' dir='ltr'><strong>do-</strong></span> 
     </span>
    </p>
   </div>
   <div class='ocr_carea' id='block_1_60' title="bbox 1932 3143 3530 3215">
    <p class='ocr_par' dir='ltr' id='par_1_60' title="bbox 1932 3143 3530 3215">
     <span class='ocr_line' id='line_1_60' title="bbox 1932 3143 3530 3215; baseline 0.003 -17"><span class='ocrx_word' id='word_1_473' title='bbox 1932 3150 2036 3198; x_wconf 89' lang='lat' dir='ltr'><strong>cet.</strong></span> <span class='ocrx_word' id='word_1_474' title='bbox 2068 3143 2319 3215; x_wconf 85' lang='lat' dir='ltr'><strong>quamvis</strong></span> <span class='ocrx_word' id='word_1_475' title='bbox 2356 3143 2650 3201; x_wconf 88' lang='lat' dir='ltr'><strong>intentione</strong></span> <span class='ocrx_word' id='word_1_476' title='bbox 2680 3145 2922 3203; x_wconf 88' lang='lat' dir='ltr'><strong>siuistra.</strong></span> <span class='ocrx_word' id='word_1_477' title='bbox 2969 3147 3080 3202; x_wconf 89' lang='lat' dir='ltr'><strong>Fur</strong></span> <span class='ocrx_word' id='word_1_478' title='bbox 3109 3163 3241 3204; x_wconf 89' lang='lat' dir='ltr'><strong>vero</strong></span> <span class='ocrx_word' id='word_1_479' title='bbox 3269 3147 3412 3204; x_wconf 89' lang='lat' dir='ltr'><strong>male</strong></span> <span class='ocrx_word' id='word_1_480' title='bbox 3441 3148 3530 3203; x_wconf 76' lang='lat' dir='ltr'><strong>iu-</strong></span> 
     </span>
    </p>
   </div>
   <div class='ocr_carea' id='block_1_61' title="bbox 214 3216 3044 3317">
    <p class='ocr_par' dir='ltr' id='par_1_61' title="bbox 214 3216 3044 3317">
     <span class='ocr_line' id='line_1_61' title="bbox 214 3216 3044 3317; baseline -0 -16"><span class='ocrx_word' id='word_1_481' title='bbox 214 3216 407 3301; x_wconf 60' lang='lat' dir='ltr'><strong>animo</strong></span> <span class='ocrx_word' id='word_1_482' title='bbox 427 3216 624 3317; x_wconf 24' lang='lat' dir='ltr'><strong>grex&#39;a</strong></span> <span class='ocrx_word' id='word_1_483' title='bbox 656 3255 871 3314; x_wconf 88' lang='lat' dir='ltr'><strong>quoque</strong></span> <span class='ocrx_word' id='word_1_484' title='bbox 917 3216 1271 3298; x_wconf 79' lang='lat' dir='ltr'><strong>custodiatur.</strong></span> <span class='ocrx_word' id='word_1_485' title='bbox 1317 3216 1479 3298; x_wconf 51' lang='lat' dir='ltr'><strong>venit</strong></span> <span class='ocrx_word' id='word_1_486' title='bbox 1527 3251 1704 3298; x_wconf 85' lang='lat' dir='ltr'><strong>autem</strong></span> <span class='ocrx_word' id='word_1_487' title='bbox 1734 3216 1819 3298; x_wconf 82' lang='lat' dir='ltr'><strong>lu-</strong></span> <span class='ocrx_word' id='word_1_488' title='bbox 1855 3216 1905 3282; x_wconf 56' lang='grc' dir='ltr'><strong>(ἶ</strong></span> <span class='ocrx_word' id='word_1_489' title='bbox 1933 3239 2060 3298; x_wconf 69' lang='grc' dir='ltr'>ιται.</span> <span class='ocrx_word' id='word_1_490' title='bbox 2090 3231 2221 3286; x_wconf 63' lang='grc' dir='ltr'><strong>ἵειεεί</strong></span> <span class='ocrx_word' id='word_1_491' title='bbox 2249 3233 2430 3299; x_wconf 66' lang='lat' dir='ltr'><strong>docet.</strong></span> <span class='ocrx_word' id='word_1_492' title='bbox 2465 3242 2517 3289; x_wconf 75' lang='grc' dir='ltr'>ει</span> <span class='ocrx_word' id='word_1_493' title='bbox 2547 3233 2674 3290; x_wconf 77' lang='lat' dir='ltr'><strong>ideo</strong></span> <span class='ocrx_word' id='word_1_494' title='bbox 2703 3242 2785 3290; x_wconf 68' lang='lat' dir='ltr'><strong>est</strong></span> <span class='ocrx_word' id='word_1_495' title='bbox 2814 3235 3044 3292; x_wconf 61' lang='lat' dir='ltr'><strong>alien!!!»</strong></span> 
     </span>
    </p>
   </div>
   <div class='ocr_carea' id='block_1_62' title="bbox 211 3330 1827 3408">
    <p class='ocr_par' dir='ltr' id='par_1_62' title="bbox 211 3330 1827 3408">
     <span class='ocr_line' id='line_1_62' title="bbox 211 3330 1827 3408; baseline -0.003 -18"><span class='ocrx_word' id='word_1_496' title='bbox 211 3351 329 3408; x_wconf 86' lang='lat' dir='ltr'><strong>pus</strong></span> <span class='ocrx_word' id='word_1_497' title='bbox 359 3349 483 3390; x_wconf 91' lang='lat' dir='ltr'><strong>cum</strong></span> <span class='ocrx_word' id='word_1_498' title='bbox 513 3331 747 3404; x_wconf 85' lang='lat' dir='ltr'><strong>quilibet</strong></span> <span class='ocrx_word' id='word_1_499' title='bbox 801 3330 1040 3401; x_wconf 75' lang='lat' dir='ltr'><strong>injustas</strong></span> <span class='ocrx_word' id='word_1_500' title='bbox 1071 3338 1124 3386; x_wconf 91' lang='lat' dir='ltr'><strong>et</strong></span> <span class='ocrx_word' id='word_1_501' title='bbox 1153 3339 1345 3403; x_wconf 88' lang='lat' dir='ltr'><strong>raptor</strong></span> <span class='ocrx_word' id='word_1_502' title='bbox 1393 3331 1584 3388; x_wconf 84' lang='lat' dir='ltr'><strong>fideles</strong></span> <span class='ocrx_word' id='word_1_503' title='bbox 1632 3331 1827 3404; x_wconf 89' lang='lat' dir='ltr'><strong>oppri-</strong></span> 
     </span>
    </p>
   </div>
   <div class='ocr_carea' id='block_1_63' title="bbox 213 3427 1824 3503">
    <p class='ocr_par' dir='ltr' id='par_1_63' title="bbox 213 3427 1824 3503">
     <span class='ocr_line' id='line_1_63' title="bbox 213 3427 1824 3503; baseline -0.002 -17"><span class='ocrx_word' id='word_1_504' title='bbox 213 3431 334 3486; x_wconf 88' lang='lat' dir='ltr'><strong>mit.</strong></span> <span class='ocrx_word' id='word_1_505' title='bbox 366 3429 528 3503; x_wconf 82' lang='lat' dir='ltr'><strong>Fugit</strong></span> <span class='ocrx_word' id='word_1_506' title='bbox 556 3443 692 3500; x_wconf 89' lang='lat' dir='ltr'><strong>ergo</strong></span> <span class='ocrx_word' id='word_1_507' title='bbox 718 3427 809 3499; x_wconf 90' lang='lat' dir='ltr'><strong>qui</strong></span> <span class='ocrx_word' id='word_1_508' title='bbox 853 3436 1038 3498; x_wconf 84' lang='lat' dir='ltr'><strong>pastor</strong></span> <span class='ocrx_word' id='word_1_509' title='bbox 1082 3445 1203 3484; x_wconf 92' lang='lat' dir='ltr'><strong>esse</strong></span> <span class='ocrx_word' id='word_1_510' title='bbox 1262 3427 1570 3496; x_wconf 87' lang='lat' dir='ltr'><strong>videbatur,</strong></span> <span class='ocrx_word' id='word_1_511' title='bbox 1616 3437 1668 3484; x_wconf 91' lang='lat' dir='ltr'><strong>et</strong></span> <span class='ocrx_word' id='word_1_512' title='bbox 1714 3444 1824 3484; x_wconf 91' lang='lat' dir='ltr'><strong>non</strong></span> 
     </span>
    </p>
   </div>
   <div class='ocr_carea' id='block_1_64' title="bbox 212 3516 1818 3587">
    <p class='ocr_par' dir='ltr' id='par_1_64' title="bbox 212 3516 1818 3587">
     <span class='ocr_line' id='line_1_64' title="bbox 212 3516 1818 3587; baseline -0.004 -9"><span class='ocrx_word' id='word_1_513' title='bbox 212 3527 357 3587; x_wconf 89' lang='lat' dir='ltr'><strong>erat,</strong></span> <span class='ocrx_word' id='word_1_514' title='bbox 390 3534 498 3574; x_wconf 90' lang='lat' dir='ltr'><strong>non</strong></span> <span class='ocrx_word' id='word_1_515' title='bbox 546 3517 807 3572; x_wconf 89' lang='lat' dir='ltr'><strong>mutando</strong></span> <span class='ocrx_word' id='word_1_516' title='bbox 857 3516 1055 3583; x_wconf 91' lang='lat' dir='ltr'><strong>locum,</strong></span> <span class='ocrx_word' id='word_1_517' title='bbox 1114 3517 1212 3572; x_wconf 89' lang='lat' dir='ltr'><strong>sed</strong></span> <span class='ocrx_word' id='word_1_518' title='bbox 1265 3517 1635 3574; x_wconf 88' lang='lat' dir='ltr'><strong>subtrahendo</strong></span> <span class='ocrx_word' id='word_1_519' title='bbox 1665 3518 1818 3573; x_wconf 85' lang='lat' dir='ltr'><strong>sola-</strong></span> 
     </span>
    </p>
   </div>
   <div class='ocr_carea' id='block_1_65' title="bbox 211 3605 1814 3676">
    <p class='ocr_par' dir='ltr' id='par_1_65' title="bbox 211 3605 1814 3676">
     <span class='ocr_line' id='line_1_65' title="bbox 211 3605 1814 3676; baseline -0.001 -12"><span class='ocrx_word' id='word_1_520' title='bbox 211 3609 376 3664; x_wconf 87' lang='lat' dir='ltr'><strong>tium.</strong></span> <span class='ocrx_word' id='word_1_521' title='bbox 407 3607 573 3663; x_wconf 86' lang='lat' dir='ltr'><strong>Tacet</strong></span> <span class='ocrx_word' id='word_1_522' title='bbox 604 3607 769 3673; x_wconf 87' lang='lat' dir='ltr'><strong>enim,</strong></span> <span class='ocrx_word' id='word_1_523' title='bbox 803 3611 856 3660; x_wconf 89' lang='lat' dir='ltr'><strong>et</strong></span> <span class='ocrx_word' id='word_1_524' title='bbox 885 3621 993 3660; x_wconf 91' lang='lat' dir='ltr'><strong>non</strong></span> <span class='ocrx_word' id='word_1_525' title='bbox 1025 3605 1194 3660; x_wconf 91' lang='lat' dir='ltr'><strong>audet</strong></span> <span class='ocrx_word' id='word_1_526' title='bbox 1224 3606 1487 3662; x_wconf 88' lang='lat' dir='ltr'><strong>resistere</strong></span> <span class='ocrx_word' id='word_1_527' title='bbox 1518 3606 1814 3676; x_wconf 69' lang='lat' dir='ltr'><strong>injustitiaa.</strong></span> 
     </span>
    </p>
   </div>
   <div class='ocr_carea' id='block_1_66' title="bbox 212 3695 1816 3770">
    <p class='ocr_par' dir='ltr' id='par_1_66' title="bbox 212 3695 1816 3770">
     <span class='ocr_line' id='line_1_66' title="bbox 212 3695 1816 3770; baseline -0.002 -15"><span class='ocrx_word' id='word_1_528' title='bbox 212 3699 299 3755; x_wconf 92' lang='lat' dir='ltr'><strong>De</strong></span> <span class='ocrx_word' id='word_1_529' title='bbox 329 3713 442 3770; x_wconf 90' lang='lat' dir='ltr'><strong>quo</strong></span> <span class='ocrx_word' id='word_1_530' title='bbox 472 3711 572 3767; x_wconf 91' lang='lat' dir='ltr'><strong>per</strong></span> <span class='ocrx_word' id='word_1_531' title='bbox 623 3695 945 3765; x_wconf 88' lang='lat' dir='ltr'><strong>prophetam</strong></span> <span class='ocrx_word' id='word_1_532' title='bbox 991 3695 1192 3750; x_wconf 90' lang='lat' dir='ltr'><strong>dicitur</strong></span> <span class='ocrx_word' id='word_1_533' title='bbox 1225 3711 1237 3750; x_wconf 94' lang='lat'>:</span> <span class='ocrx_word' id='word_1_534' title='bbox 1277 3718 1299 3743; x_wconf 80' lang='grc' dir='ltr'>α</span> <span class='ocrx_word' id='word_1_535' title='bbox 1341 3697 1462 3751; x_wconf 89' lang='lat' dir='ltr'><strong>Non</strong></span> <span class='ocrx_word' id='word_1_536' title='bbox 1492 3697 1816 3751; x_wconf 87' lang='lat' dir='ltr'><strong>ascendistis</strong></span> 
     </span>
    </p>
   </div>
   <div class='ocr_carea' id='block_1_67' title="bbox 214 3785 1823 3858">
    <p class='ocr_par' dir='ltr' id='par_1_67' title="bbox 214 3785 1823 3858">
     <span class='ocr_line' id='line_1_67' title="bbox 214 3785 1823 3858; baseline -0.001 -13"><span class='ocrx_word' id='word_1_537' title='bbox 214 3805 284 3845; x_wconf 80' lang='lat' dir='ltr'><strong>ex</strong></span> <span class='ocrx_word' id='word_1_538' title='bbox 315 3788 578 3852; x_wconf 82' lang='lat' dir='ltr'><strong>adverso,</strong></span> <span class='ocrx_word' id='word_1_539' title='bbox 637 3800 816 3856; x_wconf 91' lang='lat' dir='ltr'><strong>neque</strong></span> <span class='ocrx_word' id='word_1_540' title='bbox 873 3785 1210 3856; x_wconf 90' lang='lat' dir='ltr'><strong>opposuistis</strong></span> <span class='ocrx_word' id='word_1_541' title='bbox 1265 3801 1479 3840; x_wconf 90' lang='lat' dir='ltr'><strong>murum</strong></span> <span class='ocrx_word' id='word_1_542' title='bbox 1521 3799 1625 3858; x_wconf 89' lang='lat' dir='ltr'><strong>pro</strong></span> <span class='ocrx_word' id='word_1_543' title='bbox 1659 3786 1823 3844; x_wconf 90' lang='lat' dir='ltr'><strong>domo</strong></span> 
     </span>
    </p>
   </div>
   <div class='ocr_carea' id='block_1_68' title="bbox 212 3881 1822 3955">
    <p class='ocr_par' dir='ltr' id='par_1_68' title="bbox 212 3881 1822 3955">
     <span class='ocr_line' id='line_1_68' title="bbox 212 3881 1822 3955; baseline -0.001 -15"><span class='ocrx_word' id='word_1_544' title='bbox 212 3881 412 3950; x_wconf 82' lang='lat' dir='ltr'><strong>Israel,</strong></span> <span class='ocrx_word' id='word_1_545' title='bbox 444 3890 498 3938; x_wconf 91' lang='lat' dir='ltr'><strong>ut</strong></span> <span class='ocrx_word' id='word_1_546' title='bbox 532 3881 753 3936; x_wconf 88' lang='lat' dir='ltr'><strong>staretis</strong></span> <span class='ocrx_word' id='word_1_547' title='bbox 803 3881 859 3935; x_wconf 89' lang='lat' dir='ltr'><strong>in</strong></span> <span class='ocrx_word' id='word_1_548' title='bbox 907 3882 1100 3953; x_wconf 66' lang='lat' dir='ltr'><strong>prmlio</strong></span> <span class='ocrx_word' id='word_1_549' title='bbox 1130 3881 1183 3936; x_wconf 91' lang='lat' dir='ltr'><strong>in</strong></span> <span class='ocrx_word' id='word_1_550' title='bbox 1216 3881 1304 3938; x_wconf 91' lang='lat' dir='ltr'><strong>die</strong></span> <span class='ocrx_word' id='word_1_551' title='bbox 1355 3883 1571 3938; x_wconf 92' lang='lat' dir='ltr'><strong>Domini</strong></span> <span class='ocrx_word' id='word_1_552' title='bbox 1600 3883 1822 3955; x_wconf 74' lang='lat' dir='ltr'><strong>(Ezech-</strong></span> 
     </span>
    </p>
   </div>
   <div class='ocr_carea' id='block_1_69' title="bbox 210 3970 1828 4045">
    <p class='ocr_par' dir='ltr' id='par_1_69' title="bbox 210 3970 1828 4045">
     <span class='ocr_line' id='line_1_69' title="bbox 210 3970 1828 4045; baseline -0.001 -17"><span class='ocrx_word' id='word_1_553' title='bbox 210 3974 369 4045; x_wconf 69' lang='grc' dir='ltr'>χιιι).</span> <span class='ocrx_word' id='word_1_554' title='bbox 408 3995 432 4022; x_wconf 73' lang='grc' dir='ltr'><strong>ι</strong></span> <span class='ocrx_word' id='word_1_555' title='bbox 466 3971 546 4027; x_wconf 84' lang='lat' dir='ltr'><strong>Ex</strong></span> <span class='ocrx_word' id='word_1_556' title='bbox 576 3970 814 4026; x_wconf 89' lang='lat' dir='ltr'><strong>adverso</strong></span> <span class='ocrx_word' id='word_1_557' title='bbox 845 3971 1152 4026; x_wconf 87' lang='lat' dir='ltr'><strong>ascendere</strong></span> <span class='ocrx_word' id='word_1_558' title='bbox 1199 3978 1283 4026; x_wconf 88' lang='lat' dir='ltr'><strong>est</strong></span> <span class='ocrx_word' id='word_1_559' title='bbox 1325 3971 1510 4042; x_wconf 90' lang='lat' dir='ltr'><strong>pravis</strong></span> <span class='ocrx_word' id='word_1_560' title='bbox 1541 3972 1711 4027; x_wconf 88' lang='lat' dir='ltr'><strong>libera</strong></span> <span class='ocrx_word' id='word_1_561' title='bbox 1740 3986 1828 4026; x_wconf 89' lang='lat' dir='ltr'><strong>ra-</strong></span> 
     </span>
    </p>
   </div>
   <div class='ocr_carea' id='block_1_70' title="bbox 207 4065 1824 4139">
    <p class='ocr_par' dir='ltr' id='par_1_70' title="bbox 207 4065 1824 4139">
     <span class='ocr_line' id='line_1_70' title="bbox 207 4065 1824 4139; baseline 0.002 -19"><span class='ocrx_word' id='word_1_562' title='bbox 207 4068 368 4124; x_wconf 86' lang='lat' dir='ltr'><strong>tione</strong></span> <span class='ocrx_word' id='word_1_563' title='bbox 398 4066 694 4122; x_wconf 89' lang='lat' dir='ltr'><strong>contraire.</strong></span> <span class='ocrx_word' id='word_1_564' title='bbox 727 4065 942 4119; x_wconf 86' lang='lat' dir='ltr'><strong>Murum</strong></span> <span class='ocrx_word' id='word_1_565' title='bbox 972 4079 1257 4136; x_wconf 84' lang='lat' dir='ltr'><strong>opponere</strong></span> <span class='ocrx_word' id='word_1_566' title='bbox 1288 4073 1340 4122; x_wconf 91' lang='lat' dir='ltr'><strong>et</strong></span> <span class='ocrx_word' id='word_1_567' title='bbox 1369 4071 1516 4122; x_wconf 89' lang='lat' dir='ltr'><strong>stare</strong></span> <span class='ocrx_word' id='word_1_568' title='bbox 1553 4066 1606 4121; x_wconf 92' lang='lat' dir='ltr'><strong>in</strong></span> <span class='ocrx_word' id='word_1_569' title='bbox 1636 4067 1824 4139; x_wconf 67' lang='lat' dir='ltr'><strong>praelia</strong></span> 
     </span>
    </p>
   </div>
   <div class='ocr_carea' id='block_1_71' title="bbox 208 4152 1822 4224">
    <p class='ocr_par' dir='ltr' id='par_1_71' title="bbox 208 4152 1822 4224">
     <span class='ocr_line' id='line_1_71' title="bbox 208 4152 1822 4224; baseline -0.001 -12"><span class='ocrx_word' id='word_1_570' title='bbox 208 4156 270 4212; x_wconf 89' lang='lat' dir='ltr'><strong>in</strong></span> <span class='ocrx_word' id='word_1_571' title='bbox 303 4156 396 4211; x_wconf 92' lang='lat' dir='ltr'><strong>die</strong></span> <span class='ocrx_word' id='word_1_572' title='bbox 425 4153 642 4210; x_wconf 91' lang='lat' dir='ltr'><strong>Domini</strong></span> <span class='ocrx_word' id='word_1_573' title='bbox 672 4169 773 4224; x_wconf 92' lang='lat' dir='ltr'><strong>pro</strong></span> <span class='ocrx_word' id='word_1_574' title='bbox 801 4152 970 4209; x_wconf 89' lang='lat' dir='ltr'><strong>domo</strong></span> <span class='ocrx_word' id='word_1_575' title='bbox 1004 4153 1177 4210; x_wconf 89' lang='lat' dir='ltr'><strong>Israel</strong></span> <span class='ocrx_word' id='word_1_576' title='bbox 1207 4161 1311 4222; x_wconf 89' lang='lat' dir='ltr'><strong>est,</strong></span> <span class='ocrx_word' id='word_1_577' title='bbox 1343 4169 1468 4210; x_wconf 91' lang='lat' dir='ltr'><strong>cum</strong></span> <span class='ocrx_word' id='word_1_578' title='bbox 1493 4163 1546 4211; x_wconf 93' lang='lat' dir='ltr'><strong>et</strong></span> <span class='ocrx_word' id='word_1_579' title='bbox 1579 4156 1822 4212; x_wconf 85' lang='lat' dir='ltr'><strong>auctori-</strong></span> 
     </span>
    </p>
   </div>
   <div class='ocr_carea' id='block_1_72' title="bbox 207 4241 1821 4318">
    <p class='ocr_par' dir='ltr' id='par_1_72' title="bbox 207 4241 1821 4318">
     <span class='ocr_line' id='line_1_72' title="bbox 207 4241 1821 4318; baseline -0.001 -16"><span class='ocrx_word' id='word_1_580' title='bbox 207 4252 324 4302; x_wconf 82' lang='lat' dir='ltr'><strong>tate</strong></span> <span class='ocrx_word' id='word_1_581' title='bbox 351 4242 580 4318; x_wconf 70' lang='lat' dir='ltr'><strong>justitiae</strong></span> <span class='ocrx_word' id='word_1_582' title='bbox 606 4241 800 4298; x_wconf 83' lang='lat' dir='ltr'><strong>ﬁdeles</strong></span> <span class='ocrx_word' id='word_1_583' title='bbox 844 4249 1035 4298; x_wconf 86' lang='lat' dir='ltr'><strong>contra</strong></span> <span class='ocrx_word' id='word_1_584' title='bbox 1093 4258 1476 4314; x_wconf 80' lang='lat' dir='ltr'><strong>perversurum</strong></span> <span class='ocrx_word' id='word_1_585' title='bbox 1505 4244 1821 4314; x_wconf 88' lang='lat' dir='ltr'><strong>injustitiam</strong></span> 
     </span>
    </p>
   </div>
   <div class='ocr_carea' id='block_1_73' title="bbox 205 4339 1820 4415">
    <p class='ocr_par' dir='ltr' id='par_1_73' title="bbox 205 4339 1820 4415">
     <span class='ocr_line' id='line_1_73' title="bbox 205 4339 1820 4415; baseline -0.001 -15"><span class='ocrx_word' id='word_1_586' title='bbox 205 4342 581 4409; x_wconf 84' lang='lat' dir='ltr'><strong>vindicamus.</strong></span> <span class='ocrx_word' id='word_1_587' title='bbox 665 4340 766 4395; x_wconf 88' lang='lat' dir='ltr'><strong>Est</strong></span> <span class='ocrx_word' id='word_1_588' title='bbox 817 4339 979 4395; x_wconf 89' lang='lat' dir='ltr'><strong>etiam</strong></span> <span class='ocrx_word' id='word_1_589' title='bbox 1037 4339 1310 4414; x_wconf 87' lang='lat' dir='ltr'><strong>malignus</strong></span> <span class='ocrx_word' id='word_1_590' title='bbox 1383 4339 1605 4413; x_wconf 89' lang='lat' dir='ltr'><strong>spiritus</strong></span> <span class='ocrx_word' id='word_1_591' title='bbox 1658 4341 1820 4415; x_wconf 90' lang='lat' dir='ltr'><strong>lupus</strong></span> 
     </span>
    </p>
   </div>
   <div class='ocr_carea' id='block_1_74' title="bbox 205 4429 1818 4501">
    <p class='ocr_par' dir='ltr' id='par_1_74' title="bbox 205 4429 1818 4501">
     <span class='ocr_line' id='line_1_74' title="bbox 205 4429 1818 4501; baseline -0.002 -11"><span class='ocrx_word' id='word_1_592' title='bbox 205 4439 432 4490; x_wconf 88' lang='lat' dir='ltr'><strong>mentes</strong></span> <span class='ocrx_word' id='word_1_593' title='bbox 459 4445 569 4486; x_wconf 90' lang='lat' dir='ltr'><strong>non</strong></span> <span class='ocrx_word' id='word_1_594' title='bbox 598 4443 831 4501; x_wconf 89' lang='lat' dir='ltr'><strong>corpora</strong></span> <span class='ocrx_word' id='word_1_595' title='bbox 861 4429 1146 4500; x_wconf 88' lang='lat' dir='ltr'><strong>dilanians,</strong></span> <span class='ocrx_word' id='word_1_596' title='bbox 1178 4429 1372 4487; x_wconf 88' lang='lat' dir='ltr'><strong>caulas</strong></span> <span class='ocrx_word' id='word_1_597' title='bbox 1409 4429 1644 4487; x_wconf 80' lang='lat' dir='ltr'><strong>ﬁdelium</strong></span> <span class='ocrx_word' id='word_1_598' title='bbox 1675 4432 1818 4488; x_wconf 88' lang='lat' dir='ltr'><strong>assi-</strong></span> 
     </span>
    </p>
   </div>
   <div class='ocr_carea' id='block_1_75' title="bbox 207 4518 1804 4594">
    <p class='ocr_par' dir='ltr' id='par_1_75' title="bbox 207 4518 1804 4594">
     <span class='ocr_line' id='line_1_75' title="bbox 207 4518 1804 4594; baseline -0.001 -16"><span class='ocrx_word' id='word_1_599' title='bbox 207 4521 322 4579; x_wconf 88' lang='lat' dir='ltr'><strong>due</strong></span> <span class='ocrx_word' id='word_1_600' title='bbox 355 4518 644 4577; x_wconf 88' lang='lat' dir='ltr'><strong>circuiens.</strong></span> <span class='ocrx_word' id='word_1_601' title='bbox 706 4519 786 4574; x_wconf 91' lang='lat' dir='ltr'><strong>De</strong></span> <span class='ocrx_word' id='word_1_602' title='bbox 844 4533 953 4591; x_wconf 90' lang='lat' dir='ltr'><strong>quo</strong></span> <span class='ocrx_word' id='word_1_603' title='bbox 994 4518 1223 4575; x_wconf 88' lang='lat' dir='ltr'><strong>dicitur:</strong></span> <span class='ocrx_word' id='word_1_604' title='bbox 1257 4519 1324 4574; x_wconf 89' lang='lat' dir='ltr'><strong>Et</strong></span> <span class='ocrx_word' id='word_1_605' title='bbox 1352 4519 1618 4594; x_wconf 85' lang='lat' dir='ltr'><strong>dispergit</strong></span> <span class='ocrx_word' id='word_1_606' title='bbox 1646 4537 1804 4578; x_wconf 90' lang='lat' dir='ltr'><strong>oves.</strong></span> 
     </span>
    </p>
   </div>
   <div class='ocr_carea' id='block_1_76' title="bbox 201 4606 1812 4681">
    <p class='ocr_par' dir='ltr' id='par_1_76' title="bbox 201 4606 1812 4681">
     <span class='ocr_line' id='line_1_76' title="bbox 201 4606 1812 4681; baseline -0.002 -14"><span class='ocrx_word' id='word_1_607' title='bbox 201 4611 372 4667; x_wconf 85' lang='lat' dir='ltr'><strong>Tunc</strong></span> <span class='ocrx_word' id='word_1_608' title='bbox 397 4607 545 4664; x_wconf 89' lang='lat' dir='ltr'><strong>enim</strong></span> <span class='ocrx_word' id='word_1_609' title='bbox 572 4606 848 4680; x_wconf 86' lang='lat' dir='ltr'><strong>dispergit</strong></span> <span class='ocrx_word' id='word_1_610' title='bbox 868 4622 992 4663; x_wconf 89' lang='lat' dir='ltr'><strong>cum</strong></span> <span class='ocrx_word' id='word_1_611' title='bbox 1019 4606 1184 4662; x_wconf 90' lang='lat' dir='ltr'><strong>alium</strong></span> <span class='ocrx_word' id='word_1_612' title='bbox 1213 4607 1284 4663; x_wconf 89' lang='lat' dir='ltr'><strong>ad</strong></span> <span class='ocrx_word' id='word_1_613' title='bbox 1311 4607 1584 4664; x_wconf 86' lang='lat' dir='ltr'><strong>luxuriam</strong></span> <span class='ocrx_word' id='word_1_614' title='bbox 1613 4618 1812 4681; x_wconf 85' lang='lat' dir='ltr'><strong>pertra-</strong></span> 
     </span>
    </p>
   </div>
   <div class='ocr_carea' id='block_1_77' title="bbox 205 4695 1812 4770">
    <p class='ocr_par' dir='ltr' id='par_1_77' title="bbox 205 4695 1812 4770">
     <span class='ocr_line' id='line_1_77' title="bbox 205 4695 1812 4770; baseline -0.001 -15"><span class='ocrx_word' id='word_1_615' title='bbox 205 4700 310 4766; x_wconf 88' lang='lat' dir='ltr'><strong>hit,</strong></span> <span class='ocrx_word' id='word_1_616' title='bbox 339 4696 506 4753; x_wconf 77' lang='lat' dir='ltr'><strong>alium</strong></span> <span class='ocrx_word' id='word_1_617' title='bbox 532 4695 586 4750; x_wconf 88' lang='lat' dir='ltr'><strong>in</strong></span> <span class='ocrx_word' id='word_1_618' title='bbox 614 4696 904 4751; x_wconf 85' lang='lat' dir='ltr'><strong>avaritiam</strong></span> <span class='ocrx_word' id='word_1_619' title='bbox 934 4696 1377 4765; x_wconf 87' lang='lat' dir='ltr'><strong>accendit,alium</strong></span> <span class='ocrx_word' id='word_1_620' title='bbox 1417 4697 1471 4752; x_wconf 92' lang='lat' dir='ltr'><strong>in</strong></span> <span class='ocrx_word' id='word_1_621' title='bbox 1499 4698 1812 4770; x_wconf 90' lang='lat' dir='ltr'><strong>superbiam</strong></span> 
     </span>
    </p>
   </div>
   <div class='ocr_carea' id='block_1_78' title="bbox 204 4793 1815 4870">
    <p class='ocr_par' dir='ltr' id='par_1_78' title="bbox 204 4793 1815 4870">
     <span class='ocr_line' id='line_1_78' title="bbox 204 4793 1815 4870; baseline -0.004 -13"><span class='ocrx_word' id='word_1_622' title='bbox 204 4797 381 4870; x_wconf 80' lang='lat' dir='ltr'><strong>erigit</strong></span> <span class='ocrx_word' id='word_1_623' title='bbox 413 4816 426 4853; x_wconf 89' lang='lat'><strong>:</strong></span> <span class='ocrx_word' id='word_1_624' title='bbox 456 4796 602 4851; x_wconf 90' lang='lat' dir='ltr'><strong>hunc</strong></span> <span class='ocrx_word' id='word_1_625' title='bbox 629 4793 838 4850; x_wconf 76' lang='lat' dir='ltr'><strong>invidia</strong></span> <span class='ocrx_word' id='word_1_626' title='bbox 893 4793 1156 4862; x_wconf 84' lang='lat' dir='ltr'><strong>stimulat,</strong></span> <span class='ocrx_word' id='word_1_627' title='bbox 1213 4793 1362 4850; x_wconf 89' lang='lat' dir='ltr'><strong>illum</strong></span> <span class='ocrx_word' id='word_1_628' title='bbox 1423 4794 1643 4851; x_wconf 82' lang='lat' dir='ltr'><strong>fallacia</strong></span> <span class='ocrx_word' id='word_1_629' title='bbox 1693 4813 1815 4869; x_wconf 83' lang='lat' dir='ltr'><strong>sup-</strong></span> 
     </span>
    </p>
   </div>
   <div class='ocr_carea' id='block_1_79' title="bbox 202 4890 1814 4970">
    <p class='ocr_par' dir='ltr' id='par_1_79' title="bbox 202 4890 1814 4970">
     <span class='ocr_line' id='line_1_79' title="bbox 202 4890 1814 4970; baseline -0.001 -19"><span class='ocrx_word' id='word_1_630' title='bbox 202 4895 446 4970; x_wconf 89' lang='lat' dir='ltr'><strong>plantat.</strong></span> <span class='ocrx_word' id='word_1_631' title='bbox 478 4891 648 4963; x_wconf 90' lang='lat' dir='ltr'><strong>Quasi</strong></span> <span class='ocrx_word' id='word_1_632' title='bbox 679 4906 813 4964; x_wconf 87' lang='lat' dir='ltr'><strong>ergo</strong></span> <span class='ocrx_word' id='word_1_633' title='bbox 840 4890 1000 4964; x_wconf 85' lang='lat' dir='ltr'><strong>lupus</strong></span> <span class='ocrx_word' id='word_1_634' title='bbox 1045 4906 1274 4964; x_wconf 85' lang='lat' dir='ltr'><strong>gregem</strong></span> <span class='ocrx_word' id='word_1_635' title='bbox 1302 4892 1551 4963; x_wconf 88' lang='lat' dir='ltr'><strong>dissipat,</strong></span> <span class='ocrx_word' id='word_1_636' title='bbox 1598 4910 1726 4949; x_wconf 90' lang='lat' dir='ltr'><strong>cum</strong></span> <span class='ocrx_word' id='word_1_637' title='bbox 1759 4892 1814 4948; x_wconf 86' lang='lat' dir='ltr'><strong>fi-</strong></span> 
     </span>
    </p>
   </div>
   <div class='ocr_carea' id='block_1_80' title="bbox 206 4987 1813 5059">
    <p class='ocr_par' dir='ltr' id='par_1_80' title="bbox 206 4987 1813 5059">
     <span class='ocr_line' id='line_1_80' title="bbox 206 4987 1813 5059; baseline -0.002 -11"><span class='ocrx_word' id='word_1_638' title='bbox 206 4989 371 5048; x_wconf 86' lang='lat' dir='ltr'><strong>deles</strong></span> <span class='ocrx_word' id='word_1_639' title='bbox 419 4987 669 5045; x_wconf 89' lang='lat' dir='ltr'><strong>diabolus</strong></span> <span class='ocrx_word' id='word_1_640' title='bbox 718 5003 820 5059; x_wconf 89' lang='lat' dir='ltr'><strong>per</strong></span> <span class='ocrx_word' id='word_1_641' title='bbox 865 4988 1192 5043; x_wconf 86' lang='lat' dir='ltr'><strong>tentatioues</strong></span> <span class='ocrx_word' id='word_1_642' title='bbox 1220 4996 1399 5045; x_wconf 87' lang='lat' dir='ltr'><strong>necat.</strong></span> <span class='ocrx_word' id='word_1_643' title='bbox 1439 4989 1813 5046; x_wconf 87' lang='lat' dir='ltr'><strong>Mercenarius</strong></span> 
     </span>
    </p>
   </div>
   <div class='ocr_carea' id='block_1_81' title="bbox 206 5084 1814 5158">
    <p class='ocr_par' dir='ltr' id='par_1_81' title="bbox 206 5084 1814 5158">
     <span class='ocr_line' id='line_1_81' title="bbox 206 5084 1814 5158; baseline -0.002 -11"><span class='ocrx_word' id='word_1_644' title='bbox 206 5097 397 5147; x_wconf 84' lang='lat' dir='ltr'><strong>autem</strong></span> <span class='ocrx_word' id='word_1_645' title='bbox 437 5087 640 5144; x_wconf 87' lang='lat' dir='ltr'><strong>videns</strong></span> <span class='ocrx_word' id='word_1_646' title='bbox 668 5085 854 5157; x_wconf 91' lang='lat' dir='ltr'><strong>lupum</strong></span> <span class='ocrx_word' id='word_1_647' title='bbox 887 5084 1044 5158; x_wconf 85' lang='lat' dir='ltr'><strong>fugit,</strong></span> <span class='ocrx_word' id='word_1_648' title='bbox 1079 5086 1203 5156; x_wconf 87' lang='lat' dir='ltr'><strong>quia</strong></span> <span class='ocrx_word' id='word_1_649' title='bbox 1233 5089 1604 5143; x_wconf 90' lang='lat' dir='ltr'><strong>mercenarius</strong></span> <span class='ocrx_word' id='word_1_650' title='bbox 1649 5095 1729 5144; x_wconf 89' lang='lat' dir='ltr'><strong>est</strong></span> <span class='ocrx_word' id='word_1_651' title='bbox 1760 5095 1814 5145; x_wconf 89' lang='lat' dir='ltr'><strong>et</strong></span> 
     </span>
    </p>
   </div>
   <div class='ocr_carea' id='block_1_82' title="bbox 206 5183 1808 5259">
    <p class='ocr_par' dir='ltr' id='par_1_82' title="bbox 206 5183 1808 5259">
     <span class='ocr_line' id='line_1_82' title="bbox 206 5183 1808 5259; baseline -0.002 -13"><span class='ocrx_word' id='word_1_652' title='bbox 206 5204 324 5246; x_wconf 90' lang='lat' dir='ltr'><strong>non</strong></span> <span class='ocrx_word' id='word_1_653' title='bbox 355 5184 534 5259; x_wconf 85' lang='lat' dir='ltr'><strong>diligit</strong></span> <span class='ocrx_word' id='word_1_654' title='bbox 581 5184 638 5239; x_wconf 89' lang='lat' dir='ltr'><strong>in</strong></span> <span class='ocrx_word' id='word_1_655' title='bbox 681 5183 873 5240; x_wconf 90' lang='lat' dir='ltr'><strong>ovibus</strong></span> <span class='ocrx_word' id='word_1_656' title='bbox 923 5183 1216 5250; x_wconf 89' lang='lat' dir='ltr'><strong>Christum,</strong></span> <span class='ocrx_word' id='word_1_657' title='bbox 1263 5186 1359 5240; x_wconf 91' lang='lat' dir='ltr'><strong>sed</strong></span> <span class='ocrx_word' id='word_1_658' title='bbox 1389 5185 1470 5242; x_wconf 91' lang='lat' dir='ltr'><strong>lac</strong></span> <span class='ocrx_word' id='word_1_659' title='bbox 1501 5193 1555 5241; x_wconf 91' lang='lat' dir='ltr'><strong>et</strong></span> <span class='ocrx_word' id='word_1_660' title='bbox 1582 5185 1761 5242; x_wconf 88' lang='lat' dir='ltr'><strong>lanam</strong></span> <span class='ocrx_word' id='word_1_661' title='bbox 1795 5204 1808 5242; x_wconf 88' lang='lat'><strong>:</strong></span> 
     </span>
    </p>
   </div>
   <div class='ocr_carea' id='block_1_83' title="bbox 206 5272 1812 5354">
    <p class='ocr_par' dir='ltr' id='par_1_83' title="bbox 206 5272 1812 5354">
     <span class='ocr_line' id='line_1_83' title="bbox 206 5272 1812 5354; baseline -0.003 -19"><span class='ocrx_word' id='word_1_662' title='bbox 206 5284 536 5354; x_wconf 85' lang='lat' dir='ltr'><strong>peccantem</strong></span> <span class='ocrx_word' id='word_1_663' title='bbox 564 5289 673 5330; x_wconf 93' lang='lat' dir='ltr'><strong>non</strong></span> <span class='ocrx_word' id='word_1_664' title='bbox 702 5273 877 5329; x_wconf 78' lang='lat' dir='ltr'><strong>litera</strong></span> <span class='ocrx_word' id='word_1_665' title='bbox 934 5272 1098 5328; x_wconf 89' lang='lat' dir='ltr'><strong>audet</strong></span> <span class='ocrx_word' id='word_1_666' title='bbox 1142 5287 1398 5345; x_wconf 86' lang='lat' dir='ltr'><strong>arguere,</strong></span> <span class='ocrx_word' id='word_1_667' title='bbox 1442 5276 1812 5331; x_wconf 85' lang='lat' dir='ltr'><strong>excommuni-</strong></span> 
     </span>
    </p>
   </div>
   <div class='ocr_carea' id='block_1_84' title="bbox 210 5370 1815 5444">
    <p class='ocr_par' dir='ltr' id='par_1_84' title="bbox 210 5370 1815 5444">
     <span class='ocr_line' id='line_1_84' title="bbox 210 5370 1815 5444; baseline -0.001 -12"><span class='ocrx_word' id='word_1_668' title='bbox 210 5375 445 5433; x_wconf 88' lang='lat' dir='ltr'><strong>candum</strong></span> <span class='ocrx_word' id='word_1_669' title='bbox 458 5389 572 5429; x_wconf 91' lang='lat' dir='ltr'><strong>non</strong></span> <span class='ocrx_word' id='word_1_670' title='bbox 587 5370 757 5427; x_wconf 86' lang='lat' dir='ltr'><strong>audet</strong></span> <span class='ocrx_word' id='word_1_671' title='bbox 775 5371 1350 5436; x_wconf 86' lang='lat' dir='ltr'><strong>excommunicare,ne</strong></span> <span class='ocrx_word' id='word_1_672' title='bbox 1371 5373 1561 5444; x_wconf 89' lang='lat' dir='ltr'><strong>perdat</strong></span> <span class='ocrx_word' id='word_1_673' title='bbox 1575 5390 1815 5430; x_wconf 89' lang='lat' dir='ltr'><strong>commo-</strong></span> 
     </span>
    </p>
   </div>
   <div class='ocr_carea' id='block_1_85' title="bbox 211 5467 1811 5537">
    <p class='ocr_par' dir='ltr' id='par_1_85' title="bbox 211 5467 1811 5537">
     <span class='ocr_line' id='line_1_85' title="bbox 211 5467 1811 5537; baseline -0.003 -5"><span class='ocrx_word' id='word_1_674' title='bbox 211 5473 432 5532; x_wconf 87' lang='lat' dir='ltr'><strong>ditatem</strong></span> <span class='ocrx_word' id='word_1_675' title='bbox 463 5473 720 5528; x_wconf 67' lang='lat' dir='ltr'><strong>humanae</strong></span> <span class='ocrx_word' id='word_1_676' title='bbox 749 5467 1019 5537; x_wconf 70' lang='lat' dir='ltr'><strong>amicitiae,</strong></span> <span class='ocrx_word' id='word_1_677' title='bbox 1051 5477 1106 5524; x_wconf 93' lang='lat' dir='ltr'><strong>et</strong></span> <span class='ocrx_word' id='word_1_678' title='bbox 1133 5485 1202 5525; x_wconf 90' lang='lat' dir='ltr'><strong>ne</strong></span> <span class='ocrx_word' id='word_1_679' title='bbox 1233 5469 1475 5527; x_wconf 86' lang='lat' dir='ltr'><strong>incurrat</strong></span> <span class='ocrx_word' id='word_1_680' title='bbox 1501 5470 1811 5528; x_wconf 89' lang='lat' dir='ltr'><strong>molestiam</strong></span> 
     </span>
    </p>
   </div>
   <div class='ocr_carea' id='block_1_86' title="bbox 210 5574 1810 5651">
    <p class='ocr_par' dir='ltr' id='par_1_86' title="bbox 210 5574 1810 5651">
     <span class='ocr_line' id='line_1_86' title="bbox 210 5574 1810 5651; baseline -0.003 -12"><span class='ocrx_word' id='word_1_681' title='bbox 210 5583 575 5639; x_wconf 86' lang='lat' dir='ltr'><strong>humanarum</strong></span> <span class='ocrx_word' id='word_1_682' title='bbox 633 5574 1016 5633; x_wconf 88' lang='lat' dir='ltr'><strong>amicitiarum.</strong></span> <span class='ocrx_word' id='word_1_683' title='bbox 1077 5575 1236 5647; x_wconf 86' lang='lat' dir='ltr'><strong>Fugit</strong></span> <span class='ocrx_word' id='word_1_684' title='bbox 1292 5592 1427 5649; x_wconf 87' lang='lat' dir='ltr'><strong>ergo</strong></span> <span class='ocrx_word' id='word_1_685' title='bbox 1485 5577 1608 5651; x_wconf 88' lang='lat' dir='ltr'><strong>quia</strong></span> <span class='ocrx_word' id='word_1_686' title='bbox 1647 5585 1810 5649; x_wconf 89' lang='lat' dir='ltr'><strong>tacet,</strong></span> 
     </span>
    </p>
   </div>
   <div class='ocr_carea' id='block_1_87' title="bbox 210 5669 1810 5752">
    <p class='ocr_par' dir='ltr' id='par_1_87' title="bbox 210 5669 1810 5752">
     <span class='ocr_line' id='line_1_87' title="bbox 210 5669 1810 5752; baseline -0.004 -14"><span class='ocrx_word' id='word_1_687' title='bbox 210 5669 347 5740; x_wconf 84' lang='lat' dir='ltr'><strong>tacet</strong></span> <span class='ocrx_word' id='word_1_688' title='bbox 375 5679 503 5752; x_wconf 87' lang='lat' dir='ltr'><strong>quia</strong></span> <span class='ocrx_word' id='word_1_689' title='bbox 542 5674 738 5742; x_wconf 86' lang='lat' dir='ltr'><strong>timet;</strong></span> <span class='ocrx_word' id='word_1_690' title='bbox 769 5672 899 5746; x_wconf 85' lang='lat' dir='ltr'><strong>fuga</strong></span> <span class='ocrx_word' id='word_1_691' title='bbox 953 5673 1120 5729; x_wconf 88' lang='lat' dir='ltr'><strong>animi</strong></span> <span class='ocrx_word' id='word_1_692' title='bbox 1177 5674 1340 5731; x_wconf 90' lang='lat' dir='ltr'><strong>timor</strong></span> <span class='ocrx_word' id='word_1_693' title='bbox 1369 5683 1467 5746; x_wconf 89' lang='lat' dir='ltr'><strong>est,</strong></span> <span class='ocrx_word' id='word_1_694' title='bbox 1522 5692 1591 5731; x_wconf 90' lang='lat' dir='ltr'><strong>ne</strong></span> <span class='ocrx_word' id='word_1_695' title='bbox 1619 5677 1810 5747; x_wconf 90' lang='lat' dir='ltr'><strong>perdat</strong></span> 
     </span>
    </p>
   </div>
   <div class='ocr_carea' id='block_1_88' title="bbox 211 5771 1812 5858">
    <p class='ocr_par' dir='ltr' id='par_1_88' title="bbox 211 5771 1812 5858">
     <span class='ocr_line' id='line_1_88' title="bbox 211 5771 1812 5858; baseline -0.006 -18"><span class='ocrx_word' id='word_1_696' title='bbox 211 5797 368 5858; x_wconf 86' lang='lat' dir='ltr'><strong>quem</strong></span> <span class='ocrx_word' id='word_1_697' title='bbox 383 5776 588 5851; x_wconf 82' lang='lat' dir='ltr'><strong>diligit.</strong></span> <span class='ocrx_word' id='word_1_698' title='bbox 610 5774 851 5846; x_wconf 89' lang='lat' dir='ltr'><strong>Corpore</strong></span> <span class='ocrx_word' id='word_1_699' title='bbox 864 5780 970 5829; x_wconf 91' lang='lat' dir='ltr'><strong>stat</strong></span> <span class='ocrx_word' id='word_1_700' title='bbox 990 5790 1005 5828; x_wconf 87' lang='lat'><strong>:</strong></span> <span class='ocrx_word' id='word_1_701' title='bbox 1025 5772 1217 5846; x_wconf 89' lang='lat' dir='ltr'><strong>spiritu</strong></span> <span class='ocrx_word' id='word_1_702' title='bbox 1237 5773 1394 5848; x_wconf 81' lang='lat' dir='ltr'><strong>fugit.</strong></span> <span class='ocrx_word' id='word_1_703' title='bbox 1415 5771 1679 5844; x_wconf 90' lang='lat' dir='ltr'><strong>Quodille</strong></span> <span class='ocrx_word' id='word_1_704' title='bbox 1700 5790 1812 5831; x_wconf 92' lang='lat' dir='ltr'><strong>non</strong></span> 
     </span>
    </p>
   </div>
   <div class='ocr_carea' id='block_1_89' title="bbox 209 5859 1805 5944">
    <p class='ocr_par' dir='ltr' id='par_1_89' title="bbox 209 5859 1805 5944">
     <span class='ocr_line' id='line_1_89' title="bbox 209 5859 1805 5944; baseline -0.008 -12"><span class='ocrx_word' id='word_1_705' title='bbox 209 5869 436 5934; x_wconf 80' lang='lat' dir='ltr'><strong>faciebat</strong></span> <span class='ocrx_word' id='word_1_706' title='bbox 464 5863 567 5944; x_wconf 85' lang='lat' dir='ltr'><strong>qui</strong></span> <span class='ocrx_word' id='word_1_707' title='bbox 609 5861 868 5940; x_wconf 81' lang='lat' dir='ltr'><strong>dicebat:</strong></span> <span class='ocrx_word' id='word_1_708' title='bbox 903 5883 926 5914; x_wconf 78' lang='grc' dir='ltr'><strong>ι</strong></span> <span class='ocrx_word' id='word_1_709' title='bbox 959 5862 1031 5920; x_wconf 83' lang='lat' dir='ltr'><strong>Et</strong></span> <span class='ocrx_word' id='word_1_710' title='bbox 1058 5859 1106 5922; x_wconf 81' lang='lat' dir='ltr'><strong>si</strong></span> <span class='ocrx_word' id='word_1_711' title='bbox 1150 5877 1384 5938; x_wconf 84' lang='lat' dir='ltr'><strong>corpore</strong></span> <span class='ocrx_word' id='word_1_712' title='bbox 1413 5862 1618 5921; x_wconf 83' lang='lat' dir='ltr'><strong>absens</strong></span> <span class='ocrx_word' id='word_1_713' title='bbox 1666 5879 1805 5934; x_wconf 88' lang='lat' dir='ltr'><strong>sum,</strong></span> 
     </span>
    </p>
   </div>
   <div class='ocr_carea' id='block_1_90' title="bbox 2009 3337 3520 3416">
    <p class='ocr_par' dir='ltr' id='par_1_90' title="bbox 2009 3337 3520 3416">
     <span class='ocr_line' id='line_1_90' title="bbox 2009 3337 3520 3416; baseline 0.003 -21"><span class='ocrx_word' id='word_1_714' title='bbox 2009 3361 2030 3386; x_wconf 79' lang='grc' dir='ltr'><strong>ι</strong></span> <span class='ocrx_word' id='word_1_715' title='bbox 2065 3337 2213 3395; x_wconf 88' lang='lat' dir='ltr'><strong>Sicut</strong></span> <span class='ocrx_word' id='word_1_716' title='bbox 2242 3339 2391 3394; x_wconf 90' lang='lat' dir='ltr'><strong>novit</strong></span> <span class='ocrx_word' id='word_1_717' title='bbox 2413 3356 2502 3395; x_wconf 91' lang='lat' dir='ltr'><strong>me</strong></span> <span class='ocrx_word' id='word_1_718' title='bbox 2531 3341 2712 3410; x_wconf 89' lang='lat' dir='ltr'><strong>Pater,</strong></span> <span class='ocrx_word' id='word_1_719' title='bbox 2745 3349 2797 3397; x_wconf 88' lang='lat' dir='ltr'><strong>et</strong></span> <span class='ocrx_word' id='word_1_720' title='bbox 2827 3358 2932 3414; x_wconf 82' lang='lat' dir='ltr'><strong>ego</strong></span> <span class='ocrx_word' id='word_1_721' title='bbox 2960 3358 3204 3416; x_wconf 86' lang='lat' dir='ltr'><strong>agnosco</strong></span> <span class='ocrx_word' id='word_1_722' title='bbox 3233 3343 3469 3400; x_wconf 88' lang='lat' dir='ltr'><strong>Patrem.</strong></span> <span class='ocrx_word' id='word_1_723' title='bbox 3497 3364 3520 3394; x_wconf 73' lang='grc' dir='ltr'><strong>ιι</strong></span> 
     </span>
    </p>
   </div>
   <div class='ocr_carea' id='block_1_91' title="bbox 1933 3426 3528 3502">
    <p class='ocr_par' dir='ltr' id='par_1_91' title="bbox 1933 3426 3528 3502">
     <span class='ocr_line' id='line_1_91' title="bbox 1933 3426 3528 3502; baseline 0.004 -20"><span class='ocrx_word' id='word_1_724' title='bbox 1933 3426 2089 3498; x_wconf 92' lang='lat' dir='ltr'><strong>Quod</strong></span> <span class='ocrx_word' id='word_1_725' title='bbox 2120 3428 2287 3483; x_wconf 89' lang='lat' dir='ltr'><strong>Filius</strong></span> <span class='ocrx_word' id='word_1_726' title='bbox 2313 3429 2568 3500; x_wconf 85' lang='lat' dir='ltr'><strong>agnoscit</strong></span> <span class='ocrx_word' id='word_1_727' title='bbox 2599 3431 2813 3484; x_wconf 84' lang='lat' dir='ltr'><strong>Patrem</strong></span> <span class='ocrx_word' id='word_1_728' title='bbox 2845 3447 2944 3502; x_wconf 92' lang='lat' dir='ltr'><strong>per</strong></span> <span class='ocrx_word' id='word_1_729' title='bbox 2975 3447 3054 3497; x_wconf 89' lang='lat' dir='ltr'><strong>se,</strong></span> <span class='ocrx_word' id='word_1_730' title='bbox 3087 3441 3139 3487; x_wconf 89' lang='lat' dir='ltr'><strong>et</strong></span> <span class='ocrx_word' id='word_1_731' title='bbox 3169 3434 3342 3488; x_wconf 88' lang='lat' dir='ltr'><strong>Deum</strong></span> <span class='ocrx_word' id='word_1_732' title='bbox 3362 3448 3528 3489; x_wconf 90' lang='lat' dir='ltr'><strong>nemo</strong></span> 
     </span>
    </p>
   </div>
   <div class='ocr_carea' id='block_1_92' title="bbox 1931 3516 3526 3593">
    <p class='ocr_par' dir='ltr' id='par_1_92' title="bbox 1931 3516 3526 3593">
     <span class='ocr_line' id='line_1_92' title="bbox 1931 3516 3526 3593; baseline 0.004 -20"><span class='ocrx_word' id='word_1_733' title='bbox 1931 3517 2082 3573; x_wconf 87' lang='lat' dir='ltr'><strong>videt</strong></span> <span class='ocrx_word' id='word_1_734' title='bbox 2109 3516 2216 3572; x_wconf 91' lang='lat' dir='ltr'><strong>nisi</strong></span> <span class='ocrx_word' id='word_1_735' title='bbox 2256 3533 2355 3588; x_wconf 90' lang='lat' dir='ltr'><strong>per</strong></span> <span class='ocrx_word' id='word_1_736' title='bbox 2386 3517 2600 3584; x_wconf 90' lang='lat' dir='ltr'><strong>Filium,</strong></span> <span class='ocrx_word' id='word_1_737' title='bbox 2653 3518 2995 3576; x_wconf 80' lang='lat' dir='ltr'><strong>manifestum</strong></span> <span class='ocrx_word' id='word_1_738' title='bbox 3029 3529 3112 3576; x_wconf 90' lang='lat' dir='ltr'><strong>est</strong></span> <span class='ocrx_word' id='word_1_739' title='bbox 3140 3537 3207 3578; x_wconf 90' lang='lat' dir='ltr'><strong>ex</strong></span> <span class='ocrx_word' id='word_1_740' title='bbox 3236 3522 3342 3578; x_wconf 87' lang='lat' dir='ltr'><strong>hoc</strong></span> <span class='ocrx_word' id='word_1_741' title='bbox 3372 3522 3526 3593; x_wconf 37' lang='lat' dir='ltr'><strong>capis</strong></span> 
     </span>
    </p>
   </div>
   <div class='ocr_carea' id='block_1_93' title="bbox 1933 3606 2976 3679">
    <p class='ocr_par' dir='ltr' id='par_1_93' title="bbox 1933 3606 2976 3679">
     <span class='ocr_line' id='line_1_93' title="bbox 1933 3606 2976 3679; baseline 0.001 -18"><span class='ocrx_word' id='word_1_742' title='bbox 1933 3606 2046 3662; x_wconf 92' lang='lat' dir='ltr'><strong>tulo</strong></span> <span class='ocrx_word' id='word_1_743' title='bbox 2074 3613 2127 3662; x_wconf 87' lang='lat' dir='ltr'><strong>et</strong></span> <span class='ocrx_word' id='word_1_744' title='bbox 2156 3622 2221 3662; x_wconf 93' lang='lat' dir='ltr'><strong>ex</strong></span> <span class='ocrx_word' id='word_1_745' title='bbox 2251 3607 2366 3676; x_wconf 83' lang='lat' dir='ltr'><strong>ejus</strong></span> <span class='ocrx_word' id='word_1_746' title='bbox 2395 3606 2674 3663; x_wconf 83' lang='lat' dir='ltr'><strong>canonicis</strong></span> <span class='ocrx_word' id='word_1_747' title='bbox 2705 3608 2976 3679; x_wconf 88' lang='lat' dir='ltr'><strong>capitulis.</strong></span> 
     </span>
    </p>
   </div>
   <div class='ocr_carea' id='block_1_94' title="bbox 2008 3707 3525 3782">
    <p class='ocr_par' dir='ltr' id='par_1_94' title="bbox 2008 3707 3525 3782">
     <span class='ocr_line' id='line_1_94' title="bbox 2008 3707 3525 3782; baseline 0.005 -20"><span class='ocrx_word' id='word_1_748' title='bbox 2008 3731 2030 3759; x_wconf 76' lang='grc' dir='ltr'><strong>«ε</strong></span> <span class='ocrx_word' id='word_1_749' title='bbox 2065 3709 2132 3763; x_wconf 88' lang='lat' dir='ltr'><strong>Et</strong></span> <span class='ocrx_word' id='word_1_750' title='bbox 2161 3707 2403 3764; x_wconf 89' lang='lat' dir='ltr'><strong>animam</strong></span> <span class='ocrx_word' id='word_1_751' title='bbox 2436 3724 2614 3765; x_wconf 91' lang='lat' dir='ltr'><strong>meam</strong></span> <span class='ocrx_word' id='word_1_752' title='bbox 2637 3725 2780 3780; x_wconf 92' lang='lat' dir='ltr'><strong>pono</strong></span> <span class='ocrx_word' id='word_1_753' title='bbox 2812 3727 2913 3782; x_wconf 92' lang='lat' dir='ltr'><strong>pro</strong></span> <span class='ocrx_word' id='word_1_754' title='bbox 2941 3711 3135 3767; x_wconf 91' lang='lat' dir='ltr'><strong>ovibus</strong></span> <span class='ocrx_word' id='word_1_755' title='bbox 3157 3712 3314 3768; x_wconf 90' lang='lat' dir='ltr'><strong>meis.</strong></span> <span class='ocrx_word' id='word_1_756' title='bbox 3337 3733 3360 3762; x_wconf 76' lang='grc' dir='ltr'><strong>ι</strong></span> <span class='ocrx_word' id='word_1_757' title='bbox 3396 3714 3525 3771; x_wconf 81' lang='lat' dir='ltr'><strong>Haec</strong></span> 
     </span>
    </p>
   </div>
   <div class='ocr_carea' id='block_1_95' title="bbox 1933 3797 3524 3868">
    <p class='ocr_par' dir='ltr' id='par_1_95' title="bbox 1933 3797 3524 3868">
     <span class='ocr_line' id='line_1_95' title="bbox 1933 3797 3524 3868; baseline 0.004 -15"><span class='ocrx_word' id='word_1_758' title='bbox 1933 3805 2015 3853; x_wconf 90' lang='lat' dir='ltr'><strong>est</strong></span> <span class='ocrx_word' id='word_1_759' title='bbox 2043 3797 2286 3868; x_wconf 74' lang='lat' dir='ltr'><strong>probatio</strong></span> <span class='ocrx_word' id='word_1_760' title='bbox 2332 3798 2640 3854; x_wconf 90' lang='lat' dir='ltr'><strong>dilectionis</strong></span> <span class='ocrx_word' id='word_1_761' title='bbox 2685 3800 2756 3854; x_wconf 91' lang='lat' dir='ltr'><strong>ad</strong></span> <span class='ocrx_word' id='word_1_762' title='bbox 2805 3801 3026 3855; x_wconf 80' lang='lat' dir='ltr'><strong>Patrem</strong></span> <span class='ocrx_word' id='word_1_763' title='bbox 3056 3808 3109 3856; x_wconf 89' lang='lat' dir='ltr'><strong>et</strong></span> <span class='ocrx_word' id='word_1_764' title='bbox 3147 3801 3215 3856; x_wconf 87' lang='lat' dir='ltr'><strong>ad</strong></span> <span class='ocrx_word' id='word_1_765' title='bbox 3247 3816 3400 3859; x_wconf 88' lang='lat' dir='ltr'><strong>oves.</strong></span> <span class='ocrx_word' id='word_1_766' title='bbox 3431 3803 3524 3861; x_wconf 86' lang='lat' dir='ltr'><strong>Sic</strong></span> 
     </span>
    </p>
   </div>
   <div class='ocr_carea' id='block_1_96' title="bbox 1932 3886 3522 3962">
    <p class='ocr_par' dir='ltr' id='par_1_96' title="bbox 1932 3886 3522 3962">
     <span class='ocr_line' id='line_1_96' title="bbox 1932 3886 3522 3962; baseline 0.004 -19"><span class='ocrx_word' id='word_1_767' title='bbox 1932 3894 1986 3943; x_wconf 91' lang='lat' dir='ltr'><strong>et</strong></span> <span class='ocrx_word' id='word_1_768' title='bbox 2027 3887 2215 3942; x_wconf 84' lang='lat' dir='ltr'><strong>Petrus</strong></span> <span class='ocrx_word' id='word_1_769' title='bbox 2263 3887 2422 3942; x_wconf 89' lang='lat' dir='ltr'><strong>tertio</strong></span> <span class='ocrx_word' id='word_1_770' title='bbox 2452 3886 2720 3944; x_wconf 80' lang='lat' dir='ltr'><strong>confitens</strong></span> <span class='ocrx_word' id='word_1_771' title='bbox 2766 3903 3006 3944; x_wconf 88' lang='lat' dir='ltr'><strong>amorem</strong></span> <span class='ocrx_word' id='word_1_772' title='bbox 3043 3889 3265 3959; x_wconf 72' lang='lat' dir='ltr'><strong>iubetur</strong></span> <span class='ocrx_word' id='word_1_773' title='bbox 3292 3907 3522 3962; x_wconf 90' lang='lat' dir='ltr'><strong>pascere</strong></span> 
     </span>
    </p>
   </div>
   <div class='ocr_carea' id='block_1_97' title="bbox 1930 3983 3520 4057">
    <p class='ocr_par' dir='ltr' id='par_1_97' title="bbox 1930 3983 3520 4057">
     <span class='ocr_line' id='line_1_97' title="bbox 1930 3983 3520 4057; baseline 0.004 -19"><span class='ocrx_word' id='word_1_774' title='bbox 1930 3999 2085 4050; x_wconf 89' lang='lat' dir='ltr'><strong>oves,</strong></span> <span class='ocrx_word' id='word_1_775' title='bbox 2105 3991 2158 4040; x_wconf 93' lang='lat' dir='ltr'><strong>et</strong></span> <span class='ocrx_word' id='word_1_776' title='bbox 2175 3999 2276 4056; x_wconf 86' lang='lat' dir='ltr'><strong>pro</strong></span> <span class='ocrx_word' id='word_1_777' title='bbox 2295 3983 2375 4038; x_wconf 89' lang='lat' dir='ltr'><strong>eis</strong></span> <span class='ocrx_word' id='word_1_778' title='bbox 2401 3984 2557 4040; x_wconf 92' lang='lat' dir='ltr'><strong>mori.</strong></span> <span class='ocrx_word' id='word_1_779' title='bbox 2580 3984 2805 4053; x_wconf 90' lang='lat' dir='ltr'><strong>Tenete,</strong></span> <span class='ocrx_word' id='word_1_780' title='bbox 2845 3985 2975 4057; x_wconf 89' lang='lat' dir='ltr'><strong>quia</strong></span> <span class='ocrx_word' id='word_1_781' title='bbox 3016 3986 3262 4044; x_wconf 89' lang='lat' dir='ltr'><strong>Christus</strong></span> <span class='ocrx_word' id='word_1_782' title='bbox 3286 3996 3369 4044; x_wconf 89' lang='lat' dir='ltr'><strong>est</strong></span> <span class='ocrx_word' id='word_1_783' title='bbox 3389 4005 3520 4045; x_wconf 89' lang='lat' dir='ltr'><strong>ver-</strong></span> 
     </span>
    </p>
   </div>
   <div class='ocr_carea' id='block_1_98' title="bbox 1929 4071 3517 4148">
    <p class='ocr_par' dir='ltr' id='par_1_98' title="bbox 1929 4071 3517 4148">
     <span class='ocr_line' id='line_1_98' title="bbox 1929 4071 3517 4148; baseline 0.004 -22"><span class='ocrx_word' id='word_1_784' title='bbox 1929 4071 2078 4140; x_wconf 89' lang='lat' dir='ltr'><strong>bum,</strong></span> <span class='ocrx_word' id='word_1_785' title='bbox 2111 4073 2312 4142; x_wconf 89' lang='lat' dir='ltr'><strong>anima,</strong></span> <span class='ocrx_word' id='word_1_786' title='bbox 2343 4087 2494 4129; x_wconf 90' lang='lat' dir='ltr'><strong>caro.</strong></span> <span class='ocrx_word' id='word_1_787' title='bbox 2528 4074 2650 4128; x_wconf 91' lang='lat' dir='ltr'><strong>Non</strong></span> <span class='ocrx_word' id='word_1_788' title='bbox 2679 4073 2971 4130; x_wconf 87' lang='lat' dir='ltr'><strong>defuerunt</strong></span> <span class='ocrx_word' id='word_1_789' title='bbox 2997 4075 3240 4132; x_wconf 74' lang='lat' dir='ltr'><strong>haeretici</strong></span> <span class='ocrx_word' id='word_1_790' title='bbox 3266 4078 3517 4148; x_wconf 55' lang='lat' dir='ltr'><strong>Appollia</strong></span> 
     </span>
    </p>
   </div>
   <div class='ocr_carea' id='block_1_99' title="bbox 1929 4161 3518 4238">
    <p class='ocr_par' dir='ltr' id='par_1_99' title="bbox 1929 4161 3518 4238">
     <span class='ocr_line' id='line_1_99' title="bbox 1929 4161 3518 4238; baseline 0.004 -22"><span class='ocrx_word' id='word_1_791' title='bbox 1929 4161 2152 4217; x_wconf 78' lang='lat' dir='ltr'><strong>naristae</strong></span> <span class='ocrx_word' id='word_1_792' title='bbox 2179 4161 2326 4232; x_wconf 85' lang='lat' dir='ltr'><strong>dicti,</strong></span> <span class='ocrx_word' id='word_1_793' title='bbox 2357 4161 2450 4234; x_wconf 89' lang='lat' dir='ltr'><strong>qui</strong></span> <span class='ocrx_word' id='word_1_794' title='bbox 2477 4161 2601 4216; x_wconf 89' lang='lat' dir='ltr'><strong>ausi</strong></span> <span class='ocrx_word' id='word_1_795' title='bbox 2631 4171 2752 4218; x_wconf 87' lang='lat' dir='ltr'><strong>sunt</strong></span> <span class='ocrx_word' id='word_1_796' title='bbox 2781 4163 3154 4235; x_wconf 72' lang='lat' dir='ltr'><strong>dogmatizare</strong></span> <span class='ocrx_word' id='word_1_797' title='bbox 3185 4166 3332 4238; x_wconf 91' lang='lat' dir='ltr'><strong>quod</strong></span> <span class='ocrx_word' id='word_1_798' title='bbox 3363 4165 3518 4222; x_wconf 84' lang='lat' dir='ltr'><strong>Chri-</strong></span> 
     </span>
    </p>
   </div>
   <div class='ocr_carea' id='block_1_100' title="bbox 1926 4250 3404 4320">
    <p class='ocr_par' dir='ltr' id='par_1_100' title="bbox 1926 4250 3404 4320">
     <span class='ocr_line' id='line_1_100' title="bbox 1926 4250 3404 4320; baseline 0.003 -14"><span class='ocrx_word' id='word_1_799' title='bbox 1926 4259 2040 4306; x_wconf 85' lang='lat' dir='ltr'><strong>stus</strong></span> <span class='ocrx_word' id='word_1_800' title='bbox 2069 4265 2176 4307; x_wconf 91' lang='lat' dir='ltr'><strong>non</strong></span> <span class='ocrx_word' id='word_1_801' title='bbox 2207 4257 2350 4306; x_wconf 89' lang='lat' dir='ltr'><strong>esset</strong></span> <span class='ocrx_word' id='word_1_802' title='bbox 2379 4250 2483 4305; x_wconf 89' lang='lat' dir='ltr'><strong>nisi</strong></span> <span class='ocrx_word' id='word_1_803' title='bbox 2520 4250 2775 4320; x_wconf 84' lang='lat' dir='ltr'><strong>Verbum,</strong></span> <span class='ocrx_word' id='word_1_804' title='bbox 2809 4260 2863 4308; x_wconf 93' lang='lat' dir='ltr'><strong>et</strong></span> <span class='ocrx_word' id='word_1_805' title='bbox 2890 4268 3021 4310; x_wconf 88' lang='lat' dir='ltr'><strong>caro</strong></span> <span class='ocrx_word' id='word_1_806' title='bbox 3052 4253 3178 4310; x_wconf 88' lang='lat' dir='ltr'><strong>sine</strong></span> <span class='ocrx_word' id='word_1_807' title='bbox 3207 4254 3404 4311; x_wconf 89' lang='lat' dir='ltr'><strong>anima.</strong></span> 
     </span>
    </p>
   </div>
   <div class='ocr_carea' id='block_1_101' title="bbox 2002 4365 3517 4444">
    <p class='ocr_par' dir='ltr' id='par_1_101' title="bbox 2002 4365 3517 4444">
     <span class='ocr_line' id='line_1_101' title="bbox 2002 4365 3517 4444; baseline 0.007 -26"><span class='ocrx_word' id='word_1_808' title='bbox 2002 4385 2027 4418; x_wconf 76' lang='grc' dir='ltr'><strong>ι</strong></span> <span class='ocrx_word' id='word_1_809' title='bbox 2059 4365 2130 4420; x_wconf 87' lang='lat' dir='ltr'><strong>Et</strong></span> <span class='ocrx_word' id='word_1_810' title='bbox 2154 4365 2290 4421; x_wconf 87' lang='lat' dir='ltr'><strong>alias</strong></span> <span class='ocrx_word' id='word_1_811' title='bbox 2317 4381 2451 4422; x_wconf 85' lang='lat' dir='ltr'><strong>oves</strong></span> <span class='ocrx_word' id='word_1_812' title='bbox 2474 4365 2652 4423; x_wconf 87' lang='lat' dir='ltr'><strong>habeo</strong></span> <span class='ocrx_word' id='word_1_813' title='bbox 2681 4382 2806 4438; x_wconf 71' lang='lat' dir='ltr'><strong>quae</strong></span> <span class='ocrx_word' id='word_1_814' title='bbox 2833 4383 2944 4425; x_wconf 89' lang='lat' dir='ltr'><strong>non</strong></span> <span class='ocrx_word' id='word_1_815' title='bbox 2973 4377 3099 4426; x_wconf 87' lang='lat' dir='ltr'><strong>sunt</strong></span> <span class='ocrx_word' id='word_1_816' title='bbox 3140 4386 3206 4426; x_wconf 81' lang='lat' dir='ltr'><strong>ex</strong></span> <span class='ocrx_word' id='word_1_817' title='bbox 3234 4371 3338 4428; x_wconf 89' lang='lat' dir='ltr'><strong>hoc</strong></span> <span class='ocrx_word' id='word_1_818' title='bbox 3367 4371 3517 4444; x_wconf 87' lang='lat' dir='ltr'><strong>ovili,</strong></span> 
     </span>
    </p>
   </div>
   <div class='ocr_carea' id='block_1_102' title="bbox 1929 4453 3520 4526">
    <p class='ocr_par' dir='ltr' id='par_1_102' title="bbox 1929 4453 3520 4526">
     <span class='ocr_line' id='line_1_102' title="bbox 1929 4453 3520 4526; baseline 0.004 -15"><span class='ocrx_word' id='word_1_819' title='bbox 1929 4460 1981 4511; x_wconf 91' lang='lat' dir='ltr'><strong>et</strong></span> <span class='ocrx_word' id='word_1_820' title='bbox 2003 4453 2124 4510; x_wconf 88' lang='lat' dir='ltr'><strong>illas</strong></span> <span class='ocrx_word' id='word_1_821' title='bbox 2149 4461 2365 4526; x_wconf 89' lang='lat' dir='ltr'><strong>oportet</strong></span> <span class='ocrx_word' id='word_1_822' title='bbox 2410 4471 2496 4511; x_wconf 90' lang='lat' dir='ltr'><strong>me</strong></span> <span class='ocrx_word' id='word_1_823' title='bbox 2552 4455 2847 4525; x_wconf 90' lang='lat' dir='ltr'><strong>adducere,</strong></span> <span class='ocrx_word' id='word_1_824' title='bbox 2897 4465 2953 4514; x_wconf 92' lang='lat' dir='ltr'><strong>et</strong></span> <span class='ocrx_word' id='word_1_825' title='bbox 2990 4475 3180 4516; x_wconf 89' lang='lat' dir='ltr'><strong>vocem</strong></span> <span class='ocrx_word' id='word_1_826' title='bbox 3209 4475 3391 4518; x_wconf 84' lang='lat' dir='ltr'><strong>meam</strong></span> <span class='ocrx_word' id='word_1_827' title='bbox 3417 4477 3520 4518; x_wconf 85' lang='lat' dir='ltr'><strong>au-</strong></span> 
     </span>
    </p>
   </div>
   <div class='ocr_carea' id='block_1_103' title="bbox 1841 4542 3516 4636">
    <p class='ocr_par' dir='ltr' id='par_1_103' title="bbox 1841 4542 3516 4636">
     <span class='ocr_line' id='line_1_103' title="bbox 1841 4542 3516 4636; baseline 0.005 -38"><span class='ocrx_word' id='word_1_828' title='bbox 1841 4572 1895 4636; x_wconf 85' lang='lat' dir='ltr'><strong>D</strong></span> <span class='ocrx_word' id='word_1_829' title='bbox 1925 4543 2094 4613; x_wconf 91' lang='lat' dir='ltr'><strong>dieut,</strong></span> <span class='ocrx_word' id='word_1_830' title='bbox 2127 4550 2182 4599; x_wconf 91' lang='lat' dir='ltr'><strong>et</strong></span> <span class='ocrx_word' id='word_1_831' title='bbox 2210 4542 2300 4599; x_wconf 83' lang='lat' dir='ltr'><strong>fiet</strong></span> <span class='ocrx_word' id='word_1_832' title='bbox 2324 4560 2491 4599; x_wconf 89' lang='lat' dir='ltr'><strong>unum</strong></span> <span class='ocrx_word' id='word_1_833' title='bbox 2533 4544 2676 4601; x_wconf 90' lang='lat' dir='ltr'><strong>ovile</strong></span> <span class='ocrx_word' id='word_1_834' title='bbox 2732 4553 2787 4602; x_wconf 89' lang='lat' dir='ltr'><strong>et</strong></span> <span class='ocrx_word' id='word_1_835' title='bbox 2838 4562 2976 4602; x_wconf 89' lang='lat' dir='ltr'><strong>unus</strong></span> <span class='ocrx_word' id='word_1_836' title='bbox 3019 4556 3235 4619; x_wconf 90' lang='lat' dir='ltr'><strong>pastor.</strong></span> <span class='ocrx_word' id='word_1_837' title='bbox 3277 4572 3300 4600; x_wconf 73' lang='grc' dir='ltr'><strong><em>υ</em></strong></span> <span class='ocrx_word' id='word_1_838' title='bbox 3335 4551 3516 4607; x_wconf 90' lang='lat' dir='ltr'><strong>Unum</strong></span> 
     </span>
    </p>
   </div>
   <div class='ocr_carea' id='block_1_104' title="bbox 1919 4639 3517 4717">
    <p class='ocr_par' dir='ltr' id='par_1_104' title="bbox 1919 4639 3517 4717">
     <span class='ocr_line' id='line_1_104' title="bbox 1919 4639 3517 4717; baseline 0.004 -19"><span class='ocrx_word' id='word_1_839' title='bbox 1919 4639 2062 4698; x_wconf 91' lang='lat' dir='ltr'><strong>ovile</strong></span> <span class='ocrx_word' id='word_1_840' title='bbox 2091 4647 2174 4696; x_wconf 92' lang='lat' dir='ltr'><strong>est</strong></span> <span class='ocrx_word' id='word_1_841' title='bbox 2192 4641 2370 4696; x_wconf 87' lang='lat' dir='ltr'><strong>unitas</strong></span> <span class='ocrx_word' id='word_1_842' title='bbox 2398 4641 2454 4696; x_wconf 93' lang='lat' dir='ltr'><strong>in</strong></span> <span class='ocrx_word' id='word_1_843' title='bbox 2483 4641 2725 4698; x_wconf 89' lang='lat' dir='ltr'><strong>Christo.</strong></span> <span class='ocrx_word' id='word_1_844' title='bbox 2756 4643 2918 4700; x_wconf 90' lang='lat' dir='ltr'><strong>Unde</strong></span> <span class='ocrx_word' id='word_1_845' title='bbox 2945 4645 3144 4700; x_wconf 83' lang='lat' dir='ltr'><strong>Paulus</strong></span> <span class='ocrx_word' id='word_1_846' title='bbox 3176 4663 3188 4700; x_wconf 89' lang='lat'>:</span> <span class='ocrx_word' id='word_1_847' title='bbox 3227 4668 3250 4695; x_wconf 76' lang='grc' dir='ltr'><strong><em>α</em></strong></span> <span class='ocrx_word' id='word_1_848' title='bbox 3285 4645 3410 4717; x_wconf 86' lang='lat' dir='ltr'><strong>Ipse</strong></span> <span class='ocrx_word' id='word_1_849' title='bbox 3431 4654 3517 4704; x_wconf 88' lang='lat' dir='ltr'><strong>est</strong></span> 
     </span>
    </p>
   </div>
   <div class='ocr_carea' id='block_1_105' title="bbox 1919 4729 3508 4806">
    <p class='ocr_par' dir='ltr' id='par_1_105' title="bbox 1919 4729 3508 4806">
     <span class='ocr_line' id='line_1_105' title="bbox 1919 4729 3508 4806; baseline 0.001 -20"><span class='ocrx_word' id='word_1_850' title='bbox 1919 4745 2024 4801; x_wconf 86' lang='lat' dir='ltr'><strong>pax</strong></span> <span class='ocrx_word' id='word_1_851' title='bbox 2055 4733 2262 4797; x_wconf 89' lang='lat' dir='ltr'><strong>nostra,</strong></span> <span class='ocrx_word' id='word_1_852' title='bbox 2313 4730 2406 4801; x_wconf 90' lang='lat' dir='ltr'><strong>qui</strong></span> <span class='ocrx_word' id='word_1_853' title='bbox 2439 4729 2566 4786; x_wconf 88' lang='lat' dir='ltr'><strong>fecit</strong></span> <span class='ocrx_word' id='word_1_854' title='bbox 2611 4738 2843 4804; x_wconf 89' lang='lat' dir='ltr'><strong>utraque</strong></span> <span class='ocrx_word' id='word_1_855' title='bbox 2889 4749 3059 4788; x_wconf 91' lang='lat' dir='ltr'><strong>unum</strong></span> <span class='ocrx_word' id='word_1_856' title='bbox 3097 4733 3318 4805; x_wconf 72' lang='lat' dir='ltr'><strong>(Ephes.</strong></span> <span class='ocrx_word' id='word_1_857' title='bbox 3353 4737 3442 4806; x_wconf 72' lang='grc' dir='ltr'>ιι).</span> <span class='ocrx_word' id='word_1_858' title='bbox 3485 4757 3508 4786; x_wconf 77' lang='grc' dir='ltr'>ιο</span> 
     </span>
    </p>
   </div>
   <div class='ocr_carea' id='block_1_106' title="bbox 1917 4818 3510 4893">
    <p class='ocr_par' dir='ltr' id='par_1_106' title="bbox 1917 4818 3510 4893">
     <span class='ocr_line' id='line_1_106' title="bbox 1917 4818 3510 4893; baseline 0.004 -19"><span class='ocrx_word' id='word_1_859' title='bbox 1917 4819 1997 4874; x_wconf 84' lang='lat' dir='ltr'><strong>Ex</strong></span> <span class='ocrx_word' id='word_1_860' title='bbox 2028 4818 2134 4876; x_wconf 89' lang='lat' dir='ltr'><strong>hoc</strong></span> <span class='ocrx_word' id='word_1_861' title='bbox 2170 4818 2300 4875; x_wconf 89' lang='lat' dir='ltr'><strong>ovili</strong></span> <span class='ocrx_word' id='word_1_862' title='bbox 2343 4819 2545 4874; x_wconf 91' lang='lat' dir='ltr'><strong>dictum</strong></span> <span class='ocrx_word' id='word_1_863' title='bbox 2577 4827 2663 4875; x_wconf 89' lang='lat' dir='ltr'><strong>est</strong></span> <span class='ocrx_word' id='word_1_864' title='bbox 2692 4821 2762 4877; x_wconf 83' lang='lat' dir='ltr'><strong>de</strong></span> <span class='ocrx_word' id='word_1_865' title='bbox 2809 4820 2919 4876; x_wconf 91' lang='lat' dir='ltr'><strong>illis</strong></span> <span class='ocrx_word' id='word_1_866' title='bbox 2949 4821 3043 4893; x_wconf 91' lang='lat' dir='ltr'><strong>qui</strong></span> <span class='ocrx_word' id='word_1_867' title='bbox 3074 4822 3333 4878; x_wconf 86' lang='lat' dir='ltr'><strong>salvandi</strong></span> <span class='ocrx_word' id='word_1_868' title='bbox 3357 4833 3510 4880; x_wconf 89' lang='lat' dir='ltr'><strong>erant</strong></span> 
     </span>
    </p>
   </div>
   <div class='ocr_carea' id='block_1_107' title="bbox 1920 4902 3512 4976">
    <p class='ocr_par' dir='ltr' id='par_1_107' title="bbox 1920 4902 3512 4976">
     <span class='ocr_line' id='line_1_107' title="bbox 1920 4902 3512 4976; baseline 0.003 -16"><span class='ocrx_word' id='word_1_869' title='bbox 1920 4902 1976 4960; x_wconf 89' lang='lat' dir='ltr'><strong>in</strong></span> <span class='ocrx_word' id='word_1_870' title='bbox 2015 4902 2206 4972; x_wconf 89' lang='lat' dir='ltr'><strong>Israel,</strong></span> <span class='ocrx_word' id='word_1_871' title='bbox 2254 4904 2323 4960; x_wconf 91' lang='lat' dir='ltr'><strong>de</strong></span> <span class='ocrx_word' id='word_1_872' title='bbox 2371 4904 2566 4976; x_wconf 86' lang='lat' dir='ltr'><strong>quibus</strong></span> <span class='ocrx_word' id='word_1_873' title='bbox 2614 4905 2885 4960; x_wconf 86' lang='lat' dir='ltr'><strong>Dominus</strong></span> <span class='ocrx_word' id='word_1_874' title='bbox 2941 4906 3122 4962; x_wconf 88' lang='lat' dir='ltr'><strong>dixit:</strong></span> <span class='ocrx_word' id='word_1_875' title='bbox 3162 4928 3184 4960; x_wconf 74' lang='grc' dir='ltr'><strong>ι</strong></span> <span class='ocrx_word' id='word_1_876' title='bbox 3217 4908 3342 4964; x_wconf 86' lang='grc' dir='ltr'>Νοιι</span> <span class='ocrx_word' id='word_1_877' title='bbox 3389 4926 3512 4966; x_wconf 88' lang='lat' dir='ltr'><strong>sum</strong></span> 
     </span>
    </p>
   </div>
   <div class='ocr_carea' id='block_1_108' title="bbox 1919 5001 3513 5074">
    <p class='ocr_par' dir='ltr' id='par_1_108' title="bbox 1919 5001 3513 5074">
     <span class='ocr_line' id='line_1_108' title="bbox 1919 5001 3513 5074; baseline 0.004 -18"><span class='ocrx_word' id='word_1_878' title='bbox 1919 5001 2119 5057; x_wconf 90' lang='lat' dir='ltr'><strong>missus</strong></span> <span class='ocrx_word' id='word_1_879' title='bbox 2149 5001 2253 5057; x_wconf 89' lang='lat' dir='ltr'><strong>nisi</strong></span> <span class='ocrx_word' id='word_1_880' title='bbox 2292 5001 2362 5057; x_wconf 91' lang='lat' dir='ltr'><strong>ad</strong></span> <span class='ocrx_word' id='word_1_881' title='bbox 2421 5018 2554 5060; x_wconf 89' lang='lat' dir='ltr'><strong>oves</strong></span> <span class='ocrx_word' id='word_1_882' title='bbox 2609 5019 2728 5074; x_wconf 75' lang='lat' dir='ltr'><strong>quae</strong></span> <span class='ocrx_word' id='word_1_883' title='bbox 2766 5003 3044 5073; x_wconf 91' lang='lat' dir='ltr'><strong>perierunt</strong></span> <span class='ocrx_word' id='word_1_884' title='bbox 3095 5004 3289 5062; x_wconf 92' lang='lat' dir='ltr'><strong>domus</strong></span> <span class='ocrx_word' id='word_1_885' title='bbox 3344 5007 3513 5063; x_wconf 84' lang='lat' dir='ltr'><strong>Israel</strong></span> 
     </span>
    </p>
   </div>
   <div class='ocr_carea' id='block_1_109' title="bbox 1919 5090 3512 5164">
    <p class='ocr_par' dir='ltr' id='par_1_109' title="bbox 1919 5090 3512 5164">
     <span class='ocr_line' id='line_1_109' title="bbox 1919 5090 3512 5164; baseline 0.003 -18"><span class='ocrx_word' id='word_1_886' title='bbox 1919 5090 2140 5162; x_wconf 82' lang='lat' dir='ltr'><strong>(Matth.</strong></span> <span class='ocrx_word' id='word_1_887' title='bbox 2174 5091 2288 5161; x_wconf 90' lang='lat' dir='ltr'><strong>xv).</strong></span> <span class='ocrx_word' id='word_1_888' title='bbox 2326 5111 2348 5141; x_wconf 75' lang='grc' dir='ltr'><strong>ι</strong></span> <span class='ocrx_word' id='word_1_889' title='bbox 2385 5091 2499 5146; x_wconf 87' lang='lat' dir='ltr'><strong>Hoc</strong></span> <span class='ocrx_word' id='word_1_890' title='bbox 2526 5090 2650 5146; x_wconf 91' lang='lat' dir='ltr'><strong>ideo</strong></span> <span class='ocrx_word' id='word_1_891' title='bbox 2680 5091 2832 5158; x_wconf 90' lang='lat' dir='ltr'><strong>dixit,</strong></span> <span class='ocrx_word' id='word_1_892' title='bbox 2866 5092 2993 5164; x_wconf 89' lang='lat' dir='ltr'><strong>quia</strong></span> <span class='ocrx_word' id='word_1_893' title='bbox 3008 5094 3351 5164; x_wconf 65' lang='lat' dir='ltr'><strong>praesentiam</strong></span> <span class='ocrx_word' id='word_1_894' title='bbox 3383 5111 3512 5152; x_wconf 92' lang='lat' dir='ltr'><strong>cor-</strong></span> 
     </span>
    </p>
   </div>
   <div class='ocr_carea' id='block_1_110' title="bbox 1918 5179 3516 5257">
    <p class='ocr_par' dir='ltr' id='par_1_110' title="bbox 1918 5179 3516 5257">
     <span class='ocr_line' id='line_1_110' title="bbox 1918 5179 3516 5257; baseline 0.005 -24"><span class='ocrx_word' id='word_1_895' title='bbox 1918 5180 2160 5252; x_wconf 89' lang='lat' dir='ltr'><strong>poralem</strong></span> <span class='ocrx_word' id='word_1_896' title='bbox 2190 5195 2299 5235; x_wconf 92' lang='lat' dir='ltr'><strong>non</strong></span> <span class='ocrx_word' id='word_1_897' title='bbox 2329 5179 2590 5251; x_wconf 81' lang='lat' dir='ltr'><strong>exhibuit,</strong></span> <span class='ocrx_word' id='word_1_898' title='bbox 2649 5179 2757 5236; x_wconf 90' lang='lat' dir='ltr'><strong>nisi</strong></span> <span class='ocrx_word' id='word_1_899' title='bbox 2810 5181 3014 5252; x_wconf 91' lang='lat' dir='ltr'><strong>populo</strong></span> <span class='ocrx_word' id='word_1_900' title='bbox 3045 5182 3159 5250; x_wconf 88' lang='lat' dir='ltr'><strong>illi;</strong></span> <span class='ocrx_word' id='word_1_901' title='bbox 3203 5182 3274 5239; x_wconf 90' lang='lat' dir='ltr'><strong>ad</strong></span> <span class='ocrx_word' id='word_1_902' title='bbox 3317 5193 3516 5257; x_wconf 87' lang='lat' dir='ltr'><strong>gentes</strong></span> 
     </span>
    </p>
   </div>
   <div class='ocr_carea' id='block_1_111' title="bbox 1920 5264 3518 5348">
    <p class='ocr_par' dir='ltr' id='par_1_111' title="bbox 1920 5264 3518 5348">
     <span class='ocr_line' id='line_1_111' title="bbox 1920 5264 3518 5348; baseline 0.004 -24"><span class='ocrx_word' id='word_1_903' title='bbox 1920 5268 2065 5324; x_wconf 89' lang='lat' dir='ltr'><strong>enim</strong></span> <span class='ocrx_word' id='word_1_904' title='bbox 2102 5284 2210 5324; x_wconf 91' lang='lat' dir='ltr'><strong>non</strong></span> <span class='ocrx_word' id='word_1_905' title='bbox 2240 5268 2495 5340; x_wconf 84' lang='lat' dir='ltr'><strong>perrexit,</strong></span> <span class='ocrx_word' id='word_1_906' title='bbox 2551 5268 2649 5328; x_wconf 90' lang='lat' dir='ltr'><strong>sed</strong></span> <span class='ocrx_word' id='word_1_907' title='bbox 2697 5269 2844 5325; x_wconf 88' lang='lat' dir='ltr'><strong>misit</strong></span> <span class='ocrx_word' id='word_1_908' title='bbox 2884 5264 3013 5328; x_wconf 88' lang='lat' dir='ltr'><strong>suos</strong></span> <span class='ocrx_word' id='word_1_909' title='bbox 3060 5271 3120 5328; x_wconf 91' lang='lat' dir='ltr'><strong>in</strong></span> <span class='ocrx_word' id='word_1_910' title='bbox 3171 5273 3366 5345; x_wconf 91' lang='lat' dir='ltr'><strong>quibus</strong></span> <span class='ocrx_word' id='word_1_911' title='bbox 3395 5274 3518 5348; x_wconf 90' lang='lat' dir='ltr'><strong>ipse</strong></span> 
     </span>
    </p>
   </div>
   <div class='ocr_carea' id='block_1_112' title="bbox 1920 5355 2280 5416">
    <p class='ocr_par' dir='ltr' id='par_1_112' title="bbox 1920 5355 2280 5416">
     <span class='ocr_line' id='line_1_112' title="bbox 1920 5355 2280 5416; baseline 0.006 -3"><span class='ocrx_word' id='word_1_912' title='bbox 1920 5355 2138 5416; x_wconf 87' lang='lat' dir='ltr'><strong>locutus</strong></span> <span class='ocrx_word' id='word_1_913' title='bbox 2167 5361 2280 5415; x_wconf 87' lang='lat' dir='ltr'><strong>est.</strong></span> 
     </span>
    </p>
   </div>
   <div class='ocr_carea' id='block_1_113' title="bbox 1921 5481 3516 5548">
    <p class='ocr_par' dir='ltr' id='par_1_113' title="bbox 1921 5481 3516 5548">
     <span class='ocr_line' id='line_1_113' title="bbox 1921 5481 3516 5548; baseline 0.005 -8"><span class='ocrx_word' id='word_1_914' title='bbox 1921 5482 2157 5541; x_wconf 77' lang='lat' dir='ltr'><strong>SERMO</strong></span> <span class='ocrx_word' id='word_1_915' title='bbox 2219 5481 2320 5541; x_wconf 89' lang='lat' dir='ltr'><strong>DE</strong></span> <span class='ocrx_word' id='word_1_916' title='bbox 2388 5481 2823 5542; x_wconf 81' lang='lat' dir='ltr'><strong>PASTORIBUS</strong></span> <span class='ocrx_word' id='word_1_917' title='bbox 2887 5484 2979 5541; x_wconf 88' lang='lat' dir='ltr'><strong>ET</strong></span> <span class='ocrx_word' id='word_1_918' title='bbox 3032 5485 3516 5548; x_wconf 83' lang='lat' dir='ltr'><strong>MERCENARIIS</strong></span> 
     </span>
    </p>
   </div>
   <div class='ocr_carea' id='block_1_114' title="bbox 2380 5580 3042 5651">
    <p class='ocr_par' dir='ltr' id='par_1_114' title="bbox 2380 5580 3042 5651">
     <span class='ocr_line' id='line_1_114' title="bbox 2380 5580 3042 5651; baseline 0.003 -15"><span class='ocrx_word' id='word_1_919' title='bbox 2380 5580 2614 5651; x_wconf 82' lang='lat' dir='ltr'><strong>ATQUE</strong></span> <span class='ocrx_word' id='word_1_920' title='bbox 2652 5582 3042 5641; x_wconf 86' lang='lat' dir='ltr'><strong>SUBJECTIS.</strong></span> 
     </span>
    </p>
   </div>
   <div class='ocr_carea' id='block_1_115' title="bbox 1995 5686 3522 5765">
    <p class='ocr_par' dir='ltr' id='par_1_115' title="bbox 1995 5686 3522 5765">
     <span class='ocr_line' id='line_1_115' title="bbox 1995 5686 3522 5765; baseline 0.007 -23"><span class='ocrx_word' id='word_1_921' title='bbox 1995 5709 2020 5739; x_wconf 70' lang='grc' dir='ltr'><strong>α</strong></span> <span class='ocrx_word' id='word_1_922' title='bbox 2055 5687 2243 5744; x_wconf 85' lang='lat' dir='ltr'><strong>Pastor</strong></span> <span class='ocrx_word' id='word_1_923' title='bbox 2283 5686 2463 5744; x_wconf 88' lang='lat' dir='ltr'><strong>bonus</strong></span> <span class='ocrx_word' id='word_1_924' title='bbox 2511 5687 2757 5744; x_wconf 87' lang='lat' dir='ltr'><strong>animam</strong></span> <span class='ocrx_word' id='word_1_925' title='bbox 2804 5705 2960 5745; x_wconf 89' lang='lat' dir='ltr'><strong>suam</strong></span> <span class='ocrx_word' id='word_1_926' title='bbox 2990 5690 3148 5762; x_wconf 91' lang='lat' dir='ltr'><strong>ponit</strong></span> <span class='ocrx_word' id='word_1_927' title='bbox 3197 5707 3298 5765; x_wconf 90' lang='lat' dir='ltr'><strong>pro</strong></span> <span class='ocrx_word' id='word_1_928' title='bbox 3327 5693 3522 5752; x_wconf 84' lang='lat' dir='ltr'><strong>ovibus</strong></span> 
     </span>
    </p>
   </div>
   <div class='ocr_carea' id='block_1_116' title="bbox 1920 5775 3523 5854">
    <p class='ocr_par' dir='ltr' id='par_1_116' title="bbox 1920 5775 3523 5854">
     <span class='ocr_line' id='line_1_116' title="bbox 1920 5775 3523 5854; baseline 0.005 -21"><span class='ocrx_word' id='word_1_929' title='bbox 1920 5775 2036 5834; x_wconf 89' lang='lat' dir='ltr'><strong>suis</strong></span> <span class='ocrx_word' id='word_1_930' title='bbox 2065 5779 2250 5848; x_wconf 82' lang='lat' dir='ltr'><strong>(Joan.</strong></span> <span class='ocrx_word' id='word_1_931' title='bbox 2281 5785 2366 5848; x_wconf 73' lang='grc' dir='ltr'><strong>ι).</strong></span> <span class='ocrx_word' id='word_1_932' title='bbox 2403 5799 2425 5827; x_wconf 77' lang='grc' dir='ltr'><strong>υ</strong></span> <span class='ocrx_word' id='word_1_933' title='bbox 2461 5776 2613 5834; x_wconf 91' lang='lat' dir='ltr'><strong>Sicut</strong></span> <span class='ocrx_word' id='word_1_934' title='bbox 2658 5778 2949 5851; x_wconf 82' lang='lat' dir='ltr'><strong>pervigilat</strong></span> <span class='ocrx_word' id='word_1_935' title='bbox 2994 5788 3186 5852; x_wconf 87' lang='lat' dir='ltr'><strong>pastor</strong></span> <span class='ocrx_word' id='word_1_936' title='bbox 3213 5781 3305 5854; x_wconf 85' lang='lat' dir='ltr'><strong>qui</strong></span> <span class='ocrx_word' id='word_1_937' title='bbox 3329 5791 3523 5842; x_wconf 90' lang='lat' dir='ltr'><strong>contra</strong></span> 
     </span>
    </p>
   </div>
   <div class='ocr_carea' id='block_1_117' title="bbox 1919 5862 3532 5939">
    <p class='ocr_par' dir='ltr' id='par_1_117' title="bbox 1919 5862 3532 5939">
     <span class='ocr_line' id='line_1_117' title="bbox 1919 5862 3532 5939; baseline 0.007 -17"><span class='ocrx_word' id='word_1_938' title='bbox 1919 5862 2128 5924; x_wconf 85' lang='lat' dir='ltr'><strong>bestias</strong></span> <span class='ocrx_word' id='word_1_939' title='bbox 2157 5880 2291 5925; x_wconf 87' lang='lat' dir='ltr'><strong>oves</strong></span> <span class='ocrx_word' id='word_1_940' title='bbox 2317 5865 2596 5926; x_wconf 87' lang='lat' dir='ltr'><strong>custodire</strong></span> <span class='ocrx_word' id='word_1_941' title='bbox 2625 5865 2787 5939; x_wconf 87' lang='lat' dir='ltr'><strong>solet,</strong></span> <span class='ocrx_word' id='word_1_942' title='bbox 2819 5865 2894 5924; x_wconf 89' lang='lat' dir='ltr'><strong>ita</strong></span> <span class='ocrx_word' id='word_1_943' title='bbox 2923 5875 2976 5926; x_wconf 90' lang='lat' dir='ltr'><strong>et</strong></span> <span class='ocrx_word' id='word_1_944' title='bbox 3003 5868 3105 5927; x_wconf 89' lang='lat' dir='ltr'><strong>Dei</strong></span> <span class='ocrx_word' id='word_1_945' title='bbox 3133 5868 3396 5931; x_wconf 86' lang='lat' dir='ltr'><strong>sacerdos</strong></span> <span class='ocrx_word' id='word_1_946' title='bbox 3423 5887 3532 5934; x_wconf 53' lang='lat' dir='ltr'><strong>sud.</strong></span> 
     </span>
    </p>
   </div>
  </div>
