3924 6402
425 421 526 475 943

1584 410 1927 467 WERNERI
1969 369 2259 469 Assius
2300 414 2355 469 s.
2402 412 2625 468 BLASll
2720 364 2721 367 γ

3634 411 3740 477 9H

432 558 531 614 pra
550 555 781 614 gregem
812 536 1018 596 Christi
1044 535 1309 595 sollicitus
1353 552 1480 593 esse
1517 535 1700 606 debet,
1747 550 1816 590 ne
1845 534 2031 591 inimi-
2062 536 2117 598 A
2146 553 2257 594 non
2287 500 2606 595 emendare.
2641 496 3003 595 Dormitando
3019 553 3154 595 vero
3169 536 3457 596 oeulusad
3484 534 3743 610 plenissi-

433 646 531 687 cus
558 636 758 696 vastet,
815 644 885 684 ne
944 635 1268 707 persecutor
1318 625 1567 698 impetat,
1614 641 1684 681 ne
1713 624 2038 696 potentioris

434 730 704 802 cujusque
732 725 1006 799 cupiditas
1026 725 1192 782 vitam
1222 740 1527 797 pauperum
1557 723 1844 796 inquietet.
1877 723 2039 779 Pravi

429 826 682 891 pastores
710 831 820 872 non
852 815 1054 872 habent
1083 830 1270 873 curam
1293 815 1363 871 de
1384 814 1619 882 ovibus;
1651 813 1773 880 sed,
1800 812 1945 871 sicut
1963 812 2044 869 le-

431 906 579 981 gitur
605 906 662 961 in
694 904 1000 979 Evangelio
1056 905 1128 961 de
1185 903 1565 971 mercenariis,
1624 902 1810 959 vident
1852 902 2045 973 lupum

432 995 745 1053 venientem
771 1003 825 1051 et
851 993 1088 1062 fugiunt.
1136 994 1288 1051 Tunc
1335 994 1481 1050 enim
1544 990 1778 1064 fugiunt,
1822 990 2045 1065 quando

432 1084 745 1158 potentibus
775 1091 977 1151 tacent,
1010 1088 1065 1140 et
1096 1082 1257 1139 malis
1285 1081 1549 1139 resistere
1589 1088 1858 1137 metuunt.
1892 1079 2046 1138 Scire

433 1182 629 1240 etenim
661 1180 874 1254 praelati
930 1180 1153 1246 debent,
1213 1180 1363 1252 quia,
1397 1178 1444 1235 si
1494 1193 1760 1251 perversa
1806 1192 2047 1249 unquam

431 1277 760 1345 perpetrant,
795 1278 873 1326 tot
901 1269 1173 1325 mortibus
1204 1269 1360 1341 digni
1392 1276 1539 1335 sunt,
1588 1276 1719 1341 quot
1749 1266 1818 1322 ad
1850 1267 2048 1323 subdi-

436 1369 520 1418 tos
550 1376 679 1417 suos
708 1359 1033 1432 perditionis
1059 1357 1318 1431 exempla
1350 1357 1742 1414 transmittunt.
1766 1355 1925 1413 Unde
1946 1371 2048 1411 ne-

441 1466 598 1508 cesse
641 1457 726 1506 est
782 1457 841 1504 ut
895 1455 1047 1503 tanto
1108 1465 1167 1503 se
1226 1448 1436 1503 cautius
1465 1462 1499 1503 a
1527 1446 1687 1518 culpa
1718 1444 2047 1511 custodiant,

437 1548 643 1613 quanto
675 1555 771 1611 per
812 1554 986 1610 prava
1030 1553 1152 1611 quae
1202 1536 1404 1593 faciunt
1433 1552 1542 1593 non
1572 1535 1676 1591 soli
1720 1535 2048 1604 moriuntur_

439 1635 783 1695 Admonendi
802 1644 923 1691 sunt
938 1635 1036 1704 illi,
1060 1635 1269 1692 scilicet
1292 1634 1547 1703 subjecti,
1567 1650 1635 1690 ne
1654 1632 1949 1689 districtius
1961 1648 2053 1703 pu-

437 1727 672 1795 niantur,
706 1724 751 1780 si
783 1724 1016 1780 absoluti
1066 1723 1304 1795 reperiri
1354 1723 1711 1796 nequiverint
1754 1722 1951 1777 saltem
1982 1722 2052 1777 de

441 1830 535 1887 se;
587 1815 677 1871 isti
734 1814 944 1872 scilicet
1001 1808 1233 1885 praelati,
1285 1828 1354 1867 ne
1385 1810 1729 1867 subditorum
1782 1810 2054 1866 erratibus

2153 644 2301 683 mum
2350 627 2549 684 dicitur
2594 642 2873 695 somnum,
2906 627 3046 699 quia,
3109 627 3237 684 dum
3285 627 3598 699 plerumque
3649 624 3744 700 qui

2150 725 2370 789 praeest,
2401 718 2607 773 malum
2635 714 2779 790 quod
2809 717 3095 790 cognoscit
3135 732 3243 773 non
3273 724 3501 789 resecat,
3540 715 3609 771 ad
3636 715 3744 772 hoc

2152 814 2478 886 quandoque
2530 813 2880 886 negligentiae
2935 830 3048 871 suae
3114 815 3310 871 merito
3365 813 3629 887 pervenit,
3684 819 3743 869 ut

2153 903 2301 977 quod
2330 918 2363 958 a
2388 902 2650 974 subjectis
2678 901 3013 977 delinquitur
3042 918 3147 962 nec
3174 910 3496 979 cognoscat.

2225 999 2570 1057 Admonendi
2604 1009 2731 1056 sunt
2769 999 2956 1073 itaque
2995 1000 3089 1073 qui
3120 1010 3380 1073 praesunt,
3419 1008 3475 1057 ut
3505 1016 3603 1072 per
3628 999 3740 1057 cir-

2154 1089 2579 1163 cumspectionis
2624 1090 2864 1146 studium
2895 1088 3021 1146 coeli
3069 1090 3327 1146 animalia
3370 1086 3737 1161 ﬁericouten-

2156 1179 2316 1248 dant;
2348 1177 2536 1235 oculos
2559 1178 2860 1251 pervigiles
2888 1179 3035 1235 intus
3062 1187 3116 1236 et
3145 1179 3199 1235 in
3230 1178 3457 1237 circuitu
3487 1179 3741 1235 habeant.

2155 1277 2574 1349 (Gnaoomus.)
2605 1275 2842 1335 Ostensa
2884 1277 3086 1350 quippe
3114 1276 3238 1335 caeli
3266 1276 3515 1333 animalia
3552 1276 3611 1332 in
3635 1275 3746 1333 cir—

2157 1365 2302 1424 cuitu
2332 1375 2385 1423 et
2412 1366 2556 1423 intus
2577 1366 2753 1423 oculis
2798 1366 2957 1439 plena
3005 1367 3386 1435 describuntur
3414 1364 3635 1438 (Emh.
3667 1364 3743 1437 v),

2158 1457 2493 1530 dignumque
2531 1464 2614 1512 est
2653 1465 2711 1512 ut
2758 1455 2938 1512 cuncti
2975 1455 3071 1529 qui
3115 1464 3357 1527 praesunt
3398 1456 3541 1512 intus
3586 1462 3750 1527 atque

2159 1546 2214 1601 in
2244 1545 2471 1602 circuitu
2502 1544 2695 1603 oculos
2734 1544 2993 1614 habeant,
3026 1554 3297 1617 quatenus
3320 1554 3373 1601 et
3401 1545 3616 1600 interno
3639 1544 3741 1614 ju—

2159 1634 2264 1692 dici
2295 1634 2349 1690 in
2379 1634 2688 1707 semetipsis
2717 1633 2938 1707 placere
2966 1635 3240 1701 studeant,
3271 1642 3322 1691 et
3353 1631 3599 1706 exempla
3625 1632 3749 1689 vita

2160 1733 2403 1790 exterius
2433 1734 2753 1805 praebentes,
2794 1749 2857 1790 ea
2883 1749 3006 1806 quae
3033 1732 3092 1789 in
3121 1732 3242 1789 aliis
3272 1740 3398 1789 sunt
3418 1731 3753 1806 corrigenda

2162 1823 2601 1894 deprehendant.
2633 1822 2976 1878 Admonendi
3024 1831 3147 1878 sunt
3191 1814 3413 1890 subditi,
3441 1838 3509 1878 ne
3540 1837 3751 1895 praepo-

436 1906 771 1976 ,ἰυάίοθηίυτν
805 1903 969 1959 ﬁliam
1001 1900 1046 1958 εί
1078 1918 1138 1959 Se
1162 1903 1276 1973 iam
1307 1901 1376 1957 de
1407 1918 1466 1956 se
1487 1917 1713 1957 Securos
1736 1899 2049 1984 illV'Cllial‘J;
2080 1906 2133 1967 Β
2165 1915 2393 1970 sitorum
2426 1928 2648 1968 suorum
2685 1911 2844 1968 vitam
2883 1921 3087 1981 temere
3117 1911 3384 1983 judicent,
3424 1910 3471 1967 si
3497 1910 3627 1983 quid
3653 1925 3749 1965 eos

443 2004 521 2059 illi
551 2011 610 2058 ut
641 2009 790 2057 tanto
820 2001 963 2057 circa
1021 2016 1082 2055 se
1142 1998 1427 2055 sollicitius
1482 1999 1683 2066 vivant,
1716 2002 1920 2071 quanto
1950 2013 2050 2053 eos

446 2093 628 2150 aliena
658 2107 787 2147 cura
840 2105 950 2146 non
1006 2088 1283 2161 implicat;
1316 2088 1405 2144 isti
1457 2104 1594 2144 vero
1624 2088 1782 2144 utsic
1817 2087 2050 2142 aliorum

440 2197 607 2240 curas
637 2179 912 2251 expleant,
970 2187 1240 2252 quatenus
1271 2186 1322 2233 et
1351 2192 1484 2232 suas
1545 2191 1713 2249 agere
1752 2192 1863 2232 non
1894 2174 2047 2231 desi-

439 2274 606 2339 stant,
640 2277 693 2325 et
719 2268 801 2324 sic
846 2268 900 2322 in
934 2266 1158 2339 propria
1200 2265 1573 2322 sollicitudine
1624 2264 1897 2333 ferveant,
1930 2272 1986 2319 ut
2020 2279 2051 2321 a

446 2358 862 2416 commissorum
891 2356 1152 2413 custodia
1172 2354 1396 2410 minime
1417 2360 1756 2425 torpescunt.
1789 2354 1876 2408 Illi
1906 2353 2049 2408 enim

451 2447 670 2504 sibimet
698 2445 914 2503 vacanti
935 2445 1168 2500 dicitur:
1197 2464 1219 2495 ι
1256 2444 1404 2500 Vade
1428 2444 1495 2498 ad
1522 2442 1832 2510 formicam,
1858 2450 1911 2497 et
1930 2457 2052 2497 con-

444 2537 629 2594 sidera
656 2537 778 2591 vias
816 2535 955 2605 ejus,
986 2534 1164 2605 piger,
1196 2540 1251 2588 et
1293 2533 1445 2589 disce
1472 2531 1799 2604 sapientiam
1860 2532 2046 2600 (Prov,

448 2633 547 2706 vn).
575 2656 599 2683 ιι
632 2634 744 2688 Iste
765 2639 947 2688 autem
969 2629 1292 2686 terribiliter
1306 2629 1647 2696 admonetur,
1672 2642 1797 2685 cum
1818 2627 2047 2684 dicitur:

450 2745 474 2771 α
512 2721 609 2777 Fili
663 2722 763 2787 mi,
793 2720 840 2775 si
870 2718 1234 2791 spoponderis
1287 2732 1387 2790 pro
1429 2718 1610 2775 amico
1658 2723 1769 2783 tuo,
1816 2715 2051 2773 defixisti

448 2810 594 2884 apud
668 2817 990 2866 extraneum
1060 2823 1283 2864 manum
1348 2815 1539 2875 tuam,
1611 2814 1666 2862 et
1720 2806 2050 2879 illaqueatus

446 2924 507 2966 es
533 2907 721 2965 verbis
774 2905 889 2963 oris
945 2903 1043 2976 tui,
1090 2910 1148 2961 et
1200 2911 1394 2977 captus
1423 2902 1661 2977 propriis
1702 2903 2049 2961 sermonibus

444 2997 666 3072 (ibid.).
704 3021 726 3046 ιι
759 2993 1044 3069 Spondere
1097 3009 1336 3067 namque
1392 3009 1495 3067 pro
1552 2994 1729 3050 amico
1774 3000 1862 3050 est
1909 2992 2049 3049 alie-

444 3103 571 3143 nam
627 3084 868 3143 animam
911 3083 968 3139 in
1001 3083 1250 3156 periculo
1298 3099 1413 3155 suae
1466 3082 1901 3140 conversationis
1947 3097 2047 3139 ac-

445 3176 657 3250 cipere.
726 3172 1146 3245 (GREGORIUS.)
1202 3172 1359 3230 Unde
1413 3180 1468 3229 et
1520 3172 1667 3244 apud
1724 3179 2047 3229 extraneum

448 3264 721 3337 deﬁgitur,
757 3262 882 3335 quia
913 3261 1058 3334 apud
1088 3276 1277 3319 curam
1339 3259 1720 3319 sollicitudinis
1769 3276 1893 3334 quae
1921 3267 2047 3316 ante
2077 3266 2129 3332 ο

449 3354 675 3413 decorat
703 3367 863 3409 mens
892 3351 1126 3425 ligatur.
1165 3350 1363 3407 Verbis
1419 3350 1532 3407 oris
1587 3352 1673 3406 sui
1726 3349 2053 3423 illaqueatus

445 3451 547 3510 est,
579 3458 646 3500 ac
673 3441 914 3515 propriis
942 3440 1292 3497 sermonibus
1318 3446 1533 3511 captus,
1565 3440 1714 3512 quia,
1745 3439 1874 3494 dum
1904 3453 2055 3496 com-

445 3532 631 3589 missis
654 3532 767 3587 sibi
794 3529 1018 3602 cogitur
1073 3530 1219 3584 bona
1273 3529 1482 3597 dicere,
1543 3527 1722 3600 ipsum
1768 3528 1918 3600 prius
1948 3543 2052 3583 ne-

449 3645 608 3687 cesse
636 3635 718 3685 est
749 3644 872 3700 quae
899 3626 1097 3682 dixerit
1143 3624 1449 3681 custodire.
1509 3625 1840 3698 lllaqueatur
1885 3625 2055 3698 igitur

449 3719 637 3775 verbis
665 3718 783 3774 oris
812 3717 918 3782 sui,
953 3715 1084 3770 dum
1116 3715 1332 3771 ratione
1351 3715 1606 3787 exigente
1632 3714 2051 3787 constringitur,

446 3824 517 3865 ne
547 3808 668 3877 ejus
697 3806 805 3862 vita
836 3806 906 3861 ad
936 3804 1084 3860 aliud
1115 3820 1281 3878 quam
1296 3804 1554 3860 admonet
1578 3803 1876 3860 relaxetur.
1896 3804 2055 3861 Unde

445 3905 589 3979 apud
618 3903 927 3961 districtum
952 3901 1198 3973 jndicem
1228 3902 1448 3975 cogitur
1487 3909 1634 3958 tanta
1664 3902 1719 3957 in
1748 3918 1917 3975 opere
1947 3918 2054 3959 ex-

446 4005 685 4071 solvere,
719 4009 922 4077 quanta
952 4018 1079 4059 eum
1119 4005 1337 4058 constat
1366 4000 1491 4057 aliis
1522 4016 1657 4059 voce
1688 4001 2046 4075 praecepisse.

447 4094 554 4153 Ubi
582 4101 636 4152 et
663 4094 805 4150 bene
852 4106 985 4148 mox
1032 4089 1342 4148 exhortatio
1383 4090 1659 4161 subditur,
1708 4100 1767 4148 ut
1795 4092 2051 4148 dicatur:

454 4216 478 4246 α
512 4193 622 4251 Fac
640 4206 779 4264 ergo
806 4190 954 4263 quod
983 4188 1129 4257 dico,
1161 4187 1237 4246 fili
1267 4188 1340 4245 mi
1365 4208 1379 4256 ;
1412 4197 1466 4247 et
1485 4189 1834 4262 temetipsum
1859 4189 2055 4262 libera,

449 4283 576 4357 quia
602 4279 844 4337 incidisti
871 4279 927 4335 in
957 4295 1182 4335 manum
1230 4278 1472 4352 proximi
1519 4279 1617 4335 tui.
1659 4279 1941 4348 Discurre,
1971 4276 2059 4336 fe-A

453 4372 637 4441 atina;
668 4367 874 4425 suscita
900 4368 1142 4425 amicum
1185 4373 1361 4437 tuum,
1393 4384 1464 4425 ne
1490 4368 1710 4425 dederis
1749 4368 1922 4426 oculis
1951 4368 2059 4425 tuis

450 4484 732 4537 somnum,
791 4482 894 4524 nec
934 4466 1229 4524 dormitent
1286 4467 1569 4540 palpebras
1614 4477 1726 4525 tua:
1774 4468 1986 4540 (ibid.).
2028 4489 2053 4519 ιι

2161 2013 2398 2069 fortasse
2446 2027 2643 2085 gerere
2699 2010 3203 2083 reprehensibiliter
3252 2009 3457 2078 vident,
3509 2026 3579 2065 ne
3607 2008 3749 2064 unde

2160 2116 2307 2168 recte
2330 2110 2476 2166 mala
2504 2110 2863 2182 redarguunt,
2892 2108 3019 2163 inde
3050 2125 3147 2180 per
3176 2107 3426 2165 elationis
3453 2106 3748 2179 impulsum

2161 2202 2215 2256 in
2244 2199 2605 2272 profundiore
2627 2207 2971 2272 mergantur.
3002 2197 3341 2257 Admonendi
3365 2204 3488 2252 sunt
3516 2213 3603 2266 ne,
3627 2211 3749 2253 cum

2160 2290 2351 2362 culpas
2406 2287 2828 2360 praepositorum
2869 2286 3236 2352 considerant,
3288 2294 3474 2342 contra
3520 2301 3618 2342 eos
3644 2300 3748 2347 au-

2160 2379 2412 2436 daciores
2455 2377 2606 2444 flant,
2653 2375 2754 2431 sed
2797 2376 2878 2432 sic
2921 2375 2967 2431 si
3019 2390 3129 2447 qua
3186 2374 3340 2432 valde
3400 2382 3523 2430 sunt
3562 2389 3749 2431 eorum

2160 2485 2327 2540 prava
2352 2466 2502 2539 apud
2529 2465 2857 2536 semetipsos
2885 2480 3058 2536 opera
3099 2463 3515 2537 praepositorum
3545 2461 3747 2535 dijudi-

2159 2571 2304 2635 cent,
2336 2575 2392 2624 ut
2421 2574 2602 2622 tamen
2659 2565 2844 2620 divino
2882 2562 3161 2621 constricti
3217 2562 3415 2618 timore
3455 2560 3597 2619 ferre
3643 2559 3747 2615 sub

2159 2658 2239 2714 eis
2270 2658 2465 2729 jugum
2518 2653 2839 2712 reverentiae
2880 2668 2987 2708 non
3037 2658 3316 2709 recusent.
3362 2649 3516 2721 Quod
3552 2649 3748 2711 melius

2159 2746 2523 2812 ostendimus,
2579 2743 2626 2799 si
2676 2741 2851 2800 David
2893 2741 3094 2799 factum
3121 2740 3191 2798 ad
3220 2740 3456 2801 medium
3502 2737 3742 2796 deduca-

2157 2861 2295 2901 mus.
2342 2842 2470 2899 Saul
2516 2840 2719 2914 quippe
2772 2846 3092 2911 persecutor
3134 2853 3260 2895 cum
3295 2836 3363 2894 ad
3403 2835 3739 2909 purgandum
3816 2910 3819 2915 ἱ

2161 2941 2411 2991 ventrem
2462 2930 2785 3002 speluncam
2834 2927 3025 2985 fuisset
3070 2926 3389 2998 ingressus,
3417 2925 3526 2982 illic
3570 2922 3741 2981 David

2156 3039 2283 3081 cum
2322 3021 2452 3080 viris
2506 3019 2621 3076 suis
2657 3017 2832 3074 inerat
2857 3016 2915 3089 (Ι
2938 3019 3067 3090 Reg.
3126 3017 3308 3088 xxiv),
3349 3014 3442 3089 qui
3474 3014 3586 3085 jam
3632 3019 3741 3069 tam

2155 3121 2326 3194 longo
2356 3129 2604 3192 tempore
2655 3114 3055 3191 persecutionis
3108 3114 3231 3186 ejus
3278 3112 3418 3170 mala
3446 3111 3733 3169 tolerabat.

2158 3213 2403 3284 Cumque
2420 3225 2549 3267 eum
2572 3206 2672 3265 viri
2690 3207 2762 3263 ad
2790 3205 3095 3263 feriendum
3118 3201 3343 3262 Saulem
3368 3200 3741 3269 accenderent,

2160 3300 2326 3373 fregit
2362 3315 2458 3356 eos
2487 3295 2967 3370 responsionibus,
3021 3294 3147 3368 quia
3184 3307 3412 3350 manum
3450 3291 3662 3348 mittere
3687 3289 3745 3346 in

2160 3390 2433 3447 Christum
2474 3386 2692 3445 Domini
2733 3400 2844 3441 non
2890 3383 3174 3441 deberent.
3206 3380 3312 3452 Qui
3336 3390 3509 3437 tamen
3537 3378 3745 3437 occulte

2161 3478 2423 3546 surrexit,
2443 3485 2662 3534 etoram
2691 3473 2984 3531 chlamidis
3013 3470 3135 3544 ejus
3159 3470 3409 3528 abscidit.
3432 3468 3574 3539 Quid
3601 3468 3744 3525 enim

2161 3593 2260 3649 per
2286 3576 2528 3644 Saulem,
2557 3574 2665 3630 nisi
2704 3572 2833 3628 mali
2863 3578 3146 3636 rectores;
3184 3567 3312 3641 quid
3338 3583 3469 3624 vero
3503 3582 3601 3639 per
3627 3567 3742 3622 Ds-

2164 3667 2274 3734 vid,
2311 3665 2417 3723 nisi
2468 3664 2596 3720 boni
2638 3661 2844 3718 subditi
2891 3658 3307 3731 designantur?
3335 3656 3547 3715 Saulem
3576 3655 3745 3728 igitur

2162 3764 2417 3813 ventrem
2471 3768 2712 3827 purgare
2757 3758 2841 3807 est
2892 3763 3091 3821 pravos
3146 3746 3491 3819 praepositos,
3535 3745 3639 3802 hoc
3666 3750 3747 3800 est

2162 3844 2544 3903 mercenaries
2596 3848 2919 3911 conceptam
2974 3839 3031 3894 in
3087 3837 3252 3895 corde
3290 3836 3545 3893 malitiam
3578 3850 3747 3906 usque

2160 3944 2232 4001 ad
2261 3957 2437 4016 opera
2465 3939 2657 3997 miseri
2686 3938 2874 3995 odoris
2922 3936 3241 4003 extendere,
3270 3943 3327 3991 et
3350 3934 3590 4005 cogitata
3610 3930 3748 4004 apud

2163 4050 2226 4091 se
2254 4032 2418 4095 noxia
2447 4031 2603 4087 factis
2630 4026 2997 4085 exterioribus
3039 4024 3392 4098 exsequendo
3419 4030 3745 4079 monstrare.

2164 4129 2340 4200 Quem
2362 4136 2547 4186 tamen
2565 4124 2744 4183 David
2762 4122 2930 4180 ferire
2946 4121 3136 4191 noluit,
3163 4120 3287 4194 quia
3300 4119 3403 4193 pim
3416 4117 3749 4175 subditorum

2164 4227 2376 4277 mentes
2404 4218 2473 4276 ab
2513 4216 2664 4275 omni
2691 4231 2753 4271 se
2775 4221 2929 4288 peste
2957 4210 3368 4270 obtrectationis
3394 4208 3743 4281 abstinentes,

2164 4312 2580 4383 praepositorum
2610 4306 2771 4363 vitam
2802 4303 2955 4361 nullo
2983 4301 3185 4376 lingua:
3212 4299 3397 4375 gladio
3427 4295 3745 4372 percutiunt,

2166 4400 2329 4458 etiam
2357 4415 2482 4456 cum
2510 4398 2582 4455 de
2633 4391 3049 4468 imperfectione
3104 4388 3525 4464 reprehendunt.
3564 4386 3672 4457 Qui
3698 4394 3749 4444 et

2167 4498 2214 4555 si
2242 4497 2466 4572 quando
2490 4512 2593 4570 pro
2621 4492 2932 4552 infirmitate
2958 4506 3085 4548 sese
3113 4488 3390 4547 abstinere
3417 4486 3502 4544 vix
3529 4491 3751 4559 possunt

454 4566 718 4658 Quisquis
759 4564 911 4622 enim
959 4564 1085 4621 aliis
1120 4565 1174 4621 in
1206 4565 1465 4637 exemplo
1493 4566 1563 4622 ad
1594 4565 1888 4624 vivendum
1917 4582 2053 4638 prm-

2169 4597 2230 4645 ut
2258 4564 2371 4645 non
2399 4564 2645 4644 extrema
2670 4583 2946 4658 quaedam,
2994 4588 3161 4653 atque
3191 4576 3462 4636 exteriora
3487 4573 3749 4649 preposi-

451 4636 693 4734 ponitur,
723 4671 835 4712 non
864 4656 1042 4712 solum
1088 4662 1148 4711 ut
1204 4654 1324 4727 ipse
1376 4636 1625 4728 evigilat,
1672 4656 1771 4712 sed
1801 4636 1964 4712 etiam
1996 4663 2053 4713 ut

2170 4636 2371 4736 ὖνῖιῖιῖ
2384 4636 2707 4744 ᾧὶῖεξῖοἰ
2718 4636 2919 4729 3a.;
2933 4636 3230 4726 'haniuim
3269 4636 3576 4741 loquantur,
3599 4636 3753 4738 quasi

456 4758 694 4816 amicum
750 4753 985 4811 suscitet
1038 4753 1382 4810 admonetur.
1431 4753 1495 4810 Ei
1538 4769 1777 4827 namque
1827 4753 2059 4827 vigilare

452 4848 595 4904 bene
624 4844 862 4904 vivendo
889 4859 997 4900 non
1049 4840 1270 4910 sufﬁcit,
1303 4842 1350 4897 si
1381 4858 1490 4899 non
1521 4850 1576 4899 et
1607 4843 1757 4898 illum
1790 4841 1879 4899 cui
1909 4860 2061 4915 prae-

453 4952 537 5005 est
564 4963 595 5002 a
625 4943 839 5018 peccati
868 4950 1095 5014 torpore
1124 4939 1412 5013 disiungit.
1453 4941 1600 4997 Bene
1619 4949 1803 4997 autem
1824 4941 2059 4999 dicitur:

456 5069 480 5095 α
512 5043 597 5101 Ne
626 5040 849 5100 dederis
904 5055 1156 5097 somnum
1214 5039 1318 5095 tuis
1374 5039 1572 5109 oculis,
1632 5056 1735 5097 nec
1765 5040 2068 5097 dormitent

456 5137 738 5211 palpebra
769 5144 896 5191 tuae.
934 5154 957 5184 ι
1003 5131 1273 5189 Somnum
1321 5132 1525 5205 quippe
1583 5133 1760 5190 oculis
1807 5134 1942 5190 dare
1974 5141 2068 5190 est

456 5225 759 5283 intentione
814 5230 1089 5291 cessante,
1167 5222 1522 5278 subditorum
1593 5237 1779 5279 curam
1838 5224 2067 5280 omnino

458 5326 770 5400 negligere.
811 5321 1091 5395 Palpebrae
1115 5337 1245 5378 vero
1265 5321 1581 5389 dormitent,
1606 5339 1731 5380 cum
1770 5323 2066 5397 cngitatio-

460 5439 561 5481 nes
588 5433 787 5479 nostra
816 5438 884 5478 ea
914 5436 1039 5494 quae
1065 5420 1123 5475 in
1152 5420 1384 5476 subditis
1403 5422 1687 5494 arguenda
1703 5431 2065 5492 cognoscunt,

460 5521 793 5595 pinguedine
846 5518 1193 5589 deprimente
1256 5517 1632 5575 dissimulant.
1710 5519 1878 5575 Plene
1919 5520 2062 5576 enim

461 5626 706 5686 dormire
747 5632 834 5683 est
880 5623 1303 5679 commissorum
1351 5632 1474 5681 acta
1502 5625 1719 5682 nescire
1757 5642 1860 5684 nec
1887 5626 2067 5683 corri-

461 5743 619 5801 gere.
652 5724 779 5783 Non
805 5731 987 5780 autem
1016 5721 1281 5789 dormire,
1334 5724 1433 5780 sed
1479 5724 1781 5783 dormitare
1810 5733 1913 5795 est,
1948 5743 2070 5800 quae

460 5825 683 5900 quidem
709 5820 1168 5896 reprehendenda
1190 5827 1319 5876 sunt
1349 5836 1711 5896 cognoscere,
1757 5824 1856 5881 sed
1886 5832 2070 5884 tamen

461 5930 697 6000 propter
748 5917 949 5979 mentis
994 5917 1217 5976 taedium
1263 5910 1445 5995 dignis
1492 5936 1560 5979 ea
1601 5921 2067 5997 increpationibus

2168 4792 2323 4834 oram
2340 4774 2588 4832 clamidis
2610 4769 3105 4835 silenterincidunt,
3113 4766 3365 4825 videlicet
3380 4766 3506 4822 dum
3518 4763 3753 4837 pralsta

2169 4865 2420 4938 dignitati
2436 4864 2631 4921 saltem
2659 4861 2900 4919 innoxia:
2937 4867 2992 4916 et
3021 4859 3254 4915 latenter
3286 4861 3573 4929 derogant,
3600 4851 3752 4926 quasi

2169 4955 2322 5029 regis
2349 4952 2685 5027 superpositi
2713 4958 2919 5008 vestem
2963 4948 3182 5007 ftedant.
3215 4945 3326 5003 Sed
3354 4952 3533 5002 tamen
3560 4942 3629 4999 ad
3658 4957 3747 4998 se-

2172 5054 2444 5126 metipsos
2470 5052 2720 5119 redeunt,
2761 5063 2931 5120 seque
2987 5042 3464 5111 vehementissime
3484 5041 3552 5096 de
3571 5038 3755 5095 tenuis-

2176 5144 2304 5200 simi
2335 5142 2487 5200 verbi
2519 5137 2848 5198 laceratione
2871 5133 3296 5208 reprehendunt.
3319 5128 3471 5189 Unde
3489 5133 3623 5185 bene
3650 5127 3756 5184 illic

2175 5244 2435 5313 scriptum
2456 5248 2538 5296 est
2562 5255 2575 5295 :
2598 5261 2620 5287 α
2643 5239 2772 5294 Post
2792 5237 2909 5292 hac
2927 5232 3101 5289 David
3126 5229 3391 5303 percussit
3408 5244 3504 5286 cor
3520 5242 3674 5282 suum
3695 5240 3755 5281 eo

2178 5331 2324 5405 quod
2352 5328 2682 5386 abscidisset
2709 5341 2862 5383 oram
2894 5320 3184 5381 chlamidis
3212 5318 3338 5377 Saul
3364 5316 3581 5389 (ibid.)-
3608 5315 3757 5371 Facta

2177 5430 2377 5506 quippe
2408 5425 2822 5500 praepositorum
2853 5420 2967 5478 oris
2991 5417 3183 5494 gladio
3212 5413 3451 5472 ferienda
3483 5427 3588 5468 non
3617 5418 3752 5476 sunt,

2177 5530 2342 5588 etiam
2356 5545 2477 5585 cum
2491 5533 2638 5582 recte
2651 5516 3107 5596 reprehendenda
3118 5512 3458 5587 judicantur.
3481 5509 3538 5567 Si
3559 5507 3762 5583 quando

2176 5654 2310 5696 vero
2335 5643 2526 5694 contra
2557 5648 2652 5690 eos
2676 5630 2763 5689 vel
2782 5629 2837 5685 in
2858 5618 3447 5697 minimislinguabitur
3464 5616 3673 5693 [lingua
3687 5613 3757 5671 ls-

2178 5737 2324 5794 bitur
2349 5733 2421 5809 ‘2},
2465 5746 2694 5789 necesse
2734 5736 2815 5786 est
2842 5735 2903 5783 ut
2928 5741 3026 5799 per
3055 5718 3397 5779 aﬁlictionem
3415 5711 3753 5809 paenitentia:

2179 5842 2275 5885 cor
2289 5806 2590 5900 pre—matur,
2599 5828 2864 5897 quatenus
2883 5815 2954 5901 ad
2972 5812 3325 5887 semetipsum
3335 5806 3543 5872 redeat,
3557 5810 3755 5901 etcum

2175 5894 2489 5999 praeposita:
2518 5894 2777 5995 potestati
2818 5894 3125 5991 deliquerit,
3164 5908 3283 5983 ejus
3309 5912 3500 5966 contra
3524 5918 3588 5962 se
3613 5894 3757 5975 judi-
