3924 6404
422 431 527 498 947

1564 434 1908 493 WERNERI
1947 387 2239 492 Aesaris
2276 436 2339 493 s.
2388 407 2614 498 BLASII

3636 445 3739 501 9‘8

498 562 606 619 ιΕι
621 576 720 619 vos
736 558 961 635 quidem
978 560 1255 620 tristitiam
1275 558 1510 618 habetis.
1533 580 1557 613 ι
1581 558 1775 620 Omnis
1789 560 2044 620 Ecclesia
2072 561 2130 625 A
2159 580 2424 638 sponsum
2451 574 2538 624 est
2562 566 2741 641 Moysi
2798 536 2989 627 verum
3037 575 3141 637 est,
3188 526 3321 645 quia
3346 585 3535 629 nemo
3568 577 3752 644 potest

422 668 521 725 per
560 651 722 723 hujus
781 651 906 707 vita:
971 651 1188 731 labores
1227 659 1284 708 et
1347 649 1635 725 angustias
1698 651 1770 708 ad
1834 659 2051 710 eterna

426 741 657 814 praemia
689 740 996 797 ccelestium
1019 741 1353 815 gaudiorum
1386 740 1580 806 tendit,
1597 740 1726 813 quia
1749 764 1772 789 α
1801 758 1900 814 per
1913 739 2053 797 mul-

424 840 509 887 tas
541 830 935 896 tribulationes,
956 838 1013 885 ut
1039 831 1115 885 ait
1135 830 1452 903 Apostolus,
1474 838 1690 901 oportet
1716 845 1822 887 nos
1840 830 2051 887 intrare

425 930 480 985 in
503 945 736 1001 regnum
766 928 864 984 Dei
896 928 1040 1001 (Act.
1074 929 1204 1000 x1v(.
1244 952 1266 977 ιι
1301 928 1504 985 Dicens
1536 927 1813 985 Dominus
1855 928 2051 985 iterum

428 1042 449 1068 υ
486 1027 538 1074 et
576 1018 779 1073 videbo
800 1033 898 1074 vos
932 1040 955 1068 ιι
990 1017 1294 1073 secundum
1324 1012 1595 1089 promittit
1626 1017 1942 1084 adventum,
1993 1016 2049 1071 in

425 1123 535 1181 quo
582 1107 917 1163 universam
959 1106 1173 1163 videbit
1228 1107 1538 1163 Ecclesium
1567 1107 1637 1163 ad
1676 1122 2041 1163 remuneran-

421 1209 550 1264 dum
580 1224 645 1265 ex
684 1208 928 1281 integro.
977 1210 1040 1263 Et
1072 1208 1199 1281 quia
1226 1208 1282 1263 in
1311 1208 1657 1280 plenitudine
1678 1208 1826 1264 illius
1859 1207 2051 1280 gaudii

421 1314 531 1354 non
562 1298 888 1371 rogabimus
918 1298 1104 1365 modo,
1171 1298 1473 1370 petendum
1510 1306 1595 1354 est
1649 1306 1709 1354 ut
1760 1298 1889 1354 illuc
1924 1314 2052 1370 per-

418 1402 726 1445 veniamus.

777 1473 1016 1533 SERMO
1054 1475 1150 1531 DE
1188 1474 1473 1533 VISIONE
1510 1474 1659 1531 DEI.

493 1565 550 1622 Si
603 1565 803 1639 quaeris
831 1572 1010 1620 utrum
1040 1565 1191 1621 Deus
1255 1565 1431 1637 possit
1459 1564 1656 1632 videri,
1691 1563 2004 1636 respondeo
2037 1581 2050 1619 :

2159 656 2347 714 videre
2370 656 2562 717 faciem
2593 655 2715 727 Dei,
2774 664 2829 714 et
2882 655 3068 716 vivere
3095 659 3304 723 (Exod.
3338 661 3598 733 axun);id
3662 667 3754 719 est

2160 762 2326 803 nemo
2365 754 2546 819 potest
2599 763 2721 802 eum
2764 746 2817 802 in
2849 747 2951 804 hac
3005 748 3119 804 vita
3146 749 3344 805 videns
3388 750 3573 806 videre
3608 750 3753 807 sicut

2161 843 2271 892 est.
2316 836 2460 893 Nam
2486 836 2641 891 multi
2669 836 2942 908 viderunt,
3008 838 3107 893 sed
3172 837 3320 911 quod
3346 838 3591 896 voluntas
3625 839 3751 897 ele-

2111 996 2115 1001 ,
2161 936 2260 1009 git,
2301 951 2410 992 non
2451 936 2832 1009 quodnatura
2872 935 3142 995 formavit.
3165 936 3223 993 Si
3251 938 3450 1011 (μιωὼ
3475 939 3753 1011 quomodo

2161 1040 2282 1081 eum
2312 1024 2448 1082 vidit
2484 1026 2569 1081 vel
2603 1025 2754 1082 Cain,
2784 1025 3358 1100 sceleratus.-quando
3396 1028 3465 1085 de
3493 1044 3591 1085 suo
3618 1045 3753 1086 sce-

2159 1113 2277 1171 lere
2322 1114 2514 1171 abillo
2562 1115 2927 1188 interrogatus
2962 1123 3014 1171 et
3037 1114 3315 1185 judicatus
3341 1124 3470 1184 est;
3508 1118 3597 1174 vel
3628 1117 3755 1190 ipse

2160 1211 2325 1268 etiam
2357 1211 2628 1279 diabolus,
2675 1212 2897 1284 quando
2960 1213 3111 1268 venit
3146 1229 3271 1270 cum
3307 1214 3518 1289 angelis
3555 1223 3614 1271 ut
3647 1230 3755 1273 oo-

2160 1318 2280 1357 ram
2319 1301 2416 1357 illo
2448 1301 2733 1357 assisteret
2764 1320 2778 1369 ;
2820 1301 2908 1357 vel
2940 1324 2965 1350 ι
2999 1302 3142 1357 beati
3171 1302 3571 1372 mundicordes,
3607 1320 3755 1377 quo-

2159 1391 2305 1447 niam
2336 1390 2440 1464 ipsi
2478 1390 2651 1447 Deum
2683 1389 2947 1447 videbunt
2984 1389 3205 1462 (Matth.
3244 1394 3323 1463 v),
3358 1416 3381 1443 ιι
3415 1393 3755 1465 respondeo:

2160 1512 2230 1525 -
2250 1481 2357 1537 hoc
2377 1495 2486 1536 non
2515 1496 2640 1537 esse
2669 1494 3038 1553 consequens,
3061 1489 3119 1537 ut
3149 1481 3310 1538 etiam
3339 1481 3556 1538 videant
3575 1483 3754 1540 Deum

2163 1578 2255 1652 qui
2310 1593 2481 1637 voces
2556 1578 2628 1634 ab
2663 1593 2729 1634 eo
2768 1576 2939 1634 factas
3011 1577 3300 1652 aliquando
3336 1579 3584 1637 audiunt.
3636 1578 3756 1639 Ne-

422 1666 625 1720 Potest.
704 1661 762 1719 Si
792 1662 994 1735 quaeris
1043 1661 1190 1719 unde
1246 1663 1437 1734 sciam,
1505 1663 1818 1735 respondeo
1860 1676 1875 1719 :
1915 1660 2057 1733 Quia
2164 1684 2270 1742 que
2300 1667 2443 1724 enim
2483 1667 2739 1723 viderunt
2802 1667 3020 1740 quando
3084 1668 3218 1725 dixit
3255 1669 3323 1726 ad
3362 1669 3587 1727 Filium:
3619 1694 3642 1721 ι
3682 1670 3752 1729 Et

416 1753 473 1809 iu
502 1752 798 1809 verissima
828 1751 1116 1822 Scriptura
1143 1750 1347 1825 legitur
1376 1769 1392 1806 :
1441 1776 1463 1801 ιι
1499 1752 1653 1807 Beati
1694 1750 1902 1808 mundo
1930 1766 2054 1808 cor-

421 1843 512 1911 de,
555 1842 815 1913 quoniam
849 1841 955 1913 ipsi
988 1841 1168 1897 Deum
1232 1841 1500 1898 videbunt
1531 1842 1763 1911 (Matth.
1802 1841 1880 1914 v),
1917 1861 1942 1893 ι
2002 1850 2057 1897 et

2163 1763 2475 1834 clarificavi,
2510 1773 2562 1821 et
2590 1764 2786 1822 iterum
2817 1764 3133 1824 clariﬁcabo
3163 1768 3343 1837 (Joan.
3373 1771 3489 1842 xu),
3526 1792 3548 1819 ιι

2238 1855 2626 1912 Verumtamen
2666 1871 2775 1911 non
2828 1872 2953 1912 esse
2988 1855 3318 1924 mirandum,
3381 1858 3429 1915 si
3461 1858 3755 1932 aliquando

422 1946 621 1999 caetera
687 1940 837 1996 talia.
909 1939 966 1995 Si
1028 1938 1234 2011 quaeris
1306 1940 1586 2011 quomodo
1625 1938 1917 1995 invisibilis
1984 1934 2133 1995 sitB
2164 1945 2325 2002 etiam
2390 1961 2503 2002 non
2566 1945 2954 2003 mundicordes
3008 1947 3233 2004 videant
3268 1946 3443 2005 Deum
3482 1949 3534 2005 in
3573 1949 3758 2023 specie

433 2031 634 2099 dictus,
665 2030 719 2085 si
754 2028 931 2086 videri
961 2030 1162 2102 potest,
1220 2029 1530 2101 respondeo
1562 2027 1895 2085 invisibilem
1926 2043 2051 2084 esse

330 2179 334 2185 ,
431 2128 648 2177 natura.
689 2118 918 2175 Videtur
970 2126 1176 2184 autem,
1205 2133 1329 2174 cum
1387 2118 1519 2187 vult,
1580 2119 1727 2174 sicut
1755 2116 1886 2174 vult.
1920 2117 2051 2172 Plu-

424 2210 581 2266 rimis
611 2208 760 2265 enim
792 2207 945 2264 visus
977 2215 1062 2263 est
1117 2222 1227 2263 non
1277 2207 1438 2264 sicuti
1470 2214 1580 2275 est,
1615 2206 1712 2263 sed
1742 2206 1889 2280 quali
1927 2220 2054 2278 spe-

418 2307 505 2365 cie
536 2306 615 2363 illi
673 2304 884 2377 placuit
928 2320 1219 2377 apparere.
1287 2304 1433 2374 Quid
1482 2312 1566 2362 est
1596 2320 1729 2377 ergo
1766 2304 1910 2377 quod
1943 2319 2048 2360 ea-

417 2398 548 2453 dem
577 2395 712 2452 dicit
740 2394 1038 2452 auctoritas
1071 2411 1084 2449 :
1119 2417 1141 2442 ιι
1178 2395 1352 2450 Deum
1402 2411 1566 2450 nemo
1628 2394 1763 2450 vidit
1808 2408 2051 2467 unquam

419 2488 606 2559 (Joan.
640 2486 749 2557 tv).
794 2507 817 2534 ι
849 2485 919 2540 Et
948 2484 1093 2556 quod
1151 2483 1389 2555 amplius
1435 2482 1657 2556 planius
1684 2482 1970 2555 explicans
2032 2501 2047 2540 :

432 2605 455 2636 ι
490 2583 667 2654 Quem
726 2596 910 2649 nemo,
942 2580 1142 2655 inquit,
1200 2580 1489 2637 hominum
1528 2580 1684 2648 vidit,
1718 2596 1822 2637 nec
1858 2580 2052 2638 videre

421 2680 609 2745 potest
629 2671 684 2743 (Ι
713 2674 880 2729 Joan.
919 2671 1017 2740 ιν).
1041 2670 1341 2739 Quomodo
1363 2686 1501 2743 ergo
1522 2671 1663 2727 vidit
1682 2671 1854 2725 Deum
1877 2670 2053 2725 Abra-

424 2762 576 2828 ham,
607 2764 788 2827 lsaac,
820 2758 1011 2826 Iacob,
1072 2759 1200 2826 Job,
1233 2760 1475 2831 Moyses,
1541 2759 1822 2827 Michmas,
1857 2758 2048 2825 Isaias,

429 2865 486 2913 et
540 2858 587 2913 si
644 2854 735 2929 qui
792 2854 886 2911 alii
945 2863 1069 2910 sunt
1125 2853 1194 2911 de
1225 2855 1427 2927 quibus
1483 2854 1845 2912 veracissima
1900 2855 2051 2913 Scri-

429 2955 590 3020 ptura
652 2952 891 3001 testatur
942 2948 1087 3018 quod
1141 2944 1318 3001 Deum
1389 2960 1557 3001 nemo
1612 2945 1896 3002 hominum
1941 2961 2052 3000 un-

432 3051 599 3110 quam
657 3035 811 3101 vidit,
843 3050 947 3091 nec
975 3034 1163 3090 videre
1184 3041 1396 3106 potest.
1449 3036 1649 3107 Magna
1677 3034 1914 3107 quaestio
1945 3040 2049 3101 est,

429 3125 705 3199 quomodo
738 3140 851 3181 non
879 3124 950 3179 sit
978 3124 1319 3181 contrarium
1340 3124 1490 3197 quod
1520 3132 1598 3181 tot
1625 3123 1836 3197 antiqui
1867 3124 2051 3180 Deum

430 3225 704 3290 viderunt,
737 3223 784 3279 si
806 3225 983 3279 Deum
1038 3238 1206 3279 nemo
1229 3221 1365 3278 vidit
1392 3239 1655 3296 unquam,
1703 3222 1833 3295 quia
1887 3237 2054 3279 nemo

2162 2051 2324 2109 quam
2371 2035 2626 2092 voluntas
2703 2036 2822 2106 ejus
2873 2030 3080 2104 fecerit,
3120 2037 3318 2095 latente
3354 2036 3632 2106 invisibili,
3704 2047 3759 2096 et

2164 2122 2307 2198 apud
2340 2141 2402 2182 se
2430 2124 2858 2182 incommutabili
2886 2133 3136 2184 manente
3183 2136 3393 2185 natura.
3419 2125 3489 2170 -'—
3517 2127 3573 2184 Si
3602 2144 3755 2202 quaa-

2166 2223 2239 2279 ris
2268 2232 2449 2280 utrum
2490 2224 2651 2281 etiam
2685 2224 2843 2281 sicuti
2881 2224 3084 2281 dictum
3123 2231 3206 2282 est
3250 2224 3540 2299 aliquando
3584 2225 3758 2300 possit

2160 2312 2356 2381 videri,
2397 2314 2707 2385 respondeo
2740 2332 2754 2369 :
2787 2313 2939 2370 Filiis
2966 2314 3070 2372 hoc
3114 2331 3242 2372 esse
3285 2316 3628 2387 promissum,
3685 2316 3755 2374 de

2161 2402 2361 2477 quibus
2390 2403 2594 2459 dictum
2628 2420 2641 2459 :
2678 2425 2701 2453 ιι
2737 2403 2953 2461 Scimus
3017 2404 3165 2478 quia,
3228 2419 3351 2462 cum
3380 2412 3385 2419 '
3419 2405 3751 2478 apparuerit,

2161 2500 2375 2557 similes
2403 2501 2452 2557 ei
2478 2500 2700 2583 erimus,
2768 2500 3026 2575 quoniam
3064 2501 3371 2559 videbimus
3437 2519 3561 2560 eum
3599 2503 3752 2560 sicuti

2160 2600 2244 2647 est
2273 2591 2458 2661 (Joan.
2492 2589 2598 2661 ιιι).
2645 2614 2667 2641 ιι
2728 2591 2853 2648 Non
2891 2592 3036 2648 enim
3065 2591 3319 2665 quaeritur
3361 2593 3633 2666 quomodo
3661 2592 3749 2651 vi-

2160 2680 2353 2736 deatur
2379 2681 2548 2749 Deus,
2623 2696 2734 2737 non
2797 2696 2860 2736 ea
2899 2680 3104 2755 specie,
3145 2697 3250 2755 qua
3286 2682 3339 2738 iu
3375 2682 3480 2739 isto
3550 2682 3751 2741 saeculo

2159 2769 2331 2827 voluit
2369 2768 2698 2843 quibusdam
2739 2784 3026 2843 apparere,
3095 2770 3196 2827 sed
3239 2771 3515 2844 quomodo
3558 2772 3747 2828 videa-

2161 2874 2248 2923 tur
2277 2866 2332 2923 in
2371 2866 2465 2924 illo
2503 2883 2704 2942 regno,
2744 2868 2841 2923 ubi
2876 2884 2999 2925 eum
3036 2867 3132 2924 ﬁlii
3170 2868 3288 2939 ejus
3322 2869 3575 2927 videbunt
3596 2868 3753 2927 sicuti

2162 2963 2265 3012 est.
2379 2956 2534 3013 Tunc
2591 2952 2791 3030 quippe
2830 2957 3116 3013 satiabitur
3144 2957 3199 3013 in
3238 2958 3393 3014 bonis
3430 2958 3750 3015 desiderium

2162 3061 2370 3103 eorum.
2446 3045 2571 3103 Non
2609 3046 2753 3101 enim
2781 3044 2993 3118 indigni
3029 3046 3206 3103 Deum
3234 3045 3510 3118 videbunt,
3540 3047 3609 3105 de
3636 3046 3753 3121 qui-

2161 3134 2266 3191 bus
2295 3134 2497 3191 dictum
2528 3142 2612 3191 est
2648 3150 2662 3192 :
2694 3156 2719 3184 α
2751 3133 2996 3191 Tollatur
3034 3135 3254 3209 impius,
3310 3151 3380 3193 ns
3428 3136 3608 3193 videat
3634 3135 3755 3194 clae-

2161 3224 2381 3280 ritatem
2409 3224 2531 3280 Dei.
2568 3246 2590 3272 ιι
2625 3222 2833 3294 Quibus
2864 3221 3029 3280 etiam
3059 3224 3270 3281 dicetur
3298 3239 3312 3280 :
3350 3248 3372 3273 α
3430 3225 3527 3290 lte,
3580 3224 3637 3281 in
3658 3226 3752 3299 ig-

436 3314 723 3371 hominum
787 3312 944 3379 vidit,
1002 3327 1106 3369 nec
1153 3312 1342 3370 videre
1394 3320 1604 3385 potest.
1660 3311 1820 3368 Certe
1874 3309 2054 3369 refelli
2083 3302 2133 3367 C
2162 3328 2287 3369 nem
2344 3320 2629 3380 aeternum,
2662 3313 2755 3385 qui
2783 3320 3125 3386 preparatus
3182 3321 3277 3370 est
3311 3313 3523 3371 diabolo
3550 3322 3605 3371 et
3654 3329 3754 3371 an-

431 3420 545 3461 non
573 3409 775 3476 potest,
794 3402 925 3459 dicit
946 3400 1301 3469 Ambrosius,
1340 3402 1428 3458 vel
1459 3403 1677 3459 Patrem
1704 3401 1794 3458 vel
1825 3401 2047 3469 Filium,

429 3503 519 3559 vel
550 3510 705 3559 certe
738 3500 1004 3573 Spiritum
1022 3504 1296 3568 sanctum,
1320 3496 1365 3554 si
1382 3506 1567 3556 tamen
1603 3506 1687 3555 est
1718 3498 1891 3558 sancti
1921 3499 2049 3571 Spi-

429 3593 569 3648 ritus
595 3591 757 3657 visio,
782 3605 849 3645 ea
877 3589 1063 3661 specie
1082 3589 1276 3645 videre
1296 3587 1579 3663 [videri?],
1599 3604 1764 3661 quam
1797 3588 2052 3646 voluntas

432 3680 691 3755 elegerit,
723 3695 837 3735 non
868 3687 1062 3734 natura
1093 3677 1438 3734 formaverit.
1477 3676 1751 3748 Quoniam
1791 3676 2051 3750 Spiritum

432 3786 651 3845 quoque
687 3768 866 3824 visum
897 3766 1198 3839 accipimus
1224 3767 1278 3822 in
1301 3766 1582 3836 columba,
1616 3776 1671 3823 et
1700 3766 1826 3823 ideo
1874 3767 2050 3823 Deum

438 3881 604 3923 nemo
635 3865 767 3923 vidit
797 3864 1069 3936 unquam,
1109 3864 1240 3936 quia
1296 3879 1417 3919 eam
1447 3880 1571 3935 quae
1618 3863 1671 3918 in
1704 3864 1819 3921 Deo
1883 3860 2052 3919 babi-

437 3964 520 4013 tat
577 3954 975 4029 plenitudinem
1032 3952 1273 4021 deitatis,
1351 3968 1514 4009 nemo
1570 3954 1808 4025 aspexit,
1884 3970 2053 4011 nemo

437 4055 622 4103 mente
666 4053 756 4100 aut
783 4043 960 4101 oculis
1020 4041 1468 4115 comprehendit.
1521 4043 1684 4100 Unde
1716 4044 1933 4115 Moyses
1964 4042 2044 4100 ait

433 4145 574 4213 Deo,
608 4159 734 4200 cum
764 4157 875 4215 quo
905 4140 1117 4197 amicus
1174 4140 1374 4206 amico,
1406 4138 1544 4197 facie
1601 4138 1670 4195 ad
1700 4138 1901 4196 faciem
1960 4139 2050 4195 lo-

437 4234 755 4306 quebatur:
816 4254 840 4280 ι
899 4230 959 4286 Si
1011 4229 1200 4287 inveni
1245 4229 1473 4304 gratiam
1527 4235 1655 4285 ante
1710 4237 1785 4299 te,
1826 4230 2056 4286 ostende

436 4323 569 4378 mihi
600 4320 947 4391 temetipsum
978 4319 1178 4390 (Exod.
1210 4321 1432 4391 xxxiv).
1470 4340 1493 4368 ιι
1530 4316 1675 4388 Quid
1724 4318 1909 4392 ergo?
1939 4317 2051 4386 ille,

441 4426 555 4469 non
609 4417 731 4467 erat
783 4409 925 4481 ipse.
956 4409 1014 4465 Si
1071 4423 1184 4465 non
1212 4417 1360 4465 esset
1410 4407 1551 4481 ipse,
1583 4422 1696 4463 non
1744 4408 1793 4463 ei
1824 4407 2057 4480 diceret,

450 4509 697 4570 Ostende
724 4507 870 4564 mihi
895 4507 1266 4579 temetipsum,
1300 4505 1419 4575 sed,
1453 4504 1695 4562 Ostende
1713 4504 1846 4560 mihi
1868 4506 2059 4563 Deum.

2157 3409 2300 3485 gelis
2330 3410 2451 3482 ejus
2473 3410 2695 3481 (Matth.
2738 3412 2893 3483 xxv).
2947 3410 3201 3468 Promisit
3291 3411 3437 3468 Deus
3478 3428 3538 3469 se
3565 3419 3752 3468 osten-

2160 3516 2348 3555 surum
2380 3499 2746 3555 dilectoribus
2804 3497 2937 3569 suis,
2992 3514 3114 3556 cum
3146 3500 3307 3557 Patre
3333 3516 3502 3557 unum
3557 3501 3752 3569 Deum,

2159 3603 2269 3644 non
2327 3587 2619 3661 quomodo
2642 3587 2699 3642 in
2753 3586 2858 3644 hoc
2888 3587 3088 3644 saeculo
3118 3587 3173 3644 in
3217 3603 3445 3662 corpore
3497 3587 3644 3646 visus
3672 3597 3758 3646 est

2159 3701 2189 3741 a
2221 3683 2378 3742 bonis
2408 3692 2462 3741 et
2489 3684 2669 3754 malis,
2701 3690 2755 3741 et
2806 3683 2861 3739 in
2913 3684 3121 3754 judicio
3178 3686 3323 3741 enim
3379 3682 3576 3753 futuro,
3649 3701 3758 3759 quo

2159 3774 2240 3831 sic
2295 3782 2561 3830 venturus
2594 3781 2698 3844 est,
2734 3773 3015 3844 quomodo
3070 3773 3225 3830 visus
3253 3780 3333 3830 est
3382 3773 3503 3830 iens
3532 3775 3585 3830 in
3639 3790 3760 3832 coe-

2158 3864 2291 3931 lum,
2365 3862 2473 3920 hoc
2528 3870 2613 3919 est
2684 3863 2741 3918 in
2771 3863 2965 3919 eadem
2997 3861 3169 3919 forma
3199 3858 3295 3919 ﬁlii
3323 3863 3576 3920 hominis.
3596 3863 3761 3921 Eam-

2159 3955 2286 4011 dem
2315 3954 2501 4026 itaque
2527 3952 2758 4009 formam
2815 3952 3095 4021 videbunt,
3130 3953 3326 4026 quibus
3360 3952 3600 4010 dicturus
3630 3962 3749 4012 est:

2165 4077 2188 4103 «ι
2225 4052 2457 4121 Esurivi,
2517 4060 2570 4108 et
2596 4067 2705 4109 non
2725 4051 2953 4108 dedistis
2982 4052 3115 4107 mihi
3146 4051 3477 4108 manducare
3506 4051 3704 4123 (ibid),
3726 4062 3755 4101 '-

2164 4151 2218 4201 et
2247 4143 2377 4216 quia
2431 4143 2606 4198 Judaei
2636 4141 2896 4197 videbunt
2923 4141 2979 4197 in
3008 4157 3171 4214 quem
3201 4147 3544 4215 pupugerun’t
3572 4142 3758 4215 (Apoc.

2167 4231 2226 4307 ι),
2303 4247 2411 4287 non
2469 4230 2618 4285 illam
2666 4229 2770 4287 Dci
2845 4229 3095 4299 formam,
3152 4229 3208 4286 in
3259 4246 3361 4303 qua
3381 4245 3490 4286 non
3522 4229 3761 4286 arbitra-

2167 4334 2257 4383 tus
2299 4332 2384 4383 est
2443 4327 2696 4400 rapinam
2758 4342 2884 4383 esse
2940 4325 3168 4401 aequalis
3218 4324 3335 4383 Deo
3385 4325 3620 4399 (Philip.
3683 4331 3765 4397 ιι).

2169 4418 2229 4473 In
2304 4415 2399 4472 illa
2453 4416 2543 4473 die
2592 4424 2722 4473 tunc
2789 4415 3056 4473 videbunt
3102 4416 3298 4483 Deum,
3356 4414 3447 4487 qui
3519 4414 3769 4471 videbunt

2170 4506 2312 4562 sicut
2340 4510 2444 4561 est.
2521 4506 2641 4562 Nec
2690 4505 2817 4562 ideo
2873 4505 3154 4575 videbunt,
3207 4503 3330 4578 quia
3377 4519 3636 4578 pauperes
3664 4503 3765 4577 spi-

442 4600 512 4657 Et
550 4607 734 4656 tamen
772 4598 818 4653 si
857 4600 978 4669 ejus
1016 4603 1265 4653 naturam
1307 4594 1780 4667 substantiamque
1834 4594 2095 4667 conspi-,
2172 4595 2280 4651 ritu
2334 4594 2390 4650 in
2443 4595 2549 4651 hac
2607 4594 2716 4652 vita
2749 4596 2986 4663 fuerunt,
3038 4594 3167 4668 quia
3221 4595 3400 4663 mites,
3430 4593 3554 4667 quia
3583 4594 3768 4666 lugen-

452 4696 620 4759 ceret,
673 4685 844 4744 multo
898 4687 1081 4743 minus
1109 4686 1321 4743 diceret
1352 4701 1365 4739 :
1427 4683 1676 4741 Ostende
1701 4683 1834 4739 mihi
1863 4687 2062 4741 temet-
2089 4670 2146 4733 D
2174 4702 2278 4763 ιεε,
2312 4701 2583 4750 ειεωιειπε
2618 4711 2633 4759 ;
2665 4694 2761 4749 sed
2810 4692 2940 4766 qui.
2985 4693 3191 4750 mundo
3229 4700 3352 4748 sunt
3406 4691 3597 4749 corde.
3645 4691 3767 4757 Quo

449 4787 659 4861 ipsum.
708 4785 835 4858 Ipse
874 4800 1013 4858 ergo
1051 4791 1171 4841 erat
1205 4782 1263 4839 in
1300 4796 1369 4839 ea
1407 4780 1612 4854 specie,
1654 4796 1765 4853 qua
1801 4795 2068 4853 apparere
2173 4780 2382 4841 mundo
2411 4782 2579 4840 corde
2607 4781 2909 4851 videbitur,
2941 4783 3040 4855 qui
3062 4796 3167 4841 nec
3192 4782 3247 4839 in
3275 4781 3398 4839 loco
3425 4781 3767 4848 videtur,n‘ec

446 4877 722 4934 voluerat.
804 4875 929 4932 Non
968 4880 1152 4931 autem
1243 4873 1364 4945 ipse
1418 4869 1724 4943 apparebat
1784 4869 1843 4925 in
1879 4877 2069 4925 natura
2176 4872 2354 4929 oculis
2381 4872 2755 4945 corporalibus
2809 4872 3045 4941 videtur,
3101 4887 3206 4931 nec
3225 4870 3580 4929 conscribitur
3619 4870 3758 4939 visu,

449 4966 699 5040 prapria,
739 4978 904 5038 quam
942 4964 1165 5037 Moyses
1203 4962 1409 5018 videre
1424 4959 1704 5033 cupiebat.
1748 4959 1831 5015 Ea
1866 4959 2071 5032 quippe
2177 4976 2282 5019 nec
2307 4966 2453 5019 tactu
2484 4969 2717 5033 tenetur,
2750 4977 2856 5020 nec
2917 4961 3141 5020 auditur
3193 4960 3379 5031 θείω,
3416 4974 3521 5019 nec
3547 4959 3766 5018 sentitur

449 5054 801 5130 promittitur.
850 5053 1056 5113 sanctis
1090 5052 1149 5110 in
1220 5050 1329 5109 alia
1366 5050 1499 5109 vita.
1588 5048 1747 5108 Unde
1783 5048 1936 5123 quod
1973 5064 2059 5107 η·
2177 5049 2419 5108 incessu.

1570 5358 2153 5459 DOM’INICA
2214 5361 2674 5460 TERTIA.
2870 5366 2878 5373 ’

1683 5592 2083 5662 Secundum
2120 5593 2489 5663 Joannem.

542 5807 564 5835 α
599 5785 754 5843 Vado
779 5785 850 5844 ad
879 5801 1005 5843 eum
1053 5785 1145 5860 qui
1174 5802 1262 5845 me
1315 5786 1484 5857 misit,
1531 5794 1585 5845 et
1637 5802 1801 5847 nemo
1847 5804 1915 5844 ex
1970 5803 2074 5846 νο-
2185 5792 2270 5842 rct
2318 5782 2660 5856 interrogare
2708 5799 2818 5859 quo
2873 5782 3000 5842 iret.
3055 5782 3330 5842 Videbunt
3368 5780 3514 5841 enim
3541 5780 3596 5839 in
3623 5779 3760 5838 nube

473 5879 560 5938 bis
614 5882 909 5959 interrogat
937 5899 1028 5939 me
1059 5900 1074 5939 :
1107 5882 1228 5954 Quo
1255 5886 1461 5943 vadis?
1500 5906 1525 5938 ιι
1559 5886 1755 5961 (Joau.
1808 5887 1950 5960 xw.)
1977 5886 2050 5961 Si-

2178 5883 2593 5961 ascendeutem,
2640 5882 2779 5959 certi
2833 5883 2905 5941 de
2960 5882 3157 5956 gloria,
3210 5881 3302 5957 qui
3328 5881 3485 5955 prius
3512 5880 3757 5956 praedicti

461 5978 685 6050 gniﬁcat
711 5998 774 6042 se
802 5989 915 6041 tam
944 5979 1238 6040 manifeste
1292 5982 1516 6053 iturum,
1564 5990 1625 6040 nt
1648 5999 1760 6043 nou
1789 5999 1930 6057 opus
1978 5984 2068 6043 fo-
2178 5982 2438 6059 passione
2466 5981 2794 6056 qumsierant
2824 5999 2839 6040 :
2867 5981 3119 6053 Domine,
3151 5996 3259 6057 quo
3288 5979 3441 6040 vadis
3463 5979 3493 6037 τ
