3924 6412
150 444 259 503 949

1112 448 1695 508 DISFLORATIONES
1737 452 1840 509 SS.
1892 452 2189 508 PATRUM.
2230 483 2298 494 -—
2335 453 2469 509 LIB.
2520 455 2562 509 Ι.

3385 450 3491 507 9ἱο

229 593 254 621 ι
289 566 403 629 Sed
447 574 590 647 quia
634 575 759 632 hinc
803 574 1018 632 locutus
1063 589 1181 630 sum
1220 574 1396 643 vobis,
1429 575 1639 631 tristitia
1672 576 1778 631 im-
1808 577 1864 639 Α
1895 577 2130 634 futurum
2153 580 2439 650 judicium,
2473 596 2541 637 ne
2562 596 2684 638 cum
2714 578 2961 653 principe
2992 575 3180 633 mundi
3223 574 3486 647 judicen-

153 661 323 733 plevit
375 677 480 720 cor
533 674 813 721 vestrum.
857 683 881 715 ι
914 665 1345 720 Contristabatur
1387 665 1655 720 humanus
1697 665 1784 721 af-

156 757 362 828 fectus,
394 761 532 832 quia
566 762 819 818 carnalis
848 761 1201 817 desolabatur
1247 761 1475 817 aﬂ‘eetus
1507 763 1588 843 vel
1620 778 1783 833 aspe-

160 864 302 911 ctus.
341 881 365 905 -
405 858 523 913 Sed
559 874 702 930 ergo
734 858 1018 914 veritatem
1050 858 1175 914 dico
1207 859 1359 913 vobis
1392 874 1404 913 :
1439 860 1671 927 EXprdit
1692 876 1784 913 vo-

160 942 245 999 bis
272 953 330 999 ut
358 962 476 1019 ego
508 948 742 1003 vadam.
773 948 826 1003 Si
849 948 995 1002 enim
1017 962 1123 1001 non
1141 947 1785 1012 abieroJ’aracletusuon

159 1034 348 1089 veniet
378 1034 454 1090 ad
515 1051 654 1091 vos.
694 1036 750 1092 Si
809 1044 989 1090 autem
1046 1036 1247 1100 abiero,
1308 1038 1511 1090 mittam
1545 1053 1666 1091 eum
1716 1036 1784 1091 ad

157 1138 278 1177 vos.
327 1142 352 1173 ι
411 1123 473 1178 Si
531 1125 807 1179 alimenta
866 1133 1055 1179 tenera
1110 1126 1309 1195 quibus
1368 1141 1466 1179 vos
1519 1125 1625 1179 alui
1676 1142 1783 1180 non

159 1220 532 1288 subtraxero,
588 1222 829 1277 solidum
883 1222 1067 1277 cibum
1099 1238 1208 1277 non
1240 1222 1511 1279 esurietis.
1569 1222 1629 1277 Si
1662 1238 1783 1278 car-

157 1307 269 1362 nali
324 1309 644 1366 carnaliter
687 1310 1048 1378 adhzeseritis,
1104 1326 1340 1381 capaces
1395 1311 1619 1381 spiritus
1674 1326 1784 1366 non

158 1396 331 1452 eritis.
366 1397 597 1454 Sensus
630 1408 713 1454 est
746 1414 759 1454 :
789 1400 910 1455 Non
941 1400 1166 1470 potestis
1198 1400 1358 1471 plane
1390 1415 1586 1470 capere
1617 1399 1787 1471 Spiri-

167 1493 281 1541 tum
330 1488 595 1559 quandiu
653 1490 955 1545 secundum
1008 1504 1234 1544 carnem
1293 1505 1413 1543 sum
1470 1490 1776 1544 vobiscum.

162 1576 322 1632 Unde
357 1577 461 1632 ille
505 1578 611 1649 qui
642 1586 936 1649 acceperat
990 1577 1269 1648 Spiritum,
1301 1577 1475 1649 inquit
1507 1594 1519 1632 :
1557 1599 1579 1628 ι
1616 1579 1683 1633 Et
1736 1578 1787 1632 si

164 1674 496 1729 noverimus
528 1676 842 1730 secundum
882 1656 1110 1730 carnem
1161 1675 1588 1739 Christum;sed
1646 1690 1788 1731 nunc

161 1762 276 1833 jam
297 1779 415 1819 non
448 1764 726 1820 novimus
759 1764 834 1833 (Il
849 1765 979 1820 Cor.
1010 1767 1087 1834 v).
1121 1786 1144 1813 ι

245 1918 268 1943 ι
300 1895 376 1951 Et
409 1912 547 1953 cum
581 1897 801 1953 venerit
828 1895 921 1952 ille
950 1908 1145 1970 arguet
1181 1896 1440 1952 mundum
1470 1897 1537 1951 de
1567 1904 1788 1967 peccato

170 1984 314 2041 etde
332 1985 564 2056 justitia
599 1995 652 2040 et
678 1986 746 2040 de
773 1985 1002 2055 judicio.
1040 2010 1061 2034 ι
1098 1987 1678 2056 (Λυσι-δυβιαε.)ῐίοο
1707 1993 1789 2040 est

170 2072 329 2127 dabit
356 2075 550 2139 vobis,
602 2074 797 2129 timore
828 2068 1077 2146 depulso,
1126 2074 1431 2129 libertatem
1483 2075 1781 2146 arguendi.

172 2159 590 2233 lnseparabilia
648 2171 773 2219 sunt
796 2180 964 2235 Opera
1020 2163 1317 2229 Trinitatis,
1351 2163 1448 2217 sed
1508 2163 1791 2237 sigillatim

174 2252 645 2305 commendantur
673 2267 942 2322 personas,
976 2258 1032 2304 ut
1061 2249 1178 2306 sine
1210 2251 1553 2318 confusione,
1586 2259 1635 2306 ct
1668 2250 1793 2304 uni-

173 2344 259 2393 tas
288 2338 645 2413 intelligatur
676 2346 730 2394 et
761 2339 994 2394 trinitas.

251 2492 274 2518 -
311 2472 395 2526 De
430 2479 675 2541 peccato
705 2470 923 2543 quidem
955 2472 1083 2543 quia
1120 2486 1228 2526 non
1285 2471 1520 2527 credunt
1572 2470 1626 2525 in
1683 2486 1791 2534 me,

183 2558 265 2614 De
286 2559 511 2628 justitia
542 2575 700 2626 vero,
734 2560 857 2631 quia
886 2560 955 2615 ad
1013 2562 1226 2615 Patrem
1259 2560 1413 2623 vado,
1448 2568 1502 2614 et
1525 2559 1638 2628 jam
1686 2574 1795 2614 non

180 2647 441 2705 videbitis
460 2665 579 2704 me.
617 2672 641 2698 ιι
676 2649 732 2703 Si
758 2650 1050 2719 aliquando
1074 2650 1253 2718 justus
1280 2648 1534 2719 arguitur
1571 2648 1641 2704 de
1671 2664 1796 2718 pec-

182 2745 325 2803 cato,
358 2739 622 2810 arguitur
654 2754 763 2793 non
818 2738 1138 2807 dejustitia.
1176 2739 1313 2792 llinc
1369 2737 1625 2807 scriptum
1661 2742 1745 2792 est
1777 2755 1791 2792 :

188 2827 361 2881 «Non
420 2836 510 2882 est
549 2828 730 2896 justus
769 2826 824 2880 in
860 2834 1007 2882 terra
1065 2844 1078 2881 :
1128 2826 1220 2899 qui
1253 2826 1410 2881 iaciat
1461 2825 1683 2891 bonum,
1743 2834 1794 2881 et

183 2938 290 2978 non
314 2925 745 2995 peccet(EecIe.
786 2928 920 2994 vit.)
952 2948 974 2973 υ
1013 2925 1144 2978 Item
1183 2942 1195 2979 :
1232 2947 1253 2972 α
1288 2923 1412 2979 Noli
1443 2922 1587 2978 efﬁci
1614 2925 1793 2992 justus

185 3011 414 3068 multum
445 3014 666 3086 (ibid.).
702 3036 725 3061 ιο
759 3013 880 3068 Νοη
911 3021 999 3068 est
1030 3013 1118 3070 hic
1147 3012 1551 3082 notatajustitia
1578 3012 1791 3082 sapien-

184 3101 271 3168 tis,
330 3101 431 3156 sed
482 3102 747 3173 superbia
786 3102 1185 3173 prmsumentis.
1220 3100 1323 3171 Qui
1356 3100 1499 3154 enim
1533 3099 1589 3154 tit
1647 3098 1790 3155 mul-

187 3195 294 3242 tum
321 3189 534 3256 justus,
570 3191 693 3261 ipso
736 3190 903 3245 nimio
948 3189 1006 3244 ﬁt
1037 3190 1287 3259 injustus.
1340 3189 1565 3244 Multum
1611 3199 1791 3244 autem

1893 676 1994 722 tur.
2036 669 2211 724 Claret
2266 672 2392 742 quia
2445 671 2607 726 Pilius
2638 671 2737 726 Dei
2793 685 2919 725 cum
2976 675 3123 723 esset
3178 666 3233 721 in
3279 664 3486 720 mundo

1893 758 2160 827 arguebat
2189 760 2466 827 mundum,
2499 760 2551 814 id
2575 768 2657 814 est
2685 767 2982 814 sectatores
3031 754 3219 812 mundi
3254 754 3322 809 de
3353 768 3489 825 pec-

1893 856 2015 901 cato
2055 863 2168 901 sua:
2196 848 2591 903 ineredulitatis
2622 864 2634 915 ;
2666 848 2734 903 de
2772 846 2999 917 justitia,
3061 844 3184 917 quia
3207 859 3331 898 eum
3363 841 3485 896 imi-

1893 947 1995 999 tari
2020 947 2276 1001 nolebant
2307 963 2321 1012 ;
2354 948 2421 1001 de
2447 948 2670 1015 judicio,
2705 945 2832 1017 quia
2888 943 3185 1007 diabolum,
3222 940 3349 1012 quia
3371 940 3483 1007 jam

1886 1034 2166 1104 judicatus
2198 1045 2246 1090 et
2305 1036 2697 1092 condemnatus
2749 1043 2884 1103 erat,
2946 1039 3325 1102 sequerentur.
3375 1026 3484 1083 Sed

1892 1141 2000 1177 non
2061 1126 2176 1179 sine
2234 1140 2398 1179 causa
2447 1125 2701 1195 Spiritum
2732 1139 2853 1178 eum
2905 1121 3138 1184 veniret,
3186 1119 3290 1173 hoc
3335 1116 3486 1172 idem

1893 1221 2024 1276 dicit
2070 1230 2339 1288 acturum,
2398 1222 2525 1293 quia
2580 1237 2674 1291 per
2719 1219 2838 1289 ejus
2896 1215 3308 1288 inspirationem
3352 1228 3483 1269 cor-

1892 1309 2237 1365 roborandus
2284 1317 2397 1365 erat
2455 1309 2668 1363 animus
2717 1307 3131 1379 discipulorum,
3195 1319 3264 1358 ne
3318 1316 3485 1356 mun-

1893 1399 2043 1464 dum,
2103 1399 2192 1470 qui
2231 1407 2419 1454 contra
2477 1415 2536 1453 se
2595 1397 2881 1462 fremebat,
2939 1408 3143 1465 aguere
3195 1391 3475 1447 timerent.

1894 1496 2176 1552 Judicatus
2200 1505 2279 1551 est
2311 1495 2557 1550 diabolus
2585 1511 2617 1549 a
2646 1494 2900 1558 Domino,
2953 1508 3077 1547 cum
3111 1498 3163 1545 et
3192 1489 3310 1559 ipse
3366 1487 3484 1543 da:-

1894 1585 2077 1640 mouia
2108 1586 2344 1654 ejiceret,
2379 1594 2431 1640 et
2460 1583 2739 1654 discipulis
2796 1582 2953 1637 daret
2990 1586 3314 1651 potestatem
3370 1576 3484 1633 cal-

1895 1673 2055 1731 caudi
2086 1690 2251 1745 super
2280 1689 2498 1729 onmem
2528 1674 2776 1728 virtutem
2798 1669 3024 1725 inimici.

1973 1814 1995 1837 ιι
2030 1790 2218 1845 Adhuc
2272 1788 2437 1843 multa
2489 1788 2666 1843 babeo
2724 1786 2878 1841 vobis
2931 1784 3110 1839 dicere
3171 1797 3185 1851 ;
3235 1780 3332 1836 sed
3377 1796 3487 1837 non

1900 1878 2125 1950 potestis
2153 1887 2371 1950 portare
2385 1877 2572 1932 modo.
2619 1901 2641 1926 ιι
2673 1876 2795 1931 Non
2816 1882 2901 1930 est
2930 1881 3119 1929 contra
3133 1870 3200 1925 ad
3223 1869 3485 1941 bocquod

1898 1978 2150 2047 superius
2181 1978 2331 2043 dixit,
2355 2000 2377 2026 ιι
2412 1973 2973 2047 omniaquaeaudivia
2997 1973 3156 2026 Patre
3187 1985 3308 2025 meo
3358 1975 3487 2023 nota

1899 2065 2001 2123 feci
2030 2068 2520 2130 vobis(loan.xv),
2557 2088 2578 2113 υ
2616 2065 2745 2136 quia
2773 2061 2953 2118 simile
2983 2069 3066 2117 est
3104 2059 3184 2114 illi
3243 2058 3487 2130 prophe-

1899 2156 2008 2211 tico
2042 2175 2054 2211 :
2084 2156 2172 2226 qui
2203 2156 2329 2212 fecit
2367 2172 2489 2227 qum
2522 2153 2697 2209 futura
2732 2159 2876 2207 sunt.

1977 2298 1998 2321 ε
2032 2271 2165 2328 Cum
2193 2280 2371 2328 autem
2430 2270 2638 2326 venerit
2694 2268 2928 2340 Spiritus
2984 2264 3235 2322 veritatis
3277 2262 3494 2321 docebit
3580 2272 3589 2281 ‘

1901 2378 2000 2417 vos
2030 2378 2246 2417 omnem
2281 2361 2587 2418 veritatem.
2634 2383 2655 2407 η
2680 2357 2909 2427 Quidam
2960 2355 3178 2411 codices
3241 2353 3446 2409 habent
3477 2369 3492 2407 :

1905 2475 1926 2499 ι
1963 2451 2209 2507 Deducet
2239 2467 2336 2506 vos
2367 2450 2419 2504 in
2440 2448 2589 2505 omni
2618 2448 2861 2503 veritate.
2898 2468 2919 2494 υ
2953 2444 3107 2501 Unde
3144 2442 3273 2498 illud
3308 2443 3496 2497 :«De-

1901 2549 2007 2604 duc
2035 2565 2142 2614 me,
2180 2547 2422 2614 Domine,
2447 2547 2502 2601 in
2555 2546 2643 2601 via
2693 2553 2799 2609 tua,
2833 2550 2886 2598 et
2932 2540 3207 2614 ingrediar
3253 2538 3305 2594 in
3355 2537 3500 2594 veri-

1906 2653 2014 2699 tate
2047 2646 2578 2717 tua(Psal.Lxxxv).
2625 2665 2646 2690 ι
2679 2642 2800 2697 Non
2816 2638 3207 2697 arbitrorbanc
3224 2635 3499 2691 veritatem

1902 2759 2066 2813 posse
2098 2741 2359 2813 compleri
2394 2740 2446 2796 in
2477 2742 2577 2796 hac
2597 2739 2721 2795 vita.
2747 2736 2904 2794 Unde
2919 2733 3219 2807 Apostolus
3252 2751 3266 2788 :
3304 2733 3503 2788 tNunc

1902 2848 1966 2886 ex
1998 2840 2155 2902 parte
2185 2845 2482 2903 cognosco,
2511 2841 2640 2884 tunc
2689 2835 2870 2881 autem
2895 2838 3231 2895 cognoscam
3284 2820 3424 2877 sicut
3452 2827 3503 2877 et

1903 2934 2006 2987 ego
2038 2918 2287 2988 cognitus
2321 2932 2436 2969 sum
2470 2915 2517 2983 (I
2547 2915 2673 2971 Cor.
2708 2913 2847 2981 xm).
2889 2936 2908 2959 υ
2946 2909 3080 2979 Quis
3134 2908 3281 2964 enim
3337 2907 3503 2962 homo

1901 3007 2043 3062 sicut
2070 3005 2250 3076 angeli
2310 3003 2450 3074 sapit
2478 3001 2819 3057 Trinitatem.
2848 2998 3121 3068 Qumritur
3165 3004 3343 3052 utrum
3383 2994 3503 3066 spi-

1900 3086 2117 3159 rituales
2146 3102 2395 3157 homines
2451 3099 2652 3171 aliquid
2679 3097 2911 3153 habeant
2970 3096 3021 3149 in
3054 3094 3302 3150 doctrina
3357 3090 3504 3164 quod

1906 3192 2222 3249 carnalibus
2256 3196 2491 3257 taceant,
2525 3196 2576 3243 et
2633 3186 2971 3258 spiritalibus
3000 3184 3208 3239 dicant.
3250 3181 3306 3237 Si
3354 3181 3503 3236 dixe-

186 3277 310 3332 lacit
335 3278 551 3347 justum
583 3280 674 3352 qui
703 3279 834 3334 dicit
892 3294 949 3333 se
982 3295 1087 3333 non
1116 3279 1319 3333 habere
1359 3286 1667 3350 peccatum,
1702 3285 1785 3333 aut

1906 3290 2075 3344 rimus
2106 3306 2236 3353 non,
2281 3285 2553 3342 efﬁcietur
2601 3283 2734 3339 illud
2764 3280 3010 3353 Apostoli
3040 3280 3107 3334 ad
3139 3277 3448 3334 Corinthios
3483 3293 3497 3333 :

188 3374 277 3443 qui
307 3390 371 3430 se
404 3383 565 3447 putat
597 3391 707 3430 non
748 3375 927 3446 gratia
957 3374 1079 3443 Dei,
1141 3375 1237 3429 sed
1279 3390 1375 3429 sua
1397 3375 1673 3429 voluntate
1714 3376 1792 3430 ef-

187 3461 272 3517 ﬁci
296 3456 530 3532 justum.
591 3466 858 3537 Arguitur
886 3465 1062 3533 itaque
1118 3466 1349 3517 mundus
1406 3464 1474 3517 de
1535 3473 1784 3534 peccato,

188 3551 306 3621 quia
330 3569 442 3607 non
502 3554 679 3609 credit
709 3553 763 3607 in
803 3553 1076 3608 Christum
1114 3578 1124 3607 ι
1156 3553 1403 3624 arguitur
1460 3552 1528 3607 de
1580 3553 1790 3623 justitia

185 3643 551 3710 quorumdam
568 3642 908 3699 credentium
942 3656 956 3709 ;
995 3658 1118 3695 nam
1152 3640 1390 3695 ﬁdelium
1448 3642 1788 3712 comparatio

185 3747 264 3793 est
293 3739 599 3797 inﬁdelium
633 3740 979 3811 vituperatio.
1024 3740 1230 3796 Sensus
1261 3747 1344 3794 est
1378 3756 1390 3794 :
1425 3739 1545 3794 Erit
1603 3747 1789 3795 vestra

177 3824 382 3895 justitia
414 3847 522 3902 qua
544 3829 784 3885 mundus
811 3829 1080 3899 arguitur.
1114 3829 1238 3899 quia
1287 3829 1355 3883 ad
1385 3830 1593 3882 Patrem
1626 3829 1785 3895 vado,

184 3922 235 3970 et
255 3915 376 3986 jam
433 3935 547 3975 non
603 3917 861 3974 videbitis
916 3934 1022 3985 me,
1056 3918 1180 3990 quia
1212 3917 1263 3971 in
1296 3933 1418 3972 eum
1483 3933 1645 3988 quem
1678 3933 1786 3971 non

181 4004 437 4063 videbitis
466 4006 739 4065 credetis.
778 4006 1012 4075 Quando
1034 4019 1216 4061 autem
1245 4022 1333 4069 me
1365 4004 1642 4072 videbitis,
1702 4005 1786 4060 vi-

183 4091 379 4151 debitis
412 4113 514 4152 me
546 4112 654 4151 non
685 4093 945 4150 humilem
988 4104 1037 4149 ut
1071 4095 1256 4160 modo,
1311 4094 1409 4149 sed
1459 4094 1736 4149 excelsum
1769 4108 1783 4164 ;

182 4197 286 4237 non
317 4187 635 4255 mortalem,
662 4184 757 4240 sed
789 4186 1177 4255 sempiternum
1204 4203 1218 4251 ;
1252 4200 1359 4239 non
1407 4183 1782 4253 judicandum,

185 4281 277 4335 sed
301 4282 685 4351 judicaturum
722 4301 734 4337 :
768 4290 822 4337 et
850 4283 920 4337 de
948 4283 1053 4336 hac
1076 4281 1181 4337 ﬁde
1215 4290 1401 4337 vestra
1431 4282 1574 4336 idem
1617 4279 1784 4350 justi-

186 4368 258 4424 tia
285 4382 483 4443 arguet
520 4371 757 4442 Spiritus
788 4380 1008 4427 sanctus
1047 4370 1389 4426 incredulos.
1431 4370 1581 4425 Idem
1609 4369 1661 4423 in
1694 4386 1786 4422 se-

187 4460 361 4516 cundo
391 4462 543 4517 libro
566 4462 643 4516 De
676 4462 945 4532 baptismo
976 4460 1353 4532 parvulorum.
1404 4458 1543 4527 Qua:
1573 4467 1655 4514 est
1684 4459 1789 4515 ista

181 4545 414 4617 justitia,
440 4566 579 4626 qua,
619 4565 744 4605 cum
777 4566 896 4605 eum
954 4565 1060 4603 non
1095 4548 1369 4613 viderent,
1428 4548 1661 4602 mundus
1692 4562 1789 4601 ar—

1905 3399 1928 3430 c
1963 3380 2083 3434 Non
2141 3376 2292 3447 potui
2350 3375 2505 3429 vobis
2565 3371 2729 3443 loqui,
2777 3370 2929 3443 quasi
2985 3368 3341 3439 spiritalibus,
3401 3366 3497 3420 sed

1901 3467 2056 3538 quasi
2089 3464 2400 3521 carnalibus
2433 3465 2479 3531 (Ι
2510 3464 2632 3518 Cor.
2675 3462 2787 3531 in).
2820 3483 2841 3508 υ
2881 3460 2936 3514 Si
2968 3466 3148 3512 autem
3205 3454 3503 3510 dixerimus

1900 3556 2130 3619 habent,
2182 3553 2482 3607 timendum
2542 3560 2623 3606 est
2682 3566 2751 3604 ne
2808 3549 2908 3603 sub
2961 3547 3064 3603 hac
3127 3543 3386 3601 ocasione
3443 3542 3501 3599 in

1899 3651 2126 3708 occultis
2174 3650 2381 3706 nefaria
2439 3649 2693 3705 doceant.
2766 3647 2881 3701 Hoc
2940 3644 3104 3716 igitur
3143 3640 3497 3714 przecognito,

1898 3742 2044 3813 quod
2075 3757 2136 3795 ea
2170 3757 2291 3811 qua:
2323 3738 2487 3792 simul
2519 3736 2745 3791 audiunt
2776 3733 3047 3805 spiritales
3073 3741 3233 3803 atque
3252 3729 3500 3785 carnales

1898 3830 2099 3902 quique
2130 3844 2230 3900 pro
2284 3843 2382 3881 suo
2434 3826 2598 3881 modo
2643 3824 2882 3895 capiunt,
2934 3820 3007 3876 illi
3040 3829 3097 3875 ut
3126 3820 3232 3874 eibi
3289 3818 3499 3873 solida-

1897 3926 2161 3987 mentum,
2194 3915 2281 3972 isti
2312 3924 2369 3970 ut
2400 3916 2554 3970 laetis
2585 3913 2920 3977 alimentum,
2960 3910 3014 3963 in
3062 3908 3149 3963 illa
3176 3907 3495 3980 intelligitur

1897 4008 2214 4074 necessitas,
2265 4012 2323 4060 ut
2377 4003 2560 4076 aliqua
2614 4010 2825 4057 secreta
2871 3998 3135 4054 doctrina:
3207 4003 3493 4052 taceantur

1897 4096 2153 4150 ﬁdelibus
2183 4092 2444 4165 parvulis,
2477 4107 2724 4147 seorsum
2781 4088 3013 4144 dicenda
3044 4082 3491 4157 intelligentiori-

1896 4188 1996 4242 bus
2027 4185 2229 4255 Ἱραοὰ
2263 4184 2407 4238 enim
2466 4181 2537 4237 ait
2579 4179 2898 4251 Apostolus,
2958 4175 3030 4231 ita
3075 4174 3489 4246 intelligendum

1895 4276 2160 4331 estzNon
2177 4273 2423 4344 potuistis
2468 4286 2663 4341 capere
2720 4285 2837 4338 quae
2867 4266 3131 4339 loquebar
3171 4264 3327 4336 quasi
3371 4262 3490 4333 spi-

1895 4363 2100 4429 ritales,
2135 4360 2230 4417 sed
2265 4358 2422 4432 quasi
2454 4358 2720 4415 carnales.
2766 4356 2922 4413 Unde
2975 4356 3051 4410 ait
3080 4354 3148 4409 ad
3178 4354 3437 4407 Hebrteos
3470 4370 3483 4408 :

1898 4486 1918 4509 α
1967 4459 2111 4516 Facti
2144 4459 2273 4514 estis
2305 4474 2448 4528 opus
2506 4456 2776 4511 habentes
2804 4452 2964 4518 lacte,
2997 4468 3107 4507 non
3137 4450 3313 4506 solido
3361 4449 3488 4506 cibo

1894 4550 2076 4620 (Ilcbr.
2111 4550 2195 4618 v).
2240 4568 2261 4597 ι
2298 4548 2382 4601 Ex
2412 4560 2520 4617 quo
2550 4542 2609 4598 ﬁt
2638 4552 2695 4597 ut
2714 4542 3024 4613 spirituales
3052 4541 3156 4595 ista
3183 4538 3488 4595 carnalibus

188 4648 462 4708 Κυθηρίων.
519 4638 625 4694 nisi
680 4655 751 4701 ea.
791 4654 896 4710 qua
945 4637 1128 4708 justus
1184 4654 1250 4693 ex
1296 4635 1422 4705 ﬁde,
1474 4645 1527 4691 et
1557 4652 1663 4707 qua
1686 4651 1783 4689 nos
1814 4646 1865 4707 ι)
1899 4656 2004 4693 non
2037 4637 2255 4693 omnino
2278 4642 2492 4689 taceant
2521 4640 2743 4704 propter
2773 4630 3102 4686 Catholicam
3152 4627 3332 4691 ﬁdem,
3367 4643 3490 4697 quae

187 4739 290 4781 non
320 4727 688 4799 respicientes
718 4743 838 4798 qua?
864 4726 1136 4793 videntur,
1170 4726 1267 4781 sed
1298 4742 1418 4795 qua“:
1451 4741 1555 4780 non
1587 4724 1782 4779 viden-

188 4819 266 4867 tur
290 4815 494 4885 spiritu
523 4824 575 4871 et
600 4814 724 4882 ﬁde,
756 4815 1144 4885 spemjustititr
1174 4823 1551 4883 exspectamus
1581 4814 1609 4865 ἱ)
1645 4836 1666 4860 «
1702 4812 1781 4868 De

184 4898 382 4970 judicio
407 4914 600 4960 autem
629 4896 765 4977 quia.
806 4905 1061 4975 princeps
1113 4902 1277 4972 hujus
1336 4902 1522 4956 mundi
1550 4901 1664 4972 jam
1702 4901 1782 4969 ju-

191 4997 392 5057 dicatus
423 5010 535 5060 est.
573 5022 596 5053 ι
634 5002 895 5073 Princeps
925 5000 1137 5081 mundi
1160 5010 1242 5056 est
1270 4999 1541 5064 diabolus,
1575 4998 1643 5053 de
1673 5013 1780 5069 quo

189 5095 311 5152 alibi
345 5118 356 5155 :
393 5122 419 5153 ι
458 5101 604 5158 Ecce
632 5100 782 5157 venit
807 5100 1065 5171 princeps
1093 5099 1257 5169 hujus
1286 5097 1495 5161 mundi,
1528 5105 1581 5153 et
1609 5096 1661 5152 in
1692 5112 1781 5152 me

189 5199 291 5241 non
312 5189 478 5247 habet
506 5188 812 5261 quidquam
870 5190 1061 5257 (Joan.
1093 5189 1240 5257 xw).
1283 5207 1306 5238 ι
1342 5186 1575 5241 Mundus
1631 5185 1781 5241 acci-

193 5275 331 5343 pitur
355 5287 408 5334 et
440 5278 503 5336 in
540 5278 686 5334 bono
714 5286 769 5333 et
795 5278 855 5333 in
894 5277 1056 5333 malo.
1084 5277 1218 5332 Nam
1248 5275 1388 5331 sicut
1415 5275 1583 5330 arbor
1638 5273 1780 5329 foliis

195 5379 249 5427 et
265 5378 460 5444 pomis,
490 5391 623 5432 arca
652 5375 816 5448 pellis
858 5383 913 5432 et
941 5374 1153 5445 granis,
1177 5374 1248 5428 ita
1270 5373 1525 5428 ﬁdelibus
1577 5370 1779 5428 etiaﬁ-

199 5459 399 5521 delibus
425 5466 624 5540 plenus
652 5472 738 5521 est
764 5464 1025 5520 mundus.
1052 5463 1334 5519 Judicatus
1364 5469 1447 5517 est
1503 5460 1776 5527 diabolus,

197 5554 248 5611 id
274 5570 352 5617 est
370 5562 583 5634 judicio
614 5562 759 5635 ignis
796 5561 993 5619 alterni
1035 5561 1375 5617 destinatus.
1408 5580 1414 5587 ·
1442 5557 1661 5613 Judicio
1687 5573 1779 5611 ar-

203 5666 372 5738 guitur
395 5668 655 5739 mundus,
714 5668 931 5741 quando
992 5683 1117 5724 cum
1144 5681 1243 5721 suo
1292 5664 1539 5737 principe
1564 5662 1779 5731 judica-

202 5761 305 5812 tur.
337 5761 571 5817 Credant
591 5760 774 5831 itaque
804 5757 1071 5823 homines,
1104 5773 1183 5812 ne
1208 5761 1533 5826 arguantur.
1567 5752 1778 5807 Trans-

207 5859 384 5914 eantin
411 5875 700 5915 numerum
731 5856 989 5921 ﬁdelium,
1022 5872 1092 5911 ne
1121 5861 1424 5925 arguantur
1452 5851 1521 5907 de
1573 5848 1780 5916 justitia

204 5959 376 6003 eorum
427 5956 564 6024 quos
616 5946 946 6020 justiﬁcatos
1000 5960 1119 6001 non
1178 5942 1476 6000 imitantur.
1536 5940 1778 5994 Caveant

1887 4727 2142 4785 omnibus
2183 4722 2533 4798 praedicanda
2563 4728 2645 4777 est
2676 4738 2689 4785 ;
2720 4735 2824 4776 nec
2850 4727 3032 4773 tamen
3064 4718 3145 4772 sic
3174 4716 3487 4771 desiderant

1888 4841 1942 4885 ut
1970 4830 2212 4885 volentes
2243 4842 2363 4881 eam
2395 4823 2695 4896 perducere
2717 4820 2784 4876 ad
2814 4817 3484 4890 intelligentiam,sermo-

1888 4936 2011 4974 nem
2069 4923 2284 4974 vertant
2331 4914 2385 4968 in
2444 4897 2736 4967 fastidium
2776 4909 3096 4989 capacibus.
3168 4907 3289 4977 lpse
3319 4907 3483 4961 homo

1889 5016 2135 5073 Christus
2165 5014 2435 5069 sincerum
2467 5010 2548 5065 lac
2578 5008 2777 5064 dicitur
2806 5005 3180 5078 parvulorum,
3237 5002 3325 5075 qui
3358 5019 3482 5058 cum

1888 5106 2027 5160 bene
2059 5120 2087 5157 a
2109 5101 2478 5173 spiritualibus
2509 5099 2744 5168 capitur,
2771 5094 3042 5151 invenitur
3062 5093 3272 5148 solidus
3288 5091 3471 5149 cibus.

1888 5211 1942 5259 et
1988 5199 2252 5257 Dominus
2275 5196 2623 5268 angelorum.
2688 5194 2925 5251 Proinde
2980 5209 3083 5247 nec
3131 5192 3211 5247 sic
3266 5188 3483 5262 parvuli

1888 5299 2014 5348 sunt
2051 5288 2312 5349 laetandi,
2372 5294 2429 5342 ut
2474 5301 2690 5357 semper
2746 5300 2855 5341 non
2917 5282 3227 5353 intelligant
3278 5281 3479 5348 Deum,

1886 5396 1991 5437 nec
2062 5378 2143 5435 sic
2190 5374 2497 5434 ablactandi
2552 5383 2606 5431 ut
2663 5374 2915 5430 deserant
2984 5370 3263 5427 hominem
3320 5367 3480 5425 Chri-

1886 5478 2061 5526 stum.

1964 5597 1985 5627 ι
2019 5576 2139 5632 Non
2168 5573 2313 5630 enim
2365 5571 2621 5644 loquetur
2649 5584 2683 5625 a
2712 5569 3029 5641 semetipso,
3062 5568 3165 5625 sed
3198 5582 3484 5640 quiscum-

1888 5682 1993 5739 que
2023 5664 2201 5719 audiet
2250 5662 2522 5733 loquetur.
2561 5682 2582 5709 ι
2618 5660 2685 5714 Et
2708 5659 2873 5714 Filius
2892 5667 2947 5713 et
2975 5656 3213 5729 Spiritus
3260 5664 3487 5714 sanctus

1888 5752 2134 5826 aequales
2162 5758 2288 5805 sunt
2320 5748 2490 5804 Patri.
2545 5746 2689 5816 Quid
2716 5756 2901 5802 autem
2929 5745 3141 5800 intersit
3176 5744 3321 5800 inter
3350 5758 3485 5815 pro-

1889 5842 2091 5899 cedere
2120 5847 2172 5893 et
2193 5837 2366 5903 nasci,
2402 5845 2457 5892 et
2483 5836 2715 5908 longum
2746 5843 2832 5893 est
2859 5836 3151 5901 disserere,
3174 5842 3227 5888 et
3256 5839 3487 5888 temera-

1892 5932 2031 5990 rium
2061 5926 2293 5984 difﬁnire
2326 5942 2339 5981 :
2374 5925 2499 5998 quia
2519 5925 2565 5981 si
2591 5924 2723 5997 quid
2740 5924 3035 5979 mensinde
3051 5920 3483 5993 comprehendit,
