  <div class='ocr_page' id='page_1' title='image "/cluster/home/n/w/nwhite01/storage/ocr_20150623/156-157/uc1.31175010662024/1117.png"; bbox 0 0 3924 6402; ppageno 0'>
   <div class='ocr_carea' id='block_1_1' title="bbox 426 400 526 457">
    <p class='ocr_par' dir='ltr' id='par_1_1' title="bbox 426 400 526 457">
     <span class='ocr_line' id='line_1_1' title="bbox 426 400 526 457; baseline -0.01 0"><span class='ocrx_word' id='word_1_1' title='bbox 426 400 526 457; x_wconf 81' lang='grc'><strong>951</strong></span> 
     </span>
    </p>
   </div>
   <div class='ocr_carea' id='block_1_2' title="bbox 1569 404 2607 464">
    <p class='ocr_par' dir='ltr' id='par_1_2' title="bbox 1569 404 2607 464">
     <span class='ocr_line' id='line_1_2' title="bbox 1569 404 2607 464; baseline 0.005 -8"><span class='ocrx_word' id='word_1_2' title='bbox 1569 404 1909 459; x_wconf 77' lang='lat' dir='ltr'><strong>WERNERI</strong></span> <span class='ocrx_word' id='word_1_3' title='bbox 1947 405 2235 460; x_wconf 65' lang='lat' dir='ltr'><strong>ABBATIS</strong></span> <span class='ocrx_word' id='word_1_4' title='bbox 2276 405 2337 461; x_wconf 91' lang='lat' dir='ltr'><strong>S.</strong></span> <span class='ocrx_word' id='word_1_5' title='bbox 2385 406 2607 464; x_wconf 79' lang='lat' dir='ltr'><strong>BLASII</strong></span> 
     </span>
    </p>
   </div>
   <div class='ocr_carea' id='block_1_3' title="bbox 3630 423 3722 476">
    <p class='ocr_par' dir='ltr' id='par_1_3' title="bbox 3630 423 3722 476">
     <span class='ocr_line' id='line_1_3' title="bbox 3630 423 3722 476; baseline 0.011 -1"><span class='ocrx_word' id='word_1_6' title='bbox 3630 423 3722 476; x_wconf 71' lang='lat'><strong>953</strong></span> 
     </span>
    </p>
   </div>
   <div class='ocr_carea' id='block_1_4' title="bbox 428 526 3721 615">
    <p class='ocr_par' dir='ltr' id='par_1_4' title="bbox 428 526 3721 615">
     <span class='ocr_line' id='line_1_4' title="bbox 428 526 3721 615; baseline 0.005 -33"><span class='ocrx_word' id='word_1_7' title='bbox 428 526 633 599; x_wconf 64' lang='lat' dir='ltr'><strong>lingua</strong></span> <span class='ocrx_word' id='word_1_8' title='bbox 660 535 841 585; x_wconf 88' lang='lat' dir='ltr'><strong>tamen</strong></span> <span class='ocrx_word' id='word_1_9' title='bbox 867 527 1247 586; x_wconf 84' lang='lat' dir='ltr'><strong>difficillimum</strong></span> <span class='ocrx_word' id='word_1_10' title='bbox 1278 536 1361 585; x_wconf 90' lang='lat' dir='ltr'><strong>est</strong></span> <span class='ocrx_word' id='word_1_11' title='bbox 1407 529 1702 600; x_wconf 86' lang='lat' dir='ltr'><strong>explicare,</strong></span> <span class='ocrx_word' id='word_1_12' title='bbox 1763 537 2030 602; x_wconf 82' lang='lat' dir='ltr'><strong>quantus—</strong></span> <span class='ocrx_word' id='word_1_13' title='bbox 2059 550 2112 612; x_wconf 71' lang='grc' dir='ltr'><strong>Α</strong></span> <span class='ocrx_word' id='word_1_14' title='bbox 2145 530 2302 587; x_wconf 89' lang='lat' dir='ltr'><strong>Patre</strong></span> <span class='ocrx_word' id='word_1_15' title='bbox 2331 533 2547 606; x_wconf 90' lang='lat' dir='ltr'><strong>accepit</strong></span> <span class='ocrx_word' id='word_1_16' title='bbox 2576 534 2815 606; x_wconf 79' lang='lat' dir='ltr'><strong>Spiritus</strong></span> <span class='ocrx_word' id='word_1_17' title='bbox 2844 544 3065 596; x_wconf 88' lang='lat' dir='ltr'><strong>sanctus</strong></span> <span class='ocrx_word' id='word_1_18' title='bbox 3094 539 3242 597; x_wconf 86' lang='lat' dir='ltr'><strong>unde</strong></span> <span class='ocrx_word' id='word_1_19' title='bbox 3265 540 3473 615; x_wconf 85' lang='lat' dir='ltr'><strong>accepit</strong></span> <span class='ocrx_word' id='word_1_20' title='bbox 3520 543 3681 600; x_wconf 80' lang='lat' dir='ltr'><strong>Filius</strong></span> <span class='ocrx_word' id='word_1_21' title='bbox 3708 560 3721 600; x_wconf 95' lang='lat'>:</span> 
     </span>
    </p>
   </div>
   <div class='ocr_carea' id='block_1_5' title="bbox 432 618 2030 695">
    <p class='ocr_par' dir='ltr' id='par_1_5' title="bbox 432 618 2030 695">
     <span class='ocr_line' id='line_1_5' title="bbox 432 618 2030 695; baseline 0.001 -19"><span class='ocrx_word' id='word_1_22' title='bbox 432 618 570 676; x_wconf 86' lang='lat' dir='ltr'><strong>libet</strong></span> <span class='ocrx_word' id='word_1_23' title='bbox 621 623 805 692; x_wconf 70' lang='lat' dir='ltr'><strong>prtesit</strong></span> <span class='ocrx_word' id='word_1_24' title='bbox 871 622 1084 689; x_wconf 89' lang='lat' dir='ltr'><strong>doctor,</strong></span> <span class='ocrx_word' id='word_1_25' title='bbox 1154 622 1533 695; x_wconf 86' lang='lat' dir='ltr'><strong>quantuslibet</strong></span> <span class='ocrx_word' id='word_1_26' title='bbox 1618 623 1754 679; x_wconf 89' lang='lat' dir='ltr'><strong>assit</strong></span> <span class='ocrx_word' id='word_1_27' title='bbox 1795 623 2030 679; x_wconf 76' lang='lat' dir='ltr'><strong>auditor.</strong></span> 
     </span>
    </p>
   </div>
   <div class='ocr_carea' id='block_1_6' title="bbox 436 710 2037 784">
    <p class='ocr_par' dir='ltr' id='par_1_6' title="bbox 436 710 2037 784">
     <span class='ocr_line' id='line_1_6' title="bbox 436 710 2037 784; baseline 0.001 -18"><span class='ocrx_word' id='word_1_28' title='bbox 436 710 644 766; x_wconf 87' lang='lat' dir='ltr'><strong>Sensus</strong></span> <span class='ocrx_word' id='word_1_29' title='bbox 670 719 755 765; x_wconf 89' lang='lat' dir='ltr'><strong>est</strong></span> <span class='ocrx_word' id='word_1_30' title='bbox 789 730 801 766; x_wconf 87' lang='lat'><strong>:</strong></span> <span class='ocrx_word' id='word_1_31' title='bbox 841 733 862 760; x_wconf 71' lang='grc' dir='ltr'>ιι</span> <span class='ocrx_word' id='word_1_32' title='bbox 897 712 1021 766; x_wconf 85' lang='lat' dir='ltr'><strong>Non</strong></span> <span class='ocrx_word' id='word_1_33' title='bbox 1059 712 1310 782; x_wconf 78' lang='lat' dir='ltr'><strong>loquetur</strong></span> <span class='ocrx_word' id='word_1_34' title='bbox 1330 712 1695 783; x_wconf 88' lang='lat' dir='ltr'><strong>asemetipso,</strong></span> <span class='ocrx_word' id='word_1_35' title='bbox 1728 733 1750 763; x_wconf 73' lang='lat' dir='ltr'><strong>ii</strong></span> <span class='ocrx_word' id='word_1_36' title='bbox 1777 712 1908 784; x_wconf 83' lang='lat' dir='ltr'><strong>quia</strong></span> <span class='ocrx_word' id='word_1_37' title='bbox 1928 728 2037 768; x_wconf 90' lang='lat' dir='ltr'><strong>non</strong></span> 
     </span>
    </p>
   </div>
   <div class='ocr_carea' id='block_1_7' title="bbox 435 800 2035 873">
    <p class='ocr_par' dir='ltr' id='par_1_7' title="bbox 435 800 2035 873">
     <span class='ocr_line' id='line_1_7' title="bbox 435 800 2035 873; baseline 0.001 -17"><span class='ocrx_word' id='word_1_38' title='bbox 435 807 567 856; x_wconf 88' lang='lat' dir='ltr'><strong>esta</strong></span> <span class='ocrx_word' id='word_1_39' title='bbox 591 800 901 870; x_wconf 79' lang='lat' dir='ltr'><strong>semetipso.</strong></span> <span class='ocrx_word' id='word_1_40' title='bbox 936 800 1020 855; x_wconf 79' lang='lat' dir='ltr'><strong>Ab</strong></span> <span class='ocrx_word' id='word_1_41' title='bbox 1048 800 1142 856; x_wconf 88' lang='lat' dir='ltr'><strong>illo</strong></span> <span class='ocrx_word' id='word_1_42' title='bbox 1171 817 1306 873; x_wconf 83' lang='lat' dir='ltr'><strong>ergo</strong></span> <span class='ocrx_word' id='word_1_43' title='bbox 1323 802 1509 857; x_wconf 84' lang='lat' dir='ltr'><strong>audiet</strong></span> <span class='ocrx_word' id='word_1_44' title='bbox 1559 817 1592 856; x_wconf 91' lang='lat' dir='ltr'><strong>a</strong></span> <span class='ocrx_word' id='word_1_45' title='bbox 1623 816 1732 873; x_wconf 93' lang='lat' dir='ltr'><strong>quo</strong></span> <span class='ocrx_word' id='word_1_46' title='bbox 1766 801 2035 872; x_wconf 81' lang='lat' dir='ltr'><strong>procedit.</strong></span> 
     </span>
    </p>
   </div>
   <div class='ocr_carea' id='block_1_8' title="bbox 435 895 2040 965">
    <p class='ocr_par' dir='ltr' id='par_1_8' title="bbox 435 895 2040 965">
     <span class='ocr_line' id='line_1_8' title="bbox 435 895 2040 965; baseline 0.001 -14"><span class='ocrx_word' id='word_1_47' title='bbox 435 895 646 951; x_wconf 84' lang='lat' dir='ltr'><strong>Audire</strong></span> <span class='ocrx_word' id='word_1_48' title='bbox 677 896 753 950; x_wconf 88' lang='lat' dir='ltr'><strong>illi</strong></span> <span class='ocrx_word' id='word_1_49' title='bbox 781 898 922 952; x_wconf 89' lang='lat' dir='ltr'><strong>scire</strong></span> <span class='ocrx_word' id='word_1_50' title='bbox 954 906 1035 951; x_wconf 89' lang='lat' dir='ltr'><strong>est</strong></span> <span class='ocrx_word' id='word_1_51' title='bbox 1063 911 1075 965; x_wconf 93' lang='lat'><strong>;</strong></span> <span class='ocrx_word' id='word_1_52' title='bbox 1110 898 1252 954; x_wconf 91' lang='lat' dir='ltr'><strong>scire</strong></span> <span class='ocrx_word' id='word_1_53' title='bbox 1308 914 1444 954; x_wconf 89' lang='lat' dir='ltr'><strong>vero</strong></span> <span class='ocrx_word' id='word_1_54' title='bbox 1473 915 1618 954; x_wconf 88' lang='lat' dir='ltr'><strong>esse.</strong></span> <span class='ocrx_word' id='word_1_55' title='bbox 1666 899 1789 954; x_wconf 90' lang='lat' dir='ltr'><strong>Non</strong></span> <span class='ocrx_word' id='word_1_56' title='bbox 1818 907 2040 954; x_wconf 82' lang='lat' dir='ltr'><strong>moveat</strong></span> 
     </span>
    </p>
   </div>
   <div class='ocr_carea' id='block_1_9' title="bbox 438 984 2039 1060">
    <p class='ocr_par' dir='ltr' id='par_1_9' title="bbox 438 984 2039 1060">
     <span class='ocr_line' id='line_1_9' title="bbox 438 984 2039 1060; baseline 0.002 -20"><span class='ocrx_word' id='word_1_57' title='bbox 438 984 582 1057; x_wconf 92' lang='lat' dir='ltr'><strong>quod</strong></span> <span class='ocrx_word' id='word_1_58' title='bbox 614 986 841 1040; x_wconf 88' lang='lat' dir='ltr'><strong>verbum</strong></span> <span class='ocrx_word' id='word_1_59' title='bbox 872 985 1036 1042; x_wconf 82' lang='lat' dir='ltr'><strong>futuri</strong></span> <span class='ocrx_word' id='word_1_60' title='bbox 1093 987 1357 1058; x_wconf 88' lang='lat' dir='ltr'><strong>temporis</strong></span> <span class='ocrx_word' id='word_1_61' title='bbox 1403 989 1639 1059; x_wconf 88' lang='lat' dir='ltr'><strong>positum</strong></span> <span class='ocrx_word' id='word_1_62' title='bbox 1670 997 1772 1055; x_wconf 91' lang='lat' dir='ltr'><strong>est,</strong></span> <span class='ocrx_word' id='word_1_63' title='bbox 1809 989 1936 1060; x_wconf 90' lang='lat' dir='ltr'><strong>quia</strong></span> <span class='ocrx_word' id='word_1_64' title='bbox 1983 989 2039 1044; x_wconf 90' lang='lat' dir='ltr'><strong>in</strong></span> 
     </span>
    </p>
   </div>
   <div class='ocr_carea' id='block_1_10' title="bbox 438 1083 2040 1158">
    <p class='ocr_par' dir='ltr' id='par_1_10' title="bbox 438 1083 2040 1158">
     <span class='ocr_line' id='line_1_10' title="bbox 438 1083 2040 1158; baseline 0.001 -20"><span class='ocrx_word' id='word_1_65' title='bbox 438 1098 504 1138; x_wconf 92' lang='lat' dir='ltr'><strong>eo</strong></span> <span class='ocrx_word' id='word_1_66' title='bbox 533 1083 684 1155; x_wconf 82' lang='lat' dir='ltr'><strong>quod</strong></span> <span class='ocrx_word' id='word_1_67' title='bbox 716 1084 1106 1155; x_wconf 88' lang='lat' dir='ltr'><strong>sempiternum</strong></span> <span class='ocrx_word' id='word_1_68' title='bbox 1138 1094 1242 1152; x_wconf 88' lang='lat' dir='ltr'><strong>est,</strong></span> <span class='ocrx_word' id='word_1_69' title='bbox 1280 1086 1571 1153; x_wconf 86' lang='lat' dir='ltr'><strong>cujuslibet</strong></span> <span class='ocrx_word' id='word_1_70' title='bbox 1610 1086 1880 1158; x_wconf 89' lang='lat' dir='ltr'><strong>temporis</strong></span> <span class='ocrx_word' id='word_1_71' title='bbox 1909 1102 2040 1142; x_wconf 90' lang='lat' dir='ltr'><strong>ver-</strong></span> 
     </span>
    </p>
   </div>
   <div class='ocr_carea' id='block_1_11' title="bbox 439 1170 2043 1246">
    <p class='ocr_par' dir='ltr' id='par_1_11' title="bbox 439 1170 2043 1246">
     <span class='ocr_line' id='line_1_11' title="bbox 439 1170 2043 1246; baseline 0.002 -20"><span class='ocrx_word' id='word_1_72' title='bbox 439 1170 569 1227; x_wconf 85' lang='lat' dir='ltr'><strong>bum</strong></span> <span class='ocrx_word' id='word_1_73' title='bbox 610 1180 864 1243; x_wconf 89' lang='lat' dir='ltr'><strong>ponatur,</strong></span> <span class='ocrx_word' id='word_1_74' title='bbox 928 1189 1034 1229; x_wconf 91' lang='lat' dir='ltr'><strong>non</strong></span> <span class='ocrx_word' id='word_1_75' title='bbox 1094 1175 1431 1231; x_wconf 84' lang='lat' dir='ltr'><strong>mendaciter</strong></span> <span class='ocrx_word' id='word_1_76' title='bbox 1486 1176 1723 1246; x_wconf 81' lang='lat' dir='ltr'><strong>ponitur.</strong></span> <span class='ocrx_word' id='word_1_77' title='bbox 1780 1174 2043 1245; x_wconf 83' lang='lat' dir='ltr'><strong>Quamvis</strong></span> 
     </span>
    </p>
   </div>
   <div class='ocr_carea' id='block_1_12' title="bbox 440 1261 2040 1331">
    <p class='ocr_par' dir='ltr' id='par_1_12' title="bbox 440 1261 2040 1331">
     <span class='ocr_line' id='line_1_12' title="bbox 440 1261 2040 1331; baseline 0.001 -14"><span class='ocrx_word' id='word_1_78' title='bbox 440 1261 583 1317; x_wconf 90' lang='lat' dir='ltr'><strong>enim</strong></span> <span class='ocrx_word' id='word_1_79' title='bbox 630 1270 828 1316; x_wconf 86' lang='lat' dir='ltr'><strong>natura</strong></span> <span class='ocrx_word' id='word_1_80' title='bbox 865 1272 966 1329; x_wconf 83' lang='lat' dir='ltr'><strong>est,</strong></span> <span class='ocrx_word' id='word_1_81' title='bbox 1020 1263 1113 1319; x_wconf 90' lang='lat' dir='ltr'><strong>illa</strong></span> <span class='ocrx_word' id='word_1_82' title='bbox 1169 1264 1631 1320; x_wconf 89' lang='lat' dir='ltr'><strong>incommutabilis</strong></span> <span class='ocrx_word' id='word_1_83' title='bbox 1688 1273 1794 1331; x_wconf 81' lang='lat' dir='ltr'><strong>est,</strong></span> <span class='ocrx_word' id='word_1_84' title='bbox 1827 1270 1885 1321; x_wconf 90' lang='lat' dir='ltr'><strong>et</strong></span> <span class='ocrx_word' id='word_1_85' title='bbox 1929 1280 2040 1319; x_wconf 91' lang='lat' dir='ltr'><strong>non</strong></span> 
     </span>
    </p>
   </div>
   <div class='ocr_carea' id='block_1_13' title="bbox 439 1350 2041 1426">
    <p class='ocr_par' dir='ltr' id='par_1_13' title="bbox 439 1350 2041 1426">
     <span class='ocr_line' id='line_1_13' title="bbox 439 1350 2041 1426; baseline 0.003 -21"><span class='ocrx_word' id='word_1_86' title='bbox 439 1351 624 1421; x_wconf 87' lang='lat' dir='ltr'><strong>reipsa</strong></span> <span class='ocrx_word' id='word_1_87' title='bbox 656 1350 754 1406; x_wconf 88' lang='lat' dir='ltr'><strong>fuit</strong></span> <span class='ocrx_word' id='word_1_88' title='bbox 783 1359 837 1408; x_wconf 92' lang='lat' dir='ltr'><strong>ct</strong></span> <span class='ocrx_word' id='word_1_89' title='bbox 867 1352 985 1419; x_wconf 89' lang='lat' dir='ltr'><strong>erit,</strong></span> <span class='ocrx_word' id='word_1_90' title='bbox 1018 1354 1117 1408; x_wconf 92' lang='lat' dir='ltr'><strong>sed</strong></span> <span class='ocrx_word' id='word_1_91' title='bbox 1151 1361 1350 1409; x_wconf 82' lang='lat' dir='ltr'><strong>tantum</strong></span> <span class='ocrx_word' id='word_1_92' title='bbox 1384 1361 1486 1409; x_wconf 91' lang='lat' dir='ltr'><strong>est.</strong></span> <span class='ocrx_word' id='word_1_93' title='bbox 1519 1353 1654 1410; x_wconf 82' lang='lat' dir='ltr'><strong>lude</strong></span> <span class='ocrx_word' id='word_1_94' title='bbox 1685 1353 1848 1410; x_wconf 89' lang='lat' dir='ltr'><strong>illud:</strong></span> <span class='ocrx_word' id='word_1_95' title='bbox 1874 1374 1897 1405; x_wconf 72' lang='grc' dir='ltr'>ι</span> <span class='ocrx_word' id='word_1_96' title='bbox 1920 1353 2041 1426; x_wconf 87' lang='lat' dir='ltr'><strong>Ego</strong></span> 
     </span>
    </p>
   </div>
   <div class='ocr_carea' id='block_1_14' title="bbox 440 1439 2031 1513">
    <p class='ocr_par' dir='ltr' id='par_1_14' title="bbox 440 1439 2031 1513">
     <span class='ocr_line' id='line_1_14' title="bbox 440 1439 2031 1513; baseline 0.003 -20"><span class='ocrx_word' id='word_1_97' title='bbox 440 1455 562 1494; x_wconf 91' lang='lat' dir='ltr'><strong>sum</strong></span> <span class='ocrx_word' id='word_1_98' title='bbox 591 1439 683 1512; x_wconf 91' lang='lat' dir='ltr'><strong>qui</strong></span> <span class='ocrx_word' id='word_1_99' title='bbox 742 1457 882 1509; x_wconf 90' lang='lat' dir='ltr'><strong>sum,</strong></span> <span class='ocrx_word' id='word_1_100' title='bbox 915 1450 965 1497; x_wconf 92' lang='lat' dir='ltr'><strong>et</strong></span> <span class='ocrx_word' id='word_1_101' title='bbox 998 1443 1086 1513; x_wconf 92' lang='lat' dir='ltr'><strong>qui</strong></span> <span class='ocrx_word' id='word_1_102' title='bbox 1118 1448 1206 1497; x_wconf 89' lang='lat' dir='ltr'><strong>est</strong></span> <span class='ocrx_word' id='word_1_103' title='bbox 1247 1441 1389 1497; x_wconf 88' lang='lat' dir='ltr'><strong>misit</strong></span> <span class='ocrx_word' id='word_1_104' title='bbox 1430 1458 1520 1497; x_wconf 90' lang='lat' dir='ltr'><strong>me</strong></span> <span class='ocrx_word' id='word_1_105' title='bbox 1569 1441 1635 1497; x_wconf 88' lang='lat' dir='ltr'><strong>ad</strong></span> <span class='ocrx_word' id='word_1_106' title='bbox 1669 1458 1768 1499; x_wconf 92' lang='lat' dir='ltr'><strong>vos</strong></span> <span class='ocrx_word' id='word_1_107' title='bbox 1825 1442 2031 1512; x_wconf 74' lang='lat' dir='ltr'><strong>(Exod.</strong></span> 
     </span>
    </p>
   </div>
   <div class='ocr_carea' id='block_1_15' title="bbox 441 1540 2040 1612">
    <p class='ocr_par' dir='ltr' id='par_1_15' title="bbox 441 1540 2040 1612">
     <span class='ocr_line' id='line_1_15' title="bbox 441 1540 2040 1612; baseline 0.002 -19"><span class='ocrx_word' id='word_1_108' title='bbox 441 1540 522 1611; x_wconf 89' lang='grc' dir='ltr'>ιιι)</span> <span class='ocrx_word' id='word_1_109' title='bbox 555 1557 571 1605; x_wconf 85' lang='lat'><strong>;</strong></span> <span class='ocrx_word' id='word_1_110' title='bbox 609 1561 631 1588; x_wconf 80' lang='grc' dir='ltr'><strong>υ</strong></span> <span class='ocrx_word' id='word_1_111' title='bbox 662 1546 843 1596; x_wconf 89' lang='lat' dir='ltr'><strong>tamen</strong></span> <span class='ocrx_word' id='word_1_112' title='bbox 896 1549 1121 1612; x_wconf 87' lang='lat' dir='ltr'><strong>propter</strong></span> <span class='ocrx_word' id='word_1_113' title='bbox 1173 1540 1589 1596; x_wconf 80' lang='lat' dir='ltr'><strong>mutabilitatem</strong></span> <span class='ocrx_word' id='word_1_114' title='bbox 1648 1550 1955 1612; x_wconf 88' lang='lat' dir='ltr'><strong>temporum</strong></span> <span class='ocrx_word' id='word_1_115' title='bbox 1986 1542 2040 1596; x_wconf 91' lang='lat' dir='ltr'><strong>in</strong></span> 
     </span>
    </p>
   </div>
   <div class='ocr_carea' id='block_1_16' title="bbox 444 1630 2043 1700">
    <p class='ocr_par' dir='ltr' id='par_1_16' title="bbox 444 1630 2043 1700">
     <span class='ocr_line' id='line_1_16' title="bbox 444 1630 2043 1700; baseline 0.001 -17"><span class='ocrx_word' id='word_1_116' title='bbox 444 1644 551 1700; x_wconf 90' lang='lat' dir='ltr'><strong>quo</strong></span> <span class='ocrx_word' id='word_1_117' title='bbox 584 1638 836 1685; x_wconf 86' lang='lat' dir='ltr'><strong>versatur</strong></span> <span class='ocrx_word' id='word_1_118' title='bbox 863 1639 1051 1685; x_wconf 89' lang='lat' dir='ltr'><strong>nostra</strong></span> <span class='ocrx_word' id='word_1_119' title='bbox 1088 1630 1419 1686; x_wconf 91' lang='lat' dir='ltr'><strong>mutabilitas</strong></span> <span class='ocrx_word' id='word_1_120' title='bbox 1440 1646 1550 1687; x_wconf 90' lang='lat' dir='ltr'><strong>non</strong></span> <span class='ocrx_word' id='word_1_121' title='bbox 1579 1631 1912 1686; x_wconf 86' lang='lat' dir='ltr'><strong>mendaciter</strong></span> <span class='ocrx_word' id='word_1_122' title='bbox 1962 1631 2043 1685; x_wconf 89' lang='lat' dir='ltr'><strong>di-</strong></span> 
     </span>
    </p>
   </div>
   <div class='ocr_carea' id='block_1_17' title="bbox 376 1707 1307 1788">
    <p class='ocr_par' dir='ltr' id='par_1_17' title="bbox 376 1707 1307 1788">
     <span class='ocr_line' id='line_1_17' title="bbox 376 1707 1307 1788; baseline 0.001 -14"><span class='ocrx_word' id='word_1_123' title='bbox 376 1707 391 1722; x_wconf 81' lang='grc'><em>’</em></span> <span class='ocrx_word' id='word_1_124' title='bbox 439 1718 616 1774; x_wconf 87' lang='lat' dir='ltr'><strong>cimus</strong></span> <span class='ocrx_word' id='word_1_125' title='bbox 647 1726 699 1774; x_wconf 89' lang='lat' dir='ltr'><strong>et</strong></span> <span class='ocrx_word' id='word_1_126' title='bbox 729 1718 846 1788; x_wconf 84' lang='lat' dir='ltr'><strong>fuit,</strong></span> <span class='ocrx_word' id='word_1_127' title='bbox 879 1728 932 1774; x_wconf 89' lang='lat' dir='ltr'><strong>et</strong></span> <span class='ocrx_word' id='word_1_128' title='bbox 961 1728 1063 1786; x_wconf 87' lang='lat' dir='ltr'><strong>est,</strong></span> <span class='ocrx_word' id='word_1_129' title='bbox 1097 1729 1150 1776; x_wconf 90' lang='lat' dir='ltr'><strong>et</strong></span> <span class='ocrx_word' id='word_1_130' title='bbox 1178 1721 1307 1775; x_wconf 87' lang='lat' dir='ltr'><strong>erit.</strong></span> 
     </span>
    </p>
   </div>
   <div class='ocr_carea' id='block_1_18' title="bbox 515 1832 2030 1903">
    <p class='ocr_par' dir='ltr' id='par_1_18' title="bbox 515 1832 2030 1903">
     <span class='ocr_line' id='line_1_18' title="bbox 515 1832 2030 1903; baseline 0.001 -16"><span class='ocrx_word' id='word_1_131' title='bbox 515 1854 536 1880; x_wconf 83' lang='grc' dir='ltr'>ι</span> <span class='ocrx_word' id='word_1_132' title='bbox 573 1833 640 1887; x_wconf 87' lang='lat' dir='ltr'><strong>Et</strong></span> <span class='ocrx_word' id='word_1_133' title='bbox 681 1849 805 1903; x_wconf 74' lang='lat' dir='ltr'><strong>quae</strong></span> <span class='ocrx_word' id='word_1_134' title='bbox 848 1840 1075 1889; x_wconf 89' lang='lat' dir='ltr'><strong>ventura</strong></span> <span class='ocrx_word' id='word_1_135' title='bbox 1141 1841 1287 1901; x_wconf 91' lang='lat' dir='ltr'><strong>sunt,</strong></span> <span class='ocrx_word' id='word_1_136' title='bbox 1328 1833 1673 1889; x_wconf 86' lang='lat' dir='ltr'><strong>annuntiabit</strong></span> <span class='ocrx_word' id='word_1_137' title='bbox 1750 1832 1936 1889; x_wconf 83' lang='lat' dir='ltr'><strong>vobis.</strong></span> <span class='ocrx_word' id='word_1_138' title='bbox 2007 1854 2030 1882; x_wconf 75' lang='grc' dir='ltr'>ι</span> 
     </span>
    </p>
   </div>
   <div class='ocr_carea' id='block_1_19' title="bbox 433 1921 2037 1996">
    <p class='ocr_par' dir='ltr' id='par_1_19' title="bbox 433 1921 2037 1996">
     <span class='ocr_line' id='line_1_19' title="bbox 433 1921 2037 1996; baseline 0.001 -20"><span class='ocrx_word' id='word_1_139' title='bbox 433 1921 585 1976; x_wconf 82' lang='lat' dir='ltr'><strong>Multi</strong></span> <span class='ocrx_word' id='word_1_140' title='bbox 641 1922 949 1978; x_wconf 89' lang='lat' dir='ltr'><strong>habuerunt</strong></span> <span class='ocrx_word' id='word_1_141' title='bbox 1027 1923 1272 1996; x_wconf 89' lang='lat' dir='ltr'><strong>spiritum</strong></span> <span class='ocrx_word' id='word_1_142' title='bbox 1354 1923 1677 1995; x_wconf 68' lang='lat' dir='ltr'><strong>prophetiae,</strong></span> <span class='ocrx_word' id='word_1_143' title='bbox 1735 1923 1832 1977; x_wconf 89' lang='lat' dir='ltr'><strong>sed</strong></span> <span class='ocrx_word' id='word_1_144' title='bbox 1908 1921 2037 1994; x_wconf 84' lang='lat' dir='ltr'><strong>quia</strong></span> 
     </span>
    </p>
   </div>
   <div class='ocr_carea' id='block_1_20' title="bbox 431 2011 2034 2080">
    <p class='ocr_par' dir='ltr' id='par_1_20' title="bbox 431 2011 2034 2080">
     <span class='ocr_line' id='line_1_20' title="bbox 431 2011 2034 2080; baseline 0.002 -15"><span class='ocrx_word' id='word_1_145' title='bbox 431 2011 684 2066; x_wconf 86' lang='lat' dir='ltr'><strong>nonnulli</strong></span> <span class='ocrx_word' id='word_1_146' title='bbox 728 2012 981 2068; x_wconf 82' lang='lat' dir='ltr'><strong>infirmos</strong></span> <span class='ocrx_word' id='word_1_147' title='bbox 1028 2020 1239 2080; x_wconf 90' lang='lat' dir='ltr'><strong>curant,</strong></span> <span class='ocrx_word' id='word_1_148' title='bbox 1297 2023 1543 2069; x_wconf 92' lang='lat' dir='ltr'><strong>mortuos</strong></span> <span class='ocrx_word' id='word_1_149' title='bbox 1581 2012 1863 2078; x_wconf 85' lang='lat' dir='ltr'><strong>suscitant,</strong></span> <span class='ocrx_word' id='word_1_150' title='bbox 1918 2012 2034 2068; x_wconf 72' lang='lat' dir='ltr'><strong>doe-</strong></span> 
     </span>
    </p>
   </div>
   <div class='ocr_carea' id='block_1_21' title="bbox 432 2107 2036 2183">
    <p class='ocr_par' dir='ltr' id='par_1_21' title="bbox 432 2107 2036 2183">
     <span class='ocr_line' id='line_1_21' title="bbox 432 2107 2036 2183; baseline 0.002 -20"><span class='ocrx_word' id='word_1_151' title='bbox 432 2107 690 2165; x_wconf 90' lang='lat' dir='ltr'><strong>monibus</strong></span> <span class='ocrx_word' id='word_1_152' title='bbox 752 2110 1047 2182; x_wconf 87' lang='lat' dir='ltr'><strong>imperant,</strong></span> <span class='ocrx_word' id='word_1_153' title='bbox 1137 2128 1240 2168; x_wconf 90' lang='lat' dir='ltr'><strong>nec</strong></span> <span class='ocrx_word' id='word_1_154' title='bbox 1312 2120 1496 2167; x_wconf 90' lang='lat' dir='ltr'><strong>tamen</strong></span> <span class='ocrx_word' id='word_1_155' title='bbox 1564 2110 1749 2167; x_wconf 88' lang='lat' dir='ltr'><strong>futura</strong></span> <span class='ocrx_word' id='word_1_156' title='bbox 1824 2125 2036 2183; x_wconf 82' lang='lat' dir='ltr'><strong>cogno—</strong></span> 
     </span>
    </p>
   </div>
   <div class='ocr_carea' id='block_1_22' title="bbox 437 2199 2036 2274">
    <p class='ocr_par' dir='ltr' id='par_1_22' title="bbox 437 2199 2036 2274">
     <span class='ocr_line' id='line_1_22' title="bbox 437 2199 2036 2274; baseline 0.001 -21"><span class='ocrx_word' id='word_1_157' title='bbox 437 2207 618 2267; x_wconf 79' lang='lat' dir='ltr'><strong>scunt,</strong></span> <span class='ocrx_word' id='word_1_158' title='bbox 671 2207 852 2272; x_wconf 88' lang='lat' dir='ltr'><strong>potest</strong></span> <span class='ocrx_word' id='word_1_159' title='bbox 908 2200 988 2256; x_wconf 83' lang='lat' dir='ltr'><strong>sic</strong></span> <span class='ocrx_word' id='word_1_160' title='bbox 1018 2200 1215 2273; x_wconf 86' lang='lat' dir='ltr'><strong>accipi,</strong></span> <span class='ocrx_word' id='word_1_161' title='bbox 1275 2202 1400 2274; x_wconf 88' lang='lat' dir='ltr'><strong>quia</strong></span> <span class='ocrx_word' id='word_1_162' title='bbox 1458 2199 1698 2273; x_wconf 91' lang='lat' dir='ltr'><strong>Spiritus</strong></span> <span class='ocrx_word' id='word_1_163' title='bbox 1727 2199 2036 2255; x_wconf 85' lang='lat' dir='ltr'><strong>adveniens</strong></span> 
     </span>
    </p>
   </div>
   <div class='ocr_carea' id='block_1_23' title="bbox 436 2288 2038 2362">
    <p class='ocr_par' dir='ltr' id='par_1_23' title="bbox 436 2288 2038 2362">
     <span class='ocr_line' id='line_1_23' title="bbox 436 2288 2038 2362; baseline 0.001 -20"><span class='ocrx_word' id='word_1_164' title='bbox 436 2297 660 2344; x_wconf 78' lang='lat' dir='ltr'><strong>ventura</strong></span> <span class='ocrx_word' id='word_1_165' title='bbox 705 2290 995 2358; x_wconf 89' lang='lat' dir='ltr'><strong>nuntiaret,</strong></span> <span class='ocrx_word' id='word_1_166' title='bbox 1028 2288 1301 2347; x_wconf 87' lang='lat' dir='ltr'><strong>reducens</strong></span> <span class='ocrx_word' id='word_1_167' title='bbox 1330 2290 1400 2346; x_wconf 92' lang='lat' dir='ltr'><strong>ad</strong></span> <span class='ocrx_word' id='word_1_168' title='bbox 1454 2290 1786 2346; x_wconf 89' lang='lat' dir='ltr'><strong>memoriam</strong></span> <span class='ocrx_word' id='word_1_169' title='bbox 1838 2288 2038 2362; x_wconf 88' lang='lat' dir='ltr'><strong>gaudia</strong></span> 
     </span>
    </p>
   </div>
   <div class='ocr_carea' id='block_1_24' title="bbox 432 2377 699 2435">
    <p class='ocr_par' dir='ltr' id='par_1_24' title="bbox 432 2377 699 2435">
     <span class='ocr_line' id='line_1_24' title="bbox 432 2377 699 2435; baseline 0.007 -2"><span class='ocrx_word' id='word_1_170' title='bbox 432 2377 699 2435; x_wconf 65' lang='lat' dir='ltr'><strong>coelestia.</strong></span> 
     </span>
    </p>
   </div>
   <div class='ocr_carea' id='block_1_25' title="bbox 510 2493 2037 2568">
    <p class='ocr_par' dir='ltr' id='par_1_25' title="bbox 510 2493 2037 2568">
     <span class='ocr_line' id='line_1_25' title="bbox 510 2493 2037 2568; baseline 0.003 -22"><span class='ocrx_word' id='word_1_171' title='bbox 510 2517 533 2546; x_wconf 72' lang='grc' dir='ltr'>ι</span> <span class='ocrx_word' id='word_1_172' title='bbox 575 2494 669 2551; x_wconf 83' lang='lat' dir='ltr'><strong>[lle</strong></span> <span class='ocrx_word' id='word_1_173' title='bbox 699 2511 785 2551; x_wconf 91' lang='lat' dir='ltr'><strong>me</strong></span> <span class='ocrx_word' id='word_1_174' title='bbox 829 2494 1172 2562; x_wconf 83' lang='lat' dir='ltr'><strong>clariﬁcabit,</strong></span> <span class='ocrx_word' id='word_1_175' title='bbox 1227 2494 1353 2568; x_wconf 84' lang='lat' dir='ltr'><strong>quia</strong></span> <span class='ocrx_word' id='word_1_176' title='bbox 1374 2495 1444 2551; x_wconf 89' lang='lat' dir='ltr'><strong>de</strong></span> <span class='ocrx_word' id='word_1_177' title='bbox 1498 2510 1622 2551; x_wconf 90' lang='lat' dir='ltr'><strong>meo</strong></span> <span class='ocrx_word' id='word_1_178' title='bbox 1679 2493 1931 2566; x_wconf 81' lang='lat' dir='ltr'><strong>accipiet,</strong></span> <span class='ocrx_word' id='word_1_179' title='bbox 1983 2502 2037 2550; x_wconf 92' lang='lat' dir='ltr'><strong>et</strong></span> 
     </span>
    </p>
   </div>
   <div class='ocr_carea' id='block_1_26' title="bbox 429 2582 2036 2653">
    <p class='ocr_par' dir='ltr' id='par_1_26' title="bbox 429 2582 2036 2653">
     <span class='ocr_line' id='line_1_26' title="bbox 429 2582 2036 2653; baseline -0.001 -14"><span class='ocrx_word' id='word_1_180' title='bbox 429 2583 773 2639; x_wconf 89' lang='lat' dir='ltr'><strong>annuntiabit</strong></span> <span class='ocrx_word' id='word_1_181' title='bbox 794 2584 970 2641; x_wconf 88' lang='lat' dir='ltr'><strong>vobis.</strong></span> <span class='ocrx_word' id='word_1_182' title='bbox 1010 2606 1032 2633; x_wconf 76' lang='grc' dir='ltr'><strong>ι)</strong></span> <span class='ocrx_word' id='word_1_183' title='bbox 1064 2583 1233 2653; x_wconf 85' lang='lat' dir='ltr'><strong>Quasi</strong></span> <span class='ocrx_word' id='word_1_184' title='bbox 1282 2584 1469 2641; x_wconf 87' lang='lat' dir='ltr'><strong>dicat:</strong></span> <span class='ocrx_word' id='word_1_185' title='bbox 1503 2586 1614 2639; x_wconf 90' lang='lat' dir='ltr'><strong>Ista</strong></span> <span class='ocrx_word' id='word_1_186' title='bbox 1642 2584 1821 2639; x_wconf 89' lang='lat' dir='ltr'><strong>omnia</strong></span> <span class='ocrx_word' id='word_1_187' title='bbox 1876 2582 2036 2640; x_wconf 82' lang='lat' dir='ltr'><strong>faciet</strong></span> 
     </span>
    </p>
   </div>
   <div class='ocr_carea' id='block_1_27' title="bbox 427 2672 2034 2746">
    <p class='ocr_par' dir='ltr' id='par_1_27' title="bbox 427 2672 2034 2746">
     <span class='ocr_line' id='line_1_27' title="bbox 427 2672 2034 2746; baseline -0.001 -17"><span class='ocrx_word' id='word_1_188' title='bbox 427 2672 579 2729; x_wconf 82' lang='lat' dir='ltr'><strong>Deus</strong></span> <span class='ocrx_word' id='word_1_189' title='bbox 599 2689 697 2744; x_wconf 89' lang='lat' dir='ltr'><strong>per</strong></span> <span class='ocrx_word' id='word_1_190' title='bbox 725 2673 1011 2746; x_wconf 85' lang='lat' dir='ltr'><strong>Spiritum,</strong></span> <span class='ocrx_word' id='word_1_191' title='bbox 1060 2673 1113 2728; x_wconf 89' lang='lat' dir='ltr'><strong>id</strong></span> <span class='ocrx_word' id='word_1_192' title='bbox 1139 2682 1223 2729; x_wconf 91' lang='lat' dir='ltr'><strong>est</strong></span> <span class='ocrx_word' id='word_1_193' title='bbox 1244 2690 1342 2746; x_wconf 92' lang='lat' dir='ltr'><strong>per</strong></span> <span class='ocrx_word' id='word_1_194' title='bbox 1389 2674 1682 2730; x_wconf 86' lang='lat' dir='ltr'><strong>bonitatem</strong></span> <span class='ocrx_word' id='word_1_195' title='bbox 1713 2689 1888 2728; x_wconf 90' lang='lat' dir='ltr'><strong>suam.</strong></span> <span class='ocrx_word' id='word_1_196' title='bbox 1944 2674 2034 2728; x_wconf 84' lang='lat' dir='ltr'><strong>Me</strong></span> 
     </span>
    </p>
   </div>
   <div class='ocr_carea' id='block_1_28' title="bbox 430 2761 2035 2831">
    <p class='ocr_par' dir='ltr' id='par_1_28' title="bbox 430 2761 2035 2831">
     <span class='ocr_line' id='line_1_28' title="bbox 430 2761 2035 2831; baseline 0.002 -16"><span class='ocrx_word' id='word_1_197' title='bbox 430 2761 753 2830; x_wconf 78' lang='lat' dir='ltr'><strong>qlarificabit</strong></span> <span class='ocrx_word' id='word_1_198' title='bbox 823 2762 1126 2820; x_wconf 90' lang='lat' dir='ltr'><strong>auferendo</strong></span> <span class='ocrx_word' id='word_1_199' title='bbox 1180 2764 1337 2820; x_wconf 86' lang='lat' dir='ltr'><strong>vobis</strong></span> <span class='ocrx_word' id='word_1_200' title='bbox 1411 2764 1688 2831; x_wconf 83' lang='lat' dir='ltr'><strong>timorem,</strong></span> <span class='ocrx_word' id='word_1_201' title='bbox 1740 2770 1792 2818; x_wconf 85' lang='lat' dir='ltr'><strong>et</strong></span> <span class='ocrx_word' id='word_1_202' title='bbox 1854 2761 2035 2819; x_wconf 91' lang='lat' dir='ltr'><strong>dando</strong></span> 
     </span>
    </p>
   </div>
   <div class='ocr_carea' id='block_1_29' title="bbox 430 2860 2037 2934">
    <p class='ocr_par' dir='ltr' id='par_1_29' title="bbox 430 2860 2037 2934">
     <span class='ocr_line' id='line_1_29' title="bbox 430 2860 2037 2934; baseline -0.001 -17"><span class='ocrx_word' id='word_1_203' title='bbox 430 2875 679 2918; x_wconf 91' lang='lat' dir='ltr'><strong>amorem</strong></span> <span class='ocrx_word' id='word_1_204' title='bbox 734 2862 1119 2919; x_wconf 74' lang='lat' dir='ltr'><strong>ardentiorem.</strong></span> <span class='ocrx_word' id='word_1_205' title='bbox 1172 2862 1331 2933; x_wconf 86' lang='lat' dir='ltr'><strong>Quod</strong></span> <span class='ocrx_word' id='word_1_206' title='bbox 1371 2861 1477 2934; x_wconf 89' lang='lat' dir='ltr'><strong>ipsi</strong></span> <span class='ocrx_word' id='word_1_207' title='bbox 1526 2861 1721 2919; x_wconf 87' lang='lat' dir='ltr'><strong>facturi</strong></span> <span class='ocrx_word' id='word_1_208' title='bbox 1766 2868 1922 2917; x_wconf 88' lang='lat' dir='ltr'><strong>erant</strong></span> <span class='ocrx_word' id='word_1_209' title='bbox 1979 2860 2037 2915; x_wconf 92' lang='lat' dir='ltr'><strong>in</strong></span> 
     </span>
    </p>
   </div>
   <div class='ocr_carea' id='block_1_30' title="bbox 430 2950 2035 3025">
    <p class='ocr_par' dir='ltr' id='par_1_30' title="bbox 430 2950 2035 3025">
     <span class='ocr_line' id='line_1_30' title="bbox 430 2950 2035 3025; baseline 0.001 -20"><span class='ocrx_word' id='word_1_210' title='bbox 430 2951 636 3024; x_wconf 88' lang='lat' dir='ltr'><strong>Spiritu</strong></span> <span class='ocrx_word' id='word_1_211' title='bbox 659 2960 871 3024; x_wconf 90' lang='lat' dir='ltr'><strong>sancto,</strong></span> <span class='ocrx_word' id='word_1_212' title='bbox 902 2953 1006 3009; x_wconf 91' lang='lat' dir='ltr'><strong>hoc</strong></span> <span class='ocrx_word' id='word_1_213' title='bbox 1023 2952 1275 3009; x_wconf 90' lang='lat' dir='ltr'><strong>eumdem</strong></span> <span class='ocrx_word' id='word_1_214' title='bbox 1293 2952 1553 3025; x_wconf 86' lang='lat' dir='ltr'><strong>Spiritum</strong></span> <span class='ocrx_word' id='word_1_215' title='bbox 1567 2952 1708 3007; x_wconf 83' lang='lat' dir='ltr'><strong>dixit</strong></span> <span class='ocrx_word' id='word_1_216' title='bbox 1722 2967 1847 3007; x_wconf 90' lang='lat' dir='ltr'><strong>esse</strong></span> <span class='ocrx_word' id='word_1_217' title='bbox 1864 2950 2035 3007; x_wconf 85' lang='lat' dir='ltr'><strong>factu-</strong></span> 
     </span>
    </p>
   </div>
   <div class='ocr_carea' id='block_1_31' title="bbox 426 3039 2036 3115">
    <p class='ocr_par' dir='ltr' id='par_1_31' title="bbox 426 3039 2036 3115">
     <span class='ocr_line' id='line_1_31' title="bbox 426 3039 2036 3115; baseline -0.002 -18"><span class='ocrx_word' id='word_1_218' title='bbox 426 3040 810 3104; x_wconf 87' lang='lat' dir='ltr'><strong>rum,utillud:</strong></span> <span class='ocrx_word' id='word_1_219' title='bbox 833 3062 854 3092; x_wconf 76' lang='grc' dir='ltr'>ι</span> <span class='ocrx_word' id='word_1_220' title='bbox 882 3043 1004 3098; x_wconf 89' lang='lat' dir='ltr'><strong>Non</strong></span> <span class='ocrx_word' id='word_1_221' title='bbox 1026 3043 1174 3098; x_wconf 90' lang='lat' dir='ltr'><strong>enim</strong></span> <span class='ocrx_word' id='word_1_222' title='bbox 1204 3058 1302 3098; x_wconf 91' lang='lat' dir='ltr'><strong>vos</strong></span> <span class='ocrx_word' id='word_1_223' title='bbox 1320 3041 1453 3097; x_wconf 90' lang='lat' dir='ltr'><strong>estis</strong></span> <span class='ocrx_word' id='word_1_224' title='bbox 1482 3040 1575 3115; x_wconf 89' lang='lat' dir='ltr'><strong>qui</strong></span> <span class='ocrx_word' id='word_1_225' title='bbox 1606 3040 1911 3114; x_wconf 81' lang='lat' dir='ltr'><strong>loquimini,</strong></span> <span class='ocrx_word' id='word_1_226' title='bbox 1936 3039 2036 3095; x_wconf 85' lang='lat' dir='ltr'><strong>sed</strong></span> 
     </span>
    </p>
   </div>
   <div class='ocr_carea' id='block_1_32' title="bbox 432 3129 2024 3204">
    <p class='ocr_par' dir='ltr' id='par_1_32' title="bbox 432 3129 2024 3204">
     <span class='ocr_line' id='line_1_32' title="bbox 432 3129 2024 3204; baseline -0.001 -17"><span class='ocrx_word' id='word_1_227' title='bbox 432 3129 665 3201; x_wconf 87' lang='lat' dir='ltr'><strong>Spiritus</strong></span> <span class='ocrx_word' id='word_1_228' title='bbox 698 3131 873 3187; x_wconf 80' lang='lat' dir='ltr'><strong>Patris</strong></span> <span class='ocrx_word' id='word_1_229' title='bbox 902 3131 1077 3187; x_wconf 87' lang='lat' dir='ltr'><strong>vestri</strong></span> <span class='ocrx_word' id='word_1_230' title='bbox 1108 3131 1198 3203; x_wconf 86' lang='lat' dir='ltr'><strong>qui</strong></span> <span class='ocrx_word' id='word_1_231' title='bbox 1244 3132 1485 3204; x_wconf 90' lang='lat' dir='ltr'><strong>loquitur</strong></span> <span class='ocrx_word' id='word_1_232' title='bbox 1529 3130 1583 3186; x_wconf 91' lang='lat' dir='ltr'><strong>in</strong></span> <span class='ocrx_word' id='word_1_233' title='bbox 1615 3131 1769 3188; x_wconf 86' lang='lat' dir='ltr'><strong>vobis</strong></span> <span class='ocrx_word' id='word_1_234' title='bbox 1799 3131 2024 3204; x_wconf 75' lang='lat' dir='ltr'><strong>(Matth.</strong></span> 
     </span>
    </p>
   </div>
   <div class='ocr_carea' id='block_1_33' title="bbox 429 3210 2114 3307">
    <p class='ocr_par' dir='ltr' id='par_1_33' title="bbox 429 3210 2114 3307">
     <span class='ocr_line' id='line_1_33' title="bbox 429 3210 2114 3307; baseline -0.007 -33"><span class='ocrx_word' id='word_1_235' title='bbox 429 3219 574 3307; x_wconf 60' lang='lat'><strong>1).»</strong></span> <span class='ocrx_word' id='word_1_236' title='bbox 627 3219 865 3276; x_wconf 86' lang='lat' dir='ltr'><strong>Verbum</strong></span> <span class='ocrx_word' id='word_1_237' title='bbox 912 3219 1166 3277; x_wconf 74' lang='lat' dir='ltr'><strong>Graecum</strong></span> <span class='ocrx_word' id='word_1_238' title='bbox 1218 3220 1366 3307; x_wconf 84' lang='lat' dir='ltr'><strong>quod</strong></span> <span class='ocrx_word' id='word_1_239' title='bbox 1416 3228 1499 3307; x_wconf 86' lang='lat' dir='ltr'><strong>est</strong></span> <span class='ocrx_word' id='word_1_240' title='bbox 1555 3221 1794 3307; x_wconf 52' lang='lat' dir='ltr'><strong>(laxasse</strong></span> <span class='ocrx_word' id='word_1_241' title='bbox 1854 3210 2032 3293; x_wconf 82' lang='grc' dir='ltr'><strong>(δοξά-</strong></span> <span class='ocrx_word' id='word_1_242' title='bbox 2063 3241 2114 3307; x_wconf 76' lang='lat' dir='ltr'>C</span> 
     </span>
    </p>
   </div>
   <div class='ocr_carea' id='block_1_34' title="bbox 428 3302 2036 3383">
    <p class='ocr_par' dir='ltr' id='par_1_34' title="bbox 428 3302 2036 3383">
     <span class='ocr_line' id='line_1_34' title="bbox 428 3302 2036 3383; baseline -0.001 -21"><span class='ocrx_word' id='word_1_243' title='bbox 428 3302 554 3383; x_wconf 83' lang='grc' dir='ltr'><strong>σει),</strong></span> <span class='ocrx_word' id='word_1_244' title='bbox 610 3307 784 3363; x_wconf 87' lang='lat' dir='ltr'><strong>Latini</strong></span> <span class='ocrx_word' id='word_1_245' title='bbox 828 3307 1177 3379; x_wconf 88' lang='lat' dir='ltr'><strong>interpretes,</strong></span> <span class='ocrx_word' id='word_1_246' title='bbox 1234 3305 1374 3361; x_wconf 89' lang='lat' dir='ltr'><strong>alius</strong></span> <span class='ocrx_word' id='word_1_247' title='bbox 1428 3304 1779 3380; x_wconf 86' lang='lat' dir='ltr'><strong>gloriﬁcahit,</strong></span> <span class='ocrx_word' id='word_1_248' title='bbox 1836 3322 2036 3378; x_wconf 87' lang='lat' dir='ltr'><strong>posue-</strong></span> 
     </span>
    </p>
   </div>
   <div class='ocr_carea' id='block_1_35' title="bbox 429 3395 2033 3464">
    <p class='ocr_par' dir='ltr' id='par_1_35' title="bbox 429 3395 2033 3464">
     <span class='ocr_line' id='line_1_35' title="bbox 429 3395 2033 3464; baseline -0.001 -10"><span class='ocrx_word' id='word_1_249' title='bbox 429 3407 582 3455; x_wconf 93' lang='lat' dir='ltr'><strong>runt.</strong></span> <span class='ocrx_word' id='word_1_250' title='bbox 621 3399 760 3453; x_wconf 89' lang='lat' dir='ltr'><strong>Nam</strong></span> <span class='ocrx_word' id='word_1_251' title='bbox 793 3396 937 3453; x_wconf 84' lang='lat' dir='ltr'><strong>doxa</strong></span> <span class='ocrx_word' id='word_1_252' title='bbox 966 3396 1111 3453; x_wconf 85' lang='lat' dir='ltr'><strong>unde</strong></span> <span class='ocrx_word' id='word_1_253' title='bbox 1159 3395 1368 3453; x_wconf 91' lang='lat' dir='ltr'><strong>dictum</strong></span> <span class='ocrx_word' id='word_1_254' title='bbox 1397 3404 1482 3452; x_wconf 89' lang='lat' dir='ltr'><strong>est</strong></span> <span class='ocrx_word' id='word_1_255' title='bbox 1539 3396 1794 3464; x_wconf 86' lang='lat' dir='ltr'><strong>doxasse,</strong></span> <span class='ocrx_word' id='word_1_256' title='bbox 1826 3404 1881 3451; x_wconf 92' lang='lat' dir='ltr'><strong>et</strong></span> <span class='ocrx_word' id='word_1_257' title='bbox 1909 3398 2033 3453; x_wconf 89' lang='lat' dir='ltr'><strong>cla-</strong></span> 
     </span>
    </p>
   </div>
   <div class='ocr_carea' id='block_1_36' title="bbox 430 3484 2040 3560">
    <p class='ocr_par' dir='ltr' id='par_1_36' title="bbox 430 3484 2040 3560">
     <span class='ocr_line' id='line_1_36' title="bbox 430 3484 2040 3560; baseline -0.004 -14"><span class='ocrx_word' id='word_1_258' title='bbox 430 3491 579 3546; x_wconf 82' lang='lat' dir='ltr'><strong>ritas</strong></span> <span class='ocrx_word' id='word_1_259' title='bbox 609 3487 1003 3560; x_wconf 86' lang='lat' dir='ltr'><strong>interpretatur</strong></span> <span class='ocrx_word' id='word_1_260' title='bbox 1030 3493 1112 3558; x_wconf 47' lang='lat' dir='ltr'><strong>.et</strong></span> <span class='ocrx_word' id='word_1_261' title='bbox 1144 3487 1355 3559; x_wconf 80' lang='lat' dir='ltr'><strong>gloria.</strong></span> <span class='ocrx_word' id='word_1_262' title='bbox 1394 3486 1463 3541; x_wconf 91' lang='lat' dir='ltr'><strong>Et</strong></span> <span class='ocrx_word' id='word_1_263' title='bbox 1520 3484 1646 3557; x_wconf 90' lang='lat' dir='ltr'><strong>quia</strong></span> <span class='ocrx_word' id='word_1_264' title='bbox 1677 3484 1852 3559; x_wconf 77' lang='lat' dir='ltr'><strong>gloria</strong></span> <span class='ocrx_word' id='word_1_265' title='bbox 1911 3485 2040 3542; x_wconf 84' lang='lat' dir='ltr'><strong>facit</strong></span> 
     </span>
    </p>
   </div>
   <div class='ocr_carea' id='block_1_37' title="bbox 432 3574 2039 3648">
    <p class='ocr_par' dir='ltr' id='par_1_37' title="bbox 432 3574 2039 3648">
     <span class='ocr_line' id='line_1_37' title="bbox 432 3574 2039 3648; baseline -0.003 -12"><span class='ocrx_word' id='word_1_266' title='bbox 432 3578 637 3644; x_wconf 87' lang='lat' dir='ltr'><strong>claros,</strong></span> <span class='ocrx_word' id='word_1_267' title='bbox 672 3586 725 3634; x_wconf 91' lang='lat' dir='ltr'><strong>et</strong></span> <span class='ocrx_word' id='word_1_268' title='bbox 766 3577 990 3634; x_wconf 89' lang='lat' dir='ltr'><strong>claritas</strong></span> <span class='ocrx_word' id='word_1_269' title='bbox 1019 3575 1313 3648; x_wconf 85' lang='lat' dir='ltr'><strong>gloriosos,</strong></span> <span class='ocrx_word' id='word_1_270' title='bbox 1373 3574 1522 3648; x_wconf 89' lang='lat' dir='ltr'><strong>quod</strong></span> <span class='ocrx_word' id='word_1_271' title='bbox 1578 3583 1811 3648; x_wconf 89' lang='lat' dir='ltr'><strong>utroque</strong></span> <span class='ocrx_word' id='word_1_272' title='bbox 1839 3576 2039 3647; x_wconf 59' lang='lat' dir='ltr'><strong>{verbo</strong></span> 
     </span>
    </p>
   </div>
   <div class='ocr_carea' id='block_1_38' title="bbox 439 3673 2041 3746">
    <p class='ocr_par' dir='ltr' id='par_1_38' title="bbox 439 3673 2041 3746">
     <span class='ocr_line' id='line_1_38' title="bbox 439 3673 2041 3746; baseline -0.003 -13"><span class='ocrx_word' id='word_1_273' title='bbox 439 3675 801 3743; x_wconf 78' lang='lat' dir='ltr'><strong>signiﬁcatur,</strong></span> <span class='ocrx_word' id='word_1_274' title='bbox 833 3675 980 3731; x_wconf 89' lang='lat' dir='ltr'><strong>idem</strong></span> <span class='ocrx_word' id='word_1_275' title='bbox 1012 3681 1114 3731; x_wconf 90' lang='lat' dir='ltr'><strong>est.</strong></span> <span class='ocrx_word' id='word_1_276' title='bbox 1138 3673 1329 3731; x_wconf 87' lang='lat' dir='ltr'><strong>Gloria</strong></span> <span class='ocrx_word' id='word_1_277' title='bbox 1359 3682 1440 3730; x_wconf 90' lang='lat' dir='ltr'><strong>est</strong></span> <span class='ocrx_word' id='word_1_278' title='bbox 1473 3673 1735 3746; x_wconf 90' lang='lat' dir='ltr'><strong>frequens</strong></span> <span class='ocrx_word' id='word_1_279' title='bbox 1765 3673 1833 3729; x_wconf 88' lang='lat' dir='ltr'><strong>de</strong></span> <span class='ocrx_word' id='word_1_280' title='bbox 1860 3673 2041 3745; x_wconf 89' lang='lat' dir='ltr'><strong>aliquo</strong></span> 
     </span>
    </p>
   </div>
   <div class='ocr_carea' id='block_1_39' title="bbox 439 3763 2043 3837">
    <p class='ocr_par' dir='ltr' id='par_1_39' title="bbox 439 3763 2043 3837">
     <span class='ocr_line' id='line_1_39' title="bbox 439 3763 2043 3837; baseline -0.003 -15"><span class='ocrx_word' id='word_1_281' title='bbox 439 3766 588 3822; x_wconf 89' lang='lat' dir='ltr'><strong>fama</strong></span> <span class='ocrx_word' id='word_1_282' title='bbox 618 3781 741 3822; x_wconf 90' lang='lat' dir='ltr'><strong>cum</strong></span> <span class='ocrx_word' id='word_1_283' title='bbox 772 3765 951 3832; x_wconf 86' lang='lat' dir='ltr'><strong>laude,</strong></span> <span class='ocrx_word' id='word_1_284' title='bbox 999 3781 1122 3837; x_wconf 78' lang='lat' dir='ltr'><strong>quae</strong></span> <span class='ocrx_word' id='word_1_285' title='bbox 1170 3764 1388 3820; x_wconf 87' lang='lat' dir='ltr'><strong>Christo</strong></span> <span class='ocrx_word' id='word_1_286' title='bbox 1446 3764 1516 3819; x_wconf 93' lang='lat' dir='ltr'><strong>de</strong></span> <span class='ocrx_word' id='word_1_287' title='bbox 1543 3763 1730 3835; x_wconf 87' lang='lat' dir='ltr'><strong>seipso</strong></span> <span class='ocrx_word' id='word_1_288' title='bbox 1757 3779 1866 3819; x_wconf 87' lang='lat' dir='ltr'><strong>non</strong></span> <span class='ocrx_word' id='word_1_289' title='bbox 1920 3779 2043 3818; x_wconf 85' lang='lat' dir='ltr'><strong>ma-</strong></span> 
     </span>
    </p>
   </div>
   <div class='ocr_carea' id='block_1_40' title="bbox 440 3853 2041 3928">
    <p class='ocr_par' dir='ltr' id='par_1_40' title="bbox 440 3853 2041 3928">
     <span class='ocr_line' id='line_1_40' title="bbox 440 3853 2041 3928; baseline -0.002 -18"><span class='ocrx_word' id='word_1_290' title='bbox 440 3872 615 3928; x_wconf 91' lang='lat' dir='ltr'><strong>gnum</strong></span> <span class='ocrx_word' id='word_1_291' title='bbox 644 3854 870 3911; x_wconf 90' lang='lat' dir='ltr'><strong>contulit</strong></span> <span class='ocrx_word' id='word_1_292' title='bbox 919 3854 1141 3926; x_wconf 87' lang='lat' dir='ltr'><strong>aliquid,</strong></span> <span class='ocrx_word' id='word_1_293' title='bbox 1202 3854 1298 3908; x_wconf 89' lang='lat' dir='ltr'><strong>sed</strong></span> <span class='ocrx_word' id='word_1_294' title='bbox 1358 3853 1590 3908; x_wconf 90' lang='lat' dir='ltr'><strong>mundo.</strong></span> <span class='ocrx_word' id='word_1_295' title='bbox 1645 3854 1855 3909; x_wconf 89' lang='lat' dir='ltr'><strong>Bonum</strong></span> <span class='ocrx_word' id='word_1_296' title='bbox 1896 3853 2041 3909; x_wconf 89' lang='lat' dir='ltr'><strong>enim</strong></span> 
     </span>
    </p>
   </div>
   <div class='ocr_carea' id='block_1_41' title="bbox 440 3951 2045 4024">
    <p class='ocr_par' dir='ltr' id='par_1_41' title="bbox 440 3951 2045 4024">
     <span class='ocr_line' id='line_1_41' title="bbox 440 3951 2045 4024; baseline -0.001 -14"><span class='ocrx_word' id='word_1_297' title='bbox 440 3953 654 4010; x_wconf 88' lang='lat' dir='ltr'><strong>laudari</strong></span> <span class='ocrx_word' id='word_1_298' title='bbox 683 3970 791 4009; x_wconf 91' lang='lat' dir='ltr'><strong>non</strong></span> <span class='ocrx_word' id='word_1_299' title='bbox 821 3953 1061 4023; x_wconf 89' lang='lat' dir='ltr'><strong>laudato,</strong></span> <span class='ocrx_word' id='word_1_300' title='bbox 1095 3952 1191 4008; x_wconf 90' lang='lat' dir='ltr'><strong>sed</strong></span> <span class='ocrx_word' id='word_1_301' title='bbox 1214 3952 1566 4007; x_wconf 83' lang='lat' dir='ltr'><strong>laudantibus</strong></span> <span class='ocrx_word' id='word_1_302' title='bbox 1596 3951 1842 4024; x_wconf 89' lang='lat' dir='ltr'><strong>prodest.</strong></span> <span class='ocrx_word' id='word_1_303' title='bbox 1905 3952 2045 4008; x_wconf 91' lang='lat' dir='ltr'><strong>Glo-</strong></span> 
     </span>
    </p>
   </div>
   <div class='ocr_carea' id='block_1_42' title="bbox 442 4040 2047 4116">
    <p class='ocr_par' dir='ltr' id='par_1_42' title="bbox 442 4040 2047 4116">
     <span class='ocr_line' id='line_1_42' title="bbox 442 4040 2047 4116; baseline -0.002 -15"><span class='ocrx_word' id='word_1_304' title='bbox 442 4045 521 4101; x_wconf 87' lang='lat' dir='ltr'><strong>ria</strong></span> <span class='ocrx_word' id='word_1_305' title='bbox 554 4045 693 4099; x_wconf 87' lang='lat' dir='ltr'><strong>falsa</strong></span> <span class='ocrx_word' id='word_1_306' title='bbox 739 4042 943 4116; x_wconf 84' lang='lat' dir='ltr'><strong>triplex</strong></span> <span class='ocrx_word' id='word_1_307' title='bbox 1000 4051 1082 4098; x_wconf 89' lang='lat' dir='ltr'><strong>est</strong></span> <span class='ocrx_word' id='word_1_308' title='bbox 1114 4060 1127 4097; x_wconf 86' lang='lat'><strong>:</strong></span> <span class='ocrx_word' id='word_1_309' title='bbox 1159 4042 1215 4097; x_wconf 90' lang='lat' dir='ltr'><strong>in</strong></span> <span class='ocrx_word' id='word_1_310' title='bbox 1277 4042 1470 4108; x_wconf 88' lang='lat' dir='ltr'><strong>rebus,</strong></span> <span class='ocrx_word' id='word_1_311' title='bbox 1496 4042 1553 4097; x_wconf 90' lang='lat' dir='ltr'><strong>in</strong></span> <span class='ocrx_word' id='word_1_312' title='bbox 1611 4040 1940 4109; x_wconf 88' lang='lat' dir='ltr'><strong>hominibus,</strong></span> <span class='ocrx_word' id='word_1_313' title='bbox 1990 4042 2047 4097; x_wconf 86' lang='lat' dir='ltr'><strong>in</strong></span> 
     </span>
    </p>
   </div>
   <div class='ocr_carea' id='block_1_43' title="bbox 445 4141 2049 4217">
    <p class='ocr_par' dir='ltr' id='par_1_43' title="bbox 445 4141 2049 4217">
     <span class='ocr_line' id='line_1_43' title="bbox 445 4141 2049 4217; baseline -0.001 -16"><span class='ocrx_word' id='word_1_314' title='bbox 445 4144 720 4217; x_wconf 90' lang='lat' dir='ltr'><strong>utrisque.</strong></span> <span class='ocrx_word' id='word_1_315' title='bbox 760 4142 823 4199; x_wconf 90' lang='lat' dir='ltr'><strong>In</strong></span> <span class='ocrx_word' id='word_1_316' title='bbox 852 4143 1019 4199; x_wconf 88' lang='lat' dir='ltr'><strong>rebus</strong></span> <span class='ocrx_word' id='word_1_317' title='bbox 1042 4142 1246 4198; x_wconf 89' lang='lat' dir='ltr'><strong>fallitur</strong></span> <span class='ocrx_word' id='word_1_318' title='bbox 1275 4141 1367 4214; x_wconf 93' lang='lat' dir='ltr'><strong>qui</strong></span> <span class='ocrx_word' id='word_1_319' title='bbox 1393 4146 1554 4213; x_wconf 86' lang='lat' dir='ltr'><strong>putat</strong></span> <span class='ocrx_word' id='word_1_320' title='bbox 1613 4141 1669 4197; x_wconf 90' lang='lat' dir='ltr'><strong>id</strong></span> <span class='ocrx_word' id='word_1_321' title='bbox 1700 4158 1890 4199; x_wconf 87' lang='lat' dir='ltr'><strong>verum</strong></span> <span class='ocrx_word' id='word_1_322' title='bbox 1924 4159 2049 4199; x_wconf 90' lang='lat' dir='ltr'><strong>esse</strong></span> 
     </span>
    </p>
   </div>
   <div class='ocr_carea' id='block_1_44' title="bbox 447 4230 2051 4308">
    <p class='ocr_par' dir='ltr' id='par_1_44' title="bbox 447 4230 2051 4308">
     <span class='ocr_line' id='line_1_44' title="bbox 447 4230 2051 4308; baseline -0.001 -19"><span class='ocrx_word' id='word_1_323' title='bbox 447 4234 594 4308; x_wconf 89' lang='lat' dir='ltr'><strong>quod</strong></span> <span class='ocrx_word' id='word_1_324' title='bbox 617 4234 824 4290; x_wconf 89' lang='lat' dir='ltr'><strong>malum</strong></span> <span class='ocrx_word' id='word_1_325' title='bbox 854 4244 957 4290; x_wconf 89' lang='lat' dir='ltr'><strong>est.</strong></span> <span class='ocrx_word' id='word_1_326' title='bbox 991 4232 1053 4288; x_wconf 89' lang='lat' dir='ltr'><strong>In</strong></span> <span class='ocrx_word' id='word_1_327' title='bbox 1094 4231 1410 4289; x_wconf 88' lang='lat' dir='ltr'><strong>hominibus</strong></span> <span class='ocrx_word' id='word_1_328' title='bbox 1461 4230 1735 4288; x_wconf 89' lang='lat' dir='ltr'><strong>similiter.</strong></span> <span class='ocrx_word' id='word_1_329' title='bbox 1789 4232 1848 4287; x_wconf 89' lang='lat' dir='ltr'><strong>In</strong></span> <span class='ocrx_word' id='word_1_330' title='bbox 1896 4233 2051 4288; x_wconf 84' lang='lat' dir='ltr'><strong>utris-</strong></span> 
     </span>
    </p>
   </div>
   <div class='ocr_carea' id='block_1_45' title="bbox 451 4330 2051 4407">
    <p class='ocr_par' dir='ltr' id='par_1_45' title="bbox 451 4330 2051 4407">
     <span class='ocr_line' id='line_1_45' title="bbox 451 4330 2051 4407; baseline -0.003 -15"><span class='ocrx_word' id='word_1_331' title='bbox 451 4350 558 4407; x_wconf 88' lang='lat' dir='ltr'><strong>que</strong></span> <span class='ocrx_word' id='word_1_332' title='bbox 587 4333 805 4406; x_wconf 89' lang='lat' dir='ltr'><strong>quando</strong></span> <span class='ocrx_word' id='word_1_333' title='bbox 834 4340 887 4388; x_wconf 90' lang='lat' dir='ltr'><strong>et</strong></span> <span class='ocrx_word' id='word_1_334' title='bbox 940 4332 1131 4388; x_wconf 89' lang='lat' dir='ltr'><strong>vitium</strong></span> <span class='ocrx_word' id='word_1_335' title='bbox 1185 4331 1357 4387; x_wconf 87' lang='lat' dir='ltr'><strong>virtus</strong></span> <span class='ocrx_word' id='word_1_336' title='bbox 1404 4337 1637 4402; x_wconf 78' lang='lat' dir='ltr'><strong>putatur,</strong></span> <span class='ocrx_word' id='word_1_337' title='bbox 1669 4339 1723 4386; x_wconf 91' lang='lat' dir='ltr'><strong>et</strong></span> <span class='ocrx_word' id='word_1_338' title='bbox 1778 4330 1896 4402; x_wconf 91' lang='lat' dir='ltr'><strong>ipse</strong></span> <span class='ocrx_word' id='word_1_339' title='bbox 1959 4332 2051 4406; x_wconf 88' lang='lat' dir='ltr'><strong>qui</strong></span> 
     </span>
    </p>
   </div>
   <div class='ocr_carea' id='block_1_46' title="bbox 453 4420 2051 4500">
    <p class='ocr_par' dir='ltr' id='par_1_46' title="bbox 453 4420 2051 4500">
     <span class='ocr_line' id='line_1_46' title="bbox 453 4420 2051 4500; baseline -0.002 -19"><span class='ocrx_word' id='word_1_340' title='bbox 453 4432 682 4500; x_wconf 88' lang='lat' dir='ltr'><strong>propter</strong></span> <span class='ocrx_word' id='word_1_341' title='bbox 710 4424 813 4480; x_wconf 93' lang='lat' dir='ltr'><strong>hoc</strong></span> <span class='ocrx_word' id='word_1_342' title='bbox 867 4422 1120 4477; x_wconf 88' lang='lat' dir='ltr'><strong>laudatur</strong></span> <span class='ocrx_word' id='word_1_343' title='bbox 1138 4437 1248 4477; x_wconf 92' lang='lat' dir='ltr'><strong>non</strong></span> <span class='ocrx_word' id='word_1_344' title='bbox 1279 4421 1442 4476; x_wconf 87' lang='lat' dir='ltr'><strong>habet</strong></span> <span class='ocrx_word' id='word_1_345' title='bbox 1471 4438 1543 4491; x_wconf 92' lang='lat' dir='ltr'><strong>qu</strong></span> <span class='ocrx_word' id='word_1_346' title='bbox 1556 4420 1617 4476; x_wconf 78' lang='lat' dir='ltr'><strong>)d</strong></span> <span class='ocrx_word' id='word_1_347' title='bbox 1646 4428 1883 4493; x_wconf 90' lang='lat' dir='ltr'><strong>putatur,</strong></span> <span class='ocrx_word' id='word_1_348' title='bbox 1935 4422 2051 4478; x_wconf 85' lang='lat' dir='ltr'><strong>sive</strong></span> 
     </span>
    </p>
   </div>
   <div class='ocr_carea' id='block_1_47' title="bbox 453 4520 2053 4593">
    <p class='ocr_par' dir='ltr' id='par_1_47' title="bbox 453 4520 2053 4593">
     <span class='ocr_line' id='line_1_47' title="bbox 453 4520 2053 4593; baseline -0.006 -10"><span class='ocrx_word' id='word_1_349' title='bbox 453 4525 631 4583; x_wconf 86' lang='lat' dir='ltr'><strong>bonus</strong></span> <span class='ocrx_word' id='word_1_350' title='bbox 652 4525 723 4581; x_wconf 87' lang='lat' dir='ltr'><strong>sit</strong></span> <span class='ocrx_word' id='word_1_351' title='bbox 769 4523 883 4579; x_wconf 85' lang='lat' dir='ltr'><strong>sive</strong></span> <span class='ocrx_word' id='word_1_352' title='bbox 913 4521 1109 4578; x_wconf 92' lang='lat' dir='ltr'><strong>malus.</strong></span> <span class='ocrx_word' id='word_1_353' title='bbox 1144 4522 1361 4578; x_wconf 89' lang='lat' dir='ltr'><strong>Donare</strong></span> <span class='ocrx_word' id='word_1_354' title='bbox 1420 4520 1621 4593; x_wconf 89' lang='lat' dir='ltr'><strong>quippe</strong></span> <span class='ocrx_word' id='word_1_355' title='bbox 1677 4536 1805 4576; x_wconf 83' lang='lat' dir='ltr'><strong>suas</strong></span> <span class='ocrx_word' id='word_1_356' title='bbox 1832 4536 1920 4576; x_wconf 91' lang='lat' dir='ltr'><strong>res</strong></span> <span class='ocrx_word' id='word_1_357' title='bbox 1974 4520 2053 4576; x_wconf 86' lang='lat' dir='ltr'><strong>hi-</strong></span> 
     </span>
    </p>
   </div>
   <div class='ocr_carea' id='block_1_48' title="bbox 454 4609 2044 4678">
    <p class='ocr_par' dir='ltr' id='par_1_48' title="bbox 454 4609 2044 4678">
     <span class='ocr_line' id='line_1_48' title="bbox 454 4609 2044 4678; baseline -0.004 -5"><span class='ocrx_word' id='word_1_358' title='bbox 454 4615 755 4673; x_wconf 89' lang='lat' dir='ltr'><strong>strionibus</strong></span> <span class='ocrx_word' id='word_1_359' title='bbox 775 4613 960 4670; x_wconf 89' lang='lat' dir='ltr'><strong>vitium</strong></span> <span class='ocrx_word' id='word_1_360' title='bbox 991 4621 1075 4668; x_wconf 91' lang='lat' dir='ltr'><strong>est</strong></span> <span class='ocrx_word' id='word_1_361' title='bbox 1102 4611 1361 4678; x_wconf 87' lang='lat' dir='ltr'><strong>immane,</strong></span> <span class='ocrx_word' id='word_1_362' title='bbox 1421 4626 1530 4667; x_wconf 90' lang='lat' dir='ltr'><strong>non</strong></span> <span class='ocrx_word' id='word_1_363' title='bbox 1561 4610 1748 4665; x_wconf 89' lang='lat' dir='ltr'><strong>virtus.</strong></span> <span class='ocrx_word' id='word_1_364' title='bbox 1793 4610 1859 4665; x_wconf 83' lang='lat' dir='ltr'><strong>Et</strong></span> <span class='ocrx_word' id='word_1_365' title='bbox 1892 4609 2044 4667; x_wconf 89' lang='lat' dir='ltr'><strong>scitis</strong></span> 
     </span>
    </p>
   </div>
   <div class='ocr_carea' id='block_1_49' title="bbox 453 4699 2057 4777">
    <p class='ocr_par' dir='ltr' id='par_1_49' title="bbox 453 4699 2057 4777">
     <span class='ocr_line' id='line_1_49' title="bbox 453 4699 2057 4777; baseline -0.002 -12"><span class='ocrx_word' id='word_1_366' title='bbox 453 4708 525 4765; x_wconf 91' lang='lat' dir='ltr'><strong>de</strong></span> <span class='ocrx_word' id='word_1_367' title='bbox 556 4706 754 4763; x_wconf 87' lang='lat' dir='ltr'><strong>talibus</strong></span> <span class='ocrx_word' id='word_1_368' title='bbox 804 4719 966 4777; x_wconf 92' lang='lat' dir='ltr'><strong>quam</strong></span> <span class='ocrx_word' id='word_1_369' title='bbox 996 4702 1065 4758; x_wconf 89' lang='lat' dir='ltr'><strong>sit</strong></span> <span class='ocrx_word' id='word_1_370' title='bbox 1092 4701 1347 4775; x_wconf 82' lang='lat' dir='ltr'><strong>frequens</strong></span> <span class='ocrx_word' id='word_1_371' title='bbox 1393 4699 1541 4756; x_wconf 89' lang='lat' dir='ltr'><strong>fama</strong></span> <span class='ocrx_word' id='word_1_372' title='bbox 1586 4716 1711 4757; x_wconf 90' lang='lat' dir='ltr'><strong>cum</strong></span> <span class='ocrx_word' id='word_1_373' title='bbox 1766 4700 1949 4770; x_wconf 86' lang='lat' dir='ltr'><strong>laude,</strong></span> <span class='ocrx_word' id='word_1_374' title='bbox 1994 4713 2057 4762; x_wconf 90' lang='lat' dir='ltr'><strong>ut</strong></span> 
     </span>
    </p>
   </div>
   <div class='ocr_carea' id='block_1_50' title="bbox 458 4791 2056 4864">
    <p class='ocr_par' dir='ltr' id='par_1_50' title="bbox 458 4791 2056 4864">
     <span class='ocr_line' id='line_1_50' title="bbox 458 4791 2056 4864; baseline -0.001 -10"><span class='ocrx_word' id='word_1_375' title='bbox 458 4797 595 4854; x_wconf 87' lang='lat' dir='ltr'><strong>illud</strong></span> <span class='ocrx_word' id='word_1_376' title='bbox 629 4814 643 4852; x_wconf 89' lang='lat'>:</span> <span class='ocrx_word' id='word_1_377' title='bbox 678 4820 699 4843; x_wconf 78' lang='grc' dir='ltr'><strong>ι·</strong></span> <span class='ocrx_word' id='word_1_378' title='bbox 735 4795 1009 4851; x_wconf 82' lang='lat' dir='ltr'><strong>Laudatur</strong></span> <span class='ocrx_word' id='word_1_379' title='bbox 1076 4800 1336 4864; x_wconf 86' lang='lat' dir='ltr'><strong>peccator</strong></span> <span class='ocrx_word' id='word_1_380' title='bbox 1388 4791 1445 4848; x_wconf 91' lang='lat' dir='ltr'><strong>in</strong></span> <span class='ocrx_word' id='word_1_381' title='bbox 1499 4791 1789 4849; x_wconf 82' lang='lat' dir='ltr'><strong>desideriis</strong></span> <span class='ocrx_word' id='word_1_382' title='bbox 1861 4794 2056 4852; x_wconf 67' lang='lat' dir='ltr'><strong>animm</strong></span> 
     </span>
    </p>
   </div>
   <div class='ocr_carea' id='block_1_51' title="bbox 458 4881 2060 4958">
    <p class='ocr_par' dir='ltr' id='par_1_51' title="bbox 458 4881 2060 4958">
     <span class='ocr_line' id='line_1_51' title="bbox 458 4881 2060 4958; baseline -0.004 -12"><span class='ocrx_word' id='word_1_383' title='bbox 458 4905 573 4947; x_wconf 65' lang='lat' dir='ltr'><strong>suae</strong></span> <span class='ocrx_word' id='word_1_384' title='bbox 599 4887 777 4958; x_wconf 76' lang='lat' dir='ltr'><strong>(Prol.</strong></span> <span class='ocrx_word' id='word_1_385' title='bbox 808 4886 913 4957; x_wconf 79' lang='lat' dir='ltr'><strong>ix).</strong></span> <span class='ocrx_word' id='word_1_386' title='bbox 951 4907 973 4930; x_wconf 73' lang='grc' dir='ltr'>η</span> <span class='ocrx_word' id='word_1_387' title='bbox 999 4882 1335 4939; x_wconf 87' lang='lat' dir='ltr'><strong>Laudatores</strong></span> <span class='ocrx_word' id='word_1_388' title='bbox 1362 4881 1549 4937; x_wconf 88' lang='lat' dir='ltr'><strong>talium</strong></span> <span class='ocrx_word' id='word_1_389' title='bbox 1581 4897 1691 4937; x_wconf 91' lang='lat' dir='ltr'><strong>non</strong></span> <span class='ocrx_word' id='word_1_390' title='bbox 1748 4882 1803 4937; x_wconf 91' lang='lat' dir='ltr'><strong>in</strong></span> <span class='ocrx_word' id='word_1_391' title='bbox 1835 4883 2060 4941; x_wconf 85' lang='lat' dir='ltr'><strong>homini-</strong></span> 
     </span>
    </p>
   </div>
   <div class='ocr_carea' id='block_1_52' title="bbox 456 4979 2061 5055">
    <p class='ocr_par' dir='ltr' id='par_1_52' title="bbox 456 4979 2061 5055">
     <span class='ocr_line' id='line_1_52' title="bbox 456 4979 2061 5055; baseline -0.005 -8"><span class='ocrx_word' id='word_1_392' title='bbox 456 4990 561 5047; x_wconf 90' lang='lat' dir='ltr'><strong>bus</strong></span> <span class='ocrx_word' id='word_1_393' title='bbox 582 4988 858 5053; x_wconf 88' lang='lat' dir='ltr'><strong>falluntur,</strong></span> <span class='ocrx_word' id='word_1_394' title='bbox 887 4982 989 5039; x_wconf 83' lang='lat' dir='ltr'><strong>sed</strong></span> <span class='ocrx_word' id='word_1_395' title='bbox 1035 4981 1090 5036; x_wconf 91' lang='lat' dir='ltr'><strong>in</strong></span> <span class='ocrx_word' id='word_1_396' title='bbox 1119 4981 1311 5037; x_wconf 89' lang='lat' dir='ltr'><strong>rebus.</strong></span> <span class='ocrx_word' id='word_1_397' title='bbox 1359 4979 1560 5036; x_wconf 87' lang='lat' dir='ltr'><strong>Malum</strong></span> <span class='ocrx_word' id='word_1_398' title='bbox 1614 4988 1696 5036; x_wconf 88' lang='lat' dir='ltr'><strong>est</strong></span> <span class='ocrx_word' id='word_1_399' title='bbox 1743 4981 1889 5037; x_wconf 89' lang='lat' dir='ltr'><strong>enim</strong></span> <span class='ocrx_word' id='word_1_400' title='bbox 1912 4982 2061 5055; x_wconf 86' lang='lat' dir='ltr'><strong>quod</strong></span> 
     </span>
    </p>
   </div>
   <div class='ocr_carea' id='block_1_53' title="bbox 459 5069 2061 5142">
    <p class='ocr_par' dir='ltr' id='par_1_53' title="bbox 459 5069 2061 5142">
     <span class='ocr_line' id='line_1_53' title="bbox 459 5069 2061 5142; baseline -0.005 -5"><span class='ocrx_word' id='word_1_401' title='bbox 459 5079 669 5137; x_wconf 89' lang='lat' dir='ltr'><strong>bonum</strong></span> <span class='ocrx_word' id='word_1_402' title='bbox 695 5090 824 5133; x_wconf 84' lang='lat' dir='ltr'><strong>esse</strong></span> <span class='ocrx_word' id='word_1_403' title='bbox 880 5071 1132 5131; x_wconf 88' lang='lat' dir='ltr'><strong>credunt.</strong></span> <span class='ocrx_word' id='word_1_404' title='bbox 1184 5070 1294 5142; x_wconf 86' lang='lat' dir='ltr'><strong>Ipsi</strong></span> <span class='ocrx_word' id='word_1_405' title='bbox 1326 5085 1456 5128; x_wconf 86' lang='lat' dir='ltr'><strong>vero</strong></span> <span class='ocrx_word' id='word_1_406' title='bbox 1511 5070 1697 5127; x_wconf 87' lang='lat' dir='ltr'><strong>vitiosi</strong></span> <span class='ocrx_word' id='word_1_407' title='bbox 1740 5069 1878 5127; x_wconf 87' lang='lat' dir='ltr'><strong>tales</strong></span> <span class='ocrx_word' id='word_1_408' title='bbox 1935 5081 2061 5129; x_wconf 88' lang='lat' dir='ltr'><strong>sunt</strong></span> 
     </span>
    </p>
   </div>
   <div class='ocr_carea' id='block_1_54' title="bbox 458 5170 2062 5255">
    <p class='ocr_par' dir='ltr' id='par_1_54' title="bbox 458 5170 2062 5255">
     <span class='ocr_line' id='line_1_54' title="bbox 458 5170 2062 5255; baseline -0.006 -18"><span class='ocrx_word' id='word_1_409' title='bbox 458 5180 650 5255; x_wconf 86' lang='lat' dir='ltr'><strong>quales</strong></span> <span class='ocrx_word' id='word_1_410' title='bbox 686 5181 1007 5233; x_wconf 90' lang='lat' dir='ltr'><strong>cernuntur.</strong></span> <span class='ocrx_word' id='word_1_411' title='bbox 1084 5170 1420 5227; x_wconf 85' lang='lat' dir='ltr'><strong>Laudatnres</strong></span> <span class='ocrx_word' id='word_1_412' title='bbox 1482 5170 1893 5241; x_wconf 84' lang='lat' dir='ltr'><strong>hypocritarum</strong></span> <span class='ocrx_word' id='word_1_413' title='bbox 1950 5187 2062 5229; x_wconf 89' lang='lat' dir='ltr'><strong>non</strong></span> 
     </span>
    </p>
   </div>
   <div class='ocr_carea' id='block_1_55' title="bbox 457 5259 2062 5331">
    <p class='ocr_par' dir='ltr' id='par_1_55' title="bbox 457 5259 2062 5331">
     <span class='ocr_line' id='line_1_55' title="bbox 457 5259 2062 5331; baseline -0.005 -3"><span class='ocrx_word' id='word_1_414' title='bbox 457 5270 718 5327; x_wconf 81' lang='lat' dir='ltr'><strong>falluntur</strong></span> <span class='ocrx_word' id='word_1_415' title='bbox 771 5265 827 5321; x_wconf 88' lang='lat' dir='ltr'><strong>in</strong></span> <span class='ocrx_word' id='word_1_416' title='bbox 873 5261 1063 5331; x_wconf 86' lang='lat' dir='ltr'><strong>rebus,</strong></span> <span class='ocrx_word' id='word_1_417' title='bbox 1116 5260 1219 5317; x_wconf 87' lang='lat' dir='ltr'><strong>sed</strong></span> <span class='ocrx_word' id='word_1_418' title='bbox 1273 5259 1329 5315; x_wconf 91' lang='lat' dir='ltr'><strong>in</strong></span> <span class='ocrx_word' id='word_1_419' title='bbox 1358 5259 1690 5317; x_wconf 86' lang='lat' dir='ltr'><strong>hominibus.</strong></span> <span class='ocrx_word' id='word_1_420' title='bbox 1721 5261 2062 5319; x_wconf 86' lang='lat' dir='ltr'><strong>Laudatores</strong></span> 
     </span>
    </p>
   </div>
   <div class='ocr_carea' id='block_1_56' title="bbox 459 5349 2059 5425">
    <p class='ocr_par' dir='ltr' id='par_1_56' title="bbox 459 5349 2059 5425">
     <span class='ocr_line' id='line_1_56' title="bbox 459 5349 2059 5425; baseline -0.007 -7"><span class='ocrx_word' id='word_1_421' title='bbox 459 5369 643 5417; x_wconf 87' lang='lat' dir='ltr'><strong>autem</strong></span> <span class='ocrx_word' id='word_1_422' title='bbox 699 5356 916 5414; x_wconf 90' lang='lat' dir='ltr'><strong>illorum</strong></span> <span class='ocrx_word' id='word_1_423' title='bbox 1000 5350 1094 5425; x_wconf 89' lang='lat' dir='ltr'><strong>qui</strong></span> <span class='ocrx_word' id='word_1_424' title='bbox 1149 5349 1454 5409; x_wconf 87' lang='lat' dir='ltr'><strong>creduntur</strong></span> <span class='ocrx_word' id='word_1_425' title='bbox 1509 5350 1745 5407; x_wconf 90' lang='lat' dir='ltr'><strong>liberare</strong></span> <span class='ocrx_word' id='word_1_426' title='bbox 1829 5351 2059 5421; x_wconf 89' lang='lat' dir='ltr'><strong>patriam</strong></span> 
     </span>
    </p>
   </div>
   <div class='ocr_carea' id='block_1_57' title="bbox 457 5447 2061 5533">
    <p class='ocr_par' dir='ltr' id='par_1_57' title="bbox 457 5447 2061 5533">
     <span class='ocr_line' id='line_1_57' title="bbox 457 5447 2061 5533; baseline -0.006 -18"><span class='ocrx_word' id='word_1_427' title='bbox 457 5457 690 5533; x_wconf 75' lang='lat' dir='ltr'><strong>magicis</strong></span> <span class='ocrx_word' id='word_1_428' title='bbox 720 5454 953 5524; x_wconf 87' lang='lat' dir='ltr'><strong>artibus,</strong></span> <span class='ocrx_word' id='word_1_429' title='bbox 996 5451 1054 5508; x_wconf 92' lang='lat' dir='ltr'><strong>in</strong></span> <span class='ocrx_word' id='word_1_430' title='bbox 1083 5458 1316 5524; x_wconf 89' lang='lat' dir='ltr'><strong>utroque</strong></span> <span class='ocrx_word' id='word_1_431' title='bbox 1364 5448 1650 5505; x_wconf 89' lang='lat' dir='ltr'><strong>falluntur.</strong></span> <span class='ocrx_word' id='word_1_432' title='bbox 1705 5447 1843 5506; x_wconf 86' lang='lat' dir='ltr'><strong>Vera</strong></span> <span class='ocrx_word' id='word_1_433' title='bbox 1885 5449 2061 5524; x_wconf 87' lang='lat' dir='ltr'><strong>gloria</strong></span> 
     </span>
    </p>
   </div>
   <div class='ocr_carea' id='block_1_58' title="bbox 458 5546 2060 5623">
    <p class='ocr_par' dir='ltr' id='par_1_58' title="bbox 458 5546 2060 5623">
     <span class='ocr_line' id='line_1_58' title="bbox 458 5546 2060 5623; baseline -0.006 -12"><span class='ocrx_word' id='word_1_434' title='bbox 458 5572 569 5615; x_wconf 85' lang='lat' dir='ltr'><strong>non</strong></span> <span class='ocrx_word' id='word_1_435' title='bbox 599 5551 878 5612; x_wconf 82' lang='lat' dir='ltr'><strong>beatiﬁcat</strong></span> <span class='ocrx_word' id='word_1_436' title='bbox 908 5551 1142 5623; x_wconf 88' lang='lat' dir='ltr'><strong>justum,</strong></span> <span class='ocrx_word' id='word_1_437' title='bbox 1188 5548 1287 5606; x_wconf 88' lang='lat' dir='ltr'><strong>sed</strong></span> <span class='ocrx_word' id='word_1_438' title='bbox 1317 5556 1498 5605; x_wconf 86' lang='lat' dir='ltr'><strong>tamen</strong></span> <span class='ocrx_word' id='word_1_439' title='bbox 1545 5546 1895 5621; x_wconf 76' lang='lat' dir='ltr'><strong>gloriandum</strong></span> <span class='ocrx_word' id='word_1_440' title='bbox 1951 5555 2060 5616; x_wconf 89' lang='lat' dir='ltr'><strong>est,</strong></span> 
     </span>
    </p>
   </div>
   <div class='ocr_carea' id='block_1_59' title="bbox 457 5643 2062 5726">
    <p class='ocr_par' dir='ltr' id='par_1_59' title="bbox 457 5643 2062 5726">
     <span class='ocr_line' id='line_1_59' title="bbox 457 5643 2062 5726; baseline -0.006 -15"><span class='ocrx_word' id='word_1_441' title='bbox 457 5654 587 5725; x_wconf 89' lang='lat' dir='ltr'><strong>quia</strong></span> <span class='ocrx_word' id='word_1_442' title='bbox 612 5653 764 5726; x_wconf 85' lang='lat' dir='ltr'><strong>justa</strong></span> <span class='ocrx_word' id='word_1_443' title='bbox 792 5650 1050 5725; x_wconf 88' lang='lat' dir='ltr'><strong>diligunt.</strong></span> <span class='ocrx_word' id='word_1_444' title='bbox 1099 5648 1242 5705; x_wconf 88' lang='lat' dir='ltr'><strong>Vera</strong></span> <span class='ocrx_word' id='word_1_445' title='bbox 1299 5645 1477 5721; x_wconf 88' lang='lat' dir='ltr'><strong>gloria</strong></span> <span class='ocrx_word' id='word_1_446' title='bbox 1532 5653 1618 5703; x_wconf 90' lang='lat' dir='ltr'><strong>est</strong></span> <span class='ocrx_word' id='word_1_447' title='bbox 1670 5643 1727 5702; x_wconf 91' lang='lat' dir='ltr'><strong>in</strong></span> <span class='ocrx_word' id='word_1_448' title='bbox 1782 5644 2062 5702; x_wconf 82' lang='lat' dir='ltr'><strong>Catholica</strong></span> 
     </span>
    </p>
   </div>
   <div class='ocr_carea' id='block_1_60' title="bbox 453 5751 2058 5827">
    <p class='ocr_par' dir='ltr' id='par_1_60' title="bbox 453 5751 2058 5827">
     <span class='ocr_line' id='line_1_60' title="bbox 453 5751 2058 5827; baseline -0.006 -9"><span class='ocrx_word' id='word_1_449' title='bbox 453 5757 724 5819; x_wconf 78' lang='lat' dir='ltr'><strong>Ecclesia.</strong></span> <span class='ocrx_word' id='word_1_450' title='bbox 750 5758 906 5815; x_wconf 88' lang='lat' dir='ltr'><strong>Unde</strong></span> <span class='ocrx_word' id='word_1_451' title='bbox 937 5757 1205 5827; x_wconf 87' lang='lat' dir='ltr'><strong>Propheta</strong></span> <span class='ocrx_word' id='word_1_452' title='bbox 1231 5775 1243 5812; x_wconf 91' lang='lat'><strong>:</strong></span> <span class='ocrx_word' id='word_1_453' title='bbox 1272 5777 1294 5804; x_wconf 76' lang='grc' dir='ltr'>ι</span> <span class='ocrx_word' id='word_1_454' title='bbox 1323 5754 1586 5812; x_wconf 83' lang='lat' dir='ltr'><strong>Exaltare</strong></span> <span class='ocrx_word' id='word_1_455' title='bbox 1649 5768 1817 5823; x_wconf 87' lang='lat' dir='ltr'><strong>super</strong></span> <span class='ocrx_word' id='word_1_456' title='bbox 1862 5751 2058 5820; x_wconf 71' lang='lat' dir='ltr'><strong>ccelos,</strong></span> 
     </span>
    </p>
   </div>
   <div class='ocr_carea' id='block_1_61' title="bbox 452 5850 2054 5929">
    <p class='ocr_par' dir='ltr' id='par_1_61' title="bbox 452 5850 2054 5929">
     <span class='ocr_line' id='line_1_61' title="bbox 452 5850 2054 5929; baseline -0.005 -20"><span class='ocrx_word' id='word_1_457' title='bbox 452 5861 507 5910; x_wconf 92' lang='lat' dir='ltr'><strong>et</strong></span> <span class='ocrx_word' id='word_1_458' title='bbox 560 5870 731 5929; x_wconf 85' lang='lat' dir='ltr'><strong>super</strong></span> <span class='ocrx_word' id='word_1_459' title='bbox 785 5869 1009 5910; x_wconf 88' lang='lat' dir='ltr'><strong>omnem</strong></span> <span class='ocrx_word' id='word_1_460' title='bbox 1037 5862 1246 5908; x_wconf 87' lang='lat' dir='ltr'><strong>terram</strong></span> <span class='ocrx_word' id='word_1_461' title='bbox 1293 5852 1470 5925; x_wconf 90' lang='lat' dir='ltr'><strong>gloria</strong></span> <span class='ocrx_word' id='word_1_462' title='bbox 1499 5861 1595 5908; x_wconf 82' lang='lat' dir='ltr'><strong>tua</strong></span> <span class='ocrx_word' id='word_1_463' title='bbox 1623 5852 1805 5920; x_wconf 76' lang='lat' dir='ltr'><strong>(Psal.</strong></span> <span class='ocrx_word' id='word_1_464' title='bbox 1841 5850 1985 5920; x_wconf 80' lang='lat' dir='ltr'><strong>m).</strong></span> <span class='ocrx_word' id='word_1_465' title='bbox 2030 5873 2054 5900; x_wconf 74' lang='grc' dir='ltr'>ι</span> 
     </span>
    </p>
   </div>
   <div class='ocr_carea' id='block_1_62' title="bbox 446 5937 2051 6014">
    <p class='ocr_par' dir='ltr' id='par_1_62' title="bbox 446 5937 2051 6014">
     <span class='ocr_line' id='line_1_62' title="bbox 446 5937 2051 6014; baseline 0.001 -19"><span class='ocrx_word' id='word_1_466' title='bbox 446 5939 526 6001; x_wconf 90' lang='lat' dir='ltr'><strong>De</strong></span> <span class='ocrx_word' id='word_1_467' title='bbox 571 5959 717 6012; x_wconf 85' lang='lat' dir='ltr'><strong>meo,</strong></span> <span class='ocrx_word' id='word_1_468' title='bbox 764 5942 945 6014; x_wconf 84' lang='lat' dir='ltr'><strong>inquit</strong></span> <span class='ocrx_word' id='word_1_469' title='bbox 977 5940 1164 6010; x_wconf 87' lang='lat' dir='ltr'><strong>Filius,</strong></span> <span class='ocrx_word' id='word_1_470' title='bbox 1222 5940 1434 6013; x_wconf 86' lang='lat' dir='ltr'><strong>accepit</strong></span> <span class='ocrx_word' id='word_1_471' title='bbox 1471 5939 1725 6012; x_wconf 84' lang='lat' dir='ltr'><strong>Spiritus,</strong></span> <span class='ocrx_word' id='word_1_472' title='bbox 1755 5937 1955 6012; x_wconf 66' lang='lat' dir='ltr'><strong>[quiau</strong></span> <span class='ocrx_word' id='word_1_473' title='bbox 1979 5938 2051 5997; x_wconf 85' lang='lat' dir='ltr'><strong>de</strong></span> 
     </span>
    </p>
   </div>
   <div class='ocr_carea' id='block_1_63' title="bbox 2061 1878 2117 1941">
    <p class='ocr_par' dir='ltr' id='par_1_63' title="bbox 2061 1878 2117 1941">
     <span class='ocr_line' id='line_1_63' title="bbox 2061 1878 2117 1941; baseline 0 0"><span class='ocrx_word' id='word_1_474' title='bbox 2061 1878 2117 1941; x_wconf 89' lang='grc' dir='ltr'>Β</span> 
     </span>
    </p>
   </div>
   <div class='ocr_carea' id='block_1_64' title="bbox 2145 620 3729 702">
    <p class='ocr_par' dir='ltr' id='par_1_64' title="bbox 2145 620 3729 702">
     <span class='ocr_line' id='line_1_64' title="bbox 2145 620 3729 702; baseline 0.008 -25"><span class='ocrx_word' id='word_1_475' title='bbox 2145 620 2385 692; x_wconf 87' lang='lat' dir='ltr'><strong>Spiritus</strong></span> <span class='ocrx_word' id='word_1_476' title='bbox 2415 632 2636 680; x_wconf 88' lang='lat' dir='ltr'><strong>sanctus</strong></span> <span class='ocrx_word' id='word_1_477' title='bbox 2661 625 2731 681; x_wconf 93' lang='lat' dir='ltr'><strong>de</strong></span> <span class='ocrx_word' id='word_1_478' title='bbox 2760 627 2916 684; x_wconf 86' lang='lat' dir='ltr'><strong>Patre</strong></span> <span class='ocrx_word' id='word_1_479' title='bbox 2946 629 3536 702; x_wconf 86' lang='lat' dir='ltr'><strong>accepitprocedendo,</strong></span> <span class='ocrx_word' id='word_1_480' title='bbox 3568 633 3729 691; x_wconf 83' lang='lat' dir='ltr'><strong>Filius</strong></span> 
     </span>
    </p>
   </div>
   <div class='ocr_carea' id='block_1_65' title="bbox 2145 710 3726 795">
    <p class='ocr_par' dir='ltr' id='par_1_65' title="bbox 2145 710 3726 795">
     <span class='ocr_line' id='line_1_65' title="bbox 2145 710 3726 795; baseline 0.01 -32"><span class='ocrx_word' id='word_1_481' title='bbox 2145 710 2453 767; x_wconf 89' lang='lat' dir='ltr'><strong>nascendo.</strong></span> <span class='ocrx_word' id='word_1_482' title='bbox 2494 712 2648 769; x_wconf 81' lang='lat' dir='ltr'><strong>Pater</strong></span> <span class='ocrx_word' id='word_1_483' title='bbox 2678 714 2749 770; x_wconf 93' lang='lat' dir='ltr'><strong>de</strong></span> <span class='ocrx_word' id='word_1_484' title='bbox 2791 715 2942 772; x_wconf 90' lang='lat' dir='ltr'><strong>nullo</strong></span> <span class='ocrx_word' id='word_1_485' title='bbox 2990 727 3151 773; x_wconf 88' lang='lat' dir='ltr'><strong>natus</strong></span> <span class='ocrx_word' id='word_1_486' title='bbox 3175 727 3277 787; x_wconf 86' lang='lat' dir='ltr'><strong>est,</strong></span> <span class='ocrx_word' id='word_1_487' title='bbox 3308 720 3378 776; x_wconf 91' lang='lat' dir='ltr'><strong>de</strong></span> <span class='ocrx_word' id='word_1_488' title='bbox 3397 721 3543 777; x_wconf 89' lang='lat' dir='ltr'><strong>nullo</strong></span> <span class='ocrx_word' id='word_1_489' title='bbox 3599 740 3726 795; x_wconf 82' lang='lat' dir='ltr'><strong>pro-</strong></span> 
     </span>
    </p>
   </div>
   <div class='ocr_carea' id='block_1_66' title="bbox 2146 799 3725 879">
    <p class='ocr_par' dir='ltr' id='par_1_66' title="bbox 2146 799 3725 879">
     <span class='ocr_line' id='line_1_66' title="bbox 2146 799 3725 879; baseline 0.008 -25"><span class='ocrx_word' id='word_1_490' title='bbox 2146 799 2334 854; x_wconf 87' lang='lat' dir='ltr'><strong>cessit.</strong></span> <span class='ocrx_word' id='word_1_491' title='bbox 2354 799 2414 854; x_wconf 85' lang='lat' dir='ltr'><strong>Et</strong></span> <span class='ocrx_word' id='word_1_492' title='bbox 2428 801 2567 856; x_wconf 89' lang='lat' dir='ltr'><strong>sicut</strong></span> <span class='ocrx_word' id='word_1_493' title='bbox 2582 803 2744 859; x_wconf 90' lang='lat' dir='ltr'><strong>Pater</strong></span> <span class='ocrx_word' id='word_1_494' title='bbox 2755 805 2944 877; x_wconf 88' lang='lat' dir='ltr'><strong>genuit</strong></span> <span class='ocrx_word' id='word_1_495' title='bbox 2959 806 3171 875; x_wconf 87' lang='lat' dir='ltr'><strong>Filium,</strong></span> <span class='ocrx_word' id='word_1_496' title='bbox 3186 808 3292 864; x_wconf 88' lang='lat' dir='ltr'><strong>vita</strong></span> <span class='ocrx_word' id='word_1_497' title='bbox 3307 810 3515 867; x_wconf 86' lang='lat' dir='ltr'><strong>scilicet</strong></span> <span class='ocrx_word' id='word_1_498' title='bbox 3545 811 3725 879; x_wconf 86' lang='lat' dir='ltr'><strong>vitam,</strong></span> 
     </span>
    </p>
   </div>
   <div class='ocr_carea' id='block_1_67' title="bbox 2147 897 3731 981">
    <p class='ocr_par' dir='ltr' id='par_1_67' title="bbox 2147 897 3731 981">
     <span class='ocr_line' id='line_1_67' title="bbox 2147 897 3731 981; baseline 0.009 -30"><span class='ocrx_word' id='word_1_499' title='bbox 2147 897 2230 952; x_wconf 91' lang='lat' dir='ltr'><strong>sic</strong></span> <span class='ocrx_word' id='word_1_500' title='bbox 2260 898 2309 953; x_wconf 92' lang='lat' dir='ltr'><strong>ei</strong></span> <span class='ocrx_word' id='word_1_501' title='bbox 2339 898 2489 954; x_wconf 89' lang='lat' dir='ltr'><strong>dedit</strong></span> <span class='ocrx_word' id='word_1_502' title='bbox 2519 901 2686 956; x_wconf 87' lang='lat' dir='ltr'><strong>vitam</strong></span> <span class='ocrx_word' id='word_1_503' title='bbox 2722 903 3032 974; x_wconf 89' lang='lat' dir='ltr'><strong>procedere</strong></span> <span class='ocrx_word' id='word_1_504' title='bbox 3059 904 3129 961; x_wconf 90' lang='lat' dir='ltr'><strong>de</strong></span> <span class='ocrx_word' id='word_1_505' title='bbox 3160 905 3274 972; x_wconf 90' lang='lat' dir='ltr'><strong>illo,</strong></span> <span class='ocrx_word' id='word_1_506' title='bbox 3323 907 3457 963; x_wconf 88' lang='lat' dir='ltr'><strong>sicut</strong></span> <span class='ocrx_word' id='word_1_507' title='bbox 3488 910 3731 981; x_wconf 87' lang='lat' dir='ltr'><strong>procedit</strong></span> 
     </span>
    </p>
   </div>
   <div class='ocr_carea' id='block_1_68' title="bbox 2149 986 3731 1067">
    <p class='ocr_par' dir='ltr' id='par_1_68' title="bbox 2149 986 3731 1067">
     <span class='ocr_line' id='line_1_68' title="bbox 2149 986 3731 1067; baseline 0.008 -26"><span class='ocrx_word' id='word_1_508' title='bbox 2149 986 2218 1042; x_wconf 91' lang='lat' dir='ltr'><strong>de</strong></span> <span class='ocrx_word' id='word_1_509' title='bbox 2249 986 2389 1057; x_wconf 90' lang='lat' dir='ltr'><strong>ipso.</strong></span> <span class='ocrx_word' id='word_1_510' title='bbox 2439 989 2693 1046; x_wconf 89' lang='lat' dir='ltr'><strong>Nascitur</strong></span> <span class='ocrx_word' id='word_1_511' title='bbox 2713 1007 2745 1046; x_wconf 91' lang='lat' dir='ltr'><strong>a</strong></span> <span class='ocrx_word' id='word_1_512' title='bbox 2775 992 2934 1049; x_wconf 84' lang='lat' dir='ltr'><strong>Patre</strong></span> <span class='ocrx_word' id='word_1_513' title='bbox 2963 993 3184 1061; x_wconf 90' lang='lat' dir='ltr'><strong>veritas,</strong></span> <span class='ocrx_word' id='word_1_514' title='bbox 3215 995 3462 1067; x_wconf 83' lang='lat' dir='ltr'><strong>procedit</strong></span> <span class='ocrx_word' id='word_1_515' title='bbox 3494 998 3564 1054; x_wconf 90' lang='lat' dir='ltr'><strong>ab</strong></span> <span class='ocrx_word' id='word_1_516' title='bbox 3588 1006 3731 1054; x_wconf 78' lang='lat' dir='ltr'><strong>utro-</strong></span> 
     </span>
    </p>
   </div>
   <div class='ocr_carea' id='block_1_69' title="bbox 2150 1076 3735 1147">
    <p class='ocr_par' dir='ltr' id='par_1_69' title="bbox 2150 1076 3735 1147">
     <span class='ocr_line' id='line_1_69' title="bbox 2150 1076 3735 1147; baseline 0.008 -17"><span class='ocrx_word' id='word_1_517' title='bbox 2150 1091 2255 1147; x_wconf 91' lang='lat' dir='ltr'><strong>que</strong></span> <span class='ocrx_word' id='word_1_518' title='bbox 2284 1076 2524 1132; x_wconf 89' lang='lat' dir='ltr'><strong>charitas</strong></span> <span class='ocrx_word' id='word_1_519' title='bbox 2579 1079 2651 1134; x_wconf 90' lang='lat' dir='ltr'><strong>ad</strong></span> <span class='ocrx_word' id='word_1_520' title='bbox 2678 1080 3104 1139; x_wconf 85' lang='lat' dir='ltr'><strong>sanctﬁcandam</strong></span> <span class='ocrx_word' id='word_1_521' title='bbox 3126 1093 3451 1142; x_wconf 87' lang='lat' dir='ltr'><strong>creaturam.</strong></span> <span class='ocrx_word' id='word_1_522' title='bbox 3489 1086 3735 1143; x_wconf 82' lang='lat' dir='ltr'><strong>Nascitur</strong></span> 
     </span>
    </p>
   </div>
   <div class='ocr_carea' id='block_1_70' title="bbox 2149 1175 3735 1256">
    <p class='ocr_par' dir='ltr' id='par_1_70' title="bbox 2149 1175 3735 1256">
     <span class='ocr_line' id='line_1_70' title="bbox 2149 1175 3735 1256; baseline 0.008 -28"><span class='ocrx_word' id='word_1_523' title='bbox 2149 1189 2181 1228; x_wconf 92' lang='lat' dir='ltr'><strong>a</strong></span> <span class='ocrx_word' id='word_1_524' title='bbox 2232 1175 2394 1233; x_wconf 88' lang='lat' dir='ltr'><strong>Patre</strong></span> <span class='ocrx_word' id='word_1_525' title='bbox 2451 1177 2722 1249; x_wconf 88' lang='lat' dir='ltr'><strong>sapientia</strong></span> <span class='ocrx_word' id='word_1_526' title='bbox 2771 1198 2788 1246; x_wconf 86' lang='lat'><strong>;</strong></span> <span class='ocrx_word' id='word_1_527' title='bbox 2846 1180 2955 1236; x_wconf 82' lang='lat' dir='ltr'><strong>exit</strong></span> <span class='ocrx_word' id='word_1_528' title='bbox 3012 1181 3085 1236; x_wconf 92' lang='lat' dir='ltr'><strong>ab</strong></span> <span class='ocrx_word' id='word_1_529' title='bbox 3113 1189 3339 1256; x_wconf 91' lang='lat' dir='ltr'><strong>utroque</strong></span> <span class='ocrx_word' id='word_1_530' title='bbox 3367 1184 3433 1240; x_wconf 89' lang='lat' dir='ltr'><strong>ad</strong></span> <span class='ocrx_word' id='word_1_531' title='bbox 3462 1193 3735 1243; x_wconf 80' lang='lat' dir='ltr'><strong>creaturas</strong></span> 
     </span>
    </p>
   </div>
   <div class='ocr_carea' id='block_1_71' title="bbox 2151 1261 3736 1341">
    <p class='ocr_par' dir='ltr' id='par_1_71' title="bbox 2151 1261 3736 1341">
     <span class='ocr_line' id='line_1_71' title="bbox 2151 1261 3736 1341; baseline 0.009 -24"><span class='ocrx_word' id='word_1_532' title='bbox 2151 1261 2559 1322; x_wconf 88' lang='lat' dir='ltr'><strong>benevolentia.</strong></span> <span class='ocrx_word' id='word_1_533' title='bbox 2615 1268 2881 1325; x_wconf 88' lang='lat' dir='ltr'><strong>Nascitur</strong></span> <span class='ocrx_word' id='word_1_534' title='bbox 2936 1285 2971 1327; x_wconf 89' lang='lat' dir='ltr'><strong>a</strong></span> <span class='ocrx_word' id='word_1_535' title='bbox 3026 1270 3187 1329; x_wconf 84' lang='lat' dir='ltr'><strong>Patre</strong></span> <span class='ocrx_word' id='word_1_536' title='bbox 3230 1272 3513 1329; x_wconf 87' lang='lat' dir='ltr'><strong>consilium</strong></span> <span class='ocrx_word' id='word_1_537' title='bbox 3557 1293 3576 1341; x_wconf 89' lang='lat'><strong>;</strong></span> <span class='ocrx_word' id='word_1_538' title='bbox 3625 1276 3736 1332; x_wconf 84' lang='lat' dir='ltr'><strong>exit</strong></span> 
     </span>
    </p>
   </div>
   <div class='ocr_carea' id='block_1_72' title="bbox 2151 1351 3738 1426">
    <p class='ocr_par' dir='ltr' id='par_1_72' title="bbox 2151 1351 3738 1426">
     <span class='ocr_line' id='line_1_72' title="bbox 2151 1351 3738 1426; baseline 0.009 -21"><span class='ocrx_word' id='word_1_539' title='bbox 2151 1351 2226 1405; x_wconf 86' lang='lat' dir='ltr'><strong>ab</strong></span> <span class='ocrx_word' id='word_1_540' title='bbox 2247 1361 2477 1426; x_wconf 90' lang='lat' dir='ltr'><strong>utroque</strong></span> <span class='ocrx_word' id='word_1_541' title='bbox 2504 1356 2574 1410; x_wconf 91' lang='lat' dir='ltr'><strong>ad</strong></span> <span class='ocrx_word' id='word_1_542' title='bbox 2607 1365 2886 1413; x_wconf 89' lang='lat' dir='ltr'><strong>creaturas</strong></span> <span class='ocrx_word' id='word_1_543' title='bbox 2917 1357 3225 1416; x_wconf 82' lang='lat' dir='ltr'><strong>dilectionis</strong></span> <span class='ocrx_word' id='word_1_544' title='bbox 3253 1356 3598 1419; x_wconf 81' lang='lat' dir='ltr'><strong>beneficium.</strong></span> <span class='ocrx_word' id='word_1_545' title='bbox 3631 1363 3738 1419; x_wconf 54' lang='lat' dir='ltr'><strong>Na.</strong></span> 
     </span>
    </p>
   </div>
   <div class='ocr_carea' id='block_1_73' title="bbox 2150 1451 3738 1533">
    <p class='ocr_par' dir='ltr' id='par_1_73' title="bbox 2150 1451 3738 1533">
     <span class='ocr_line' id='line_1_73' title="bbox 2150 1451 3738 1533; baseline 0.008 -29"><span class='ocrx_word' id='word_1_546' title='bbox 2150 1451 2322 1506; x_wconf 91' lang='lat' dir='ltr'><strong>scitur</strong></span> <span class='ocrx_word' id='word_1_547' title='bbox 2351 1467 2384 1507; x_wconf 91' lang='lat' dir='ltr'><strong>a</strong></span> <span class='ocrx_word' id='word_1_548' title='bbox 2407 1453 2566 1509; x_wconf 89' lang='lat' dir='ltr'><strong>Patre</strong></span> <span class='ocrx_word' id='word_1_549' title='bbox 2589 1454 2826 1511; x_wconf 84' lang='lat' dir='ltr'><strong>Verbum</strong></span> <span class='ocrx_word' id='word_1_550' title='bbox 2863 1498 2876 1523; x_wconf 97' lang='lat'><strong>,</strong></span> <span class='ocrx_word' id='word_1_551' title='bbox 2908 1458 3157 1528; x_wconf 86' lang='lat' dir='ltr'><strong>pervenit</strong></span> <span class='ocrx_word' id='word_1_552' title='bbox 3210 1458 3281 1514; x_wconf 89' lang='lat' dir='ltr'><strong>ab</strong></span> <span class='ocrx_word' id='word_1_553' title='bbox 3308 1468 3531 1533; x_wconf 86' lang='lat' dir='ltr'><strong>utroque</strong></span> <span class='ocrx_word' id='word_1_554' title='bbox 3586 1460 3738 1518; x_wconf 85' lang='lat' dir='ltr'><strong>beni-</strong></span> 
     </span>
    </p>
   </div>
   <div class='ocr_carea' id='block_1_74' title="bbox 2150 1538 3736 1620">
    <p class='ocr_par' dir='ltr' id='par_1_74' title="bbox 2150 1538 3736 1620">
     <span class='ocr_line' id='line_1_74' title="bbox 2150 1538 3736 1620; baseline 0.008 -27"><span class='ocrx_word' id='word_1_555' title='bbox 2150 1538 2375 1611; x_wconf 87' lang='lat' dir='ltr'><strong>gnitatis</strong></span> <span class='ocrx_word' id='word_1_556' title='bbox 2408 1542 2631 1598; x_wconf 86' lang='lat' dir='ltr'><strong>donum.</strong></span> <span class='ocrx_word' id='word_1_557' title='bbox 2662 1544 2950 1615; x_wconf 90' lang='lat' dir='ltr'><strong>Splenduit</strong></span> <span class='ocrx_word' id='word_1_558' title='bbox 2979 1561 3013 1602; x_wconf 88' lang='lat' dir='ltr'><strong>a</strong></span> <span class='ocrx_word' id='word_1_559' title='bbox 3041 1547 3197 1603; x_wconf 90' lang='lat' dir='ltr'><strong>Patre</strong></span> <span class='ocrx_word' id='word_1_560' title='bbox 3217 1547 3736 1620; x_wconf 69' lang='lat' dir='ltr'><strong>splendoraaternus.</strong></span> 
     </span>
    </p>
   </div>
   <div class='ocr_carea' id='block_1_75' title="bbox 2149 1629 3736 1704">
    <p class='ocr_par' dir='ltr' id='par_1_75' title="bbox 2149 1629 3736 1704">
     <span class='ocr_line' id='line_1_75' title="bbox 2149 1629 3736 1704; baseline 0.008 -22"><span class='ocrx_word' id='word_1_561' title='bbox 2149 1629 2419 1700; x_wconf 86' lang='lat' dir='ltr'><strong>processit</strong></span> <span class='ocrx_word' id='word_1_562' title='bbox 2445 1632 2517 1686; x_wconf 90' lang='lat' dir='ltr'><strong>ab</strong></span> <span class='ocrx_word' id='word_1_563' title='bbox 2545 1641 2775 1704; x_wconf 88' lang='lat' dir='ltr'><strong>utropue</strong></span> <span class='ocrx_word' id='word_1_564' title='bbox 2807 1635 2964 1691; x_wconf 62' lang='lat' dir='ltr'><strong>bona;</strong></span> <span class='ocrx_word' id='word_1_565' title='bbox 2992 1635 3284 1693; x_wconf 87' lang='lat' dir='ltr'><strong>voluntatis</strong></span> <span class='ocrx_word' id='word_1_566' title='bbox 3312 1636 3557 1696; x_wconf 73' lang='lat' dir='ltr'><strong>affectus.</strong></span> <span class='ocrx_word' id='word_1_567' title='bbox 3599 1638 3736 1695; x_wconf 82' lang='lat' dir='ltr'><strong>Cum</strong></span> 
     </span>
    </p>
   </div>
   <div class='ocr_carea' id='block_1_76' title="bbox 2149 1724 3738 1807">
    <p class='ocr_par' dir='ltr' id='par_1_76' title="bbox 2149 1724 3738 1807">
     <span class='ocr_line' id='line_1_76' title="bbox 2149 1724 3738 1807; baseline 0.009 -28"><span class='ocrx_word' id='word_1_568' title='bbox 2149 1724 2444 1797; x_wconf 86' lang='lat' dir='ltr'><strong>igiturtota</strong></span> <span class='ocrx_word' id='word_1_569' title='bbox 2472 1730 2705 1787; x_wconf 88' lang='lat' dir='ltr'><strong>Trinitas</strong></span> <span class='ocrx_word' id='word_1_570' title='bbox 2765 1732 2835 1789; x_wconf 84' lang='lat' dir='ltr'><strong>sit</strong></span> <span class='ocrx_word' id='word_1_571' title='bbox 2893 1733 3147 1805; x_wconf 88' lang='lat' dir='ltr'><strong>Spiritus,</strong></span> <span class='ocrx_word' id='word_1_572' title='bbox 3202 1732 3256 1790; x_wconf 88' lang='lat' dir='ltr'><strong>id</strong></span> <span class='ocrx_word' id='word_1_573' title='bbox 3288 1744 3371 1791; x_wconf 91' lang='lat' dir='ltr'><strong>est</strong></span> <span class='ocrx_word' id='word_1_574' title='bbox 3421 1736 3738 1807; x_wconf 84' lang='lat' dir='ltr'><strong>incorporea</strong></span> 
     </span>
    </p>
   </div>
   <div class='ocr_carea' id='block_1_77' title="bbox 2149 1818 3734 1899">
    <p class='ocr_par' dir='ltr' id='par_1_77' title="bbox 2149 1818 3734 1899">
     <span class='ocr_line' id='line_1_77' title="bbox 2149 1818 3734 1899; baseline 0.008 -30"><span class='ocrx_word' id='word_1_575' title='bbox 2149 1824 2366 1883; x_wconf 88' lang='lat' dir='ltr'><strong>natura,</strong></span> <span class='ocrx_word' id='word_1_576' title='bbox 2426 1818 2664 1890; x_wconf 90' lang='lat' dir='ltr'><strong>Spiritus</strong></span> <span class='ocrx_word' id='word_1_577' title='bbox 2717 1829 2937 1878; x_wconf 91' lang='lat' dir='ltr'><strong>sanctus</strong></span> <span class='ocrx_word' id='word_1_578' title='bbox 2981 1823 3260 1896; x_wconf 86' lang='lat' dir='ltr'><strong>sigillatim</strong></span> <span class='ocrx_word' id='word_1_579' title='bbox 3312 1825 3507 1882; x_wconf 88' lang='lat' dir='ltr'><strong>dicitur</strong></span> <span class='ocrx_word' id='word_1_580' title='bbox 3559 1826 3734 1899; x_wconf 87' lang='lat' dir='ltr'><strong>Spiri-</strong></span> 
     </span>
    </p>
   </div>
   <div class='ocr_carea' id='block_1_78' title="bbox 2151 1919 3731 1996">
    <p class='ocr_par' dir='ltr' id='par_1_78' title="bbox 2151 1919 3731 1996">
     <span class='ocr_line' id='line_1_78' title="bbox 2151 1919 3731 1996; baseline 0.008 -27"><span class='ocrx_word' id='word_1_581' title='bbox 2151 1922 2258 1981; x_wconf 91' lang='lat' dir='ltr'><strong>tus,</strong></span> <span class='ocrx_word' id='word_1_582' title='bbox 2297 1923 2554 1989; x_wconf 90' lang='lat' dir='ltr'><strong>tanquam</strong></span> <span class='ocrx_word' id='word_1_583' title='bbox 2591 1919 2767 1974; x_wconf 89' lang='lat' dir='ltr'><strong>Patris</strong></span> <span class='ocrx_word' id='word_1_584' title='bbox 2797 1928 2847 1975; x_wconf 92' lang='lat' dir='ltr'><strong>et</strong></span> <span class='ocrx_word' id='word_1_585' title='bbox 2881 1921 2999 1976; x_wconf 84' lang='lat' dir='ltr'><strong>Filii</strong></span> <span class='ocrx_word' id='word_1_586' title='bbox 3030 1922 3323 1990; x_wconf 81' lang='lat' dir='ltr'><strong>spiramen,</strong></span> <span class='ocrx_word' id='word_1_587' title='bbox 3356 1940 3451 1980; x_wconf 90' lang='lat' dir='ltr'><strong>seu</strong></span> <span class='ocrx_word' id='word_1_588' title='bbox 3478 1924 3731 1996; x_wconf 88' lang='lat' dir='ltr'><strong>spiracu-</strong></span> 
     </span>
    </p>
   </div>
   <div class='ocr_carea' id='block_1_79' title="bbox 2145 2003 3734 2082">
    <p class='ocr_par' dir='ltr' id='par_1_79' title="bbox 2145 2003 3734 2082">
     <span class='ocr_line' id='line_1_79' title="bbox 2145 2003 3734 2082; baseline 0.008 -22"><span class='ocrx_word' id='word_1_589' title='bbox 2145 2003 2284 2060; x_wconf 90' lang='lat' dir='ltr'><strong>lum.</strong></span> <span class='ocrx_word' id='word_1_590' title='bbox 2323 2006 2625 2078; x_wconf 87' lang='lat' dir='ltr'><strong>Inspiratur</strong></span> <span class='ocrx_word' id='word_1_591' title='bbox 2678 2009 2823 2064; x_wconf 91' lang='lat' dir='ltr'><strong>enim</strong></span> <span class='ocrx_word' id='word_1_592' title='bbox 2868 2009 3103 2082; x_wconf 91' lang='lat' dir='ltr'><strong>Spiritus</strong></span> <span class='ocrx_word' id='word_1_593' title='bbox 3148 2021 3369 2070; x_wconf 87' lang='lat' dir='ltr'><strong>sanctus</strong></span> <span class='ocrx_word' id='word_1_594' title='bbox 3396 2029 3429 2068; x_wconf 90' lang='lat' dir='ltr'><strong>a</strong></span> <span class='ocrx_word' id='word_1_595' title='bbox 3484 2014 3646 2072; x_wconf 88' lang='lat' dir='ltr'><strong>Patre</strong></span> <span class='ocrx_word' id='word_1_596' title='bbox 3681 2022 3734 2071; x_wconf 88' lang='lat' dir='ltr'><strong>et</strong></span> 
     </span>
    </p>
   </div>
   <div class='ocr_carea' id='block_1_80' title="bbox 2145 2094 3734 2166">
    <p class='ocr_par' dir='ltr' id='par_1_80' title="bbox 2145 2094 3734 2166">
     <span class='ocr_line' id='line_1_80' title="bbox 2145 2094 3734 2166; baseline 0.007 -17"><span class='ocrx_word' id='word_1_597' title='bbox 2145 2094 2280 2152; x_wconf 84' lang='lat' dir='ltr'><strong>Filio</strong></span> <span class='ocrx_word' id='word_1_598' title='bbox 2328 2096 2399 2151; x_wconf 91' lang='lat' dir='ltr'><strong>ad</strong></span> <span class='ocrx_word' id='word_1_599' title='bbox 2456 2095 2923 2166; x_wconf 83' lang='lat' dir='ltr'><strong>sanctiﬁcandum,</strong></span> <span class='ocrx_word' id='word_1_600' title='bbox 2977 2115 3079 2156; x_wconf 72' lang='lat' dir='ltr'><strong>nec</strong></span> <span class='ocrx_word' id='word_1_601' title='bbox 3114 2101 3265 2157; x_wconf 86' lang='lat' dir='ltr'><strong>venit</strong></span> <span class='ocrx_word' id='word_1_602' title='bbox 3316 2102 3434 2159; x_wconf 87' lang='lat' dir='ltr'><strong>sine</strong></span> <span class='ocrx_word' id='word_1_603' title='bbox 3464 2103 3628 2159; x_wconf 87' lang='lat' dir='ltr'><strong>Patre</strong></span> <span class='ocrx_word' id='word_1_604' title='bbox 3682 2112 3734 2159; x_wconf 86' lang='lat' dir='ltr'><strong>et</strong></span> 
     </span>
    </p>
   </div>
   <div class='ocr_carea' id='block_1_81' title="bbox 2147 2183 3734 2257">
    <p class='ocr_par' dir='ltr' id='par_1_81' title="bbox 2147 2183 3734 2257">
     <span class='ocr_line' id='line_1_81' title="bbox 2147 2183 3734 2257; baseline 0.006 -20"><span class='ocrx_word' id='word_1_605' title='bbox 2147 2183 2301 2250; x_wconf 88' lang='lat' dir='ltr'><strong>Filio,</strong></span> <span class='ocrx_word' id='word_1_606' title='bbox 2335 2185 2464 2257; x_wconf 89' lang='lat' dir='ltr'><strong>quia</strong></span> <span class='ocrx_word' id='word_1_607' title='bbox 2484 2186 2719 2243; x_wconf 87' lang='lat' dir='ltr'><strong>Trinitas</strong></span> <span class='ocrx_word' id='word_1_608' title='bbox 2748 2186 2984 2244; x_wconf 89' lang='lat' dir='ltr'><strong>indivisa</strong></span> <span class='ocrx_word' id='word_1_609' title='bbox 3028 2197 3137 2244; x_wconf 89' lang='lat' dir='ltr'><strong>est.</strong></span> <span class='ocrx_word' id='word_1_610' title='bbox 3168 2188 3419 2247; x_wconf 89' lang='lat' dir='ltr'><strong>Procedit</strong></span> <span class='ocrx_word' id='word_1_611' title='bbox 3469 2191 3734 2247; x_wconf 69' lang='lat' dir='ltr'><strong>mtcruali-</strong></span> 
     </span>
    </p>
   </div>
   <div class='ocr_carea' id='block_1_82' title="bbox 2145 2273 3734 2349">
    <p class='ocr_par' dir='ltr' id='par_1_82' title="bbox 2145 2273 3734 2349">
     <span class='ocr_line' id='line_1_82' title="bbox 2145 2273 3734 2349; baseline 0.007 -22"><span class='ocrx_word' id='word_1_612' title='bbox 2145 2276 2230 2328; x_wconf 89' lang='lat' dir='ltr'><strong>ter</strong></span> <span class='ocrx_word' id='word_1_613' title='bbox 2260 2273 2494 2345; x_wconf 89' lang='lat' dir='ltr'><strong>Spiritus</strong></span> <span class='ocrx_word' id='word_1_614' title='bbox 2523 2291 2554 2330; x_wconf 91' lang='lat' dir='ltr'><strong>a</strong></span> <span class='ocrx_word' id='word_1_615' title='bbox 2584 2276 2747 2332; x_wconf 89' lang='lat' dir='ltr'><strong>Patre</strong></span> <span class='ocrx_word' id='word_1_616' title='bbox 2775 2286 2827 2332; x_wconf 91' lang='lat' dir='ltr'><strong>et</strong></span> <span class='ocrx_word' id='word_1_617' title='bbox 2847 2277 2983 2334; x_wconf 86' lang='lat' dir='ltr'><strong>Filio</strong></span> <span class='ocrx_word' id='word_1_618' title='bbox 2996 2294 3095 2349; x_wconf 90' lang='lat' dir='ltr'><strong>per</strong></span> <span class='ocrx_word' id='word_1_619' title='bbox 3108 2277 3358 2335; x_wconf 72' lang='lat' dir='ltr'><strong>effectum</strong></span> <span class='ocrx_word' id='word_1_620' title='bbox 3377 2280 3734 2337; x_wconf 87' lang='lat' dir='ltr'><strong>distribuendi</strong></span> 
     </span>
    </p>
   </div>
   <div class='ocr_carea' id='block_1_83' title="bbox 2144 2362 3735 2438">
    <p class='ocr_par' dir='ltr' id='par_1_83' title="bbox 2144 2362 3735 2438">
     <span class='ocr_line' id='line_1_83' title="bbox 2144 2362 3735 2438; baseline 0.006 -21"><span class='ocrx_word' id='word_1_621' title='bbox 2144 2362 2465 2420; x_wconf 89' lang='lat' dir='ltr'><strong>donationes</strong></span> <span class='ocrx_word' id='word_1_622' title='bbox 2499 2382 2511 2419; x_wconf 93' lang='lat'><strong>:</strong></span> <span class='ocrx_word' id='word_1_623' title='bbox 2546 2366 2813 2434; x_wconf 87' lang='lat' dir='ltr'><strong>procedit,</strong></span> <span class='ocrx_word' id='word_1_624' title='bbox 2864 2366 3176 2438; x_wconf 89' lang='lat' dir='ltr'><strong>inspiratur,</strong></span> <span class='ocrx_word' id='word_1_625' title='bbox 3225 2368 3452 2425; x_wconf 91' lang='lat' dir='ltr'><strong>mittitur</strong></span> <span class='ocrx_word' id='word_1_626' title='bbox 3496 2385 3565 2425; x_wconf 83' lang='lat' dir='ltr'><strong>ex</strong></span> <span class='ocrx_word' id='word_1_627' title='bbox 3604 2378 3735 2426; x_wconf 83' lang='lat' dir='ltr'><strong>tem-</strong></span> 
     </span>
    </p>
   </div>
   <div class='ocr_carea' id='block_1_84' title="bbox 2144 2462 3732 2539">
    <p class='ocr_par' dir='ltr' id='par_1_84' title="bbox 2144 2462 3732 2539">
     <span class='ocr_line' id='line_1_84' title="bbox 2144 2462 3732 2539; baseline 0.006 -24"><span class='ocrx_word' id='word_1_628' title='bbox 2144 2475 2276 2531; x_wconf 89' lang='lat' dir='ltr'><strong>pore</strong></span> <span class='ocrx_word' id='word_1_629' title='bbox 2328 2478 2431 2533; x_wconf 92' lang='lat' dir='ltr'><strong>per</strong></span> <span class='ocrx_word' id='word_1_630' title='bbox 2485 2462 2815 2520; x_wconf 91' lang='lat' dir='ltr'><strong>infusionem</strong></span> <span class='ocrx_word' id='word_1_631' title='bbox 2873 2465 3192 2539; x_wconf 74' lang='lat' dir='ltr'><strong>gratiarum.</strong></span> <span class='ocrx_word' id='word_1_632' title='bbox 3250 2466 3382 2524; x_wconf 60' lang='lat' dir='ltr'><strong>Haec</strong></span> <span class='ocrx_word' id='word_1_633' title='bbox 3434 2466 3732 2539; x_wconf 87' lang='lat' dir='ltr'><strong>inspiratio,</strong></span> 
     </span>
    </p>
   </div>
   <div class='ocr_carea' id='block_1_85' title="bbox 2143 2550 3735 2629">
    <p class='ocr_par' dir='ltr' id='par_1_85' title="bbox 2143 2550 3735 2629">
     <span class='ocr_line' id='line_1_85' title="bbox 2143 2550 3735 2629; baseline 0.005 -24"><span class='ocrx_word' id='word_1_634' title='bbox 2143 2550 2263 2607; x_wconf 64' lang='lat' dir='ltr'><strong>hiec</strong></span> <span class='ocrx_word' id='word_1_635' title='bbox 2318 2552 2637 2622; x_wconf 88' lang='lat' dir='ltr'><strong>temporalis</strong></span> <span class='ocrx_word' id='word_1_636' title='bbox 2690 2555 2996 2625; x_wconf 84' lang='lat' dir='ltr'><strong>processio,</strong></span> <span class='ocrx_word' id='word_1_637' title='bbox 3058 2555 3175 2612; x_wconf 89' lang='lat' dir='ltr'><strong>sive</strong></span> <span class='ocrx_word' id='word_1_638' title='bbox 3256 2556 3446 2613; x_wconf 87' lang='lat' dir='ltr'><strong>missio</strong></span> <span class='ocrx_word' id='word_1_639' title='bbox 3497 2556 3735 2629; x_wconf 86' lang='lat' dir='ltr'><strong>quotidie</strong></span> 
     </span>
    </p>
   </div>
   <div class='ocr_carea' id='block_1_86' title="bbox 2144 2637 3734 2714">
    <p class='ocr_par' dir='ltr' id='par_1_86' title="bbox 2144 2637 3734 2714">
     <span class='ocr_line' id='line_1_86' title="bbox 2144 2637 3734 2714; baseline 0.006 -20"><span class='ocrx_word' id='word_1_640' title='bbox 2144 2637 2224 2702; x_wconf 82' lang='lat' dir='ltr'><strong>fit.</strong></span> <span class='ocrx_word' id='word_1_641' title='bbox 2275 2639 2406 2696; x_wconf 92' lang='lat' dir='ltr'><strong>dum</strong></span> <span class='ocrx_word' id='word_1_642' title='bbox 2436 2642 2677 2714; x_wconf 89' lang='lat' dir='ltr'><strong>quotidie</strong></span> <span class='ocrx_word' id='word_1_643' title='bbox 2734 2642 2969 2701; x_wconf 88' lang='lat' dir='ltr'><strong>diversis</strong></span> <span class='ocrx_word' id='word_1_644' title='bbox 2997 2643 3218 2701; x_wconf 87' lang='lat' dir='ltr'><strong>diversa</strong></span> <span class='ocrx_word' id='word_1_645' title='bbox 3248 2645 3396 2702; x_wconf 89' lang='lat' dir='ltr'><strong>dona</strong></span> <span class='ocrx_word' id='word_1_646' title='bbox 3422 2644 3734 2703; x_wconf 85' lang='lat' dir='ltr'><strong>confferun-</strong></span> 
     </span>
    </p>
   </div>
   <div class='ocr_carea' id='block_1_87' title="bbox 2144 2736 2256 2786">
    <p class='ocr_par' dir='ltr' id='par_1_87' title="bbox 2144 2736 2256 2786">
     <span class='ocr_line' id='line_1_87' title="bbox 2144 2736 2256 2786; baseline 0.009 -1"><span class='ocrx_word' id='word_1_647' title='bbox 2144 2736 2256 2786; x_wconf 90' lang='lat' dir='ltr'><strong>tur.</strong></span> 
     </span>
    </p>
   </div>
   <div class='ocr_carea' id='block_1_88' title="bbox 2219 2843 3730 2920">
    <p class='ocr_par' dir='ltr' id='par_1_88' title="bbox 2219 2843 3730 2920">
     <span class='ocr_line' id='line_1_88' title="bbox 2219 2843 3730 2920; baseline 0.002 -18"><span class='ocrx_word' id='word_1_648' title='bbox 2219 2865 2243 2897; x_wconf 73' lang='grc' dir='ltr'>ι</span> <span class='ocrx_word' id='word_1_649' title='bbox 2280 2843 2480 2902; x_wconf 90' lang='lat' dir='ltr'><strong>Omnia</strong></span> <span class='ocrx_word' id='word_1_650' title='bbox 2525 2861 2868 2920; x_wconf 64' lang='lat' dir='ltr'><strong>qumcunque</strong></span> <span class='ocrx_word' id='word_1_651' title='bbox 2898 2847 3059 2904; x_wconf 89' lang='lat' dir='ltr'><strong>Pater</strong></span> <span class='ocrx_word' id='word_1_652' title='bbox 3086 2847 3272 2917; x_wconf 79' lang='lat' dir='ltr'><strong>habet,</strong></span> <span class='ocrx_word' id='word_1_653' title='bbox 3326 2863 3454 2906; x_wconf 88' lang='lat' dir='ltr'><strong>mea</strong></span> <span class='ocrx_word' id='word_1_654' title='bbox 3511 2857 3661 2905; x_wconf 89' lang='lat' dir='ltr'><strong>sunt.</strong></span> <span class='ocrx_word' id='word_1_655' title='bbox 3707 2872 3730 2898; x_wconf 76' lang='grc' dir='ltr'>ι</span> 
     </span>
    </p>
   </div>
   <div class='ocr_carea' id='block_1_89' title="bbox 2145 2933 3737 3009">
    <p class='ocr_par' dir='ltr' id='par_1_89' title="bbox 2145 2933 3737 3009">
     <span class='ocr_line' id='line_1_89' title="bbox 2145 2933 3737 3009; baseline 0.003 -20"><span class='ocrx_word' id='word_1_656' title='bbox 2145 2933 2354 2991; x_wconf 88' lang='lat' dir='ltr'><strong>Sensus</strong></span> <span class='ocrx_word' id='word_1_657' title='bbox 2379 2942 2464 2991; x_wconf 89' lang='lat' dir='ltr'><strong>est</strong></span> <span class='ocrx_word' id='word_1_658' title='bbox 2496 2952 2511 2990; x_wconf 91' lang='lat'><strong>:</strong></span> <span class='ocrx_word' id='word_1_659' title='bbox 2543 2935 2605 2991; x_wconf 89' lang='lat' dir='ltr'><strong>Id</strong></span> <span class='ocrx_word' id='word_1_660' title='bbox 2636 2936 2815 3007; x_wconf 91' lang='lat' dir='ltr'><strong>ipsum</strong></span> <span class='ocrx_word' id='word_1_661' title='bbox 2845 2936 2991 3009; x_wconf 91' lang='lat' dir='ltr'><strong>quod</strong></span> <span class='ocrx_word' id='word_1_662' title='bbox 3024 2938 3182 2994; x_wconf 87' lang='lat' dir='ltr'><strong>Pater</strong></span> <span class='ocrx_word' id='word_1_663' title='bbox 3218 2944 3321 3005; x_wconf 88' lang='lat' dir='ltr'><strong>est,</strong></span> <span class='ocrx_word' id='word_1_664' title='bbox 3351 2937 3406 2993; x_wconf 92' lang='lat' dir='ltr'><strong>in</strong></span> <span class='ocrx_word' id='word_1_665' title='bbox 3434 2954 3524 2995; x_wconf 88' lang='lat' dir='ltr'><strong>me</strong></span> <span class='ocrx_word' id='word_1_666' title='bbox 3548 2946 3654 3006; x_wconf 84' lang='lat' dir='ltr'><strong>est,</strong></span> <span class='ocrx_word' id='word_1_667' title='bbox 3685 2946 3737 2994; x_wconf 80' lang='lat' dir='ltr'><strong>et</strong></span> 
     </span>
    </p>
   </div>
   <div class='ocr_carea' id='block_1_90' title="bbox 2144 3023 3737 3099">
    <p class='ocr_par' dir='ltr' id='par_1_90' title="bbox 2144 3023 3737 3099">
     <span class='ocr_line' id='line_1_90' title="bbox 2144 3023 3737 3099; baseline 0.004 -20"><span class='ocrx_word' id='word_1_668' title='bbox 2144 3039 2250 3097; x_wconf 89' lang='lat' dir='ltr'><strong>ego</strong></span> <span class='ocrx_word' id='word_1_669' title='bbox 2267 3039 2333 3079; x_wconf 88' lang='lat' dir='ltr'><strong>ex</strong></span> <span class='ocrx_word' id='word_1_670' title='bbox 2361 3023 2457 3081; x_wconf 91' lang='lat' dir='ltr'><strong>illo</strong></span> <span class='ocrx_word' id='word_1_671' title='bbox 2481 3038 2496 3094; x_wconf 90' lang='lat'><strong>;</strong></span> <span class='ocrx_word' id='word_1_672' title='bbox 2528 3024 2600 3080; x_wconf 88' lang='lat' dir='ltr'><strong>ita</strong></span> <span class='ocrx_word' id='word_1_673' title='bbox 2629 3025 2775 3099; x_wconf 91' lang='lat' dir='ltr'><strong>quod</strong></span> <span class='ocrx_word' id='word_1_674' title='bbox 2807 3027 2964 3082; x_wconf 90' lang='lat' dir='ltr'><strong>Pater</strong></span> <span class='ocrx_word' id='word_1_675' title='bbox 2990 3025 3109 3083; x_wconf 85' lang='lat' dir='ltr'><strong>Filii</strong></span> <span class='ocrx_word' id='word_1_676' title='bbox 3137 3034 3224 3084; x_wconf 86' lang='lat' dir='ltr'><strong>est</strong></span> <span class='ocrx_word' id='word_1_677' title='bbox 3253 3029 3429 3096; x_wconf 86' lang='lat' dir='ltr'><strong>Pater,</strong></span> <span class='ocrx_word' id='word_1_678' title='bbox 3458 3035 3513 3085; x_wconf 91' lang='lat' dir='ltr'><strong>et</strong></span> <span class='ocrx_word' id='word_1_679' title='bbox 3565 3025 3737 3085; x_wconf 86' lang='lat' dir='ltr'><strong>Filius</strong></span> 
     </span>
    </p>
   </div>
   <div class='ocr_carea' id='block_1_91' title="bbox 2143 3122 2643 3179">
    <p class='ocr_par' dir='ltr' id='par_1_91' title="bbox 2143 3122 2643 3179">
     <span class='ocr_line' id='line_1_91' title="bbox 2143 3122 2643 3179; baseline 0.002 -1"><span class='ocrx_word' id='word_1_680' title='bbox 2143 3122 2320 3179; x_wconf 87' lang='lat' dir='ltr'><strong>Patris</strong></span> <span class='ocrx_word' id='word_1_681' title='bbox 2347 3131 2430 3179; x_wconf 90' lang='lat' dir='ltr'><strong>est</strong></span> <span class='ocrx_word' id='word_1_682' title='bbox 2448 3122 2643 3179; x_wconf 86' lang='lat' dir='ltr'><strong>Filius.</strong></span> 
     </span>
    </p>
   </div>
   <div class='ocr_carea' id='block_1_92' title="bbox 2220 3240 3738 3315">
    <p class='ocr_par' dir='ltr' id='par_1_92' title="bbox 2220 3240 3738 3315">
     <span class='ocr_line' id='line_1_92' title="bbox 2220 3240 3738 3315; baseline 0 -18"><span class='ocrx_word' id='word_1_683' title='bbox 2220 3264 2243 3289; x_wconf 75' lang='grc' dir='ltr'>α</span> <span class='ocrx_word' id='word_1_684' title='bbox 2283 3241 2580 3313; x_wconf 90' lang='lat' dir='ltr'><strong>Propterea</strong></span> <span class='ocrx_word' id='word_1_685' title='bbox 2601 3240 2716 3297; x_wconf 83' lang='lat' dir='ltr'><strong>dixi</strong></span> <span class='ocrx_word' id='word_1_686' title='bbox 2738 3240 2866 3315; x_wconf 89' lang='lat' dir='ltr'><strong>quia</strong></span> <span class='ocrx_word' id='word_1_687' title='bbox 2897 3241 2967 3299; x_wconf 90' lang='lat' dir='ltr'><strong>de</strong></span> <span class='ocrx_word' id='word_1_688' title='bbox 2987 3257 3114 3300; x_wconf 91' lang='lat' dir='ltr'><strong>meo</strong></span> <span class='ocrx_word' id='word_1_689' title='bbox 3145 3240 3393 3315; x_wconf 87' lang='lat' dir='ltr'><strong>accipiet,</strong></span> <span class='ocrx_word' id='word_1_690' title='bbox 3449 3249 3503 3299; x_wconf 91' lang='lat' dir='ltr'><strong>et</strong></span> <span class='ocrx_word' id='word_1_691' title='bbox 3530 3257 3738 3298; x_wconf 87' lang='lat' dir='ltr'><strong>annun-</strong></span> 
     </span>
    </p>
   </div>
   <div class='ocr_carea' id='block_1_93' title="bbox 2144 3329 3739 3404">
    <p class='ocr_par' dir='ltr' id='par_1_93' title="bbox 2144 3329 3739 3404">
     <span class='ocr_line' id='line_1_93' title="bbox 2144 3329 3739 3404; baseline 0.002 -19"><span class='ocrx_word' id='word_1_692' title='bbox 2144 3329 2305 3386; x_wconf 88' lang='lat' dir='ltr'><strong>tiabit</strong></span> <span class='ocrx_word' id='word_1_693' title='bbox 2323 3330 2502 3387; x_wconf 91' lang='lat' dir='ltr'><strong>vobis.</strong></span> <span class='ocrx_word' id='word_1_694' title='bbox 2515 3354 2537 3379; x_wconf 74' lang='grc' dir='ltr'><strong>ιο</strong></span> <span class='ocrx_word' id='word_1_695' title='bbox 2574 3330 2698 3386; x_wconf 84' lang='lat' dir='ltr'><strong>Dixi</strong></span> <span class='ocrx_word' id='word_1_696' title='bbox 2715 3331 2844 3403; x_wconf 90' lang='lat' dir='ltr'><strong>quia</strong></span> <span class='ocrx_word' id='word_1_697' title='bbox 2858 3330 2925 3387; x_wconf 89' lang='lat' dir='ltr'><strong>de</strong></span> <span class='ocrx_word' id='word_1_698' title='bbox 2939 3331 3132 3388; x_wconf 90' lang='lat' dir='ltr'><strong>eodem</strong></span> <span class='ocrx_word' id='word_1_699' title='bbox 3148 3339 3274 3387; x_wconf 90' lang='lat' dir='ltr'><strong>sunt</strong></span> <span class='ocrx_word' id='word_1_700' title='bbox 3296 3332 3421 3402; x_wconf 77' lang='lat' dir='ltr'><strong>(sic)</strong></span> <span class='ocrx_word' id='word_1_701' title='bbox 3442 3330 3739 3404; x_wconf 88' lang='lat' dir='ltr'><strong>procedere</strong></span> 
     </span>
    </p>
   </div>
   <div class='ocr_carea' id='block_1_94' title="bbox 2145 3419 3741 3495">
    <p class='ocr_par' dir='ltr' id='par_1_94' title="bbox 2145 3419 3741 3495">
     <span class='ocr_line' id='line_1_94' title="bbox 2145 3419 3741 3495; baseline 0.001 -20"><span class='ocrx_word' id='word_1_702' title='bbox 2145 3419 2376 3491; x_wconf 89' lang='lat' dir='ltr'><strong>Spiritus</strong></span> <span class='ocrx_word' id='word_1_703' title='bbox 2406 3427 2628 3476; x_wconf 88' lang='lat' dir='ltr'><strong>sanctus</strong></span> <span class='ocrx_word' id='word_1_704' title='bbox 2692 3436 2799 3493; x_wconf 92' lang='lat' dir='ltr'><strong>quo</strong></span> <span class='ocrx_word' id='word_1_705' title='bbox 2863 3429 2914 3477; x_wconf 92' lang='lat' dir='ltr'><strong>et</strong></span> <span class='ocrx_word' id='word_1_706' title='bbox 2952 3420 3060 3495; x_wconf 82' lang='lat' dir='ltr'><strong>ego</strong></span> <span class='ocrx_word' id='word_1_707' title='bbox 3106 3420 3344 3494; x_wconf 89' lang='lat' dir='ltr'><strong>genitus,</strong></span> <span class='ocrx_word' id='word_1_708' title='bbox 3402 3436 3470 3476; x_wconf 89' lang='lat' dir='ltr'><strong>ne</strong></span> <span class='ocrx_word' id='word_1_709' title='bbox 3524 3428 3741 3493; x_wconf 88' lang='lat' dir='ltr'><strong>putetur</strong></span> 
     </span>
    </p>
   </div>
   <div class='ocr_carea' id='block_1_95' title="bbox 2147 3507 3740 3584">
    <p class='ocr_par' dir='ltr' id='par_1_95' title="bbox 2147 3507 3740 3584">
     <span class='ocr_line' id='line_1_95' title="bbox 2147 3507 3740 3584; baseline 0.001 -19"><span class='ocrx_word' id='word_1_710' title='bbox 2147 3508 2383 3580; x_wconf 88' lang='lat' dir='ltr'><strong>Spiritus</strong></span> <span class='ocrx_word' id='word_1_711' title='bbox 2413 3507 2594 3566; x_wconf 90' lang='lat' dir='ltr'><strong>minor</strong></span> <span class='ocrx_word' id='word_1_712' title='bbox 2647 3525 2756 3578; x_wconf 90' lang='lat' dir='ltr'><strong>me,</strong></span> <span class='ocrx_word' id='word_1_713' title='bbox 2790 3508 2875 3567; x_wconf 91' lang='lat' dir='ltr'><strong>vel</strong></span> <span class='ocrx_word' id='word_1_714' title='bbox 2903 3518 3064 3566; x_wconf 89' lang='lat' dir='ltr'><strong>natus</strong></span> <span class='ocrx_word' id='word_1_715' title='bbox 3100 3510 3169 3567; x_wconf 92' lang='lat' dir='ltr'><strong>de</strong></span> <span class='ocrx_word' id='word_1_716' title='bbox 3200 3525 3309 3579; x_wconf 90' lang='lat' dir='ltr'><strong>me,</strong></span> <span class='ocrx_word' id='word_1_717' title='bbox 3342 3508 3481 3567; x_wconf 90' lang='lat' dir='ltr'><strong>sicut</strong></span> <span class='ocrx_word' id='word_1_718' title='bbox 3535 3525 3641 3584; x_wconf 87' lang='lat' dir='ltr'><strong>ego</strong></span> <span class='ocrx_word' id='word_1_719' title='bbox 3668 3508 3740 3567; x_wconf 89' lang='lat' dir='ltr'><strong>de</strong></span> 
     </span>
    </p>
   </div>
   <div class='ocr_carea' id='block_1_96' title="bbox 2148 3599 2327 3656">
    <p class='ocr_par' dir='ltr' id='par_1_96' title="bbox 2148 3599 2327 3656">
     <span class='ocr_line' id='line_1_96' title="bbox 2148 3599 2327 3656; baseline -0.011 0"><span class='ocrx_word' id='word_1_720' title='bbox 2148 3599 2327 3656; x_wconf 88' lang='lat' dir='ltr'><strong>Patre.</strong></span> 
     </span>
    </p>
   </div>
   <div class='ocr_carea' id='block_1_97' title="bbox 2258 3730 3622 3797">
    <p class='ocr_par' dir='ltr' id='par_1_97' title="bbox 2258 3730 3622 3797">
     <span class='ocr_line' id='line_1_97' title="bbox 2258 3730 3622 3797; baseline 0.001 -9"><span class='ocrx_word' id='word_1_721' title='bbox 2258 3730 2499 3789; x_wconf 77' lang='lat' dir='ltr'><strong>SERMO</strong></span> <span class='ocrx_word' id='word_1_722' title='bbox 2537 3732 2631 3788; x_wconf 86' lang='lat' dir='ltr'><strong>DE</strong></span> <span class='ocrx_word' id='word_1_723' title='bbox 2669 3732 2913 3791; x_wconf 85' lang='lat' dir='ltr'><strong>TRIBUS</strong></span> <span class='ocrx_word' id='word_1_724' title='bbox 2950 3733 3201 3792; x_wconf 84' lang='lat' dir='ltr'><strong>DIEBUS</strong></span> <span class='ocrx_word' id='word_1_725' title='bbox 3239 3731 3622 3797; x_wconf 84' lang='lat' dir='ltr'><strong>PASSIONIS,</strong></span> 
     </span>
    </p>
   </div>
   <div class='ocr_carea' id='block_1_98' title="bbox 2310 3820 3581 3881">
    <p class='ocr_par' dir='ltr' id='par_1_98' title="bbox 2310 3820 3581 3881">
     <span class='ocr_line' id='line_1_98' title="bbox 2310 3820 3581 3881; baseline -0.001 -2"><span class='ocrx_word' id='word_1_726' title='bbox 2310 3822 2919 3881; x_wconf 81' lang='lat' dir='ltr'><strong>RESUBRECTIONIS</strong></span> <span class='ocrx_word' id='word_1_727' title='bbox 2957 3823 3053 3879; x_wconf 89' lang='lat' dir='ltr'><strong>ET</strong></span> <span class='ocrx_word' id='word_1_728' title='bbox 3089 3820 3581 3880; x_wconf 78' lang='lat' dir='ltr'><strong>ASCENSIONIS.</strong></span> 
     </span>
    </p>
   </div>
   <div class='ocr_carea' id='block_1_99' title="bbox 2225 3935 3741 4012">
    <p class='ocr_par' dir='ltr' id='par_1_99' title="bbox 2225 3935 3741 4012">
     <span class='ocr_line' id='line_1_99' title="bbox 2225 3935 3741 4012; baseline -0.002 -18"><span class='ocrx_word' id='word_1_729' title='bbox 2225 3938 2501 4012; x_wconf 84' lang='lat' dir='ltr'><strong>Egregius</strong></span> <span class='ocrx_word' id='word_1_730' title='bbox 2529 3938 2808 4010; x_wconf 87' lang='lat' dir='ltr'><strong>psalmista</strong></span> <span class='ocrx_word' id='word_1_731' title='bbox 2837 3939 3013 3995; x_wconf 88' lang='lat' dir='ltr'><strong>David</strong></span> <span class='ocrx_word' id='word_1_732' title='bbox 3066 3936 3636 3996; x_wconf 87' lang='lat' dir='ltr'><strong>commemorationem</strong></span> <span class='ocrx_word' id='word_1_733' title='bbox 3660 3935 3741 3992; x_wconf 88' lang='lat' dir='ltr'><strong>fa-</strong></span> 
     </span>
    </p>
   </div>
   <div class='ocr_carea' id='block_1_100' title="bbox 2155 4025 3745 4100">
    <p class='ocr_par' dir='ltr' id='par_1_100' title="bbox 2155 4025 3745 4100">
     <span class='ocr_line' id='line_1_100' title="bbox 2155 4025 3745 4100; baseline -0.003 -16"><span class='ocrx_word' id='word_1_734' title='bbox 2155 4027 2308 4085; x_wconf 89' lang='lat' dir='ltr'><strong>ciens</strong></span> <span class='ocrx_word' id='word_1_735' title='bbox 2337 4028 2494 4083; x_wconf 89' lang='lat' dir='ltr'><strong>trium</strong></span> <span class='ocrx_word' id='word_1_736' title='bbox 2520 4028 2752 4096; x_wconf 90' lang='lat' dir='ltr'><strong>dierum,</strong></span> <span class='ocrx_word' id='word_1_737' title='bbox 2808 4028 3018 4086; x_wconf 90' lang='lat' dir='ltr'><strong>scilicet</strong></span> <span class='ocrx_word' id='word_1_738' title='bbox 3047 4028 3336 4100; x_wconf 84' lang='lat' dir='ltr'><strong>passionis,</strong></span> <span class='ocrx_word' id='word_1_739' title='bbox 3394 4025 3745 4083; x_wconf 86' lang='lat' dir='ltr'><strong>resurrectio-</strong></span> 
     </span>
    </p>
   </div>
   <div class='ocr_carea' id='block_1_101' title="bbox 2155 4123 3747 4200">
    <p class='ocr_par' dir='ltr' id='par_1_101' title="bbox 2155 4123 3747 4200">
     <span class='ocr_line' id='line_1_101' title="bbox 2155 4123 3747 4200; baseline -0.003 -17"><span class='ocrx_word' id='word_1_740' title='bbox 2155 4126 2241 4183; x_wconf 89' lang='lat' dir='ltr'><strong>nis</strong></span> <span class='ocrx_word' id='word_1_741' title='bbox 2261 4134 2423 4200; x_wconf 89' lang='lat' dir='ltr'><strong>atque</strong></span> <span class='ocrx_word' id='word_1_742' title='bbox 2472 4127 2835 4195; x_wconf 90' lang='lat' dir='ltr'><strong>ascensionis,</strong></span> <span class='ocrx_word' id='word_1_743' title='bbox 2877 4126 2957 4185; x_wconf 90' lang='lat' dir='ltr'><strong>sic</strong></span> <span class='ocrx_word' id='word_1_744' title='bbox 2995 4127 3069 4182; x_wconf 90' lang='lat' dir='ltr'><strong>ait</strong></span> <span class='ocrx_word' id='word_1_745' title='bbox 3100 4128 3155 4182; x_wconf 91' lang='lat' dir='ltr'><strong>in</strong></span> <span class='ocrx_word' id='word_1_746' title='bbox 3183 4125 3410 4199; x_wconf 87' lang='lat' dir='ltr'><strong>psalmis</strong></span> <span class='ocrx_word' id='word_1_747' title='bbox 3441 4141 3456 4183; x_wconf 91' lang='lat'><strong>:</strong></span> <span class='ocrx_word' id='word_1_748' title='bbox 3490 4148 3513 4173; x_wconf 75' lang='grc' dir='ltr'>ι</span> <span class='ocrx_word' id='word_1_749' title='bbox 3548 4123 3747 4181; x_wconf 86' lang='lat' dir='ltr'><strong>Similis</strong></span> 
     </span>
    </p>
   </div>
   <div class='ocr_carea' id='block_1_102' title="bbox 2158 4214 3749 4287">
    <p class='ocr_par' dir='ltr' id='par_1_102' title="bbox 2158 4214 3749 4287">
     <span class='ocr_line' id='line_1_102' title="bbox 2158 4214 3749 4287; baseline -0.002 -13"><span class='ocrx_word' id='word_1_750' title='bbox 2158 4218 2332 4274; x_wconf 87' lang='lat' dir='ltr'><strong>factus</strong></span> <span class='ocrx_word' id='word_1_751' title='bbox 2362 4233 2481 4272; x_wconf 91' lang='lat' dir='ltr'><strong>sum</strong></span> <span class='ocrx_word' id='word_1_752' title='bbox 2523 4216 2793 4287; x_wconf 87' lang='lat' dir='ltr'><strong>pellicano</strong></span> <span class='ocrx_word' id='word_1_753' title='bbox 2852 4216 3181 4283; x_wconf 88' lang='lat' dir='ltr'><strong>solitudinis,</strong></span> <span class='ocrx_word' id='word_1_754' title='bbox 3239 4215 3418 4273; x_wconf 83' lang='lat' dir='ltr'><strong>factus</strong></span> <span class='ocrx_word' id='word_1_755' title='bbox 3448 4230 3567 4270; x_wconf 90' lang='lat' dir='ltr'><strong>sum</strong></span> <span class='ocrx_word' id='word_1_756' title='bbox 3611 4214 3749 4271; x_wconf 88' lang='lat' dir='ltr'><strong>sicut</strong></span> 
     </span>
    </p>
   </div>
   <div class='ocr_carea' id='block_1_103' title="bbox 2158 4303 3746 4379">
    <p class='ocr_par' dir='ltr' id='par_1_103' title="bbox 2158 4303 3746 4379">
     <span class='ocr_line' id='line_1_103' title="bbox 2158 4303 3746 4379; baseline -0.003 -17"><span class='ocrx_word' id='word_1_757' title='bbox 2158 4306 2475 4379; x_wconf 81' lang='lat' dir='ltr'><strong>nycticorax</strong></span> <span class='ocrx_word' id='word_1_758' title='bbox 2525 4306 2580 4361; x_wconf 89' lang='lat' dir='ltr'><strong>in</strong></span> <span class='ocrx_word' id='word_1_759' title='bbox 2637 4305 2943 4363; x_wconf 90' lang='lat' dir='ltr'><strong>domicilio.</strong></span> <span class='ocrx_word' id='word_1_760' title='bbox 3005 4304 3262 4379; x_wconf 70' lang='lat' dir='ltr'><strong>Vigilavi,</strong></span> <span class='ocrx_word' id='word_1_761' title='bbox 3315 4313 3369 4361; x_wconf 89' lang='lat' dir='ltr'><strong>et</strong></span> <span class='ocrx_word' id='word_1_762' title='bbox 3420 4303 3592 4361; x_wconf 85' lang='lat' dir='ltr'><strong>factus</strong></span> <span class='ocrx_word' id='word_1_763' title='bbox 3627 4316 3746 4358; x_wconf 73' lang='lat' dir='ltr'><strong>sum</strong></span> 
     </span>
    </p>
   </div>
   <div class='ocr_carea' id='block_1_104' title="bbox 2159 4392 3753 4467">
    <p class='ocr_par' dir='ltr' id='par_1_104' title="bbox 2159 4392 3753 4467">
     <span class='ocr_line' id='line_1_104' title="bbox 2159 4392 3753 4467; baseline -0.004 -15"><span class='ocrx_word' id='word_1_764' title='bbox 2159 4396 2301 4452; x_wconf 90' lang='lat' dir='ltr'><strong>sicut</strong></span> <span class='ocrx_word' id='word_1_765' title='bbox 2333 4410 2523 4467; x_wconf 87' lang='lat' dir='ltr'><strong>passer</strong></span> <span class='ocrx_word' id='word_1_766' title='bbox 2551 4395 2834 4451; x_wconf 87' lang='lat' dir='ltr'><strong>solitarius</strong></span> <span class='ocrx_word' id='word_1_767' title='bbox 2875 4395 2929 4452; x_wconf 91' lang='lat' dir='ltr'><strong>in</strong></span> <span class='ocrx_word' id='word_1_768' title='bbox 2959 4398 3106 4452; x_wconf 90' lang='lat' dir='ltr'><strong>tecto</strong></span> <span class='ocrx_word' id='word_1_769' title='bbox 3133 4395 3307 4464; x_wconf 77' lang='lat' dir='ltr'><strong>(Psal.</strong></span> <span class='ocrx_word' id='word_1_770' title='bbox 3337 4394 3440 4463; x_wconf 79' lang='grc' dir='ltr'><strong>οι).</strong></span> <span class='ocrx_word' id='word_1_771' title='bbox 3474 4412 3499 4444; x_wconf 72' lang='grc' dir='ltr'>ι</span> <span class='ocrx_word' id='word_1_772' title='bbox 3531 4392 3753 4450; x_wconf 86' lang='lat' dir='ltr'><strong>Pellica-</strong></span> 
     </span>
    </p>
   </div>
   <div class='ocr_carea' id='block_1_105' title="bbox 2158 4481 3749 4557">
    <p class='ocr_par' dir='ltr' id='par_1_105' title="bbox 2158 4481 3749 4557">
     <span class='ocr_line' id='line_1_105' title="bbox 2158 4481 3749 4557; baseline -0.005 -14"><span class='ocrx_word' id='word_1_773' title='bbox 2158 4502 2263 4543; x_wconf 90' lang='lat' dir='ltr'><strong>nus</strong></span> <span class='ocrx_word' id='word_1_774' title='bbox 2291 4485 2410 4541; x_wconf 86' lang='lat' dir='ltr'><strong>avis</strong></span> <span class='ocrx_word' id='word_1_775' title='bbox 2431 4485 2757 4557; x_wconf 72' lang='lat' dir='ltr'><strong>Egyptiaca</strong></span> <span class='ocrx_word' id='word_1_776' title='bbox 2814 4492 2921 4555; x_wconf 91' lang='lat' dir='ltr'><strong>est,</strong></span> <span class='ocrx_word' id='word_1_777' title='bbox 2953 4484 3168 4541; x_wconf 85' lang='lat' dir='ltr'><strong>deserta</strong></span> <span class='ocrx_word' id='word_1_778' title='bbox 3221 4499 3487 4556; x_wconf 62' lang='lat' dir='ltr'><strong>quaerens,</strong></span> <span class='ocrx_word' id='word_1_779' title='bbox 3518 4481 3749 4537; x_wconf 78' lang='lat' dir='ltr'><strong>maxime</strong></span> 
     </span>
    </p>
   </div>
   <div class='ocr_carea' id='block_1_106' title="bbox 2072 4570 3753 4675">
    <p class='ocr_par' dir='ltr' id='par_1_106' title="bbox 2072 4570 3753 4675">
     <span class='ocr_line' id='line_1_106' title="bbox 2072 4570 3753 4675; baseline -0.004 -44"><span class='ocrx_word' id='word_1_780' title='bbox 2072 4610 2127 4675; x_wconf 83' lang='lat' dir='ltr'><strong>D</strong></span> <span class='ocrx_word' id='word_1_781' title='bbox 2161 4584 2346 4631; x_wconf 88' lang='lat' dir='ltr'><strong>tamen</strong></span> <span class='ocrx_word' id='word_1_782' title='bbox 2375 4575 2633 4675; x_wconf 71' lang='lat' dir='ltr'><strong>habitans</strong></span> <span class='ocrx_word' id='word_1_783' title='bbox 2653 4573 2710 4630; x_wconf 90' lang='lat' dir='ltr'><strong>in</strong></span> <span class='ocrx_word' id='word_1_784' title='bbox 2731 4663 2748 4675; x_wconf 57' lang='lat'><em>_</em></span> <span class='ocrx_word' id='word_1_785' title='bbox 2767 4573 3002 4675; x_wconf 55' lang='lat' dir='ltr'><strong>desertis</strong></span> <span class='ocrx_word' id='word_1_786' title='bbox 3030 4572 3298 4675; x_wconf 66' lang='lat' dir='ltr'><strong>ripisNili</strong></span> <span class='ocrx_word' id='word_1_787' title='bbox 3325 4571 3580 4628; x_wconf 84' lang='lat' dir='ltr'><strong>ﬂuminis.</strong></span> <span class='ocrx_word' id='word_1_788' title='bbox 3628 4570 3753 4670; x_wconf 57' lang='lat' dir='ltr'><strong>time</strong></span> 
     </span>
    </p>
   </div>
   <div class='ocr_carea' id='block_1_107' title="bbox 2162 4659 3752 4736">
    <p class='ocr_par' dir='ltr' id='par_1_107' title="bbox 2162 4659 3752 4736">
     <span class='ocr_line' id='line_1_107' title="bbox 2162 4659 3752 4736; baseline -0.006 -15"><span class='ocrx_word' id='word_1_789' title='bbox 2162 4665 2278 4721; x_wconf 82' lang='lat' dir='ltr'><strong>avis</strong></span> <span class='ocrx_word' id='word_1_790' title='bbox 2308 4664 2486 4736; x_wconf 85' lang='lat' dir='ltr'><strong>pullos</strong></span> <span class='ocrx_word' id='word_1_791' title='bbox 2515 4680 2666 4731; x_wconf 88' lang='lat' dir='ltr'><strong>suos,</strong></span> <span class='ocrx_word' id='word_1_792' title='bbox 2715 4663 2846 4718; x_wconf 90' lang='lat' dir='ltr'><strong>dum</strong></span> <span class='ocrx_word' id='word_1_793' title='bbox 2877 4662 3001 4719; x_wconf 84' lang='lat' dir='ltr'><strong>illos</strong></span> <span class='ocrx_word' id='word_1_794' title='bbox 3027 4662 3250 4720; x_wconf 90' lang='lat' dir='ltr'><strong>charius</strong></span> <span class='ocrx_word' id='word_1_795' title='bbox 3306 4668 3535 4717; x_wconf 84' lang='lat' dir='ltr'><strong>tractare</strong></span> <span class='ocrx_word' id='word_1_796' title='bbox 3585 4659 3752 4731; x_wconf 81' lang='lat' dir='ltr'><strong>cupit,</strong></span> 
     </span>
    </p>
   </div>
   <div class='ocr_carea' id='block_1_108' title="bbox 2166 4748 3754 4825">
    <p class='ocr_par' dir='ltr' id='par_1_108' title="bbox 2166 4748 3754 4825">
     <span class='ocr_line' id='line_1_108' title="bbox 2166 4748 3754 4825; baseline -0.006 -14"><span class='ocrx_word' id='word_1_797' title='bbox 2166 4763 2344 4812; x_wconf 91' lang='lat' dir='ltr'><strong>rostro</strong></span> <span class='ocrx_word' id='word_1_798' title='bbox 2370 4753 2608 4825; x_wconf 89' lang='lat' dir='ltr'><strong>perimit,</strong></span> <span class='ocrx_word' id='word_1_799' title='bbox 2634 4761 2825 4825; x_wconf 88' lang='lat' dir='ltr'><strong>postea</strong></span> <span class='ocrx_word' id='word_1_800' title='bbox 2878 4767 3044 4823; x_wconf 85' lang='lat' dir='ltr'><strong>super</strong></span> <span class='ocrx_word' id='word_1_801' title='bbox 3078 4766 3175 4808; x_wconf 89' lang='lat' dir='ltr'><strong>eos</strong></span> <span class='ocrx_word' id='word_1_802' title='bbox 3202 4750 3429 4824; x_wconf 85' lang='lat' dir='ltr'><strong>plangit,</strong></span> <span class='ocrx_word' id='word_1_803' title='bbox 3460 4748 3581 4806; x_wconf 86' lang='lat' dir='ltr'><strong>etin</strong></span> <span class='ocrx_word' id='word_1_804' title='bbox 3635 4756 3754 4803; x_wconf 88' lang='lat' dir='ltr'><strong>tan-</strong></span> 
     </span>
    </p>
   </div>
   <div class='ocr_carea' id='block_1_109' title="bbox 2166 4836 3754 4913">
    <p class='ocr_par' dir='ltr' id='par_1_109' title="bbox 2166 4836 3754 4913">
     <span class='ocr_line' id='line_1_109' title="bbox 2166 4836 3754 4913; baseline -0.006 -12"><span class='ocrx_word' id='word_1_805' title='bbox 2166 4852 2278 4901; x_wconf 90' lang='lat' dir='ltr'><strong>tum</strong></span> <span class='ocrx_word' id='word_1_806' title='bbox 2302 4859 2361 4899; x_wconf 90' lang='lat' dir='ltr'><strong>se</strong></span> <span class='ocrx_word' id='word_1_807' title='bbox 2394 4843 2497 4899; x_wconf 89' lang='lat' dir='ltr'><strong>alis</strong></span> <span class='ocrx_word' id='word_1_808' title='bbox 2536 4851 2591 4898; x_wconf 90' lang='lat' dir='ltr'><strong>et</strong></span> <span class='ocrx_word' id='word_1_809' title='bbox 2633 4851 2807 4899; x_wconf 89' lang='lat' dir='ltr'><strong>rostro</strong></span> <span class='ocrx_word' id='word_1_810' title='bbox 2861 4841 3118 4898; x_wconf 88' lang='lat' dir='ltr'><strong>vulnerat</strong></span> <span class='ocrx_word' id='word_1_811' title='bbox 3174 4841 3320 4913; x_wconf 91' lang='lat' dir='ltr'><strong>quod</strong></span> <span class='ocrx_word' id='word_1_812' title='bbox 3371 4838 3425 4895; x_wconf 92' lang='lat' dir='ltr'><strong>in</strong></span> <span class='ocrx_word' id='word_1_813' title='bbox 3461 4836 3618 4895; x_wconf 82' lang='lat' dir='ltr'><strong>tertia</strong></span> <span class='ocrx_word' id='word_1_814' title='bbox 3666 4836 3754 4893; x_wconf 82' lang='lat' dir='ltr'><strong>die</strong></span> 
     </span>
    </p>
   </div>
   <div class='ocr_carea' id='block_1_110' title="bbox 2169 4925 3752 5007">
    <p class='ocr_par' dir='ltr' id='par_1_110' title="bbox 2169 4925 3752 5007">
     <span class='ocr_line' id='line_1_110' title="bbox 2169 4925 3752 5007; baseline -0.006 -16"><span class='ocrx_word' id='word_1_815' title='bbox 2169 4933 2494 5007; x_wconf 87' lang='lat' dir='ltr'><strong>sanguinem</strong></span> <span class='ocrx_word' id='word_1_816' title='bbox 2541 4931 2743 4988; x_wconf 83' lang='lat' dir='ltr'><strong>fundit.</strong></span> <span class='ocrx_word' id='word_1_817' title='bbox 2809 4930 2929 5001; x_wconf 88' lang='lat' dir='ltr'><strong>Quo</strong></span> <span class='ocrx_word' id='word_1_818' title='bbox 2983 4944 3109 4986; x_wconf 90' lang='lat' dir='ltr'><strong>mox</strong></span> <span class='ocrx_word' id='word_1_819' title='bbox 3141 4938 3200 4985; x_wconf 91' lang='lat' dir='ltr'><strong>ut</strong></span> <span class='ocrx_word' id='word_1_820' title='bbox 3246 4929 3559 4993; x_wconf 90' lang='lat' dir='ltr'><strong>irrotantur,</strong></span> <span class='ocrx_word' id='word_1_821' title='bbox 3613 4925 3752 4982; x_wconf 86' lang='lat' dir='ltr'><strong>revi-</strong></span> 
     </span>
    </p>
   </div>
   <div class='ocr_carea' id='block_1_111' title="bbox 2171 5013 3753 5094">
    <p class='ocr_par' dir='ltr' id='par_1_111' title="bbox 2171 5013 3753 5094">
     <span class='ocr_line' id='line_1_111' title="bbox 2171 5013 3753 5094; baseline -0.008 -13"><span class='ocrx_word' id='word_1_822' title='bbox 2171 5024 2383 5081; x_wconf 87' lang='lat' dir='ltr'><strong>viscunt</strong></span> <span class='ocrx_word' id='word_1_823' title='bbox 2412 5021 2567 5094; x_wconf 91' lang='lat' dir='ltr'><strong>pulli.</strong></span> <span class='ocrx_word' id='word_1_824' title='bbox 2590 5021 2707 5077; x_wconf 84' lang='lat' dir='ltr'><strong>Hoc</strong></span> <span class='ocrx_word' id='word_1_825' title='bbox 2754 5028 2935 5077; x_wconf 89' lang='lat' dir='ltr'><strong>autem</strong></span> <span class='ocrx_word' id='word_1_826' title='bbox 2965 5019 3199 5076; x_wconf 90' lang='lat' dir='ltr'><strong>Domino</strong></span> <span class='ocrx_word' id='word_1_827' title='bbox 3227 5026 3416 5074; x_wconf 89' lang='lat' dir='ltr'><strong>nostro</strong></span> <span class='ocrx_word' id='word_1_828' title='bbox 3442 5018 3570 5073; x_wconf 85' lang='lat' dir='ltr'><strong>Jesu</strong></span> <span class='ocrx_word' id='word_1_829' title='bbox 3597 5013 3753 5073; x_wconf 88' lang='lat' dir='ltr'><strong>Chri-</strong></span> 
     </span>
    </p>
   </div>
   <div class='ocr_carea' id='block_1_112' title="bbox 2169 5102 3754 5182">
    <p class='ocr_par' dir='ltr' id='par_1_112' title="bbox 2169 5102 3754 5182">
     <span class='ocr_line' id='line_1_112' title="bbox 2169 5102 3754 5182; baseline -0.006 -12"><span class='ocrx_word' id='word_1_830' title='bbox 2169 5121 2253 5170; x_wconf 91' lang='lat' dir='ltr'><strong>sto</strong></span> <span class='ocrx_word' id='word_1_831' title='bbox 2279 5128 2389 5168; x_wconf 90' lang='lat' dir='ltr'><strong>non</strong></span> <span class='ocrx_word' id='word_1_832' title='bbox 2420 5109 2785 5176; x_wconf 87' lang='lat' dir='ltr'><strong>disconvenit,</strong></span> <span class='ocrx_word' id='word_1_833' title='bbox 2837 5108 2928 5182; x_wconf 90' lang='lat' dir='ltr'><strong>qui</strong></span> <span class='ocrx_word' id='word_1_834' title='bbox 2957 5107 3075 5164; x_wconf 89' lang='lat' dir='ltr'><strong>avis</strong></span> <span class='ocrx_word' id='word_1_835' title='bbox 3132 5114 3217 5165; x_wconf 87' lang='lat' dir='ltr'><strong>est</strong></span> <span class='ocrx_word' id='word_1_836' title='bbox 3262 5104 3587 5172; x_wconf 83' lang='lat' dir='ltr'><strong>solitudinis,</strong></span> <span class='ocrx_word' id='word_1_837' title='bbox 3634 5102 3754 5175; x_wconf 89' lang='lat' dir='ltr'><strong>quia</strong></span> 
     </span>
    </p>
   </div>
   <div class='ocr_carea' id='block_1_113' title="bbox 2171 5195 3755 5274">
    <p class='ocr_par' dir='ltr' id='par_1_113' title="bbox 2171 5195 3755 5274">
     <span class='ocr_line' id='line_1_113' title="bbox 2171 5195 3755 5274; baseline -0.007 -15"><span class='ocrx_word' id='word_1_838' title='bbox 2171 5203 2323 5260; x_wconf 86' lang='lat' dir='ltr'><strong>solus</strong></span> <span class='ocrx_word' id='word_1_839' title='bbox 2352 5202 2422 5258; x_wconf 90' lang='lat' dir='ltr'><strong>de</strong></span> <span class='ocrx_word' id='word_1_840' title='bbox 2452 5199 2677 5274; x_wconf 80' lang='lat' dir='ltr'><strong>Virgine</strong></span> <span class='ocrx_word' id='word_1_841' title='bbox 2693 5206 2878 5264; x_wconf 88' lang='lat' dir='ltr'><strong>natus,</strong></span> <span class='ocrx_word' id='word_1_842' title='bbox 2911 5198 3064 5254; x_wconf 88' lang='lat' dir='ltr'><strong>solus</strong></span> <span class='ocrx_word' id='word_1_843' title='bbox 3110 5199 3229 5253; x_wconf 89' lang='lat' dir='ltr'><strong>sine</strong></span> <span class='ocrx_word' id='word_1_844' title='bbox 3253 5195 3610 5253; x_wconf 83' lang='lat' dir='ltr'><strong>delectatione</strong></span> <span class='ocrx_word' id='word_1_845' title='bbox 3628 5208 3755 5251; x_wconf 89' lang='lat' dir='ltr'><strong>con-</strong></span> 
     </span>
    </p>
   </div>
   <div class='ocr_carea' id='block_1_114' title="bbox 2170 5282 3756 5366">
    <p class='ocr_par' dir='ltr' id='par_1_114' title="bbox 2170 5282 3756 5366">
     <span class='ocr_line' id='line_1_114' title="bbox 2170 5282 3756 5366; baseline -0.008 -15"><span class='ocrx_word' id='word_1_846' title='bbox 2170 5299 2384 5366; x_wconf 89' lang='lat' dir='ltr'><strong>ceptus,</strong></span> <span class='ocrx_word' id='word_1_847' title='bbox 2415 5298 2467 5348; x_wconf 87' lang='lat' dir='ltr'><strong>et</strong></span> <span class='ocrx_word' id='word_1_848' title='bbox 2494 5289 2614 5345; x_wconf 89' lang='lat' dir='ltr'><strong>sine</strong></span> <span class='ocrx_word' id='word_1_849' title='bbox 2642 5289 2834 5346; x_wconf 89' lang='lat' dir='ltr'><strong>dolore</strong></span> <span class='ocrx_word' id='word_1_850' title='bbox 2860 5296 3046 5344; x_wconf 88' lang='lat' dir='ltr'><strong>natus.</strong></span> <span class='ocrx_word' id='word_1_851' title='bbox 3084 5284 3198 5356; x_wconf 87' lang='lat' dir='ltr'><strong>Qui</strong></span> <span class='ocrx_word' id='word_1_852' title='bbox 3225 5285 3406 5357; x_wconf 87' lang='lat' dir='ltr'><strong>pullos</strong></span> <span class='ocrx_word' id='word_1_853' title='bbox 3428 5300 3572 5352; x_wconf 88' lang='lat' dir='ltr'><strong>suos,</strong></span> <span class='ocrx_word' id='word_1_854' title='bbox 3594 5282 3648 5338; x_wconf 91' lang='lat' dir='ltr'><strong>id</strong></span> <span class='ocrx_word' id='word_1_855' title='bbox 3676 5288 3756 5339; x_wconf 86' lang='lat' dir='ltr'><strong>est</strong></span> 
     </span>
    </p>
   </div>
   <div class='ocr_carea' id='block_1_115' title="bbox 2170 5371 3759 5447">
    <p class='ocr_par' dir='ltr' id='par_1_115' title="bbox 2170 5371 3759 5447">
     <span class='ocr_line' id='line_1_115' title="bbox 2170 5371 3759 5447; baseline -0.008 -9"><span class='ocrx_word' id='word_1_856' title='bbox 2170 5383 2419 5439; x_wconf 83' lang='lat' dir='ltr'><strong>homines</strong></span> <span class='ocrx_word' id='word_1_857' title='bbox 2450 5394 2482 5434; x_wconf 91' lang='lat' dir='ltr'><strong>a</strong></span> <span class='ocrx_word' id='word_1_858' title='bbox 2511 5396 2571 5435; x_wconf 89' lang='lat' dir='ltr'><strong>se</strong></span> <span class='ocrx_word' id='word_1_859' title='bbox 2605 5378 2775 5433; x_wconf 85' lang='lat' dir='ltr'><strong>factos</strong></span> <span class='ocrx_word' id='word_1_860' title='bbox 2804 5376 2951 5447; x_wconf 85' lang='lat' dir='ltr'><strong>justo</strong></span> <span class='ocrx_word' id='word_1_861' title='bbox 3000 5375 3211 5447; x_wconf 82' lang='lat' dir='ltr'><strong>judicio</strong></span> <span class='ocrx_word' id='word_1_862' title='bbox 3240 5390 3342 5431; x_wconf 88' lang='lat' dir='ltr'><strong>suo</strong></span> <span class='ocrx_word' id='word_1_863' title='bbox 3385 5371 3673 5439; x_wconf 85' lang='lat' dir='ltr'><strong>interfecit,</strong></span> <span class='ocrx_word' id='word_1_864' title='bbox 3705 5376 3759 5427; x_wconf 87' lang='lat' dir='ltr'><strong>et</strong></span> 
     </span>
    </p>
   </div>
   <div class='ocr_carea' id='block_1_116' title="bbox 2169 5459 3755 5544">
    <p class='ocr_par' dir='ltr' id='par_1_116' title="bbox 2169 5459 3755 5544">
     <span class='ocr_line' id='line_1_116' title="bbox 2169 5459 3755 5544; baseline -0.008 -16"><span class='ocrx_word' id='word_1_865' title='bbox 2169 5486 2337 5544; x_wconf 91' lang='lat' dir='ltr'><strong>super</strong></span> <span class='ocrx_word' id='word_1_866' title='bbox 2362 5485 2458 5527; x_wconf 88' lang='lat' dir='ltr'><strong>eos</strong></span> <span class='ocrx_word' id='word_1_867' title='bbox 2506 5467 2731 5540; x_wconf 82' lang='lat' dir='ltr'><strong>planxit,</strong></span> <span class='ocrx_word' id='word_1_868' title='bbox 2793 5465 2924 5539; x_wconf 89' lang='lat' dir='ltr'><strong>quia</strong></span> <span class='ocrx_word' id='word_1_869' title='bbox 2970 5481 3073 5538; x_wconf 91' lang='lat' dir='ltr'><strong>pro</strong></span> <span class='ocrx_word' id='word_1_870' title='bbox 3129 5465 3211 5522; x_wconf 84' lang='lat' dir='ltr'><strong>eis</strong></span> <span class='ocrx_word' id='word_1_871' title='bbox 3240 5462 3506 5519; x_wconf 84' lang='lat' dir='ltr'><strong>infirmari</strong></span> <span class='ocrx_word' id='word_1_872' title='bbox 3547 5459 3755 5519; x_wconf 86' lang='lat' dir='ltr'><strong>voluit:</strong></span> 
     </span>
    </p>
   </div>
   <div class='ocr_carea' id='block_1_117' title="bbox 2170 5547 3757 5633">
    <p class='ocr_par' dir='ltr' id='par_1_117' title="bbox 2170 5547 3757 5633">
     <span class='ocr_line' id='line_1_117' title="bbox 2170 5547 3757 5633; baseline -0.008 -16"><span class='ocrx_word' id='word_1_873' title='bbox 2170 5569 2294 5633; x_wconf 88' lang='lat' dir='ltr'><strong>post</strong></span> <span class='ocrx_word' id='word_1_874' title='bbox 2322 5560 2504 5631; x_wconf 83' lang='lat' dir='ltr'><strong>legem</strong></span> <span class='ocrx_word' id='word_1_875' title='bbox 2523 5565 2727 5626; x_wconf 91' lang='lat' dir='ltr'><strong>autem,</strong></span> <span class='ocrx_word' id='word_1_876' title='bbox 2783 5553 2840 5612; x_wconf 93' lang='lat' dir='ltr'><strong>id</strong></span> <span class='ocrx_word' id='word_1_877' title='bbox 2868 5562 2954 5612; x_wconf 87' lang='lat' dir='ltr'><strong>est</strong></span> <span class='ocrx_word' id='word_1_878' title='bbox 2979 5554 3035 5610; x_wconf 91' lang='lat' dir='ltr'><strong>in</strong></span> <span class='ocrx_word' id='word_1_879' title='bbox 3084 5564 3329 5626; x_wconf 87' lang='lat' dir='ltr'><strong>tempore</strong></span> <span class='ocrx_word' id='word_1_880' title='bbox 3361 5551 3569 5626; x_wconf 62' lang='lat' dir='ltr'><strong>gratia,</strong></span> <span class='ocrx_word' id='word_1_881' title='bbox 3616 5547 3757 5624; x_wconf 88' lang='lat' dir='ltr'><strong>quod</strong></span> 
     </span>
    </p>
   </div>
   <div class='ocr_carea' id='block_1_118' title="bbox 2171 5636 3757 5724">
    <p class='ocr_par' dir='ltr' id='par_1_118' title="bbox 2171 5636 3757 5724">
     <span class='ocr_line' id='line_1_118' title="bbox 2171 5636 3757 5724; baseline -0.008 -17"><span class='ocrx_word' id='word_1_882' title='bbox 2171 5648 2331 5724; x_wconf 90' lang='lat' dir='ltr'><strong>quasi</strong></span> <span class='ocrx_word' id='word_1_883' title='bbox 2360 5649 2483 5705; x_wconf 90' lang='lat' dir='ltr'><strong>dies</strong></span> <span class='ocrx_word' id='word_1_884' title='bbox 2504 5646 2659 5703; x_wconf 87' lang='lat' dir='ltr'><strong>tertia</strong></span> <span class='ocrx_word' id='word_1_885' title='bbox 2688 5653 2793 5714; x_wconf 87' lang='lat' dir='ltr'><strong>est,</strong></span> <span class='ocrx_word' id='word_1_886' title='bbox 2824 5651 3084 5717; x_wconf 88' lang='lat' dir='ltr'><strong>quantum</strong></span> <span class='ocrx_word' id='word_1_887' title='bbox 3111 5643 3181 5699; x_wconf 86' lang='lat' dir='ltr'><strong>ad</strong></span> <span class='ocrx_word' id='word_1_888' title='bbox 3208 5641 3348 5700; x_wconf 90' lang='lat' dir='ltr'><strong>illud</strong></span> <span class='ocrx_word' id='word_1_889' title='bbox 3375 5649 3588 5713; x_wconf 86' lang='lat' dir='ltr'><strong>tempus</strong></span> <span class='ocrx_word' id='word_1_890' title='bbox 3615 5636 3757 5712; x_wconf 91' lang='lat' dir='ltr'><strong>quod</strong></span> 
     </span>
    </p>
   </div>
   <div class='ocr_carea' id='block_1_119' title="bbox 2168 5727 3755 5811">
    <p class='ocr_par' dir='ltr' id='par_1_119' title="bbox 2168 5727 3755 5811">
     <span class='ocr_line' id='line_1_119' title="bbox 2168 5727 3755 5811; baseline -0.009 -15"><span class='ocrx_word' id='word_1_891' title='bbox 2168 5747 2294 5796; x_wconf 89' lang='lat' dir='ltr'><strong>ante</strong></span> <span class='ocrx_word' id='word_1_892' title='bbox 2321 5738 2509 5811; x_wconf 90' lang='lat' dir='ltr'><strong>legem</strong></span> <span class='ocrx_word' id='word_1_893' title='bbox 2539 5744 2591 5793; x_wconf 89' lang='lat' dir='ltr'><strong>ct</strong></span> <span class='ocrx_word' id='word_1_894' title='bbox 2617 5735 2720 5792; x_wconf 89' lang='lat' dir='ltr'><strong>sub</strong></span> <span class='ocrx_word' id='word_1_895' title='bbox 2750 5734 2880 5808; x_wconf 90' lang='lat' dir='ltr'><strong>lege</strong></span> <span class='ocrx_word' id='word_1_896' title='bbox 2924 5731 3197 5807; x_wconf 89' lang='lat' dir='ltr'><strong>sanguine</strong></span> <span class='ocrx_word' id='word_1_897' title='bbox 3226 5746 3325 5788; x_wconf 91' lang='lat' dir='ltr'><strong>suo</strong></span> <span class='ocrx_word' id='word_1_898' title='bbox 3352 5729 3474 5787; x_wconf 85' lang='lat' dir='ltr'><strong>fuso</strong></span> <span class='ocrx_word' id='word_1_899' title='bbox 3502 5727 3556 5784; x_wconf 89' lang='lat' dir='ltr'><strong>in</strong></span> <span class='ocrx_word' id='word_1_900' title='bbox 3584 5741 3755 5794; x_wconf 85' lang='lat' dir='ltr'><strong>cruce,</strong></span> 
     </span>
    </p>
   </div>
   <div class='ocr_carea' id='block_1_120' title="bbox 2169 5831 3759 5920">
    <p class='ocr_par' dir='ltr' id='par_1_120' title="bbox 2169 5831 3759 5920">
     <span class='ocr_line' id='line_1_120' title="bbox 2169 5831 3759 5920; baseline -0.009 -17"><span class='ocrx_word' id='word_1_901' title='bbox 2169 5846 2325 5920; x_wconf 89' lang='lat' dir='ltr'><strong>ipsos</strong></span> <span class='ocrx_word' id='word_1_902' title='bbox 2350 5842 2667 5901; x_wconf 84' lang='lat' dir='ltr'><strong>viviﬁcavit.</strong></span> <span class='ocrx_word' id='word_1_903' title='bbox 2698 5842 2770 5898; x_wconf 87' lang='lat' dir='ltr'><strong>Et</strong></span> <span class='ocrx_word' id='word_1_904' title='bbox 2792 5842 2935 5899; x_wconf 81' lang='lat' dir='ltr'><strong>sicut</strong></span> <span class='ocrx_word' id='word_1_905' title='bbox 2961 5839 3234 5913; x_wconf 86' lang='lat' dir='ltr'><strong>pellicano</strong></span> <span class='ocrx_word' id='word_1_906' title='bbox 3261 5833 3569 5894; x_wconf 87' lang='lat' dir='ltr'><strong>solitudinis</strong></span> <span class='ocrx_word' id='word_1_907' title='bbox 3604 5831 3759 5890; x_wconf 87' lang='lat' dir='ltr'><strong>Chri-</strong></span> 
     </span>
    </p>
   </div>
   <div class='ocr_carea' id='block_1_121' title="bbox 2166 5921 3760 6006">
    <p class='ocr_par' dir='ltr' id='par_1_121' title="bbox 2166 5921 3760 6006">
     <span class='ocr_line' id='line_1_121' title="bbox 2166 5921 3760 6006; baseline -0.007 -13"><span class='ocrx_word' id='word_1_908' title='bbox 2166 5931 2540 6006; x_wconf 53' lang='lat' dir='ltr'><strong>stusﬂsimilis</strong></span> <span class='ocrx_word' id='word_1_909' title='bbox 2595 5930 2770 5990; x_wconf 85' lang='lat' dir='ltr'><strong>factus</strong></span> <span class='ocrx_word' id='word_1_910' title='bbox 2791 5928 3009 6005; x_wconf 55' lang='lat' dir='ltr'><strong>(fuerat,</strong></span> <span class='ocrx_word' id='word_1_911' title='bbox 3068 5927 3145 5987; x_wconf 87' lang='lat' dir='ltr'><strong>ita</strong></span> <span class='ocrx_word' id='word_1_912' title='bbox 3196 5926 3359 5988; x_wconf 87' lang='lat' dir='ltr'><strong>etiam</strong></span> <span class='ocrx_word' id='word_1_913' title='bbox 3392 5923 3570 5984; x_wconf 78' lang='lat' dir='ltr'><strong>factus</strong></span> <span class='ocrx_word' id='word_1_914' title='bbox 3591 5921 3760 5989; x_wconf 71' lang='lat' dir='ltr'><strong>fuerat</strong></span> 
     </span>
    </p>
   </div>
  </div>
