3924 6424
203 450 308 506 953
1190 463 1777 523 DEFLORATIONES
1806 465 1902 521 SS.
1937 466 2240 523 PATRUM.
2274 496 2341 506 —
2372 465 2504 559 LIB.
2542 466 2587 519 I.
3450 470 3552 524 954

218 577 562 649 nycticorax
604 582 873 640 habitans
919 584 973 640 in
1028 584 1324 643 domicilio.
1383 588 1710 659 Nycticorax
1769 592 1853 643 est
1882 591 1936 649 A
1964 596 2021 643 ut
2050 589 2258 645 catulus
2289 588 2466 645 leonis
2502 588 2757 645 dormivit
2802 603 2929 647 cum
2972 591 3151 647 triduo
3196 588 3251 645 in
3300 589 3557 661 sepulcro

229 668 349 724 avis
377 671 638 728 volitans
678 674 735 728 in
769 675 1037 730 tenebris.
1076 676 1420 731 Domicilium
1450 686 1629 733 autem
1651 686 1736 732 est
1756 678 1857 733 de-

241 767 517 816 structum
576 762 900 829 adiﬁcium,
952 763 1049 818 ubi
1088 765 1192 819 soli
1233 765 1469 835 parietes
1534 773 1683 820 sunt.
1754 764 1859 821 Avi

249 849 593 922 nycticoraci
625 851 884 906 Christus
916 862 1286 923 comparatur,
1318 869 1441 909 cum
1470 862 1591 925 post
1638 869 1859 910 crucem

252 944 309 1000 in
339 944 683 1001 domicilium
718 946 955 1017 sepulcri
989 946 1225 1017 ponitur,
1259 962 1326 1003 ac
1368 964 1467 1018 per
1512 948 1720 1016 aliquot
1762 948 1860 1003 ho-

251 1049 350 1089 ras
377 1033 488 1089 illic
516 1034 834 1089 inhabitare
862 1035 1115 1091 docetur.
1153 1036 1361 1091 Deinde
1383 1036 1547 1091 tertia
1576 1036 1663 1092 die
1712 1036 1859 1109 vigi-

250 1122 410 1188 lavit,
445 1131 500 1178 et
532 1122 707 1178 Iactus
737 1131 822 1179 est
852 1123 988 1179 sicut
1016 1140 1208 1195 passer
1260 1124 1538 1181 solitarius
1586 1126 1637 1179 in
1697 1132 1858 1191 tecto,

249 1212 388 1286 quia
447 1227 575 1268 cum
628 1213 683 1267 in
742 1212 996 1284 passione
1052 1213 1346 1271 dormisset
1376 1258 1393 1283 ,
1451 1229 1519 1271 ac
1572 1214 1771 1271 deinde
1828 1228 1862 1270 a

247 1319 441 1365 morte
471 1309 871 1367 resurrexisset
902 1310 1077 1368 Iactus
1106 1319 1189 1367 est
1218 1312 1361 1369 sicut
1389 1327 1583 1383 passer
1611 1312 1859 1380 avolans,

247 1400 368 1455 hoc
410 1408 495 1456 est
550 1399 607 1455 in
667 1400 869 1455 caelum
926 1401 1250 1466 ascendens,
1307 1400 1399 1456 ubi
1462 1402 1618 1473 quasi
1673 1401 1863 1457 solita-

244 1488 374 1543 rius
405 1487 461 1543 in
499 1496 659 1557 tecto,
697 1488 753 1543 id
783 1498 871 1545 est
898 1489 957 1546 in
989 1490 1129 1547 caelo
1158 1490 1230 1545 ad
1258 1490 1538 1546 dexteram
1571 1490 1741 1546 Patris
1770 1506 1861 1546 re-

243 1577 428 1635 sidet.

331 1690 432 1745 Isti
461 1698 592 1745 sunt
616 1690 693 1745 illi
722 1698 835 1746 tres
863 1689 1003 1753 dies,
1034 1705 1100 1744 ex
1132 1688 1326 1761 quibus
1364 1689 1699 1744 illuminatur
1738 1690 1859 1744 ani-

243 1795 381 1834 ma.
424 1779 533 1835 Sed
564 1780 777 1851 primus
798 1779 922 1835 dies
951 1788 1035 1833 est
1084 1779 1265 1844 timor,
1313 1779 1585 1834 secundus
1632 1778 1857 1846 veritas,

242 1868 459 1923 tertius
490 1878 572 1924 est
601 1868 861 1924 charitas.
894 1868 1024 1923 Dies
1056 1867 1262 1923 timoris
1291 1874 1374 1922 est
1419 1868 1535 1922 dies
1584 1868 1857 1939 potentiae,

1967 686 2179 743 delituit
2208 708 2227 745 :
2259 705 2419 760 quem
2451 690 2611 743 Pater
2638 688 2797 742 tertia
2828 689 2917 745 die
2948 688 3257 744 suscitavit.
3291 689 3374 743 Ad
3405 704 3552 760 pra:-

1967 776 2092 830 daui
2123 775 2424 844 descendit,
2470 792 2590 831 cum
2650 777 2719 830 ad
2771 776 2986 832 inferna
3039 777 3380 832 descendens
3435 776 3558 832 forti

1970 864 2195 936 alligato
2234 865 2407 936 spolia
2438 866 2555 931 ejus
2584 865 2827 935 diripuit.
2870 867 2927 920 In
2976 866 3101 921 vino
3146 866 3338 920 stolam
3400 865 3554 929 lavit,

1967 967 2091 1009 cum
2114 968 2311 1022 corpus
2333 969 2485 1007 suum
2509 952 2772 1024 sanguine
2793 952 3022 1008 maduit.
3058 955 3115 1007 In
3150 952 3416 1025 sanguine
3450 952 3555 1007 oli-

1970 1064 2050 1102 vae
2076 1047 2295 1117 pallium
2326 1065 2481 1103 suum
2514 1048 2663 1116 lavit,
2714 1065 2841 1105 cum
2893 1049 3194 1106 Ecclesiam
3246 1048 3369 1105 oleo
3415 1048 3559 1105 chri-

1969 1137 2160 1191 smatis
2190 1136 2563 1193 sanctiﬁcavit.

2038 1235 2132 1289 Est
2162 1234 2270 1291 alia
2298 1234 2480 1289 bellua
2510 1250 2733 1308 quoque
2780 1251 2944 1309 quam
2975 1234 3311 1292 crocodilum
3346 1234 3553 1303 dicunt,

1968 1322 2284 1379 vicenorum
2316 1324 2514 1395 pedum
2546 1324 2598 1378 in
2629 1324 2987 1397 longitudine.
3023 1325 3152 1380 Haac
3181 1323 3459 1379 interdum
3503 1323 3559 1379 in

1967 1413 2141 1483 aquis,
2177 1422 2338 1468 nocte
2368 1428 2498 1468 vero
2529 1421 2775 1468 moratur
2829 1414 2882 1468 in
2925 1414 3116 1477 terris;
3160 1420 3553 1483 praetereuntes

1967 1501 2201 1570 invadit,
2234 1502 2451 1569 lacerat,
2488 1501 2732 1568 devorat,
2767 1502 2821 1557 in
2870 1502 2985 1559 sole
3026 1511 3212 1573 aperto
3260 1517 3357 1557 ore
3415 1500 3552 1557 dor-

1967 1597 2144 1653 miens
2169 1598 2420 1654 recubat.
2479 1598 2617 1666 Quis
2666 1599 2849 1671 itaque
2896 1616 2997 1670 per
3044 1597 3409 1663 crocodilum,
3459 1597 3561 1654 nisi

1967 1686 2235 1753 diabolus,
2268 1686 2601 1752 declaratur,
2638 1688 2729 1760 qui
2758 1695 2882 1743 ante
2920 1687 3122 1743 Christi
3168 1687 3463 1744 adventum
3507 1687 3562 1741 in

1968 1773 2125 1831 ﬂuxis
2175 1776 2436 1831 cordibus
2485 1776 2790 1847 gentilium,
2836 1792 2980 1833 nunc
3045 1785 3225 1832 autem
3284 1776 3339 1831 in
3397 1775 3566 1831 aridis

1962 1864 2232 1919 mentibus
2260 1865 2573 1919 Iudaeorum
2604 1874 2867 1921 versatur.
2910 1865 2976 1920 Hi
3025 1872 3421 1937 praetereuntes
3469 1864 3566 1920 de-

243 1957 355 2028 qui
388 1965 473 2012 est
522 1956 691 2011 Patris
725 1971 739 2025 ;
768 1956 887 2011 dies
942 1956 1183 2012 veritatis
1239 1965 1319 2011 est
1374 1957 1493 2011 dies
1552 1956 1853 2026 sapientiae,
1887 1946 1939 2005 Β
1973 1963 2189 2018 vorant,
2226 1953 2352 2024 quia
2380 1962 2606 2011 cunctos
2634 1962 2759 2009 ante
2790 1953 2986 2010 Christi
3016 1954 3330 2025 passionem
3349 1953 3563 2009 obeun-

242 2053 372 2109 hoc
408 2061 493 2108 est
523 2052 641 2108 Filii
672 2072 688 2119 ;
721 2052 841 2108 dies
871 2052 1152 2109 charitatis
1190 2061 1270 2108 est
1318 2052 1436 2107 dies
1490 2052 1859 2123 benignitatis,

243 2140 315 2196 id
348 2150 435 2196 est
463 2141 581 2196 dies
610 2141 844 2213 Spiritus
876 2141 1075 2197 sancti.
1126 2140 1257 2196 Dies
1304 2140 1523 2211 quidem
1573 2141 1760 2206 Patris,
1811 2149 1865 2196 et

246 2230 386 2285 dies
419 2230 557 2295 Filii,
592 2239 646 2285 et
676 2230 795 2285 dies
827 2230 1063 2301 Spiritus
1096 2230 1290 2295 sancti,
1343 2230 1399 2284 in
1444 2229 1688 2285 claritate
1728 2228 1864 2284 divi-

248 2318 475 2384 nitatis,
506 2335 646 2373 unus
678 2319 799 2374 dies
829 2326 945 2388 est;
987 2318 1084 2373 sed
1129 2318 1183 2372 in
1228 2326 1426 2373 nostrae
1468 2318 1865 2374 illuminatione

250 2416 486 2481 mentis,
522 2416 678 2489 quasi
709 2417 874 2471 alium
906 2417 1048 2471 diem
1082 2418 1256 2485 Pater,
1285 2416 1449 2471 alium
1506 2416 1649 2471 diem
1676 2416 1859 2483 Filius,

257 2504 437 2561 alium
467 2505 614 2559 diem
648 2505 883 2577 Spiritus
925 2514 1146 2561 sanctus
1190 2506 1375 2571 habet,
1424 2520 1534 2561 non
1580 2506 1727 2577 quod
1774 2505 1863 2559 ul-

253 2589 481 2645 latenus
510 2589 847 2645 credendum
877 2589 951 2643 sit
977 2590 1316 2655 Trinitatem,
1342 2606 1464 2661 quae
1484 2589 1864 2661 inseparabilis

257 2687 350 2735 est
394 2686 611 2744 natura,
656 2679 710 2733 in
749 2678 1067 2750 operatione
1106 2692 1269 2748 posse
1329 2678 1595 2749 separari,
1653 2678 1751 2733 sed
1807 2684 1866 2733 ut

258 2775 551 2831 distinctio
577 2790 945 2846 personarum
973 2774 1030 2829 in
1061 2774 1408 2831 distinctione
1438 2791 1664 2846 operum
1688 2775 1864 2831 valeat

260 2863 525 2936 intelligi.
578 2862 812 2932 Quando
850 2878 984 2936 ergo
1039 2864 1280 2935 potentia
1342 2863 1462 2933 Dei,
1523 2864 1866 2919 considerata

258 2952 319 3010 in
364 2952 746 3017 admiratione,
797 2966 895 3008 cor
941 2959 1188 3007 nostrum
1236 2951 1455 3019 excitat,
1502 2952 1623 3009 dies
1671 2952 1861 3018 Patris,

260 3049 372 3098 est.
405 3040 637 3110 Quando
668 3055 801 3097 vero
831 3040 1100 3112 sapientia
1142 3041 1243 3096 Dei
1290 3041 1537 3111 inspecta
1587 3042 1865 3111 agnitione

260 3137 535 3205 veritatis,
587 3152 686 3194 cor
734 3146 981 3193 nostrum
1027 3137 1339 3193 illuminat:
1397 3137 1517 3193 dies
1572 3138 1695 3193 Filii
1747 3146 1856 3193 est.

263 3226 504 3298 Quando
534 3236 715 3283 autem
748 3227 1062 3298 benignitas
1112 3226 1214 3282 Dei
1262 3235 1461 3281 attenta
1508 3227 1575 3282 ad
1622 3242 1863 3282 amorem

262 3333 366 3374 cor
394 3324 644 3372 nostrum
673 3314 1021 3370 inﬂammat:
1076 3315 1195 3371 dies
1242 3324 1326 3371 est
1382 3315 1617 3386 Spiritus
1671 3316 1864 3371 sancti.

265 3404 520 3462 Potentia
572 3412 790 3470 terret,
851 3404 1119 3475 sapientia
1183 3404 1496 3473 illuminat,
1564 3403 1869 3476 benignitas

262 3502 530 3560 laatificat.
562 3502 621 3557 In
654 3502 743 3556 die
780 3500 1040 3571 potentia
1072 3518 1172 3572 per
1201 3501 1447 3557 timorem
1479 3501 1778 3563 morimur;
1814 3500 1869 3555 in

264 3591 361 3647 die
392 3590 675 3662 sapientia;
706 3606 805 3660 per
837 3589 1353 3661 contemplationem
1387 3590 1630 3645 veritatis
1658 3606 1685 3645 a
1724 3598 1872 3645 stre-

267 3683 390 3753 pitu
423 3680 611 3734 mundi
642 3680 979 3751 sepelimur;
1012 3679 1063 3733 in
1097 3679 1187 3734 die
1214 3679 1560 3750 benignitatis
1582 3695 1682 3750 per
1724 3694 1874 3734 amo-

267 3785 392 3826 rem
415 3777 468 3824 ct
489 3768 828 3824 desiderium
849 3776 1173 3824 aeternorum
1200 3768 1467 3823 bonorum
1492 3767 1833 3840 resurgimus
1850 3809 1865 3823 .

270 3869 465 3939 Itaque
492 3867 549 3921 in
579 3866 667 3921 die
697 3866 974 3936 potentiae,
1008 3874 1169 3920 sexto
1199 3866 1287 3922 die
1330 3866 1576 3922 Christus
1620 3873 1872 3921 mortuus

270 3964 358 4012 est
392 3974 407 4023 ;
441 3957 678 4026 septimo
709 3955 796 4009 die
830 3954 883 4008 in
916 3954 1168 4024 sepulcro
1192 3954 1364 4023 jacuit
1396 3972 1409 4017 ;
1442 3963 1637 4010 octavo
1681 3953 1771 4009 die
1817 3962 1876 4008 ut

269 4045 362 4101 leo
410 4044 729 4099 resurrexit.
779 4044 859 4098 De
905 4058 1015 4115 quo
1061 4042 1218 4099 leone
1266 4042 1435 4097 fertur
1472 4043 1616 4114 quod
1674 4042 1875 4114 apertis

271 4132 453 4189 oculis
485 4131 744 4197 dormiat,
777 4139 830 4187 et
861 4132 1039 4187 cauda
1069 4148 1169 4186 sua
1200 4132 1433 4204 vestigia
1475 4131 1675 4198 deleat,
1728 4148 1798 4186 ne
1844 4146 1877 4185 a

271 4229 630 4287 venatoribus
663 4228 897 4283 inveniri
928 4238 1113 4300 queat,
1144 4230 1228 4283 Ita
1269 4230 1531 4283 Dominus
1562 4230 1741 4293 Iesus,
1791 4228 1877 4283 leo

272 4319 345 4375 de
380 4317 527 4371 tribu
553 4317 714 4383 Iuda,
744 4317 1015 4387 dormivit,
1046 4319 1102 4374 et
1130 4332 1381 4373 somnum
1411 4317 1605 4373 mortis
1629 4316 1772 4388 cepit
1823 4304 1877 4371 in

276 4406 660 4469 humanitate;
692 4406 790 4461 sed
823 4406 1067 4479 vigilavit
1117 4406 1170 4460 in
1214 4406 1516 4461 divinitate.
1566 4406 1876 4478 Mysterium

276 4502 489 4552 nostrae
517 4493 873 4565 reparationis
908 4510 1074 4551 carne
1104 4494 1181 4550 sic
1210 4495 1422 4561 celavit,
1456 4494 1645 4566 quoda
1667 4494 1877 4550 daemo—

276 4593 444 4648 nibus
474 4591 527 4645 in
561 4591 1039 4662 persecutionibus
1070 4590 1320 4664 indagari
1351 4606 1459 4646 non
1491 4591 1689 4646 valuit.
1726 4591 1876 4647 Dici-

1972 2057 2054 2104 tes
2086 2050 2155 2104 ad
2186 2058 2389 2104 tartara
2422 2050 2694 2121 rapiebat.
2719 2050 2827 2107 Sed
2851 2051 3031 2107 adhuc
3047 2060 3240 2122 aperto
3262 2050 3567 2107 oreﬂuenta

1968 2139 2223 2193 Iordanis
2255 2138 2558 2194 absorbere
2605 2138 2797 2205 inhiat,
2848 2140 2973 2212 quia
3030 2140 3222 2195 avidus
3266 2138 3567 2209 baptizatos

1970 2227 2129 2281 etiam
2162 2228 2428 2283 devorare
2461 2227 2699 2281 festinat.
2734 2228 2830 2282 Est
2858 2235 2910 2282 et
2952 2227 3062 2283 alia
3105 2227 3302 2296 bestia,
3348 2226 3568 2283 nomine

1971 2316 2216 2382 enidrus,
2252 2315 2424 2387 spinis
2458 2316 2698 2387 repletus
2727 2316 2874 2372 velut
2904 2317 3128 2373 ericius.
3175 2317 3301 2373 Haec
3346 2314 3459 2372 luto
3504 2330 3566 2371 sc

1970 2413 2220 2469 involens
2268 2420 2519 2484 apertum
2566 2430 2631 2470 os
2680 2414 2943 2471 crocodili
2995 2414 3343 2486 ingreditur,
3414 2429 3567 2470 mox-

1972 2519 2078 2575 que
2110 2503 2177 2557 ab
2209 2518 2274 2557 eo
2304 2502 2623 2575 deglutitur.
2657 2502 2789 2573 Quae
2819 2513 3016 2560 cuncta
3044 2502 3261 2559 interna
3287 2503 3403 2573 ejus
3445 2502 3564 2573 spi-

1971 2590 2057 2645 nis
2088 2590 2347 2655 terebrat,
2383 2600 2433 2646 et
2465 2600 2694 2646 cnecata
2725 2591 2893 2646 bestia
2918 2592 3050 2647 viva
3069 2600 3294 2647 remeat.
3332 2588 3569 2647 Bestiola

1971 2679 2194 2750 spinosa
2215 2687 2298 2735 est
2319 2679 2515 2735 Christi
2533 2695 2678 2747 caro,
2717 2680 2924 2736 nostris
2942 2680 3181 2736 miseriis
3224 2693 3558 2736 aerumnosa.

1972 2776 2102 2833 Haec
2132 2793 2191 2832 se
2220 2776 2334 2832 luto
2362 2776 2589 2834 involvit
2619 2776 2747 2832 dum
2778 2776 3091 2851 opprobriis
3134 2776 3324 2832 mortis
3366 2790 3565 2833 succu-

1971 2866 2105 2921 buit.
2138 2865 2339 2921 Bellus:
2370 2882 2434 2921 os
2474 2865 2792 2938 ingreditur,
2840 2866 2970 2920 dum
3018 2864 3308 2921 insatiabili
3350 2864 3565 2920 inferno

1970 2955 2292 3010 devoratur.
2325 2954 2430 3010 Sed
2469 2954 2681 3010 interna
2714 2954 2911 3010 bellua:
2941 2955 3233 3020 eviscerat,
3280 2960 3333 3009 et
3369 2953 3567 3009 victrix

1970 3042 2276 3116 egreditur,
2310 3043 2437 3115 quia
2468 3042 2714 3099 Christus
2745 3042 3024 3098 infernum
3058 3042 3332 3115 despoliat
3359 3050 3413 3099 et
3443 3057 3567 3098 cum

1970 3140 2094 3196 aliis
2116 3157 2147 3195 a
2177 3148 2356 3197 morte
2378 3158 2700 3213 resurgens,
2742 3141 2917 3197 victor
2955 3140 3023 3196 ad
3064 3149 3210 3196 astra
3255 3141 3564 3197 revertitur.

1970 3229 2040 3284 Et
2069 3229 2342 3301 quomodo
2374 3230 2610 3285 Lazarus
2638 3238 2887 3285 mortuus
2908 3229 3225 3295 resurrexit,
3256 3243 3568 3285 resurrexe-

1975 3326 2099 3372 runt
2130 3318 2301 3372 multa
2331 3333 2589 3389 corpora,
2638 3325 2701 3373 ut
2752 3316 3038 3373 Dominum
3089 3317 3440 3372 ostenderent
3482 3332 3570 3372 re-

1975 3415 2310 3478 surgentem,
2342 3414 2395 3461 et
2426 3414 2539 3461 tum
2600 3414 2953 3461 monumenta
3008 3414 3189 3477 aperta
3241 3413 3413 3459 sunt:
3470 3404 3570 3459 sed

1975 3521 2086 3561 non
2125 3512 2250 3559 ante
2290 3511 2703 3559 resurrexerunt
2761 3519 2926 3575 quam
2984 3502 3250 3559 Dominus
3308 3510 3367 3557 ut
3424 3508 3572 3557 esset

1977 3592 2368 3665 primogenitus
2392 3592 2805 3648 resurrectionis
2829 3608 2891 3647 ex
2916 3591 3157 3647 mortuis.
3184 3614 3204 3639 «ι
3230 3590 3573 3647 Intraverunt

1979 3682 2172 3753 itaque
2201 3691 2439 3737 sanctam
2469 3682 2746 3737 civitatem
2774 3682 2994 3752 (Matth.
3030 3686 3221 3743 xxvu).
3260 3704 3281 3728 ι»
3316 3680 3572 3736 Sanctam

1979 3771 2253 3827 civitatem
2283 3770 2539 3826 dixitaut
2590 3772 2875 3827 caelestem
2934 3768 3298 3835 Hierusalem,
3357 3768 3411 3823 in
3468 3783 3573 3839 qua

1980 3868 2085 3924 visi
2144 3876 2289 3935 sunt,
2320 3876 2407 3922 aut
2457 3876 2800 3933 terrestrem,
2847 3884 2969 3939 quae
3013 3874 3175 3922 antea
3221 3874 3405 3922 sancta
3470 3864 3571 3921 fuit

1980 3965 2203 4030 propter
2235 3956 2512 4027 templum,
2548 3966 2599 4011 et
2629 3965 2815 4011 sancta
2846 3964 3183 4021 sanctorum,
3210 3964 3258 4010 et
3282 3955 3352 4009 ad
3380 3953 3573 4008 distin-

1983 4046 2217 4102 ctionem
2240 4045 2469 4099 aliarum
2494 4045 2729 4109 urbium,
2754 4045 2805 4099 in
2830 4045 3029 4117 quibus
3053 4044 3202 4099 idola
3229 4043 3578 4099 colebantur.

1982 4133 2162 4190 Multis
2181 4133 2657 4205 apparuerunt,his
2672 4133 2917 4189 videlicet
2933 4134 3023 4205 qui
3046 4132 3229 4189 videre
3250 4137 3584 4187 meruerunt.

1984 4233 2330 4303 (Βειίισιυε.)
2355 4231 2419 4285 Hi
2465 4231 2765 4287 creduntur
2808 4247 2931 4286 cum
2984 4231 3219 4286 Domino
3261 4228 3591 4285 ascendente

1984 4320 2302 4376 ascendisse
2332 4327 2540 4375 tantum
2575 4320 2742 4374 simul
2762 4334 2883 4375 cum
2909 4334 3157 4390 corpore.
3184 4317 3357 4392 Igitur
3378 4326 3434 4373 ut
3450 4333 3593 4388 prae-

1984 4409 2153 4463 fatum
2172 4418 2272 4474 est,
2295 4408 2436 4464 sicut
2453 4409 2504 4462 in
2523 4408 2613 4463 die
2627 4408 2885 4479 potentia:
2898 4417 3050 4463 sexta
3068 4408 3156 4463 die
3171 4409 3422 4464 Christus
3438 4420 3593 4461 mor-

1984 4505 2106 4553 tuus
2126 4505 2229 4563 est,
2280 4496 2512 4569 septima
2551 4497 2639 4552 die
2674 4496 2730 4551 in
2775 4497 3031 4568 sepulcro
3057 4497 3246 4567 jacuit,
3279 4502 3477 4552 octava
3504 4494 3595 4550 die

1990 4594 2309 4655 resurrexit.
2342 4594 2416 4650 ita
2445 4594 2604 4649 simili
2636 4593 2802 4650 modo
2836 4594 3074 4667 primum
3106 4593 3343 4666 potentia
3398 4591 3453 4647 in
3498 4590 3590 4647 die

274 4690 367 4737 tur
399 4680 563 4736 etiam
595 4679 742 4751 quod
800 4679 973 4735 lezena
1022 4662 1234 4735 catulos
1280 4696 1409 4736 suos
1457 4688 1704 4737 mortuos
1753 4679 1880 4735 fun-
1908 4662 1962 4723 D
1995 4701 2093 4740 suo
2127 4702 2226 4755 per
2247 4685 2497 4739 timorem
2529 4700 2629 4738 nos
2659 4700 2689 4738 a
2744 4662 3055 4739 carnalibus
3106 4662 3400 4739 desideriis
3453 4679 3588 4735 foris

278 4770 393 4838 dat,
427 4778 483 4824 et
511 4768 613 4840 ipsi
644 4767 711 4823 ad
743 4783 928 4824 vocem
959 4768 1125 4839 patris
1154 4768 1427 4842 rugientis
1456 4769 1543 4824 die
1574 4768 1732 4824 tertio
1760 4784 1886 4823 sur-

280 4865 439 4932 gant.
479 4857 571 4912 Sic
600 4856 789 4911 triduo
841 4856 1097 4912 Christus
1154 4856 1245 4929 qui
1304 4856 1362 4911 in
1418 4856 1671 4928 sepulcro
1716 4857 1888 4927 jacuit

282 4964 556 5021 mortuus,
590 4953 680 5009 die
711 4954 864 5008 tertia
897 4952 1156 5009 surrexit.
1202 4954 1375 5010 Patris
1422 4970 1558 5011 voce
1604 4970 1884 5027 eXperge-

282 5046 483 5113 factus,
518 5043 661 5099 sicut
690 5042 827 5099 olim
859 5041 927 5098 de
959 5059 1025 5097 eo
1055 5043 1307 5114 praedixit
1348 5043 1519 5099 Iacob
1564 5043 1886 5113 patriarcha

278 5133 600 5210 praecipuus
634 5148 647 5185 :
686 5154 709 5179 α
744 5131 881 5185 Iuda
916 5131 1150 5186 dormiet
1179 5140 1236 5186 ut
1264 5132 1478 5188 catulus
1508 5131 1717 5188 leonis:
1759 5131 1884 5204 quis

277 5234 569 5296 suscitabit
594 5248 721 5289 eum
750 5233 779 5286 ‘?
809 5231 892 5287 Ad
939 5231 1201 5303 praadam,
1250 5230 1326 5286 ﬁli
1372 5229 1467 5296 mi,
1518 5229 1876 5286 descendisti.

274 5326 510 5388 Lavabit
542 5322 600 5379 in
634 5322 764 5376 vino
795 5320 988 5376 stolam
1023 5336 1199 5387 suam,
1234 5328 1288 5375 et
1314 5320 1370 5374 in
1418 5318 1686 5392 sanguine
1727 5318 1885 5374 olivae

270 5428 503 5506 pallium
536 5437 665 5481 sum
696 5419 858 5493 (Gen.
891 5418 1064 5491 χιιι).
1101 5443 1123 5471 ι
1157 5418 1420 5476 Dominus
1448 5417 1518 5474 de
1562 5417 1706 5473 tribu
1750 5416 1887 5473 Iuda

1994 4774 2227 4838 occidat,
2259 4772 2457 4827 deinde
2488 4772 2754 4843 sapientia
2799 4771 2855 4826 in
2902 4771 2990 4826 die
3039 4787 3138 4827 suo
3177 4769 3318 4824 intus
3361 4768 3415 4823 in
3460 4768 3587 4823 abs-

1994 4862 2215 4919 condito
2267 4860 2737 4931 contemplationis
2779 4858 3053 4931 sepeliat;
3102 4866 3382 4928 postremo
3425 4855 3585 4912 beni-

1994 4960 2173 5033 gnitas
2203 4959 2256 5013 in
2288 4960 2375 5014 die
2404 4974 2504 5014 suo
2534 4975 2633 5029 per
2646 4958 2976 5014 desiderium
2999 4956 3165 5014 divini
3181 4955 3389 5011 amoris
3407 4953 3588 5010 viviﬁ-

1996 5058 2151 5105 catos
2186 5064 2499 5120 exsurgere
2529 5046 2710 5110 faciat,
2748 5046 2873 5119 quia
2903 5055 3089 5102 sextus
3117 5044 3187 5100 ad
3217 5044 3480 5109 laborem,
3505 5058 3591 5099 se-

1992 5138 2216 5210 ptimus,
2248 5136 2319 5192 ad
2348 5136 2617 5208 requiem,
2639 5143 2865 5192 octavus
2881 5135 3114 5206 pertinet
3135 5133 3203 5189 ad
3229 5132 3587 5188 resurrectio-

1992 5254 2144 5293 nem.
2185 5234 2363 5304 Quam
2383 5234 2542 5290 nobis
2573 5234 3011 5291 misericorditer
3041 5233 3283 5288 tribuere
3329 5230 3591 5302 dignetur

1992 5325 2264 5382 Dominus
2294 5331 2483 5379 noster
2509 5325 2670 5379 Iesus
2701 5324 2969 5386 Christus,
3002 5322 3095 5394 qui
3126 5337 3225 5393 pro
3254 5319 3411 5377 nobis
3439 5334 3590 5376 mor-

1991 5422 2117 5471 tuus
2135 5413 2264 5471 vivit
2293 5420 2347 5468 et
2374 5420 2566 5485 regnat
2588 5413 2735 5470 Deus
2762 5428 2863 5486 per
2892 5410 3094 5480 omnia,
3126 5418 3231 5468 etc.
