3924 6398
443 466 551 524 955

1581 473 1922 531 WERNERI
1959 472 2245 529 ABBATlS
2297 471 2353 527 S.
2396 471 2614 529 BLASII

3650 472 3745 527 956

1450 655 2068 761 DOMINICA
2172 654 2735 785 QUARTA.

1687 901 2081 968 Secundum
2112 901 2484 967 Joannem.

518 1134 541 1161 α
575 1115 768 1181 Amen,
800 1129 970 1171 amen
996 1114 1121 1174 dico
1150 1112 1326 1183 vobis,
1361 1115 1407 1173 si
1439 1115 1568 1189 quid
1617 1115 1884 1187 petieritis
1933 1117 2042 1172 Pa-
2072 1116 2126 1177 A
2156 1132 2271 1184 rus,
2304 1132 2413 1171 non
2440 1115 2657 1187 judicas
2688 1123 2740 1173 et
2768 1114 3018 1173 vindicas
3048 1116 3649 1191 sanguinem‘nostrum
3679 1113 3752 1169 de

447 1208 586 1257 trem
614 1202 668 1258 in
708 1204 933 1262 nomine
978 1221 1122 1272 meo,
1173 1205 1325 1261 dabit
1377 1205 1537 1262 vobis
1591 1206 1773 1277 (Jaan.
1827 1198 2045 1266 xvii.»

447 1289 719 1365 Quidquid
751 1294 958 1365 petitur
983 1294 1178 1351 contra
1207 1280 1459 1367 salutem,
1490 1310 1600 1352 non
1631 1295 1836 1367 petitur
1864 1295 1921 1350 in
1948 1311 2051 1351 no-

445 1378 594 1438 mine
623 1380 949 1441 Salvatoris.
982 1383 1118 1440 Cum
1165 1383 1316 1454 dicit,
1365 1383 1423 1439 in
1476 1384 1700 1441 nomine
1740 1399 1887 1454 meo,
1941 1400 2052 1441 non

447 1475 562 1534 vult
591 1477 825 1553 intelligi
854 1479 925 1537 de
953 1480 1122 1551 dono,
1174 1480 1273 1538 sed
1321 1480 1390 1537 de
1442 1481 1565 1537 soni
1619 1469 2047 1555 signiﬁcatione.

445 1567 601 1624 Unde
631 1568 723 1641 qui
749 1569 897 1625 male
927 1571 1093 1626 sentit
1122 1569 1191 1626 de
1223 1569 1458 1637 Christo,
1485 1587 1591 1626 non
1608 1571 1743 1644 petit
1761 1570 1814 1626 in
1832 1571 2053 1627 nomine

449 1654 592 1727 ejus,
627 1657 796 1713 etiam
854 1658 903 1714 si
960 1659 1083 1732 ejus
1138 1659 1383 1731 proferat
1435 1676 1681 1728 nomen;
1741 1660 1837 1733 qui
1891 1676 2049 1727 vero,

444 1747 596 1802 recte
625 1748 917 1805 sentiendo
944 1746 1015 1805 de
1045 1748 1160 1818 illo,
1191 1749 1327 1821 petit
1354 1749 1587 1806 salutem
1631 1750 2048 1822 sempiternam,

442 1844 531 1900 vel
555 1842 759 1919 aliquid
791 1848 1076 1919 pertinens
1101 1849 1169 1904 ad
1197 1848 1367 1916 illam,
1399 1849 1613 1922 accipit,
1647 1849 1905 1923 quoniam
1948 1850 2050 1907 de-

445 1932 539 1989 bet
563 1935 834 2007 accipere.
868 1937 989 1993 Nec
1015 1936 1095 1992 illi
1113 1937 1363 2009 quaedam
1384 1946 1672 2012 negantur,
1697 1939 1822 2012 quia
1842 1938 1904 1996 ut
1923 1954 2053 1997 con-

444 2038 595 2097 gruo
626 2031 877 2098 tempore
905 2026 1121 2093 dentur,
1154 2026 1496 2085 differuntur.
1534 2051 1557 2078 ι

523 2143 537 2171 ι
581 2123 775 2197 Usque
805 2125 974 2181 modo
1003 2141 1111 2181 non
1141 2125 1354 2198 petistis
1382 2127 1680 2200 quidquam
1725 2128 1781 2183 in
1828 2126 2050 2184 nomine

443 2225 572 2268 meo
606 2231 619 2268 :
650 2211 838 2284 petite,
871 2223 925 2271 et
955 2215 1258 2287 accipietis,
1291 2225 1348 2272 ut
1395 2215 1659 2289 gaudium
1704 2225 1944 2273 vestrum
1983 2217 2050 2272 sit

441 2298 688 2372 plenum.
725 2321 748 2352 ι
783 2291 1062 2374 Quidquid
1090 2302 1236 2360 aliud
1266 2304 1467 2375 petitur
1502 2321 1666 2376 quam
1716 2304 1824 2361 vita
1866 2305 2046 2371 beata,

442 2389 532 2446 vel
559 2391 707 2463 quod
736 2392 805 2447 ad
835 2408 955 2449 eam
984 2393 1239 2465 pertinet,
1265 2393 1399 2449 nihil
1422 2402 1505 2450 est
1529 2395 1582 2449 in
1606 2402 1769 2451 tantae
1788 2394 1873 2452 rei
1891 2408 2049 2451 com-

443 2488 754 2559 paratione.
794 2490 1022 2546 Duobus
1051 2491 1231 2550 modis
1258 2499 1438 2563 potest
1479 2491 1729 2564 intelligi,

445 2576 614 2634 modo
642 2594 750 2634 non
784 2579 998 2651 petistis
1026 2580 1323 2653 quidquam
1355 2580 1408 2636 in
1438 2582 1660 2638 nomine
1702 2598 1847 2650 meo,
1912 2605 1934 2631 α
1964 2583 2053 2639 vel

443 2664 575 2738 quia
601 2681 713 2723 non
742 2668 971 2724 novistis
1029 2685 1229 2727 nomen
1260 2686 1446 2727 meum
1504 2670 1650 2728 sicut
1706 2679 1789 2727 est
1834 2687 2049 2745 cogno-

446 2755 731 2825 scendum,
765 2757 859 2813 vel
894 2757 1022 2830 quia
1042 2774 1143 2833 pro
1171 2759 1343 2815 nihilo
1390 2759 1711 2816 habendum
1761 2769 1844 2817 est
1883 2759 2048 2835 quid-

447 2854 577 2928 quid
606 2854 753 2912 aliud
784 2856 998 2931 petistis
1028 2857 1084 2913 in
1118 2858 1522 2930 comparatione
1553 2868 1714 2915 tantae
1743 2861 1842 2929 rei,
1886 2878 2045 2934 quam

444 2951 634 3015 petere
654 2944 921 3001 debuistis
948 2960 962 3001 :
982 2947 1257 3018 quomodo
1270 2954 1455 3003 autem
1476 2949 1689 3019 possint
1709 2957 1894 3020 petere
1922 2952 2045 3022 ple-

444 3044 575 3088 num
627 3034 889 3107 gaudium
964 3036 1173 3103 subdit,
1245 3024 1503 3109 quoniam
1579 3038 1648 3093 de
1717 3039 2046 3096 animalibus

444 3122 593 3194 quod
622 3131 773 3191 sunt,
807 3123 1012 3181 facient
1036 3125 1312 3195 spiritales
1340 3134 1397 3182 ut
1426 3127 1655 3196 abjectis
1701 3128 2046 3200 imaginatio-

439 3220 603 3291 nibus
638 3236 933 3295 corporum
962 3224 1192 3296 puritate
1221 3224 1420 3281 mentis
1469 3225 1702 3284 sinceras
1730 3228 2044 3285 cohazreant

439 3308 566 3369 luci.
652 3366 653 3369 η

514 3437 538 3464 κ
573 3415 704 3471 Haec
733 3413 790 3473 in
825 3415 1134 3473 Proverbiis
1164 3415 1381 3475 locutus
1408 3433 1532 3474 sum
1577 3418 1754 3476 vobis.
1791 3442 1813 3469 υ
1867 3420 2042 3477 Homo

438 3503 698 3577 anima'is
734 3521 1097 3579 quaecumque
1135 3507 1289 3565 audit
1336 3508 1406 3564 de
1462 3507 1564 3564 Dei
1609 3517 1802 3567 natura
1849 3526 2041 3566 carna-

436 3601 560 3681 liter
587 3604 811 3676 cogitat,
846 3620 954 3661 non
986 3606 1361 3677 spiritualiter.
1389 3608 1459 3663 Et
1486 3607 1611 3663 ideo
1641 3615 1771 3664 sunt
1803 3608 1879 3663 illi
1902 3624 2043 3682 pro-

437 3691 627 3757 verbia
658 3711 780 3766 quae
809 3694 962 3750 audit
991 3695 1061 3750 de
1093 3695 1415 3767 incorporea
1446 3697 1544 3752 Dei
1577 3697 1906 3764 substantia;
1932 3712 2040 3755 non

433 3782 580 3854 quod
610 3797 677 3839 ea
702 3791 961 3856 tanquam
993 3784 1281 3856 proverbia
1337 3785 1579 3857 deputet,
1625 3786 1723 3842 sed
1780 3788 1904 3859 quia
1960 3787 2041 3844 sic

441 3871 645 3945 cogitat
670 3873 951 3944 quomodo
980 3874 1058 3929 illi
1089 3875 1181 3946 qui
1221 3875 1509 3946 proverbia
1550 3874 1775 3933 audiunt
1833 3886 1887 3933 et
1931 3892 2041 3933 non

434 3969 775 4046 intelligunt.
817 3971 1091 4044 Spit-italis
1119 3980 1300 4029 autem
1331 3974 1496 4031 homo
1549 3974 1603 4030 in
1650 3976 1873 4032 nomine
1921 3976 2041 4048 ejus

437 4060 589 4132 petit,
625 4062 755 4133 quia
782 4061 966 4134 ipsum
1017 4062 1265 4132 ejusdem
1323 4063 1647 4121 substantiae
1697 4081 1821 4122 cum
1878 4064 2042 4124 Patre

436 4164 563 4205 esse
592 4149 868 4224 intelligit.
904 4149 1193 4233 Spiritales
1222 4153 1473 4209 homines
1515 4153 1809 4210 vanitatem
1840 4163 1894 4210 et
1939 4153 2042 4230 tig-

437 4246 621 4294 menta
676 4247 928 4312 tanquam
986 4240 1326 4312 importunus
1389 4258 1610 4299 muscas
1683 4244 1933 4318 abigunt,
1989 4253 2041 4302 et

433 4325 665 4384 internis
693 4329 1029 4401 aspectibus,
1061 4338 1334 4405 utcunque
1392 4331 1793 4406 incorporeum,
1827 4349 2040 4408 cogno-

432 4424 613 4474 εοιιοι.

510 4538 534 4564 α
570 4514 730 4572 Venit
758 4517 893 4574 hora
925 4534 1051 4575 cum
1075 4518 1190 4591 jam
1222 4535 1337 4576 non
1374 4519 1430 4576 in
1480 4521 1792 4593 proverbiis
1844 4522 2041 4596 loquar

432 4604 609 4673 vobis,
630 4604 728 4662 Sed
751 4607 929 4678 palam
955 4609 1024 4665 de
1047 4609 1214 4665 Patre
1242 4611 1504 4667 nuntiabo
1525 4611 1703 4667 vobis.
1728 4635 1750 4661 »ι
1777 4612 1934 4668 illam
1958 4612 2040 4668 ni-

428 4695 632 4752 mirum
681 4696 877 4765 horam
922 4697 1215 4772 signiﬁcat,
1275 4714 1380 4772 qua
1438 4701 1517 4756 eis
1573 4700 1808 4773 Spiritus
1860 4704 2038 4760 sancti
2082 4732 2086 4736 Α

433 4796 669 4869 gratiam
699 4797 923 4854 daturus
948 4811 1085 4858 erat.
1122 4800 1418 4855 Possumus
1450 4800 1618 4855 etiam
1653 4801 1841 4856 horam
1875 4819 2035 4874 quam

431 4884 726 4956 pollicetur
752 4887 804 4941 in
834 4886 1018 4943 futura
1047 4889 1155 4943 vita
1198 4888 1526 4960 intelligere,
1578 4889 1633 4944 in
1690 4906 1798 4962 qua
1854 4891 2036 4964 palam

431 4974 502 5031 de
532 4977 713 5043 Patre,
739 4977 1081 5032 annuntiabit
1102 4977 1311 5042 electis,
1337 4977 1392 5033 id
1427 4987 1511 5034 est
1527 4978 1779 5034 ostendet
1802 4981 2031 5037 Patrem.

434 5064 539 5121 Ubi
569 5065 836 5123 veraciter
863 5066 919 5122 in
938 5067 1160 5124 nomine
1190 5075 1379 5139 petunt
1399 5068 1557 5123 electi
1575 5068 1704 5124 dum
1727 5085 1829 5141 pro
1850 5078 2035 5127 nostra

429 5159 725 5234 fragilitate
751 5162 1119 5234 intercedunt,
1151 5172 1423 5237 quatenus
1453 5166 1525 5224 ad
1553 5176 1671 5222 suae
1716 5167 2034 5225 salvationis

428 5261 634 5311 sortem
660 5252 1061 5327 pertingamus.
1094 5255 1240 5313 Bene
1268 5253 1467 5312 dicitur
1509 5256 1563 5311 in
1612 5256 1707 5313 illo
1753 5254 1862 5328 die,
1904 5257 2033 5332 quia

425 5340 500 5399 ibi
525 5358 637 5401 non
665 5353 792 5401 sunt
822 5344 1066 5402 tenebrae
1104 5360 1503 5417 pressurarum,
1538 5346 1642 5402 sed
1682 5344 1774 5402 lux
1821 5348 2031 5420 sempi-

426 5437 607 5490 terna.
646 5434 883 5490 Possunt
908 5433 1057 5491 idem
1086 5432 1314 5508 spiritus
1338 5434 1646 5493 electorum
1676 5434 1734 5492 in
1771 5435 1865 5495 illa
1911 5451 2027 5495 cos-

424 5526 547 5585 lesti
575 5531 794 5589 civitate
825 5532 989 5589 etiam
1019 5550 1121 5605 per
1144 5550 1206 5590 se
1234 5542 1443 5608 petere,
1477 5534 1607 5608 quia
1652 5542 1865 5608 tempus
1911 5535 2029 5593 uni-

424 5620 653 5677 versalis
676 5621 865 5691 judicii
890 5622 1076 5680 venire
1098 5623 1438 5693 desiderant,
1462 5632 1521 5680 ut
1549 5624 1712 5682 etiam
1733 5641 2027 5698 corporum

425 5703 813 5766 beatitudinem
846 5711 1136 5785 recipiant.
1170 5714 1324 5771 Unde
1354 5714 1602 5771 Joannes
1650 5714 1725 5771 ait
1757 5732 1770 5770 :
1830 5740 1853 5765 α
1904 5716 2027 5773 Vidi

425 5796 526 5851 sub
554 5796 725 5855 altare
754 5799 855 5856 Dei
885 5801 1095 5857 animas
1144 5802 1458 5860 occisorum
1516 5812 1740 5876 propter
1794 5806 2023 5864 verbum

425 5888 546 5962 Dei,
577 5900 635 5952 et
660 5906 881 5969 prepter
907 5899 1281 5955 testimonium
1314 5901 1461 5972 quod
1490 5902 1782 5969 habebant,
1806 5912 1860 5961 et
1879 5906 2025 5962 clara

425 5992 559 6041 voce
585 5982 878 6042 dicebant:
908 6008 931 6034 α
954 5986 1271 6061 Usquequo,
1299 5989 1552 6057 Domine,
1572 5997 1794 6048 sanctus
1832 6009 1864 6049 e
1912 6004 2027 6051 tve-

2159 1205 2245 1260 his
2274 1205 2363 1278 qui
2393 1205 2636 1261 habitant
2666 1205 2719 1261 in
2748 1212 2901 1263 terra
2929 1206 3128 1280 (Apoc.
3159 1205 3257 1279 vr).
3296 1230 3318 1256 ι
3354 1205 3456 1262 Ubi
3496 1203 3751 1277 continuo

2160 1294 2537 1351 subinfertur:
2573 1317 2595 1342 α
2629 1296 2698 1351 Ει
2721 1294 2862 1350 datae
2888 1302 3014 1350 sunt
3043 1295 3151 1351 illis
3181 1294 3411 1368 singula:
3426 1294 3575 1350 stolae
3592 1291 3747 1359 albae,

2161 1398 2215 1448 et
2244 1392 2449 1447 dictum
2481 1399 2563 1447 est
2592 1390 2702 1446 illis
2753 1399 2810 1447 ut
2856 1391 3275 1464 requiescerent
3313 1401 3528 1462 tempus
3572 1389 3753 1465 adhuc

2160 1480 2457 1546 modicum,
2491 1479 2669 1538 donec
2697 1480 3025 1553 impleretur
3060 1497 3322 1538 numerus
3374 1480 3599 1536 fratrum
3654 1493 3753 1534 eo-

2162 1586 2277 1625 rum
2308 1570 2513 1641 (ibid.).
2552 1592 2573 1621 ι
2610 1570 2875 1642 Singulas
2906 1570 3108 1643 quippe
3154 1569 3321 1626 stolas
3367 1583 3510 1625 nunc
3550 1567 3753 1623 habent

2160 1658 2361 1715 animas
2390 1675 2511 1715 cum
2543 1659 2663 1715 sola
2693 1676 2794 1715 sua
2822 1660 3077 1718 felicitate
3107 1659 3374 1727 fruuntur,
3422 1658 3578 1714 binas
3623 1664 3753 1713 tunc
3782 1662 3789 1667 ’

2160 1754 2434 1826 accipient
2463 1771 2588 1812 cum
2619 1755 2842 1828 implete
2876 1757 2928 1811 in
2960 1755 3070 1813 line
3098 1771 3324 1812 numero
3350 1754 3580 1811 fratrum
3618 1768 3749 1811 cor-

2157 1857 2355 1916 porum
2391 1858 2613 1917 quoque
2641 1844 3024 1923 immortalium
3075 1844 3435 1918 receptatione
3478 1842 3749 1901 laetabuné

2161 1941 2268 1991 tur.
2471 1932 2477 1943 ’

2234 2054 2257 2080 α
2296 2031 2394 2088 Illo
2423 2031 2512 2088 die
2540 2032 2595 2087 in
2626 2031 2846 2088 nomine
2868 2048 2991 2088 meo
3015 2030 3317 2104 petetis.Et
3334 2047 3443 2087 non
3459 2028 3580 2088 dico
3592 2029 3748 2087 vobis

2159 2121 2287 2193 quia
2318 2136 2424 2192 ego
2455 2122 2670 2194 rogabo
2694 2123 2900 2178 Patrem
2923 2123 2992 2178 de
3014 2122 3192 2177 vobis.
3220 2143 3243 2171 ι
3259 2120 3511 2179 Hucdicit
3528 2129 3751 2192 propter

2158 2209 2679 2266 consubstantialem
2729 2210 2872 2266 Patri
2926 2211 3265 2267 divinitatem
3319 2210 3374 2264 in
3431 2225 3537 2282 qua
3589 2209 3749 2264 simul

2158 2299 2398 2355 audiunt
2427 2308 2714 2373 rogantes,
2766 2300 3038 2373 simulque
3092 2309 3284 2373 rogata
3333 2300 3539 2355 donant
3591 2298 3784 2354 Pater"

2158 2406 2210 2452 et
2240 2396 2428 2465 Filius,
2462 2397 2611 2469 quod
2643 2413 2751 2453 non
2791 2405 2937 2469 patet
2991 2397 3094 2451 nisi
3149 2395 3326 2453 oculis
3382 2393 3742 2466 spiritalibus.

1792 2515 1815 2541 υ
1872 2509 2047 2565 usque
2076 2478 2127 2539 Β
2163 2485 2323 2556 Quod
2352 2478 2484 2542 vero
2515 2487 2677 2542 Petro
2706 2486 2781 2541 ait
2813 2503 2828 2541 :
2864 2510 2887 2535 α
2918 2487 3038 2559 Ego
3069 2493 3247 2541 autem
3278 2483 3467 2555 rogavi
3496 2499 3603 2555 pro
3624 2490 3751 2538 teut

2160 2590 2269 2630 non
2300 2574 2518 2632 deficiat
2549 2574 2691 2631 fides
2718 2584 2812 2630 tua
2843 2576 3007 2646 (Luc.
3042 2576 3202 2646 xxu),
3246 2583 3301 2630 et
3346 2573 3489 2645 quod
3533 2572 3600 2628 de
3654 2572 3749 2628 illo

2157 2664 2400 2719 Joannes
2431 2666 2552 2720 ait:
2594 2687 2616 2713 ι
2662 2665 3003 2721 Advocatum
3048 2664 3313 2719 habemus
3353 2662 3497 2734 apud
3540 2663 3748 2717 Patrem

2156 2763 2344 2819 Jesum
2405 2762 2681 2819 Christum
2741 2764 2794 2831 (Ι
2836 2764 3005 2820 Ιοαη.
3044 2763 3122 2833 ιι),
3158 2785 3181 2811 η
3240 2761 3310 2817 ad
3366 2760 3749 2816 humanitatem

2158 2851 2404 2922 respicit.
2438 2850 2535 2907 Vel
2567 2850 2642 2906 ita
2677 2870 2690 2906 :
2725 2853 2849 2908 Non
2879 2852 3094 2924 rogabo
3123 2867 3221 2923 pro
3250 2849 3428 2914 vobis,
3485 2849 3605 2922 quia
3644 2844 3747 2919 po;-

2158 2941 2263 2996 tius
2292 2939 2534 3013 implebo
2563 2942 2710 3013 quod
2741 2942 3031 3014 hucusque
3085 2941 3296 3013 regavi.
3335 2938 3618 3008 Quomodo
3652 2953 3748 2995 ro—

2155 3030 2305 3103 gavit
2330 3035 2353 3087 ?
2381 3031 2781 3103 quia‘nondum
2813 3030 3157 3087 ascenderat.
3191 3029 3252 3086 Si
3274 3028 3415 3084 enim
3440 3043 3547 3084 non
3562 3038 3750 3105 ascen-

2155 3129 2332 3185 disset
2363 3129 2514 3184 nulla
2544 3129 2817 3184 certitudo
2842 3128 3176 3185 ascendendi
3204 3128 3564 3183 remansisset.
3592 3127 3747 3204 Nunc

2156 3225 2340 3274 autem
2377 3222 2579 3274 sedens
2605 3219 2917 3283 humanitas
2945 3219 3010 3273 ad
3041 3209 3321 3273 dexteram
3372 3217 3544 3272 Patris
3566 3212 3749 3287 ρει-εί-

2152 3308 2283 3385 tudo
2317 3316 2369 3364 et
2394 3294 2562 3363 arrha
2593 3316 2700 3373 est,
2750 3308 2895 3380 quod
2935 3316 2987 3364 et
3029 3322 3129 3361 nos
3166 3296 3547 3363 ascendemus.
3606 3300 3753 3361 Hinc

2151 3385 2516 3469 Hieronymus
2545 3397 2600 3452 in
2632 3397 2927 3469 Epistolam
2958 3397 3025 3452 ad
3047 3398 3323 3454 Romanos
3347 3412 3360 3450 :
3385 3395 3743 3451 SolentAria-

2148 3487 2205 3551 ni
2233 3496 2561 3553 calumniam
2589 3512 2810 3553 movere
2839 3490 3084 3551 dicentes
3113 3495 3258 3568 quod
3289 3493 3381 3566 qui
3435 3491 3742 3565 interpella-

2151 3589 2263 3649 tur,
2296 3585 2681 3656 interpellante
2712 3585 2779 3639 sit
2805 3585 3007 3653 major.
3056 3584 3270 3654 Quibus
3313 3582 3744 3654 respondendum

2149 3682 2233 3729 est
2265 3675 2459 3741 Deum,
2492 3674 2821 3729 oblivionem
2852 3690 2961 3730 non
2990 3673 3101 3746 pati
3132 3680 3189 3728 ut
3218 3688 3319 3745 pro
3346 3671 3480 3744 ipsis
3498 3685 3743 3728 commo-

2150 3770 2350 3818 neatur
2379 3778 2600 3835 semper
2628 3779 2771 3836 quos
2802 3758 2991 3837 elegtt,
3025 3763 3121 3819 sed
3153 3763 3209 3817 in
3255 3762 3361 3818 hoc
3407 3761 3743 3832 interpellare

2071 3847 2120 3909 Ο
2149 3876 2273 3917 eum
2299 3863 2699 3933 dicitur(ltom.
2732 3864 2875 3932 vm),
2906 3862 3033 3917 dum
3058 3877 3277 3932 semper
3291 3840 3738 3925 Patrihominem,

2153 3967 2315 4023 quem
2346 3951 2608 4022 suscepit,
2642 3951 2797 4023 quasi
2848 3958 3097 4006 nostrum
3154 3950 3355 4022 pignus
3406 3949 3641 4006 ostendit
3690 3956 3743 4005 et

2150 4039 2312 4097 offert
2341 4048 2399 4094 ut
2426 4056 2592 4095 verus
2622 4039 2864 4112 pontifex
2897 4046 2951 4095 et
2979 4047 3261 4111 aeternus,
3568 4046 3571 4047 ⁷

2225 4170 2248 4198 ι
2286 4149 2410 4222 Ipse
2442 4149 2592 4204 enim
2627 4149 2786 4204 Pater
2814 4157 2961 4204 amat
2988 4162 3106 4218 vos,
3138 4146 3266 4220 quia
3286 4163 3387 4204 vos
3414 4163 3500 4203 me
3522 4144 3742 4203 amastis

2149 4245 2202 4293 et
2233 4235 2564 4307 credidistis,
2597 4236 2725 4309 quia
2751 4251 2856 4309 ego
2888 4253 2918 4290 ιι
2943 4237 3060 4292 1)ρο
3089 4236 3257 4292 exivi.
3314 4238 3469 4292 Amat
3506 4250 3606 4291 nos
3636 4234 3740 4291 Pa-

2146 4333 2251 4397 ter,
2285 4325 2412 4398 quia
2444 4340 2551 4382 nos
2581 4341 2830 4382 amamus
2862 4324 3076 4393 Filium,
3122 4334 3247 4381 cum
3286 4341 3320 4382 a
3358 4326 3511 4380 Patre
3539 4333 3592 4380 et
3645 4322 3728 4379 Fi-

2146 4414 2221 4472 lio
2251 4415 2575 4487 accipimus,
2609 4424 2663 4470 ut
2692 4431 2942 4471 amemus
2986 4415 3200 4470 Patrem
3239 4422 3292 4471 et
3351 4408 3559 4482 Filium,
3617 4411 3736 4469 data

2147 4514 2429 4582 charitate,
2464 4531 2565 4586 per
2597 4513 2882 4585 Spiritum,
2932 4512 3209 4586 quomodo
3263 4513 3441 4585 ipsum
3496 4504 3753 4569 amamus

2147 4619 2271 4661 cum
2303 4605 2464 4660 Patre
2496 4612 2547 4660 et
2577 4603 2736 4659 Filio.
2766 4602 2926 4659 Prior
2959 4618 3149 4676 amans
3181 4602 3307 4660 facit
3337 4602 3391 4658 in
3416 4600 3571 4660 nobis
3599 4600 3738 4675 quod

2147 4702 2381 4749 ametur.
3474 4696 3479 4701 ’

2222 4824 2244 4849 ιι
2282 4798 2442 4856 Exivi
2471 4816 2501 4855 a
2530 4799 2709 4870 Patre,
2742 4808 2798 4857 et
2822 4801 2948 4857 veni
2974 4800 3028 4856 in
3048 4800 3328 4866 mundum,
3354 4798 3547 4855 iterum
3578 4796 3737 4853 relin-

2147 4905 2253 4961 quo
2267 4889 2528 4945 mundum
2548 4892 2601 4944 et
2622 4891 2764 4945 vado
2790 4890 2861 4946 ad
2892 4891 3129 4945 Patrem.
3151 4913 3173 4939 η
3208 4888 3341 4944 Exiit
3361 4905 3391 4943 a
3409 4889 3584 4954 Patre,
3617 4886 3738 4959 quia

2144 4978 2215 5034 de
2244 4978 2339 5034 illo
2360 4988 2471 5048 est;
2514 4987 2566 5034 et
2586 4995 2753 5036 carne
2777 4988 3059 5050 assumpta
3081 4976 3470 5036 venitvisibilis
3495 4976 3548 5031 in
3578 4991 3736 5030 mun—

2144 5067 2295 5135 dum,
2314 5084 2424 5123 non
2467 5077 2645 5123 tamen
2668 5068 2930 5125 deserens
2955 5070 3192 5124 Patrem.
3229 5062 3463 5140 Reliquit
3482 5065 3735 5120 mundum

2144 5165 2417 5238 corporali
2445 5166 2804 5233 discessione,
2839 5184 2951 5225 non
2982 5166 3381 5241 gubernatione
3408 5162 3726 5236 praesentiae.

2059 5217 2114 5278 D
2144 5217 2303 5312 Vadrit
2358 5255 2429 5312 ad
2475 5256 2711 5325 Patrem,
2765 5255 2893 5329 quia
2928 5217 3315 5311 litimanitatem
3354 5217 3734 5327 adrinvisihilila

2138 5353 2385 5417 paterna)
2419 5346 2722 5416 majestatis
2754 5344 2996 5407 adduxit.
3030 5344 3269 5421 Reliquit
3294 5342 3572 5409 mundum,
3610 5340 3732 5414 quia

2137 5433 2206 5490 ab
2232 5443 2458 5506 aspectu
2487 5442 2796 5492 amatorum
2841 5433 3032 5491 mundi
3070 5434 3218 5509 quod
3258 5432 3517 5490 viderunt
3553 5430 3731 5497 abstu-

2137 5522 2218 5583 lit.
2250 5523 2410 5581 Redit
2437 5523 2508 5580 ad
2537 5525 2777 5593 Patrem,
2812 5525 2942 5598 quia
2969 5524 3306 5580 amatoribus
3342 5521 3455 5579 suis
3491 5536 3553 5578 se
3597 5518 3729 5575 Patri

2136 5613 2405 5687 mquaiem
2438 5613 2779 5671 credendum
2809 5614 3015 5670 docuit.

2212 5752 2235 5778 κ
2278 5729 2475 5787 Dicunt
2504 5728 2554 5785 ei
2583 5729 2837 5802 discipuli
2868 5730 2995 5799 ejus
3029 5746 3042 5783 :
3079 5729 3224 5785 Ecce
3249 5744 3393 5784 nunc
3435 5724 3611 5799 palam
3650 5725 3725 5781 lo-

2135 5819 2345 5893 queris,
2379 5827 2433 5874 et
2461 5819 2811 5889 proverbium
2842 5819 3053 5875 nullum
3111 5818 3268 5875 dicis.
3324 5818 3479 5874 Nunc
3535 5814 3728 5873 scimus

2135 5908 2261 5980 quia
2290 5907 2400 5965 scis
2435 5908 2636 5975 omnia,
2669 5916 2724 5965 et
2753 5925 2862 5965 non
2894 5924 3034 5980 opus
3064 5915 3147 5964 est
3178 5906 3272 5963 tibi
3303 5916 3360 5963 ut
3388 5906 3508 5978 quis
3552 5915 3605 5962 te
3650 5904 3729 5958 in-

2134 6004 2407 6072 terroget.
2445 6000 2507 6054 In
2536 5998 2646 6055 hoc
2675 5997 2978 6068 credimus,
3010 5997 3135 6071 quia
3163 6012 3197 6055 a
3225 5997 3344 6054 Deo
3360 5994 3543 6055 existi.
3580 6018 3600 6043 ιι
3627 5993 3724 6050 Pa-
