3956 6440
89 356 201 408 209
1379 354 1745 412 MORALIUM
1786 356 1851 410 IN
1894 349 2200 412 GENESIN
2241 354 2373 411 LIB.
2415 354 2561 411 VIII.
3550 362 3658 414 210

87 499 161 541 ac
215 486 555 558 improbat,
620 499 816 543 vocem
875 492 1063 540 tamen
1121 484 1473 555 panitentis,
1532 485 1645 542 imo
1696 486 1839 557 justi
1877 486 2254 556 Aplinariter
2274 485 2643 554 conscientia,
2663 486 3068 557 virtutumque
3097 486 3367 559 frugibus
3396 488 3658 546 feraciter

88 578 254 632 inter
294 575 818 647 supplantandum
852 573 992 630 vitia
1023 588 1081 630 se
1114 574 1172 629 in
1195 574 1477 645 principio
1517 576 1844 632 accusantis
1953 574 2268 646 adimpleta
2315 575 2541 631 caeleste
2595 574 2877 645 quiddam
2916 574 3153 645 redolet,
3187 575 3265 630 ita
3292 574 3409 645 ipso
3439 575 3655 647 appeti-

90 664 338 721 laudat.
404 666 471 720 In
520 671 812 737 quantum
858 677 997 734 ergo
1029 663 1341 719 carnaliter
1380 662 1545 733 vixit,
1571 665 1690 735 jam
1723 679 1841 720 non

96 753 527 825 cognoscitur,
572 753 628 810 id
655 759 738 810 est
765 766 879 808 non
909 752 1286 822 approbatur,
1341 755 1477 822 quia
1510 754 1701 822 pilosas
1729 769 1842 807 ma-

93 857 226 908 nus,
278 842 345 897 id
401 851 489 899 est
520 841 890 899 horridorum
919 854 1161 911 operum
1212 838 1652 912 imaginationes
1701 840 1838 897 affe-

94 940 268 988 ctum
305 932 433 987 sibi
468 930 824 989 mundialem
850 929 986 985 velit
1017 929 1158 985 nolit
1188 928 1521 999 important.
1569 930 1837 1001 Majorem

95 1028 311 1076 autem
350 1035 499 1077 eum
530 1019 662 1087 dici,
703 1034 802 1089 pro
828 1033 896 1074 eo
926 1018 1080 1089 quod
1114 1018 1174 1074 in
1205 1018 1436 1074 homine
1475 1019 1659 1089 prima
1685 1019 1841 1091 viget

97 1109 489 1178 animalitas,
515 1108 783 1179 intellige.

173 1198 369 1254 Vnus.
408 1199 503 1253 24.
531 1227 599 1239 -
633 1200 711 1252 Tu
737 1212 812 1264 es,
847 1195 1056 1267 inquit,
1082 1197 1239 1266 ﬁlius
1264 1211 1411 1251 meus
1448 1197 1602 1251 Esau
1625 1199 1653 1250 ?
1682 1196 1836 1253 Con-

100 1287 294 1343 ﬁteris
326 1286 634 1343 bestialem
684 1286 743 1341 in
799 1284 993 1341 animo
1050 1299 1176 1342 meo
1223 1293 1275 1341 te
1326 1287 1651 1341 exercuisse
1706 1285 1837 1342 atl'e-

96 1384 291 1431 ctum.
350 1375 672 1443 Conﬁteor,
728 1374 949 1445 inquit;
996 1382 1054 1431 at
1099 1374 1228 1431 ille:
1269 1374 1467 1446 (Vens.
1526 1377 1643 1445 25.)
1680 1375 1828 1444 Offer

98 1466 229 1537 [al.,
256 1466 437 1535 σιγεῖν]
478 1466 616 1519 mihi
640 1464 707 1519 de
743 1467 1027 1519 venatione
1066 1469 1161 1518 tua
1191 1464 1355 1529 cibos,
1382 1466 1473 1533 ﬁli
1508 1467 1603 1532 mi,
1642 1465 1696 1519 id
1726 1472 1830 1531 est,

94 1556 144 1610 si
174 1570 327 1625 ergo
376 1564 434 1611 te
464 1553 845 1611 atiectualiter
892 1566 1112 1609 errasse
1142 1552 1357 1619 fateris,
1391 1559 1562 1623 teque
1604 1553 1837 1622 panitet

102 1648 257 1700 109
309 1643 581 1699 carnalis
626 1649 886 1714 quastus
931 1641 1302 1710 desiderium,
1352 1642 1507 1713 quod
1548 1641 1608 1697 in
1655 1641 1830 1708 cibos,

94 1734 155 1788 in
184 1733 449 1790 virtutis
492 1732 695 1803 utique
741 1731 1110 1788 condimenta
1162 1730 1405 1799 vertisti,
1461 1731 1532 1787 ad
1582 1745 1672 1786 me
1712 1731 1835 1786 refi-

94 1822 383 1878 ciendum
418 1819 602 1877 ’offer.
639 1822 782 1887 Quos
830 1820 1038 1875 oblatos
1086 1834 1214 1876 cum
1249 1820 1580 1888 comedisset,
1638 1820 1835 1875 obtulit

1950 672 2044 720 tus
2068 664 2265 720 eodem
2285 678 2488 735 sapore
2513 678 2648 720 mox
2670 663 2929 720 imbutus
2949 663 3028 719 nil
3050 663 3210 720 aliud
3223 663 3460 735 fragrat,
3477 678 3654 735 quam

1952 754 2105 824 quod
2138 768 2300 809 mens
2332 753 2455 823 ipsa
2486 753 2727 809 renidet.
2784 753 2937 809 Deus
2976 767 3110 809 vero
3143 752 3193 808 ei
3227 753 3527 822 benedicit,
3559 753 3655 810 cui

1953 842 2273 913 profectum
2301 841 2544 898 inducit.

2024 932 2190 988 Vens.
2224 934 2313 986 28.
2365 962 2434 970 —
2461 932 2569 986 Det
2601 931 2703 986 tibi
2750 934 2887 986 Deus
2941 931 3008 986 de
3054 946 3175 986 rore
3203 932 3339 998 cali,
3390 931 3655 988 ubertate

1948 1019 2213 1075 videlicet
2261 1020 2569 1090 spirituali,
2629 1026 2680 1075 et
2728 1020 2794 1074 de
2818 1020 3156 1092 pinguedine
3193 1026 3369 1087 terra,
3412 1019 3654 1077 affectus

1948 1109 2154 1179 utique
2199 1124 2330 1180 qua
2376 1109 2610 1166 inferior
2640 1108 2721 1165 tui
2772 1124 2906 1181 pars
2960 1117 3062 1177 est,
3124 1109 3195 1165 ad
3244 1109 3651 1180 excipiendum

1947 1198 2070 1254 cali
2158 1213 2347 1255 rorem
2434 1198 2786 1266 fortitudine,
2873 1199 3293 1255 abundantiam
3374 1199 3650 1255 frumenti

1945 1288 2218 1355 scientia,
2269 1287 2389 1344 vini
2437 1288 2751 1357 sapientia,
2806 1288 2860 1344 id
2909 1296 2993 1344 est
3040 1287 3384 1360 cognitionis
3415 1288 3647 1357 divina,

1944 1391 2077 1446 qua
2136 1377 2289 1432 mala
2338 1391 2443 1432 nos
2495 1375 2747 1431 oblivisci
2801 1376 2934 1432 facit
2996 1377 3174 1448 hujus
3221 1376 3372 1445 vita,
3434 1384 3489 1433 et
3519 1377 3648 1445 olei,

1944 1464 2241 1521 charitatis
2277 1464 2565 1534 fraterna,
2614 1480 2745 1535 qua
2798 1480 2868 1521 ne
2913 1464 3183 1521 inﬂemur
3212 1466 3370 1535 ponit
3414 1466 3648 1521 modum

1944 1554 2214 1622 scientia,
2281 1554 2362 1609 illi
2410 1554 2623 1610 scilicet
2664 1563 2983 1609 consecuta
3039 1553 3357 1624 disciplinis
3403 1554 3650 1610 forensi-

1944 1643 2055 1699 bus
2104 1643 2441 1713 prudentia.
2496 1643 2697 1712 (Vans.
2729 1642 2842 1712 29.)
2878 1644 3130 1699 Serviant
3153 1644 3346 1712 populi
3377 1641 3647 1699 vitiorum

1944 1739 2058 1787 tua
2114 1732 2391 1797 victoria,
2441 1733 2511 1787 Et
2555 1731 2801 1795 adorent,
2853 1731 2908 1786 id
2956 1738 3039 1786 est
3079 1731 3188 1801 pie,
3240 1732 3501 1787 exterius
3529 1731 3649 1786 sol-

1945 1821 2164 1877 licitent
2193 1821 2266 1876 ad
2323 1820 2641 1876 divinitatis
2680 1834 2935 1876 amorem
2964 1819 3291 1889 spirituales
3344 1819 3472 1888 illa,
3517 1835 3649 1890 qua

99 1914 149 1965 ei
177 1915 355 1965 etiam
387 1913 610 1965 vinum.
642 1910 861 1967 Oblatas
890 1909 1157 1975 comedit,
1194 1923 1329 1965 cum
1376 1908 1665 1980 quidquid
1703 1922 1835 1965 car-

101 2000 373 2056 nalitatis
418 1999 535 2056 sibi
601 1998 804 2066 inerat,
865 1998 924 2053 in
968 2012 1139 2054 usum
1203 1998 1436 2054 virtutis
1485 1998 1675 2054 vertit.
1730 1999 1835 2054 Dat

101 2090 276 2143 etiam
308 2091 539 2153 vinum,
584 2101 716 2143 cum
749 2087 873 2142 hac
903 2087 1099 2142 omnia
1143 2088 1454 2157 componit,
1505 2094 1560 2143 et
1603 2086 1836 2143 ordinat

105 2192 206 2248 per
260 2176 605 2247 spiritualis
664 2177 862 2248 gratia
918 2176 1166 2244 donum;
1224 2176 1331 2232 hoc
1377 2176 1532 2232 enim
1584 2176 1835 2232 latificat

108 2282 223 2322 non
256 2267 441 2322 modo
475 2264 757 2332 homines,
789 2273 855 2322 ut
905 2265 1119 2336 legitur
1144 2265 1316 2336 (Psal.
1346 2281 1462 2332 cm,
1498 2266 1609 2333 15),
1644 2265 1741 2320 sed
1780 2273 1834 2320 et

108 2354 305 2425 ipsum
363 2355 584 2410 Deum.
646 2354 838 2425 (Vs-as.
895 2354 1006 2423 26.)
1071 2356 1184 2424 Quo
1248 2355 1441 2409 hausto
1489 2354 1717 2420 accedit,
1784 2358 1835 2407 et

111 2445 396 2500 osculatur
424 2459 574 2510 eum,
618 2443 759 2514 quia
801 2446 991 2499 mente
1039 2457 1139 2513 per
1200 2442 1465 2512 spiritum
1505 2442 1830 2509 fecundata,

107 2533 279 2589 Iacob
334 2547 585 2589 accessu
636 2531 1018 2603 cogitationis.
1067 2531 1207 2587 dum
1268 2545 1402 2586 vere
1468 2530 1830 2587 horrentium

109 2635 351 2691 operum
387 2621 657 2692 panitet,
694 2621 765 2676 ad
809 2621 971 2675 Isaac
1012 2620 1299 2687 osculum,
1336 2620 1408 2675 ad
1454 2619 1690 2690 superni
1731 2619 1834 2675 sci-

110 2710 233 2766 licet
260 2710 476 2782 gaudii
526 2717 764 2779 gustum
821 2709 1071 2781 attingit.
1114 2708 1314 2781 (Vsus.
1368 2710 1486 2779 27.)
1526 2710 1834 2779 Statimque

106 2803 163 2854 ut
190 2802 361 2854 sensit
403 2801 859 2853 vestimentorum
902 2799 1020 2866 ejus
1072 2799 1471 2866 ﬂagrantiam,
1518 2797 1831 2852 benedicens

27 2897 31 2905 ‘
108 2891 186 2941 ait
211 2908 230 2944 :
257 2891 397 2943 Ecce
426 2888 573 2943 odor
599 2888 706 2956 ﬁlii
727 2889 833 2941 mei
860 2889 1003 2941 sicut
1029 2886 1162 2941 odor
1191 2889 1317 2955 agri
1345 2888 1511 2956 pleni,
1566 2888 1656 2940 cui
1686 2886 1834 2941 bene-

108 2975 249 3030 dixit
308 2975 616 3031 Dominus.
681 2977 1130 3032 Vestimentorum
1186 2975 1509 3047 fragrantia
1564 2975 1828 3043 sentitur,

110 3079 238 3121 cum
275 3065 471 3121 tidelis
505 3063 707 3120 anima
758 3064 815 3119 in
861 3064 1121 3134 appetitu
1158 3078 1266 3119 suo
1310 3064 1536 3134 piorum
1592 3071 1829 3120 actuum

28 3140 37 3159 ⁸
110 3162 445 3225 apparatus,
505 3160 564 3210 et
652 3153 831 3223 ipsius
899 3153 1080 3209 sancti
1139 3151 1409 3223 propositi
1466 3151 1830 3208 dulcedinem

112 3242 490 3312 prascientia
549 3255 693 3298 nare
736 3240 1055 3312 experitur,
1095 3248 1151 3297 et
1184 3242 1515 3308 benedicens,
1574 3254 1642 3296 ea
1672 3239 1831 3296 scili-

108 3339 191 3386 cet
236 3332 401 3387 omni
454 3329 779 3401 sagacitate
810 3329 1221 3400 multiplicans,
1253 3332 1391 3384 sicut
1422 3328 1652 3384 odorem
1705 3330 1833 3396 agri

107 3422 253 3491 pleni
288 3420 535 3476 odorem
576 3420 689 3489 ﬁlii
723 3418 997 3489 perhibet,
1032 3418 1173 3490 quia
1210 3418 1359 3476 sicut
1386 3418 1620 3475 exculta
1650 3417 1828 3474 disci-

1944 1923 1979 1965 a
2013 1910 2267 1966 trinitate
2293 1923 2399 1965 sua
2429 1909 2709 1965 dicuntur
2757 1908 2961 1972 tribus,
3001 1907 3142 1964 ﬁdes
3195 1906 3463 1977 profecto,
3520 1923 3650 1978 spes

1943 2006 1999 2055 et
2050 1998 2319 2054 charitas.
2358 1997 2613 2052 Adorare
2650 2004 2866 2064 autem,
2908 1996 3082 2067 juzcta
3139 2012 3296 2051 orare
3347 1995 3642 2052 dicimus:

1943 2087 2018 2142 ad
2047 2086 2198 2143 enim
2251 2087 2310 2141 in
2359 2085 2688 2156 compositis
2737 2088 3209 2155 propinquitatem
3249 2098 3454 2140 sonare
3482 2085 3641 2140 solet.

1941 2176 2033 2232 Nil
2092 2190 2231 2231 vero
2284 2175 2486 2246 magis,
2535 2176 2727 2245 juata,
2778 2189 2956 2245 quam
3032 2175 3188 2244 quod
3244 2174 3421 2229 menti
3470 2172 3644 2244 inest;

1935 2265 2108 2334 juxta
2159 2277 2296 2335 ergo
2350 2271 2536 2330 orant,
2592 2277 2725 2319 cum
2782 2271 3032 2318 mentem
3089 2262 3462 2318 submonent.
3514 2265 3644 2317 Esto

1942 2354 2212 2419 dominus,
2273 2355 2515 2419 fratrum
2562 2357 2775 2406 tuorum
2821 2366 3021 2406 eorum
3076 2350 3360 2418 videlicet,
3412 2350 3517 2420 qui
3565 2365 3639 2406 ex

1940 2441 2140 2497 eadem
2198 2448 2386 2497 mente
2438 2448 2794 2511 generantur
2829 2447 3135 2496 motuum:
3178 2441 3248 2495 Et
3291 2441 3645 2494 incurventur

1942 2535 2067 2584 ante
2101 2535 2149 2585 te
2170 2532 2277 2599 ﬁlii
2303 2531 2502 2586 matris
2525 2535 2648 2594 tua,
2673 2530 2840 2586 fortia
2870 2530 3072 2599 utique
3111 2541 3286 2598 opera
3333 2534 3454 2594 tua,
3511 2543 3642 2598 qua

1941 2633 2013 2675 ex
2044 2619 2323 2675 charitate
2354 2634 2485 2689 qua
2536 2627 2587 2675 te
2630 2620 2743 2674 Deo
2800 2618 3033 2688 peperit,
3066 2624 3203 2673 sunt
3253 2616 3425 2685 edita,
3461 2617 3650 2672 humi-

1941 2708 2157 2765 lientur
2212 2708 2269 2763 in
2316 2708 2773 2765 consideratione
2823 2716 2944 2763 tua.
2996 2708 3105 2772 Qui
3132 2706 3483 2760 malediacerit
3522 2706 3641 2774 tibi,

1940 2800 2014 2853 sit
2046 2797 2386 2865 maledictus,
2431 2811 2802 2867 quacunque
2854 2796 2913 2850 in
2944 2795 3232 2851 defectum
3281 2802 3447 2850 tuum
3488 2794 3645 2849 mili-

1942 2894 2086 2955 tant,
2118 2887 2177 2941 in
2238 2895 2291 2943 te
2339 2886 2624 2954 deficient,
2675 2885 2891 2941 scilicet
2920 2885 3064 2941 vitia
3097 2899 3109 2938 :
3144 2885 3224 2938 Et
3284 2886 3379 2952 qui
3422 2883 3643 2937 benedi-

1940 2979 2090 3031 a'erit
2137 2976 2259 3043 tibi,
2311 2975 2771 3030 benedictionibus
2833 2974 3129 3043 repleatur.
3189 2971 3327 3039 Qua
3392 2972 3644 3042 profecto

1871 3099 1909 3153 ρ
1941 3065 2217 3135 profectui
2250 3072 2350 3121 tuo
2403 3064 2634 3131 adsunt,
2694 3068 3307 3153 sempermaugescant,
3361 3060 3517 3116 haud
3548 3060 3646 3115 du-

1943 3154 2126 3221 bium,
2162 3153 2305 3224 quin
2336 3153 2622 3209 virtutum
2657 3152 2870 3208 studia.
2910 3151 3010 3205 His
3040 3150 3118 3204 ita
3150 3148 3367 3218 Spiritu
3416 3156 3642 3204 sancto-

1940 3249 2310 3312 prosperante
2360 3240 2637 3309 tractatis,
2688 3239 2924 3309 septimo
2970 3252 3144 3308 super
3171 3236 3434 3292 Genesim
3484 3235 3643 3306 operi

1940 3338 2135 3386 nostro
2166 3330 2294 3385 finis
2322 3329 2573 3386 accedat.

1409 3564 1716 3607 EXPLICIT
1760 3563 1958 3606 LIBER
1999 3559 2358 3606 SEPTIMUS.

1280 3842 1637 3916 INCIPIT
1692 3841 1978 3915 LIBER
2035 3839 2474 3915 OCTAVUS

895 4034 1752 4142 MORALIUM
1861 4037 2024 4139 IN

190 4407 275 4463 Ex
356 4404 628 4463 Danielis
705 4401 850 4459 libro
923 4402 1308 4473 comperimus
1380 4401 1830 4472 pertransituros

27 4492 38 4513 '
127 4494 392 4565 plurimos
479 4501 539 4551 et
630 4491 1003 4560 multiplicem
1093 4491 1212 4547 fore
1285 4492 1583 4547 scientiam
1661 4490 1824 4559 (Dan.

126 4598 215 4651 xu,
271 4586 346 4654 4).
403 4583 604 4652 Quam
663 4580 1141 4650 multiplicitatem
1190 4581 1444 4636 scientia
1495 4580 1829 4636 nullomodo

2142 4033 2864 4140 GENESIM.

1939 4400 2312 4471 supplantata
2342 4400 2621 4467 videlicet,
2661 4412 2727 4455 ac
2757 4412 2959 4455 eversa
3002 4398 3270 4455 saculari
3303 4398 3537 4455 libidine
3567 4399 3641 4455 ad

1939 4498 2197 4560 apertam
2223 4496 2556 4547 sanctorum
2589 4502 2827 4557 operum
2867 4487 3301 4555 exhibitionem,
3341 4488 3409 4543 de
3438 4487 3642 4543 intimo

1938 4579 2214 4650 propositi
2255 4577 2595 4649 procedente
2642 4576 2735 4646 pio
2768 4574 2998 4642 atlectu,
3028 4578 3174 4631 venit
3219 4578 3386 4643 Esau,
3427 4589 3641 4633 cama-

127 4673 283 4729 nobis
307 4673 694 4737 ascribentes,
725 4669 821 4725 sed
852 4669 921 4725 de
951 4668 1289 4740 fragmentis
1321 4668 1635 4724 Dominicis
1680 4682 1827 4739 qua-
1869 4670 1912 4725 D
1941 4669 2010 4725 lis
2039 4668 2254 4725 scilicet
2292 4667 2582 4732 voluntas,
2610 4679 2742 4736 qua
2773 4665 2912 4721 dum
2943 4664 3126 4720 ﬁdelis
3171 4665 3370 4720 anima
3430 4665 3639 4721 bonam

126 4760 417 4833 liscunque
484 4758 731 4830 cophini
800 4758 980 4815 nostri
1058 4757 1442 4814 modicitatem
1504 4757 1823 4828 implentes,

130 4864 235 4906 non
267 4851 554 4924 gravibus
607 4847 875 4919 ingeniis,
909 4848 1006 4903 sed
1041 4846 1321 4917 aquavis
1373 4854 1428 4903 et
1458 4846 1831 4917 comparibus

134 4948 489 5009 apponentes,
526 4951 639 5009 per
678 4936 891 4992 medios
930 4935 1359 5007 indignantium
1411 4950 1625 4992 cuneos
1649 4944 1835 5006 coepta

28 5092 44 5105 .
134 5026 545 5100 prosequimur.

523 5112 890 5181 SEQUITUR
927 5110 1161 5169 CAPUT
1198 5112 1426 5168 XXVII.

196 5204 355 5263 Vsus.
398 5207 487 5274 30,
525 5207 624 5260 31.
672 5231 746 5243 -
804 5203 908 5255 Via:
960 5202 1117 5256 Isaac
1156 5215 1450 5255 sermonem
1489 5200 1831 5269 impleverat,

139 5301 201 5360 et,
229 5310 427 5363 egresso
446 5292 625 5350 Jacob
660 5292 834 5357 foras,
874 5292 1022 5345 venit
1061 5290 1235 5344 Esau.
1290 5291 1579 5358 Coctosque
1626 5289 1692 5345 de
1736 5306 1834 5344 ve-

139 5386 336 5439 natione
381 5384 529 5439 cibos
600 5381 789 5435 intulit
826 5382 1001 5449 patri,
1045 5378 1261 5434 dicens:
1323 5380 1513 5446 Surge,
1546 5383 1708 5449 pater
1734 5382 1831 5445 mi,

142 5476 184 5523 et
225 5474 440 5542 comede,
477 5480 596 5530 etc.
648 5470 762 5525 Via:
810 5470 963 5523 Isaac
1011 5482 1305 5523 sermonem
1342 5469 1684 5536 impleverat,
1730 5467 1834 5523 vix

149 5558 326 5627 utique
351 5574 417 5615 ea
449 5572 593 5630 qua
627 5569 762 5611 cum
794 5555 885 5625 pio
928 5554 1195 5624 superius
1248 5553 1572 5624 agebantur
1600 5553 1830 5619 affectu,

28 5694 51 5711 ,
151 5643 350 5704 eﬂectui
392 5647 688 5705 mandare
727 5650 1001 5714 coeperat,
1073 5648 1124 5698 et
1177 5658 1388 5712 egresso
1435 5642 1604 5699 Jacob
1655 5646 1830 5712 foras,

1938 4758 2046 4815 sibi
2075 4757 2315 4814 collocat
2346 4756 2700 4812 voluntatem
2730 4752 2988 4810 exterius
3015 4753 3090 4809 ad
3142 4752 3399 4809 carnalia
3460 4767 3643 4823 appe-

1943 4846 2115 4903 tenda
2143 4846 2404 4911 latenter,
2451 4844 2588 4900 dum
2633 4842 2711 4897 illi
2764 4840 3091 4911 spiritualia
3145 4848 3412 4908 tractant,
3459 4854 3644 4897 vena-

1944 4936 2137 5003 batur,
2169 4935 2324 4992 victa
2354 4933 2429 5003 pii
2484 4930 2749 4988 desiderii
2781 4929 3082 4986 devotione
3122 4929 3180 4985 in
3222 4930 3482 4986 eamdem
3518 4930 3645 4985 sen-

1946 5024 2185 5081 tentiam
2239 5022 2528 5089 convenit,
2580 5028 2636 5076 et
2695 5034 2827 5091 qua
2878 5019 3189 5075 carnaliter
3273 5019 3640 5090 quasiverat,

1946 5114 2182 5184 spiritus
2210 5110 2433 5168 fervore
2483 5109 2772 5179 excoquit,
2822 5116 2877 5164 et
2908 5108 2966 5163 in
2995 5107 3355 5178 spiritualem
3414 5108 3646 5164 redacta

1944 5201 2385 5260 teneritudinem
2448 5204 2594 5255 uo
2639 5199 2835 5254 animo
2877 5197 3163 5268 justitiam
3187 5196 3463 5253 esurienti
3498 5196 3646 5266 obji-

1945 5289 2040 5345 cit.
2071 5288 2209 5355 Qua
2261 5296 2593 5358 sequuntur
2636 5286 2907 5357 superius
2935 5294 3063 5343 acta
3090 5293 3243 5343 sunt.
3296 5286 3491 5357 (Vnus.
3528 5284 3643 5354 32.)

1947 5379 2102 5446 Quis,
2129 5377 2339 5447 inquit,
2364 5392 2416 5431 es
2462 5381 2560 5430 tu?
2581 5376 2737 5431 Duas
2765 5389 2888 5430 esse
2932 5375 2992 5431 in
3023 5375 3255 5431 homine
3291 5374 3643 5443 voluntates,

1947 5464 2302 5535 corporalem
2365 5478 2567 5532 unam,
2625 5464 2986 5534 spiritualem
3058 5464 3300 5520 alteram
3348 5462 3638 5532 novimus,

1950 5566 2202 5625 quarum
2271 5552 2459 5623 prima
2502 5552 2668 5609 sicin
2720 5553 2909 5616 corde,
2954 5552 3354 5623 spiritualibus
3396 5553 3639 5617 intenta,

1945 5640 2143 5699 abdita
2187 5641 2325 5698 latet
2356 5649 2421 5698 ut
2445 5640 2557 5697 nisi
2581 5640 2826 5709 occasio,
2860 5655 2994 5712 qua
3016 5641 3242 5712 prodat,
3290 5640 3645 5708 suboriatur,
