3924 6402
182 498 287 552 951
1177 498 1752 558 DEFLORATIONES
1792 499 1888 557 SS.
1933 503 2228 568 PATRUM.
2267 539 2338 554 -—
2375 509 2502 568 LIB.
2544 513 2565 570 l
3418 509 3520 566 958

175 619 292 678 lam
319 619 485 694 loqui
533 624 815 696 putabant
854 623 1008 696 cujus
1056 624 1312 696 mysteria
1357 624 1815 696 comprehendere
1846 625 1898 689 A
1929 626 2032 685 bus
2056 633 2228 690 noctis
2256 635 2494 692 tenebris
2521 651 2584 694 ea
2613 653 2734 709 qua
2773 635 3133 709 aspiciebatur
3177 631 3519 700 subtrahitur,

182 725 302 766 non
349 712 656 770 valebant.
701 716 902 785 Aperte
950 713 1236 770 ostendunt
1276 714 1402 784 quia
1445 715 1708 770 Dominus
1735 715 1822 772 lo-
1931 729 1986 776 et
2024 723 2174 792 quasi
2217 723 2454 795 quotidie
2501 727 2735 799 resurgit
2788 727 2918 782 dum
2969 724 3062 780 lux
3109 723 3308 791 ablata,
3354 720 3521 777 oculis

181 799 466 870 quebatur
495 803 573 858 de
610 803 701 858 his
729 819 850 874 quae
888 803 1010 858 illos
1049 802 1356 858 delectabat
1383 803 1590 872 audire,
1621 811 1674 859 et
1703 821 1823 875 qua
1929 826 2232 881 suppressa,
2288 813 2479 868 iterum
2535 824 2691 872 nocte
2747 821 3050 887 reparatur.
3115 813 3216 868 Per
3248 816 3522 867 momenta

179 896 540 970 interrogare
595 900 877 956 volebant.
929 899 1080 956 Unde
1104 900 1276 954 Deum
1327 915 1444 955 esse
1496 900 1812 956 credebant.
1930 923 2142 978 quoque
2173 916 2470 981 temporum
2499 912 2767 967 cernimus
2807 912 3022 967 arbusta
3070 908 3396 966 viriditatem
3427 907 3518 963 fo-

178 982 454 1053 Apertum
509 1000 764 1055 namque
829 984 1124 1042 divinitatis
1169 983 1427 1040 indicium
1484 992 1565 1040 est
1608 986 1821 1059 cogita-
1929 995 2121 1052 130mm
2165 999 2427 1065 amntem,
2458 1015 2489 1054 δ
2539 1000 2805 1055 fructuum
2855 998 3151 1072 ρι-οιειίοηο
3181 1013 3413 1052 cessare,
3449 996 3520 1052 Et

178 1081 398 1136 tionum
431 1096 612 1137 nosse
642 1089 867 1138 secreta.
1929 1101 2052 1140 ecce
2083 1088 2231 1158 quasi
2263 1096 2610 1144 oxarescente
2655 1088 2834 1144 subito
2881 1089 3050 1160 ligno,
3092 1087 3240 1142 velut
3283 1085 3516 1156 quadam

251 1178 333 1236 De
351 1179 574 1236 ordine
600 1177 1035 1253 remrgendi,“
1050 1179 1412 1254 qualiteraut
1431 1179 1624 1255 qualia
1642 1195 1822 1238 γεσυν-
1927 1185 2314 1240 resurrectione
2343 1186 2609 1250 veniente,
2641 1186 2886 1241 videmus
2917 1186 3047 1241 folia
3084 1199 3382 1255 erumpere,
3409 1183 3517 1239 fru~

181 1271 331 1339 gout
361 1284 655 1341 corpora.
1927 1279 2041 1327 ctus
2068 1273 2446 1344 grandescere,
2479 1281 2528 1328 et
2559 1280 2723 1330 totam
2773 1275 3021 1330 arborem
3053 1273 3294 1328 redivivo
3324 1272 3517 1328 decore

248 1365 547 1435 Propheta
580 1365 788 1421 Isaias:
825 1387 847 1414 ι
882 1365 1206 1438 Resurgent,
1258 1365 1450 1437 inquit,
1491 1365 1725 1434 mortui;
1767 1372 1821 1426 et.
1926 1362 2126 1418 vestiri.
2161 1362 2267 1441 Sed
2296 1378 2420 1418 ecce
2453 1363 2894 1420 resurrectionem
2927 1363 3124 1431 audio;
3157 1360 3405 1418 effectum
3437 1367 3515 1416 ta-

176 1461 485 1525 resurgent
535 1455 639 1525 qui
667 1453 897 1510 erantin
925 1454 1186 1527 sepulcris
1219 1455 1350 1526 (Isa.
1399 1456 1574 1525 xxvi).
1611 1476 1634 1502 ι
1667 1453 1820 1512 Unde
1925 1474 2052 1515 men
2099 1458 2265 1530 ipsius
2316 1461 2718 1515 resurrectionis
2764 1459 3006 1531 exquiro.
3065 1457 3238 1514 Credo
3283 1471 3516 1526 namque

177 1543 490 1614 Apostolus
519 1561 537 1599 :
576 1566 602 1593 «ι
638 1545 762 1614 Ipse
804 1543 1068 1598 Dominus
1095 1543 1151 1597 in
1173 1543 1346 1612 jussu,
1381 1551 1433 1599 et
1461 1543 1516 1598 in
1545 1558 1676 1600 voce
1722 1545 1820 1598 Ar-

177 1632 474 1704 changeli,
501 1639 565 1688 et
587 1632 647 1688 in
667 1632 797 1688 tuba
833 1632 931 1688 Dei
972 1632 1261 1688 descendet
1279 1632 1345 1688 de
1366 1633 1524 1699 coelo,
1550 1641 1601 1688 et
1625 1631 1819 1689 mortui

181 1721 275 1792 qui
306 1720 367 1775 in
399 1721 637 1776 Christo
665 1729 788 1776 sunt
833 1729 1117 1794 resurgent
1147 1720 1328 1791 primi.
1370 1721 1576 1777 Deinde
1605 1737 1704 1777 nos
1731 1720 1818 1778 vi-
1924 1724 2106 1780 subtili
2135 1725 2360 1780 fortasse
2391 1726 2475 1781 vel
2505 1727 2671 1796 aerio,
2721 1743 2791 1782 an
2822 1727 2878 1783 in
2910 1742 2974 1782 eo
3024 1740 3130 1796 quo
3169 1739 3361 1780 maneo
3390 1738 3515 1778 eor-

181 1827 401 1886 ventes,
429 1818 532 1890 qui
555 1817 754 1888 reliqui
781 1834 982 1880 sumus.
1012 1818 1256 1874 similiter
1273 1835 1394 1873 cum
1417 1819 1521 1873 illis
1548 1817 1820 1890 rapiemur
1925 1838 2056 1894 pore
2101 1839 2340 1896 surgam.-
2395 1823 2502 1879 Sed
2549 1823 2590 1879 si
2639 1824 2694 1880 in
2741 1825 2886 1880 aerio
2931 1839 3155 1893 corpore
3213 1835 3548 1894 surrexero,._

180 1906 238 1963 in
270 1906 532 1962 nubibus
555 1907 780 1963 obviam
803 1907 1010 1963 Christo
1031 1907 1087 1961 in
1106 1923 1250 1975 aera,
1283 1915 1334 1963 et
1351 1907 1423 1964 ita
1443 1923 1564 1963 cum
1585 1907 1816 1963 Domino
1847 1985 1871 1986 η
1918 1910 2034 1982 jam
2057 1927 2160 1983 ego
2181 1928 2289 1967 non
2311 1928 2403 1969 ero
2425 1913 2515 1983 qui
2536 1929 2781 1986 resurgo.
2825 1915 2966 1970 Nam
3001 1911 3272 1983 quomodo
3288 1917 3367 1964 est
3385 1923 3514 1964 vera

181 1995 394 2053 erimus
417 1995 500 2066 (ll
519 1995 829 2066 Thesaiv).
869 2020 890 2044 η
916 1997 1044 2052 Haec
1065 1996 1230 2052 verba
1259 1997 1553 2067 apostolica
1576 2013 1816 2052 resurre-
1845 1985 1896 2045 Β
1925 2001 2259 2069 resurrectio,
2309 2001 2353 2056 si
2393 2017 2521 2058 vera
2565 2018 2676 2057 non
2697 1985 2708 1986 ί
2733 2003 2964 2074 potuerit
3013 2017 3138 2058 caro
3197 2015 3312 2054 esse
3350 2013 3501 2054 caro.

177 2093 428 2150 ctionem
463 2101 814 2150 mortuorum
860 2093 1115 2160 futuram,
1165 2095 1381 2165 quando
1410 2094 1589 2150 veniet
1631 2094 1813 2164 utique
1919 2101 2116 2170 Aperta
2161 2115 2292 2171 ergo
2337 2100 2473 2155 ratio
2515 2100 2760 2172 suggerit
2801 2101 2945 2171 quia,
2996 2100 3040 2154 si
3070 2115 3197 2154 vera
3239 2112 3364 2153 caro
3401 2111 3512 2151 non

181 2181 440 2238 Christus
459 2182 537 2237 ad
573 2182 727 2238 vivos
774 2189 824 2238 et
873 2190 1113 2238 mortuos
1135 2181 1476 2253 judicandos,
1509 2182 1812 2254 praeclaris-
1920 2187 2095 2254 fuerit,
2129 2189 2314 2257 procul
2360 2188 2524 2244 dubio
2569 2191 2886 2245 resurrectio
2931 2205 3057 2244 vera
3086 2202 3194 2242 non
3232 2185 3356 2241 erit.
3392 2185 3509 2240 Ne-

1927 1546 2070 1617 quod
2098 1555 2487 1603 resurrecturus
2521 1565 2662 1616 sum,
2703 1549 2798 1604 sed
2842 1549 2967 1604 volo
2997 1555 3054 1602 ut
3082 1547 3296 1603 audiam
3335 1544 3514 1616 quali-

1926 1643 2026 1690 ter.
2059 1635 2348 1692 Sciendum
2379 1637 2578 1707 quippe
2608 1637 2740 1692 mihi
2761 1645 2837 1692 est
2857 1644 3032 1692 utrum
3061 1636 3114 1691 in
3145 1636 3375 1706 quodam
3408 1631 3514 1707 alio

177 2271 321 2328 sime
350 2270 688 2327 ostendunt.
727 2269 835 2327 Sed
864 2271 1030 2342 quaeri
1077 2271 1214 2328 solet
1253 2279 1427 2327 utrum
1458 2271 1534 2326 illi
1564 2287 1697 2344 quos
1727 2271 1813 2327 hic

180 2368 440 2426 viventes
481 2369 807 2424 inventurus
827 2376 906 2426 est
929 2368 1187 2436 Christus,
1226 2384 1452 2440 quorum
1482 2385 1738 2439 personas
1756 2368 1812 2423 in

179 2474 262 2527 se,
285 2465 464 2528 atque
485 2458 618 2514 illos
637 2457 728 2528 qui
749 2464 875 2513 tunc
907 2474 1090 2512 secum
1123 2456 1380 2514 vivebant
1401 2458 1813 2531 transﬁgurabat

182 2547 512 2617 Apostolus,
558 2563 835 2617 nunquam
893 2547 1114 2604 omnino
1158 2547 1400 2602 morituri
1439 2555 1580 2615 sunt,
1604 2564 1671 2603 an
1694 2547 1809 2619 ipso

186 2635 460 2706 temporis
511 2643 716 2708 puncto
773 2650 878 2706 quo
925 2651 1049 2690 cum
1096 2636 1499 2710 resurgentibus
1538 2637 1812 2708 rapientur

185 2720 245 2778 in
272 2724 526 2780 nubibus
557 2722 778 2780 obviam
811 2723 1017 2781 Christo
1045 2723 1101 2779 in
1120 2741 1246 2781 aera
1265 2725 1334 2780 ad
1353 2725 1809 2781 immortalitatem

188 2836 290 2892 per
316 2829 566 2878 mortem
596 2821 737 2880 mira
761 2821 1034 2879 celeritate
1082 2822 1398 2880 transibunt.
1432 2823 1488 2879 Si
1518 2839 1650 2895 ergo
1677 2839 1808 2880 san-

189 2917 324 2966 ctos.
363 2911 466 2981 qui
528 2910 886 2984 reperientur,
944 2911 1152 2968 Christo
1208 2912 1486 2979 veniente,
1543 2912 1806 2982 viventes,

195 2999 355 3069 eique
376 3000 611 3056 obviam
632 2999 926 3072 rapientur,
950 3001 1346 3056 credideremus
1365 3001 1422 3056 in
1441 2999 1633 3057 eodem
1650 3009 1809 3074 raptu

191 3095 263 3154 de
326 3097 666 3155 mortalibus
727 3097 1046 3167 corporibus
1101 3098 1355 3168 exituros,
1405 3106 1459 3154 et
1502 3097 1571 3154 ad
1617 3098 1806 3156 eadem

193 3201 323 3242 mox
353 3185 696 3242 immortalia
743 3186 1024 3255 redituros,
1072 3187 1246 3242 nullas
1274 3187 1329 3241 in
1373 3187 1551 3244 verbis
1580 3188 1806 3259 apostoli

197 3275 479 3346 patiemur
499 3274 801 3348 angustias,
823 3276 937 3332 sive
963 3275 1054 3330 ubi
1083 3276 1240 3332 dicit:
1270 3297 1292 3327 ι
1319 3277 1396 3331 Tu
1413 3277 1556 3347 quod
1575 3277 1808 3333 seminus

198 3379 308 3418 non
340 3347 732 3432 viviﬁcabitur,
782 3363 884 3420 nisi
907 3364 1052 3436 prius
1080 3365 1337 3421 moriatur
1365 3365 1413 3434 (Ι
1441 3365 1561 3422 Cor.
1599 3366 1690 3433 xv)
1724 3380 1738 3434 ;
1776 3389 1798 3416 υ
1832 3347 1882 3410 C

190 3451 308 3508 sive
338 3452 437 3510 ubi
467 3453 639 3508 dicit:
678 3476 700 3502 α
737 3451 939 3510 Omnes
966 3469 1326 3526 resurgemus,
1351 3461 1443 3509 aut
1469 3470 1657 3509 omnes
1685 3454 1806 3510 dor-

191 3540 430 3597 miemus
462 3542 673 3614 (ibid.),
702 3565 722 3590 »
742 3541 867 3613 quia
888 3558 986 3598 nec
1021 3542 1096 3597 illi
1114 3559 1213 3612 per
1244 3542 1694 3598 immortalitatem
1717 3542 1803 3599 vi-

191 3637 584 3711 viﬁcabuntur,
636 3640 737 3695 nisi
775 3641 1071 3712 quamlibet
1114 3641 1410 3713 paululum,
1475 3649 1652 3697 tamen
1681 3649 1806 3698 ante

193 3729 522 3788 moriantur.
583 3732 660 3785 Ac
706 3745 806 3799 per
851 3731 952 3785 hoc
1000 3747 1031 3785 a
1072 3731 1456 3786 resurrectione
1503 3747 1610 3786 non
1653 3740 1806 3787 erunt

193 3817 357 3874 alieni
389 3835 563 3890 quam
593 3819 917 3874 dormitione
955 3819 1286 3889 praecedunt,
1322 3820 1564 3890 quamvis
1591 3820 1802 3876 brevis-

193 3913 354 3981 sima,
387 3933 505 3973 non
536 3924 718 3972 tamen
747 3917 912 3973 nulla.
967 3916 1252 3987 Quomodo
1283 3927 1460 3974 autem
1490 3918 1801 3992 intelligen-

194 4000 323 4058 dum
380 4006 453 4061 sit
535 4005 679 4076 quod
733 4005 1011 4076 'scriptum
1069 4014 1192 4062 est:
1245 4008 1406 4076 Vivos
1459 4015 1512 4062 et
1565 4015 1803 4064 mortuos

194 4089 338 4147 Deus
360 4092 658 4163 judicabit,
690 4093 984 4150 videndum
1034 4094 1152 4150 erit.
1203 4095 1424 4151 Duobus
1452 4096 1627 4151 modis
1654 4097 1800 4153 acci-

191 4179 354 4249 pitur,
383 4181 539 4254 quod
569 4183 721 4238 vivos
751 4190 805 4240 et
830 4191 1070 4238 mortuos
1108 4183 1394 4253 judicabit,
1430 4185 1543 4240 sive
1563 4193 1801 4241 mortuos

197 4267 392 4341 [vivos]
415 4270 777 4343 intelligimus
815 4287 950 4342 quos
989 4271 1077 4329 hic
1122 4272 1363 4328 nondum
1410 4281 1666 4343 mortuos,
1705 4273 1798 4329 sed

195 4355 370 4414 adhuc
399 4361 455 4416 in
490 4360 594 4415 ista
623 4377 783 4416 carne
839 4361 1084 4417 viventes
1111 4361 1422 4416 inventurus
1450 4370 1531 4419 est
1558 4361 1674 4432 ejus
1704 4363 1801 4418 ad-

198 4454 422 4518 ventus;
471 4448 591 4505 sive
640 4455 880 4505 mortuos
937 4449 1027 4520 qui
1084 4449 1150 4505 de
1215 4466 1441 4522 corpore
1482 4451 1790 4523 priusquam

191 4543 370 4601 veniat
400 4547 654 4603 exierunt
681 4547 767 4601 vel
795 4546 988 4602 exituri
1035 4553 1155 4601 sunt
1181 4561 1194 4614 ;
1225 4563 1320 4603 seu
1368 4547 1521 4603 vivos
1543 4549 1716 4619 justos
1744 4555 1798 4603 et

195 4640 436 4690 mortuos
486 4635 728 4703 injustas,
780 4635 1054 4706 quomodo
1089 4635 1220 4706 justi
1253 4635 1592 4706 judieabunt,
1625 4644 1677 4692 et
1704 4637 1793 4692 in-

189 4714 319 4789 justi
346 4719 734 4791 iudicabuntur
761 4723 789 4777 ‘2

264 4824 736 4886 Resurrectionem
793 4846 1006 4902 quoque
1053 4846 1358 4901 corporum,
1427 4833 1654 4902 qualiter
1707 4841 1798 4888 aut

199 4917 375 4983 qualia
401 4928 710 4992 resurgant,
741 4920 984 4975 nonnulli
1015 4936 1171 4991 posse
1202 4918 1316 4974 ﬁeri
1345 4921 1647 4992 desperant,
1674 4939 1796 4977 cum

198 5011 298 5071 hoc
353 5017 723 5085 considerant,
782 5018 926 5090 quod
999 5017 1216 5090 spiritus
1261 5034 1293 5074 a
1339 5035 1498 5074 carne
1552 5020 1794 5089 solvitur,

199 5112 338 5180 quod
364 5131 496 5173 caro
522 5114 577 5172 in
604 5115 940 5188 putredinem
989 5116 1232 5183 vertitur,
1285 5116 1429 5187 quod
1464 5116 1691 5186 putredo
1739 5118 1796 5173 in

199 5209 476 5278 pulverem
505 5213 788 5286 redigitur,
837 5213 981 5285 quod
1027 5213 1205 5286 pulvis
1232 5213 1288 5268 in
1317 5215 1597 5270 elementis
1630 5215 1793 5274 solvi-

199 5301 294 5368 tur,
325 5309 381 5358 ut
406 5318 754 5375 nequaquam
799 5301 870 5358 ab
915 5302 1164 5360 humanis
1209 5302 1377 5359 oculis
1422 5302 1686 5374 videatur,
1719 5312 1789 5375 et,

197 5392 319 5453 dum
347 5400 504 5458 arida
528 5416 651 5457 ossa
679 5399 987 5472 inspiciunt,
1029 5401 1145 5466 hzec
1173 5399 1354 5459 vestiri
1392 5401 1642 5457 carnibus
1665 5419 1790 5460 rur-

195 5504 411 5568 sumque
431 5497 503 5553 ad
522 5498 690 5555 vitam
710 5496 1033 5555 viridescere
1070 5513 1228 5570 posse
1261 5497 1570 5554 diﬂiduntur
1590 5514 1604 5568 ;
1628 5505 1680 5555 et
1699 5499 1789 5570 qui

195 5587 587 5646 resurrectionis
615 5585 780 5643 ﬁdem
809 5603 877 5643 ex
907 5587 1216 5643 obedientia
1261 5603 1373 5643 non
1414 5595 1614 5657 tenent,
1647 5595 1790 5645 certe

198 5677 325 5740 hanc
351 5703 414 5744 ex
443 5687 656 5745 ratione
687 5693 867 5744 tenere
895 5687 1213 5746 debuerunt.
1247 5687 1389 5758 Quid
1417 5688 1562 5744 enim
1603 5689 1788 5760 quoti-

200 5776 297 5849 die,
326 5785 420 5842 nisi
449 5785 905 5844 resurrectionem
947 5796 1185 5844 nostram
1215 5787 1272 5843 in
1301 5787 1580 5846 elementis
1622 5804 1786 5844 mun-

198 5873 288 5933 dus
311 5880 585 5943 imitatur?
633 5885 736 5939 Per
782 5884 1092 5955 quotidiana
1142 5883 1344 5957 quippe
1389 5889 1664 5941 momenta
1693 5883 1785 5960 lux

197 5969 303 6043 ipsa
327 5982 638 6061 tewporalis
687 5981 838 6055 quasi
879 5982 1124 6052 moritur,
1175 5981 1304 6039 dum
1348 5980 1780 6058 supervenienti-

1818 4711 1872 4772 D

1919 2293 2023 2347 que
2052 2276 2194 2331 enim
2226 2285 2370 2332 recta
2401 2279 2714 2335 resurrectio
2747 2279 2851 2334 dici
2880 2285 3054 2349 potest
3073 2276 3165 2333 ubi
3201 2291 3310 2331 non
3339 2273 3510 2346 surgit

1917 2365 2062 2436 quod
2091 2365 2360 2421 ceciderit.
2391 2366 2544 2422 Unde
2574 2367 2735 2421 etiam
2785 2367 3112 2438 Redemptor
3141 2371 3319 2419 noster
3345 2362 3510 2417 dubi-

1920 2454 2152 2510 tantibus
2181 2455 2248 2509 de
2275 2470 2371 2510 sua
2398 2456 2786 2512 resurrectione
2824 2455 3098 2525 discipulis
3126 2452 3357 2508 ostendit
3381 2467 3504 2507 ma-

1918 2559 2018 2598 nus
2045 2551 2098 2598 et
2126 2544 2295 2611 latus;
2328 2545 2599 2614 palpanda
2650 2560 2770 2600 ossa
2800 2552 2854 2599 et
2880 2560 3096 2600 carnem
3133 2541 3383 2613 praebuit,
3413 2539 3506 2595 di-

1917 2648 2045 2688 cens
2077 2651 2088 2687 :
2127 2655 2150 2680 α
2186 2633 2404 2704 Palpate
2433 2641 2486 2689 et
2544 2633 2720 2689 videte
2763 2633 2890 2704 quia
2939 2632 3168 2706 Spiritus
3207 2645 3424 2687 carnem
3453 2634 3508 2684 et

1917 2747 2038 2788 ossa
2092 2748 2202 2788 non
2258 2733 2446 2802 habet,
2497 2732 2633 2790 sicut
2687 2745 2775 2790 me
2822 2732 3016 2789 videtis
3081 2731 3278 2788 habere
3334 2730 3497 2801 (Lua.

1915 2824 2078 2892 χιιι).
2115 2845 2138 2872 ι

1983 2929 2103 2983 Jam
2133 2943 2262 2985 vero
2313 2927 2380 2984 de
2420 2928 2810 2986 resurrectione
2864 2928 3058 2996 carnis,
3091 2943 3200 2982 non
3227 2926 3361 2982 sicut
3391 2925 3509 2996 qui-

1914 3015 2038 3072 dam
2093 3017 2418 3085 revixerunt,
2497 3017 2794 3087 iterumque
2850 3025 2973 3072 sunt
3027 3017 3241 3086 mortui,
3299 3014 3393 3070 sed
3451 3013 3509 3070 in

1913 3113 2167 3162 aeternam
2189 3106 2352 3162 vitam
2372 3105 2507 3161 sicut
2527 3106 2717 3164 Christi
2757 3106 2921 3180 ipsius
2940 3105 3275 3172 resurrectio,
3307 3119 3505 3174 quem-

1913 3204 2203 3260 admodum
2251 3203 2576 3274 possibiliter
2620 3205 2689 3260 sit
2733 3205 3025 3275 disputare,
3076 3211 3128 3259 et
3156 3204 3210 3258 in
3253 3201 3506 3258 omnibus

1915 3293 2300 3363 quaestionibus
2353 3309 2471 3363 quae
2507 3294 2575 3348 de
2621 3295 2722 3350 hac
2749 3309 2806 3363 re
2852 3294 3059 3350 moveri
3087 3293 3262 3348 solent
3283 3289 3502 3346 satisfa-

1911 3398 2031 3440 cere
2081 3398 2190 3438 non
2241 3383 2476 3440 invenio.
2539 3383 2978 3439 Resurrecturam
3038 3390 3215 3438 tamen
3259 3378 3503 3435 omnium

1911 3487 2125 3528 carnem
2183 3472 2486 3543 quicunque
2543 3471 2650 3527 nati
2698 3489 2908 3538 sumus,
2967 3479 3021 3527 et
3087 3477 3388 3537 nascuntur,
3450 3473 3505 3522 et

1910 3561 2106 3617 mortui
2162 3569 2285 3616 sunt
2340 3569 2392 3616 et
2447 3561 2743 3617 morientur
2806 3559 3119 3616 nullomodo
3176 3555 3504 3615 Christianus

1910 3658 2155 3714 dubitare
2202 3659 2385 3715 debet.
2442 3659 2593 3716 Unde
2639 3659 2815 3729 primo
2863 3658 3094 3714 occurrit
3133 3657 3200 3713 de
3247 3653 3504 3711 abortivis

1913 3747 2108 3803 fetibus
2137 3748 2358 3818 quaestio
2389 3748 2480 3820 qui
2504 3747 2619 3818 jam
2660 3747 2876 3818 quidem
2927 3746 3037 3802 nati
3073 3754 3194 3802 sunt
3241 3744 3295 3800 in
3339 3743 3503 3799 uteris

1911 3845 2162 3906 matrum,
2189 3837 2284 3891 sed
2314 3836 2552 3892 nondum
2599 3836 2672 3894 ita
2710 3836 2841 3905 nati,
2885 3845 2943 3891 ut
2970 3835 3081 3905 jam
3104 3835 3307 3907 possint
3334 3849 3500 3888 rena-

1909 3934 2004 3989 sci.
2039 3934 2094 3989 Si
2124 3942 2509 3990 resurrecturos
2549 3951 2642 3990 eos
2685 3934 3000 4001 dixerimus,
3045 3933 3113 3990 de
3141 3932 3224 3989 his
3267 3931 3357 4002 qui
3382 3931 3498 4000 jam

1907 4023 2122 4081 formati
2170 4031 2310 4089 sunt,
2363 4023 2573 4079 tolerari
2629 4032 2803 4095 potest
2855 4032 3140 4093 utrumque
3185 4019 3329 4092 quod
3357 4019 3499 4075 dici-

1909 4119 2010 4167 tur.
2065 4112 2332 4169 Informes
2386 4128 2514 4168 vero
2561 4112 2836 4169 abortivos
2883 4111 3001 4184 quis
3052 4126 3161 4166 non
3211 4108 3498 4183 proclivius

1907 4211 2080 4281 perire
2127 4211 2429 4277 arbitretur,
2476 4211 2613 4265 sicut
2657 4211 2864 4266 semina
2912 4226 3034 4281 quae
3083 4215 3343 4279 concepta
3387 4222 3497 4262 non

1907 4299 2150 4354 fuerint?
2179 4299 2286 4355 Sed
2317 4315 2516 4372 negare
2545 4300 2664 4370 quis
2691 4300 2904 4366 audeat,
2941 4309 2994 4356 et
3019 4299 3063 4354 si
3094 4297 3358 4354 afﬁrmare
3388 4311 3497 4352 non

1903 4388 2114 4456 audeat,
2172 4389 2227 4443 id
2284 4397 2522 4445 acturam
2601 4389 3068 4460 resurrectionem,
3125 4396 3183 4443 ut
3237 4385 3496 4457 quidquid

1905 4478 2094 4533 forma:
2140 4476 2310 4532 defuit
2357 4477 2669 4547 impleatur,
2728 4485 2886 4548 atque
2934 4479 3007 4533 ita
3053 4485 3109 4533 ut
3139 4477 3206 4532 sit
3233 4474 3493 4548 perfectio

1904 4591 2022 4646 quae
2050 4591 2326 4630 accessura
2358 4569 2474 4629 erat
2494 4582 2755 4646 tempore,
2780 4574 3234 4646 quemadmodum
3260 4589 3368 4629 non
3397 4571 3497 4627 erit

1902 4665 2086 4719 vitiata
2135 4681 2256 4734 quae
2283 4664 2562 4720 accesserit
2593 4672 2854 4735 tempore,
2886 4673 2943 4718 ut
2974 4680 3146 4734 neque
3179 4663 3234 4716 in
3253 4678 3317 4717 eo
3348 4659 3494 4731 quod

1905 4761 2090 4822 aptum
2129 4761 2181 4807 et
2221 4753 2576 4825 incongruum
2620 4753 2734 4808 dies
2781 4753 2990 4808 allaturi
3037 4753 3264 4818 fuerant,
3305 4757 3495 4806 natura

1905 4849 2197 4918 fraudetur,
2232 4867 2402 4920 neque
2431 4849 2485 4904 in
2516 4867 2579 4906 eo
2611 4851 2752 4921 quod
2787 4850 3066 4906 adversum
3099 4857 3149 4904 et
3169 4847 3493 4903 contrarium

1905 4939 2019 4994 dies
2050 4939 2280 4995 attulerit
2309 4947 2495 4994 natura
2542 4947 2820 5011 turpetur;
2871 4940 2966 4994 sed
3013 4939 3306 5010 integretur
3351 4935 3492 5006 quod

1903 5029 2143 5084 nondum
2202 5036 2315 5083 erat
2369 5029 2657 5100 integrum,
2715 5029 2850 5084 sicut
2901 5027 3301 5092 restaurabitur,
3349 5024 3496 5095 quod

1901 5123 2141 5180 nondum
2186 5124 2358 5180 fuerat
2403 5125 2668 5181 vitiatum.
2719 5123 2894 5196 Super
2918 5127 3022 5180 hoc
3063 5124 3266 5179 scilicet
3291 5121 3359 5178 de
3387 5121 3492 5177 ab-

1900 5213 2086 5270 ortivis
2112 5219 2163 5270 et
2191 5213 2442 5270 monstris
2468 5222 2645 5270 utrum
2690 5222 2990 5288 resurgant,
3024 5221 3076 5268 et
3103 5212 3286 5285 qualia
3318 5226 3496 5268 resuru.

1897 5318 2048 5384 gant,
2105 5311 2580 5384 scrupulosissime
2637 5313 2855 5383 quidem
2936 5312 3072 5368 inter
3152 5309 3495 5366 doctissimos

1897 5399 2064 5472 quaeri
2093 5401 2246 5470 solet,
2281 5407 2333 5456 et
2363 5400 2620 5472 disputari
2652 5408 2854 5474 potest.
2894 5401 3052 5470 Quod
3080 5407 3256 5456 utrum
3287 5399 3354 5454 ab
3383 5399 3455 5453 ho

1896 5496 2040 5552 mine
2070 5496 2299 5553 inveniri
2329 5499 2500 5570 possit
2525 5497 2737 5572 ignoro,
2771 5499 2985 5570 quando
3017 5497 3206 5569 incipit
3231 5499 3394 5554 homo
3434 5496 3492 5554 in

1894 5600 2044 5650 utero
2075 5593 2275 5665 vivere,
2311 5601 2488 5650 utrum
2517 5595 2584 5650 sit
2629 5596 2878 5666 quaedam
2933 5595 3045 5653 vita
3089 5595 3319 5665 occulta,
3370 5611 3492 5664 qua:

1895 5690 2133 5746 nondum
2164 5691 2399 5748 motibus
2429 5692 2660 5749 viventis
2687 5701 2980 5766 appareat;
3021 5710 3146 5749 nam
3177 5709 3378 5766 negare
3409 5692 3489 5748 vi~

1889 5787 2031 5843 xisse
2060 5790 2367 5862 puerperia,
2401 5807 2522 5861 quae
2551 5799 2837 5864 propterea
2865 5793 3210 5848 membratim
3233 5807 3489 5849 exsecan-

1894 5893 1977 5962 tur
1993 5892 2048 5940 et
2074 5884 2359 5956 ejiciuntur
2401 5904 2469 5943 ex
2517 5889 2680 5965 uteris
2731 5890 3110 5964 praegnantim,
3161 5907 3229 5946 ne
3259 5896 3484 5944 matrem

1894 5972 2108 6056 quoque
2132 5983 2178 6040 si
2226 5991 2438 6042 mortua
2465 5985 2540 6044 ibi
2590 5985 2958 6057 relinquantur
3002 5987 3264 6051 occidant,
3297 5984 3481 6056 impu-
