3924 6402
457 388 566 442 959

1603 386 1955 444 WERNERI‘
1985 388 2272 444 ABBATIS
2310 388 2367 445 S.
2402 388 2624 444 BLASII

3671 394 3775 446 960

453 511 635 566 dentis
667 510 835 567 nimia
862 510 1089 568 videtur.
1124 512 1206 568 Ex
1234 527 1343 584 quo
1371 518 1553 569 autem
1584 511 2057 585 incipitliomoxi-
2087 512 2141 573 Α
2170 498 2470 579 revocetur,
2503 518 2721 568 curante
2749 509 2966 568 artiﬁcis
3011 509 3349 584 providentia
3392 527 3464 570 ne
3510 511 3645 585 quid
3693 513 3777 568 in-

455 616 603 670 vere,
635 617 707 656 ex
735 601 828 657 illo
852 600 1040 672 utique
1064 602 1183 672 jam
1212 602 1350 658 mori
1397 610 1592 674 potest.
1642 604 1883 658 Mortuus
1928 616 2057 658 vero

454 689 761 761 ubicunque
789 707 937 747 mors
963 690 1040 745 illi
1070 692 1247 761 potuit
1276 692 1512 758 evenire,
1539 692 1811 763 quomodo
1858 691 1930 748 ad
1974 707 2059 746 re-

454 779 842 836 surrectionem
904 787 1237 836 mortuorum
1303 797 1412 837 non
1478 782 1761 853 pertineat,
1824 780 2061 852 reperire

456 884 565 924 non
592 884 831 941 possum.
862 868 1052 939 Neque
1081 870 1225 926 enim
1257 877 1497 926 monstra
1525 888 1647 942 quae
1686 879 1973 926 nascuntur
2008 877 2062 926 et

455 962 661 1033 vivunt,
695 964 994 1035 quamlibet
1034 966 1140 1023 cito
1177 967 1497 1033 moriantur,
1561 974 1656 1022 aut
1698 973 2062 1022 resurrectura

454 1053 815 1127 uagabantur,
847 1062 940 1110 aut
967 1056 1154 1111 vitiata
1181 1064 1547 1113 resurrectura
1599 1056 1871 1112 credenda
1897 1063 2055 1125 sunt;

454 1154 519 1195 ac
544 1155 656 1196 non
698 1138 876 1212 potius
919 1148 1163 1197 correcta
1208 1141 1605 1213 emendataque
1647 1149 1858 1198 natura.
1907 1140 2064 1196 Absit

453 1228 601 1284 enim
630 1236 690 1284 ut
714 1228 867 1285 illum
898 1228 1262 1286 bimembrem
1312 1230 1404 1302 qui
1452 1247 1627 1303 nuper
1670 1238 1827 1286 natus
1880 1237 1963 1284 est
2003 1228 2061 1285 in

454 1316 682 1385 oriente,
711 1316 784 1374 de
820 1334 950 1389 quo,
983 1319 1176 1376 fratres
1220 1316 1571 1389 dilectissimi,
1618 1319 1710 1389 qui
1748 1335 1873 1375 eum
1901 1318 2061 1374 vide-

456 1413 583 1465 runt
631 1406 947 1472 retulerunt,
1008 1415 1064 1463 et
1125 1408 1317 1464 beatus
1379 1409 1741 1480 Hieronymus
1783 1408 2063 1478 presbyter

452 1495 715 1568 scriptum
736 1495 972 1568 reliquit.
1030 1497 1203 1567 Absit,
1259 1496 1502 1568 inquam,
1561 1505 1620 1554 ut
1661 1512 1828 1553 unum
1874 1495 2060 1566 dupli-

455 1600 577 1642 cem
605 1584 906 1655 hominem,
958 1601 1025 1643 ac
1068 1601 1179 1642 non
1209 1586 1387 1658 potius
1434 1585 1572 1642 duos
1611 1584 1879 1652 homines,
1916 1582 2062 1656 quod

455 1680 695 1739 futurum
742 1682 938 1751 fuerat,
969 1682 1015 1738 si
1063 1684 1270 1757 gemini
1316 1690 1679 1753 nascerentur,
1726 1690 2056 1740 resurrectu-

452 1786 545 1829 r08
587 1770 957 1829 aestimemusl
1002 1773 1085 1828 Ita
1129 1780 1184 1828 et
1226 1779 1422 1830 caetera
1468 1788 1589 1845 quae
1622 1771 1823 1845 singuli
1862 1771 2063 1842 quique

454 1876 641 1943 partus
666 1870 753 1925 vel
780 1870 1032 1940 amplius,
1058 1870 1144 1927 vel
1165 1871 1344 1926 minus
1375 1869 1580 1942 aliquid
1616 1869 1889 1937 habendo,
1916 1886 2058 1940 qua-
2085 1877 2139 1941 Β

455 1958 583 2017 dam
631 1958 801 2014 nimia
843 1959 1189 2016 deformitate
1230 1967 1470 2016 monstra
1513 1958 1806 2017 dicuntur:
1853 1958 1924 2015 ad
1951 1960 2060 2015 hu-

448 2063 636 2115 manm
682 2055 889 2105 naturae
934 2047 1165 2122 ﬁguram
1208 2049 1597 2106 resurrectione
1642 2048 2058 2116 revocabantur,

456 2148 533 2206 ita
558 2156 618 2206 ut
642 2148 874 2222 singulm
902 2150 1120 2219 animae,
1150 2149 1364 2223 singula
1378 2166 1474 2206 sua
1502 2165 1732 2222 corpora
1759 2149 2060 2217 obtineant,

456 2239 620 2296 nullis
674 2238 1068 2296 cohmrentibus
1121 2238 1284 2295 etiam
1342 2255 1674 2310 quaecunque
1733 2238 2062 2295 cohaerentia

458 2336 585 2385 nata
614 2328 864 2397 fuerant;
895 2327 992 2383 sed
1018 2344 1264 2385 seorsum
1288 2327 1392 2384 sibi
1421 2327 1647 2401 singulis
1691 2343 1789 2383 sua
1817 2326 2064 2383 membra

455 2417 792 2491 gestantibus
821 2417 1017 2488 quibus
1044 2415 1267 2473 humani
1312 2416 1557 2489 corporis
1601 2414 1963 2488 complebitur
1990 2415 2065 2468 in-

462 2502 711 2579 tegrita's.
745 2506 872 2562 Non
900 2506 1043 2578 perit
1058 2505 1174 2563 Deo
1195 2513 1406 2563 terrena
1425 2504 1678 2561 materies
1694 2506 1763 2561 de
1794 2520 1903 2576 qua
1922 2519 2067 2559 mor-

461 2604 649 2661 talium
679 2612 891 2662 creatur
932 2620 1081 2672 caro,
1111 2603 1208 2661 sed
1236 2603 1294 2659 in
1322 2602 1621 2676 quemlibet
1663 2602 1942 2673 pulverem
1979 2602 2064 2657 ci-

458 2709 715 2755 neremve
739 2693 998 2763 solvatur,
1029 2693 1087 2749 in
1113 2692 1383 2765 quoslibet
1398 2692 1559 2749 alitus
1586 2707 1849 2762 aurasque
1912 2689 2069 2746 diﬁ'u—

459 2782 596 2856 giat,
628 2782 686 2838 in
704 2797 1084 2854 quamcunque
1110 2782 1339 2838 aliorum
1368 2780 1742 2847 substantiam,
1766 2779 1853 2836 vel
1874 2779 1930 2834 in
1949 2778 2068 2851 ipsa

461 2880 732 2938 elementa
759 2887 1013 2947 vertatur,
1062 2879 1119 2935 in
1158 2894 1600 2951 quorumcunque
1639 2878 1953 2934 animalium
1981 2877 2069 2933 vel

460 2969 745 3027 hominum
799 2969 959 3026 cedat
1010 2967 1216 3034 cibum,
1257 2985 1475 3025 carnem
1529 2983 1746 3039 quoque
1810 2973 2062 3033 mutetur,

459 3057 538 3115 illi
584 3058 783 3115 anima
825 3064 1025 3131 puncto
1075 3055 1335 3130 temporis
1378 3055 1538 3124 redit,
1585 3071 1706 3127 qua:
1751 3055 1844 3111 illa
1882 3053 2070 3128 primi-

460 3162 564 3225 tus,
595 3162 655 3213 ut
679 3156 846 3213 homo
872 3153 1043 3224 ﬁeret,
1067 3160 1349 3223 cresceret,
1381 3153 1660 3209 animavit.

869 3264 948 3321 De
976 3260 1141 3319 modo
1171 3260 1637 3320 resurrectionis.

530 3368 898 3428 Membrorum
949 3368 1194 3427 omnium
1239 3368 1583 3434 reformator,
1633 3372 1696 3422 ut
1738 3366 2068 3439 Augustinus

460 3466 591 3525 dicit
618 3468 699 3524 De
727 3467 942 3525 civitate
988 3466 1092 3522 Dei
1133 3466 1191 3522 in
1237 3465 1398 3534 libro,
1447 3480 1556 3521 non
1602 3464 1777 3520 solum
1807 3480 1875 3518 ex
1902 3471 2066 3531 terra,

461 3573 650 3615 verum
681 3564 843 3614 etiam
886 3573 955 3612 ex
1001 3556 1232 3613 aliorum
1288 3555 1679 3610 elementorum
1709 3553 2068 3609 secretissimo

460 3658 603 3727 sinu,
626 3671 732 3728 quo
763 3657 975 3729 dilapsa
1000 3655 1269 3712 cadavera
1301 3660 1655 3718 recesserunt,
1689 3653 1745 3707 in
1773 3652 1904 3723 ipsis
1932 3667 2070 3724 pun-

461 3755 548 3804 cto
575 3746 853 3803 reddenda
881 3752 937 3801 et
962 3743 1221 3801 redeunte
1258 3741 1490 3817 grandia
1532 3741 1862 3814 promittitur
1907 3741 2061 3812 (sic).

462 3839 587 3910 Ipsa
615 3836 799 3907 itaque
826 3835 1078 3891 materies
1106 3841 1337 3900 terrena,
1361 3848 1487 3903 quas
1501 3830 1861 3887 descendente
1889 3830 2072 3886 anima

462 3933 525 3989 fit
549 3931 801 3999 cadaver,
850 3946 958 3987 non
988 3930 1062 3987 ita
1092 3928 1483 3986 resurrectione
1531 3927 1890 3999 reparabitur,
1922 3933 1981 3981 ut
2007 3941 2073 3982 ea

462 4039 585 4094 quae
609 4020 940 4088 dilabuntur,
979 4025 1034 4075 et
1077 4018 1135 4074 in
1181 4017 1316 4075 alias
1363 4024 1524 4088 atque
1553 4017 1688 4072 alias
1733 4016 1959 4071 aliarum
1988 4031 2071 4071 re-

460 4136 583 4178 rum
612 4119 821 4189 species
868 4118 1178 4189 formasque
1227 4122 1527 4182 vertuntur,
1576 4114 1827 4187 quamvis
1855 4115 1926 4170 ad
1953 4129 2072 4171 eor—

464 4234 568 4292 pus
592 4216 815 4275 redeant
840 4216 984 4273 unde
1010 4216 1236 4289 dilapsa
1288 4222 1433 4281 sunt,
1479 4213 1549 4270 ad
1598 4212 1816 4269 easdem
1856 4227 2071 4284 quoque

465 4306 708 4379 corporis
729 4312 926 4378 partes,
958 4304 1051 4362 ubi
1091 4304 1325 4374 fuerunt,
1365 4319 1583 4361 necesse
1608 4303 1675 4358 sit
1702 4302 1898 4359 redire.
1929 4301 2074 4358 Alio-

466 4405 597 4477 quin
621 4403 666 4459 si
694 4402 905 4477 capillis
948 4400 1088 4458 redit
1134 4401 1280 4474 quod
1326 4409 1437 4458 tam
1485 4400 1677 4459 crebra
1722 4407 1941 4459 tonsura
1969 4399 2073 4456 de-

472 4493 652 4563 traxit,
683 4493 728 4548 si
772 4491 1063 4564 unguibus,
1114 4491 1259 4563 quod
1307 4491 1464 4547 toties
1509 4489 1747 4560 dempsit
1809 4489 2071 4559 exsectio,

2165 600 2364 657 decens
2387 599 2499 657 ﬁat.
2528 603 2643 657 Nec
2671 601 2801 656 illud
2830 609 2915 661 est
2938 617 3270 673 consequens
3309 610 3366 658 ut
3396 601 3522 659 ideo
3552 602 3774 663 diversa

2164 697 2369 746 statura
2413 691 2483 746 sit
2514 689 2951 748 reviviscentium
2999 692 3351 765 singulorum,
3399 692 3527 762 quia
3555 677 3775 749 fuerant

2164 784 2379 843 diversa
2423 786 2740 854 viventium,
2798 793 2890 842 aut
2944 788 3111 859 macri
3165 804 3289 844 cum
3344 788 3534 845 eadem
3570 791 3770 860 macie,

2164 882 2258 932 aut
2285 876 2517 947 pingues
2545 892 2666 931 cum
2705 876 2895 932 eadem
2927 877 3256 949 pinguedine
3282 877 3630 935 reviviscunt.
3661 879 3774 935 Sed

2164 965 2211 1021 si
2239 967 2344 1021 hoc
2380 973 2461 1020 est
2486 966 2540 1021 in
2571 965 2797 1021 consilio
2846 966 3129 1037 Creatoris,
3161 974 3221 1023 ut
3246 967 3303 1023 in
3330 965 3507 1041 efﬁgie
3534 985 3639 1025 sua
3664 984 3771 1025 cu-

2159 1063 2459 1134 juscunque
2507 1063 2807 1136 proprietas
2852 1071 2905 1119 et
2947 1064 3299 1120 discernibilis
3334 1065 3632 1123 similitudo
3657 1081 3774 1121 ser-

2165 1160 2340 1217 vetur,
2372 1152 2430 1207 in
2456 1153 2666 1209 caeteris
2693 1160 2873 1209 autem
2916 1153 3157 1225 corporis
3190 1152 3348 1209 bonis
3373 1155 3609 1225 mqualia
3630 1171 3769 1211 cun‘

2168 1257 2255 1306 cta
2297 1249 2608 1318 reddantur,
2657 1248 2732 1304 ita
2785 1246 3181 1305 modiﬁcabitur
3206 1249 3300 1305 illa
3344 1250 3400 1305 in
3437 1265 3771 1322 unoquoque

2168 1349 2440 1417 materies,
2464 1356 2522 1405 ut
2549 1362 2649 1405 nec
2677 1346 2881 1418 aliquid
2908 1363 2978 1403 ex
3025 1363 3090 1405 ea
3117 1356 3319 1419 pereat,
3351 1356 3405 1405 et
3430 1349 3577 1420 quod
3604 1348 3771 1405 alicui

2168 1433 2401 1490 defuerit
2428 1434 2546 1504 ipse
2571 1434 2840 1506 suppleat,
2870 1433 2961 1506 qui
3008 1441 3062 1490 et
3106 1434 3175 1490 de
3204 1434 3371 1490 nihilo
3415 1435 3593 1506 potuit
3620 1434 3772 1507 quod

2168 1524 2337 1580 voluit
2364 1523 2595 1598 operari.
2629 1523 2683 1580 Si
2726 1532 2905 1579 autem
2936 1523 2991 1578 in
3017 1523 3332 1595 corporibus
3369 1524 3770 1597 resurgentium

2165 1613 2502 1670 rationabilis
2530 1612 2866 1685 inaequalitas
2909 1612 3028 1680 erit,
3046 1612 3138 1669 sic
3167 1619 3246 1668 est
3270 1628 3464 1669 vocum
3492 1613 3548 1667 in
3569 1613 3773 1684 quibus

2167 1712 2423 1784 impletur
2466 1720 2690 1768 cantus:
2734 1712 2840 1767 hoc
2882 1710 2974 1767 fiet
3014 1709 3085 1768 de
3129 1710 3354 1767 materia
3392 1710 3635 1783 corporis
3660 1712 3767 1779 sui,

2164 1800 2315 1875 quod
2343 1809 2397 1857 et
2422 1801 2700 1857 hominem
2730 1799 2920 1857 reddat
2956 1800 3233 1874 angelicis
3257 1798 3500 1869 coetibus,
3531 1809 3586 1857 et
3631 1800 3768 1857 nihil

2167 1891 2556 1948 inconveniens
2607 1907 2795 1947 eorum
2858 1890 3070 1964 ingerat
3122 1892 3384 1948 sensibus.
3441 1891 3765 1948 Iudaeorum

2168 1981 2369 2054 quippe
2398 1980 2601 2052 aliquid
2655 1980 2731 2036 ibi
2776 1995 2886 2036 non
2924 1980 3067 2050 erit;
3099 1981 3194 2036 sed
3237 1980 3496 2054 quidquid
3524 1981 3764 2039 futurum

2168 2086 2267 2148 est,
2299 2081 2404 2135 hoc
2431 2077 2665 2150 decebit,
2708 2078 2835 2150 quia
2864 2095 2963 2135 nec
3010 2079 3245 2135 futurum
3271 2088 3369 2150 est,
3399 2078 3445 2135 si
3473 2094 3591 2135 non.
3610 2077 3764 2134 dece-

2161 2168 2272 2224 bit.
2339 2167 2663 2241 Exemplum
2710 2168 3141 2238 supradictorum
3174 2186 3195 2225 :-
3220 2168 3276 2226 Si
3334 2167 3477 2223 enim
3512 2173 3758 2223 statuam

2170 2274 2346 2339 potest
2374 2264 2569 2322 artifex
2610 2267 2797 2335 homo,
2841 2282 3002 2337 quam
3034 2274 3255 2339 propter
3280 2265 3511 2336 aliquam
3540 2280 3763 2321 causam

2169 2356 2472 2412 deformem
2503 2356 2722 2423 fecerat,
2772 2363 3035 2423 constare,
3082 2363 3137 2413 et
3180 2355 3591 2428 pulcherrimam
3632 2352 3763 2409 red-

2170 2446 2318 2509 dere.
2369 2445 2443 2501 ita
2498 2451 2558 2500 ut
2595 2443 2728 2499 nihil
2770 2444 3101 2513 substantiae,
3145 2445 3240 2500 sed
3292 2444 3408 2501 sola
3450 2442 3764 2500 deformitas

2170 2542 2392 2606 pereat:
2426 2550 2490 2590 ac
2516 2534 2561 2590 si
2591 2532 2719 2605 quid
2767 2534 2823 2589 ia
2869 2534 2969 2591 illa
2992 2533 3170 2591 forma
3222 2533 3400 2607 priore
3427 2548 3534 2589 non
3556 2531 3762 2605 decen-

2170 2632 2254 2680 ter
2269 2622 2537 2690 exstabat,
2569 2639 2669 2678 nec
2696 2622 2950 2701 parilitati
3002 2623 3235 2694 pretium
3274 2621 3623 2696 congruebat,
3663 2637 3763 2678 nec

2171 2723 2241 2779 de
2269 2729 2381 2778 toto
2408 2721 2550 2777 unde
2579 2722 2782 2779 fecerat
2826 2728 3107 2793 amputare
3133 2729 3293 2792 atque
3336 2733 3620 2791 separare;
3667 2718 3761 2775 sed

2172 2811 2247 2867 ita
2273 2827 2633 2884 conspergere
2662 2810 2915 2867 universo
2943 2817 3105 2882 atque
3126 2810 3369 2878 miseere,
3399 2816 3574 2865 utnec
3600 2806 3759 2864 {edi-

2174 2908 2337 2957 tatem
2376 2900 2557 2967 faciat,
2590 2916 2691 2957 nec
2718 2900 2926 2957 minuat
2952 2899 3322 2972 quantitatem,
3354 2897 3503 2971 quod»
3524 2896 3590 2954 de
3621 2896 3755 2977 0m-

2171 2989 2449 3063 nipotente
2475 2989 2812 3053 sentiendum
2835 2996 2915 3048 est
2940 2990 2971 3045 ?

2194 3134 2201 3141 ο
2243 3098 2379 3154 Item
2411 3097 2739 3169 Augustinus
2785 3097 2865 3153 De
2911 3095 3127 3153 civitate
3154 3081 3286 3152 Dei:
3329 3094 3480 3163 Quod
3503 3094 3757 3159 ist/antes

2164 3202 2288 3243 non
2310 3187 2375 3242 in
2396 3186 2591 3243 eadem
2630 3189 2860 3243 statura
2898 3187 3002 3258 qui
3030 3185 3244 3242 mortui
3278 3187 3418 3242 sunt
3437 3185 3756 3255 resurgant.

2087 3241 2138 3307 Ο
2172 3241 2682 3348 Quidergo
2962 3241 3029 3330 de
3051 3272 3477 3342 infantibus,nisi
3492 3241 3625 3342 quia
3629 3250 3763 3326 inea

2170 3373 2516 3430 resurrecturi
2537 3380 2660 3429 sunt
2678 3372 2920 3445 corporis
2957 3372 3247 3449 exiguitate
3281 3386 3401 3443 qua:
3419 3369 3612 3426 mortui
3636 3367 3762 3438 ;sed

2172 3463 2319 3534 quod
2348 3462 2424 3519 eis
2453 3462 2655 3518 tardius
2685 3477 3023 3518 accessurum
3053 3469 3169 3518 erat
3210 3468 3469 3533 tempore,
3517 3461 3617 3515 hoc
3638 3465 3763 3513 sunt

2174 3561 2267 3617 illo
2297 3559 2385 3617 die
2414 3576 2576 3632 opere
2620 3559 2720 3617 Dei
2767 3560 2906 3616 miro
2946 3568 3105 3631 atque
3158 3559 3439 3616 celem'mo
3483 3555 3761 3627 recepturi.

2175 3651 2238 3706 In
2266 3647 2530 3704 sententia
2552 3648 2754 3719 quippe
2773 3646 2989 3703 Domini
3011 3646 3106 3703 ubi
3126 3645 3234 3702 ait:
3268 3668 3291 3696 κ
3322 3644 3561 3717 Capillus
3576 3642 3760 3715 capitis

2175 3738 2338 3794 vestri
2357 3752 2467 3793 non
2498 3736 2693 3809 peribit
2713 3736 2876 3807 (Luc.
2898 3737 3037 3807 xxi),
3075 3758 3097 3785 α
3121 3735 3321 3791 dictum
3342 3750 3451 3790 non
3467 3733 3762 3789 defuturum

2176 3852 2292 3891 csse
2323 3834 2469 3907 quod
2496 3835 2614 3902 fuit,
2650 3851 2759 3891 non
2787 3841 2967 3890 autem
3025 3840 3281 3906 negatum
3336 3837 3417 3887 est
3460 3829 3758 3887 adfuturum

2177 3925 2323 3996 quod
2352 3924 2549 3980 defuit.
2605 3924 2788 3982 Defuit
2833 3931 3011 3980 autem
3068 3922 3257 3979 infanti
3288 3927 3497 3976 mortuo
3536 3918 3763 3991 perfecta

2176 4021 2453 4093 quantitas
2480 4020 2562 4075 sui
2592 4019 2853 4092 corporis.
2886 4017 3149 4074 Perfectio
3169 4016 3371 4089 quippe
3391 4014 3579 4071 infanti
3599 4013 3759 4080 deest,

2176 4111 2360 4182 utique
2396 4108 2658 4180 perfectio
2704 4107 2999 4177 corporalis
3043 4103 3429 4179 magnitudinis
3468 4119 3607 4175 quas,
3647 4117 3761 4157 cum

2177 4199 2481 4266 accesserit,
2508 4197 2626 4269 jam
2656 4204 2857 4252 statura
2884 4196 3100 4269 longior
3129 4210 3243 4251 esse
3272 4209 3381 4251 non
3407 4192 3591 4265 possit.
3622 4192 3763 4247 Hune

2178 4288 2527 4363 perfectionis
2554 4286 2775 4344 modum
2805 4285 2941 4343 sicut
2969 4285 3172 4342 habent
3198 4300 3386 4341 omnes
3430 4291 3487 4339 ut
3531 4298 3650 4338 cum
3677 4280 3762 4336 illo

2178 4378 2551 4449 concipiuntur
2573 4383 2732 4447 atque
2762 4383 3087 4445 nascantur;
3118 4375 3213 4430 sed
3240 4373 3442 4430 habent
3476 4372 3532 4427 in
3571 4370 3761 4428 ratione

2180 4495 2289 4535 non
2316 4477 2481 4543 mole,
2507 4476 2643 4532 sicut
2675 4476 2793 4545 ipsa
2822 4474 3069 4530 membra
3091 4473 3209 4544 jam
3248 4471 3431 4528 omnia
3458 4476 3580 4525 sunt
3607 4469 3763 4525 laten-

470 4581 826 4640 immoderata
847 4556 908 4637 et
943 4556 1200 4637 indecens
1245 4578 1625 4653 cogitantibus,
1638 4556 1713 4635 —et
1732 4578 1856 4634 ideo
1884 4556 2066 4634 resurJ
2098 4611 2158 4676 D
2189 4572 2268 4667 ῑςετ
2296 4565 2351 4620 in
2371 4565 2605 4676 .Semilie.
2646 4579 2769 4620 cum
2816 4564 2977 4676 etiam
3010 4562 3149 4676 natis
3182 4558 3448 4676 nonnulla
3473 4558 3661 4676 ‘adhuc
3685 4556 3764 4612 de-

469 4680 765 4739 rectionem
795 4678 979 4736 carnis.
1016 4695 1126 4735 non
1167 4677 1510 4736 credentibus
1559 4677 1790 4734 occurrit
1816 4675 2070 4732 infami-

471 4778 573 4828 tas.
607 4770 716 4828 Sed
745 4767 1205 4843 quemadmodum
1235 4768 1280 4823 si
1311 4773 1486 4824 statua
1515 4766 1804 4838 eujuslibet
1820 4765 2076 4823 volubilis

470 4867 673 4925 metalli
703 4874 794 4924 aut
821 4867 878 4924 in
911 4866 1039 4941 igne
1084 4865 1422 4937 liquesceret,
1473 4871 1566 4921 aut
1608 4869 1974 4920 contereretur
2017 4860 2074 4917 in

471 4967 771 5041 pulverem,
803 4972 897 5023 aut
923 4964 1345 5022 confunderetur
1373 4963 1429 5019 in
1454 4979 1710 5033 massam,
1742 4969 1796 5020 et
1821 4978 1943 5019 eam
1975 4976 2074 5017 ve-

468 5065 532 5125 lit
558 5064 754 5123 artifex
780 5081 966 5121 rursus
1012 5080 1081 5120 ex
1127 5063 1272 5120 illius
1306 5061 1548 5119 materiis
1576 5060 1871 5134 quantitate
1911 5075 2075 5132 repa—

468 5180 611 5233 rare,
640 5162 777 5219 nihil
803 5163 1083 5218 interesset
1120 5160 1189 5216 ad
1219 5159 1337 5231 ejus
1377 5158 1763 5232 integritatem,
1804 5173 1927 5228 quae
1957 5172 2078 5228 par-

466 5253 633 5311 ticula
652 5251 894 5309 materiae
912 5249 1217 5322 cuicunque
1251 5248 1496 5305 membro
1533 5253 1722 5303 statum
1741 5246 2073 5312 redderetur,

470 5349 603 5408 dum
634 5357 817 5407 tamen
846 5355 1016 5405 totum
1046 5364 1116 5404 ex
1145 5362 1252 5418 quo
1297 5346 1583 5403 constituta
1625 5343 1802 5401 fuerat
1836 5342 2080 5401 restituta

470 5455 784 5505 resumeret.
843 5448 925 5504 Ita
968 5447 1116 5503 Deus
1161 5444 1480 5501 mirabiliter
1519 5451 1682 5515 atque
1735 5441 2079 5501 ineﬁ'abiliter

474 5535 669 5592 artifex
696 5537 767 5593 de
793 5543 905 5593 toto
935 5550 1043 5607 quo
1083 5550 1212 5592 caro
1240 5541 1422 5591 nostra
1465 5533 1791 5601 constiterat,
1822 5548 1946 5588 eam
1974 5531 2080 5587 mi-

475 5623 634 5685 rabili
662 5632 717 5681 et
743 5622 1004 5681 ineﬁ‘abili
1033 5623 1305 5680 celeritate
1333 5623 1608 5692 restituet;
1641 5638 1742 5679 nee
1768 5618 1975 5693 aliquid
2001 5628 2077 5676 at.

476 5718 669 5777 tinebit
702 5719 772 5776 ad
800 5720 919 5792 ejus
964 5720 1043 5778 rei
1074 5721 1441 5792 integritatem
1471 5727 1649 5776 utrum
1678 5718 1861 5792 capilli
1890 5718 1961 5775 ad
1989 5733 2078 5774 ca-

479 5816 637 5887 pillos
661 5814 904 5885 redeant,
936 5824 1027 5873 aut
1053 5832 1283 5889 ungues,
1323 5832 1394 5873 an
1434 5815 1696 5890 quidquid
1740 5832 1929 5873 eorum
1959 5830 2080 5887 per-

479 5900 616 5963 ierat
641 5910 878 5963 mutetur
912 5904 968 5962 in
994 5920 1216 5964 carnem
1262 5911 1318 5962 et
1352 5905 1408 5962 in
1450 5912 1632 5977 partes
1677 5903 1812 5962 alias
1836 5903 2081 5978 corporis

2186 4655 2310 4725 sint,
2341 4655 2479 4711 sicut
2523 4652 2732 4721 dentes,
2781 4659 2874 4709 aut
2898 4650 3099 4724 siquid
3145 4648 3437 4722 ejusmodi.
3473 4648 3535 4705 In
3564 4662 3664 4719 qua
3685 4662 3761 4703 ra-

2130 4758 2136 4763 ’
2180 4753 2326 4811 tione
2372 4753 2791 4825 uniuscujusque
2832 4750 3073 4807 materiae
3120 4748 3290 4804 indita
3325 4744 3607 4819 corporali,
3656 4744 3758 4815 jam

2181 4841 2608 4916 quodammodo,
2657 4848 2715 4897 ut
2760 4840 2834 4895 ita
2880 4839 3077 4905 dicam,
3119 4838 3363 4895 limatum
3410 4835 3618 4892 videtur
3657 4848 3759 4888 esse

2182 4940 2466 5014 quodnon
2494 4946 2593 5009 est,
2626 4938 2737 4995 imo
2767 4935 2913 5009 quod
2939 4937 3103 5005 latet;
3136 4934 3232 4992 sed
3277 4950 3492 4992 accessu
3523 4929 3761 5002 temporis

2184 5040 2304 5107 erit,
2353 5039 2442 5098 vel
2489 5038 2668 5109 potius
2713 5036 3017 5110 apparebit.
3049 5036 3113 5091 In
3158 5037 3261 5092 hac
3306 5048 3436 5107 ergo
3466 5031 3638 5088 infans
3656 5030 3760 5100 jam

2182 5135 2365 5195 brevis
2413 5142 2506 5192 aut
2552 5134 2750 5209 longus
2794 5139 2875 5190 est
2920 5137 3012 5205 qui
3057 5131 3253 5205 longus
3288 5128 3533 5186 brevisve
3578 5126 3761 5181 futurus

2170 5233 2285 5284 ‘est.
2337 5226 2521 5282 Restat
2566 5238 2698 5297 ergo
2748 5230 2807 5278 ut
2850 5237 3005 5279 suam
3059 5220 3287 5292 recipiat
3322 5218 3547 5289 quisque
3573 5229 3761 5273 mensu-

2183 5341 2302 5393 ram
2330 5323 2548 5397 qualem
2578 5318 2767 5378 habuit
2809 5319 2867 5376 in
2907 5320 3213 5392 juventute,
3254 5316 3415 5375 etiam
3441 5315 3486 5371 si
3508 5328 3667 5371 senex
3688 5319 3758 5367 est

2169 5429 2448 5490 mortuus,
2480 5419 2570 5476 vel
2615 5418 2791 5475 fuerat
2841 5417 3139 5486 habiturus,
3171 5416 3215 5471 si
3243 5423 3367 5472 ante
3394 5414 3682 5480 defunctus,
3707 5416 3756 5465 ut

2183 5535 2285 5577 nec
2311 5519 2452 5575 ultra
2478 5532 2581 5576 nec
2607 5516 2750 5573 infra
2772 5514 3075 5586 juvenilem
3103 5514 3337 5570 formam
3364 5515 3641 5583 resurgant
3663 5521 3757 5563 cer-

2182 5634 2320 5690 pora
2342 5624 2717 5685 mortuorum;
2748 5613 2843 5671 sed
2882 5614 2939 5671 in
2983 5629 3049 5671 ea
3091 5618 3251 5670 etate
3295 5618 3351 5668 et
3391 5609 3583 5666 robore
3617 5622 3760 5677 nsque

2185 5716 2255 5773 ad
2285 5730 2446 5790 quam
2474 5715 2563 5771 hic
2591 5712 2859 5771 Christum
2888 5710 3195 5786 pervenisse
3221 5708 3594 5783 cognovimus.
3629 5702 3758 5761 Circa

2185 5831 2298 5872 xxx
2325 5814 2528 5886 quippe
2555 5828 2726 5870 annos
2753 5809 3081 5868 diﬁinierunt
3127 5825 3249 5866 esse
3279 5807 3443 5864 etiam
3472 5802 3646 5861 seculi
3676 5803 3756 5858 hu-

2181 5903 2273 5974 jus
2298 5902 2589 5961 doctissimi
2618 5900 2867 5959 homines
2897 5899 3259 5972 juventutem,
3291 5912 3414 5970 qua:
3439 5908 3561 5955 eum
3591 5891 3747 5951 fuerit.
