3924 6432
116 402 243 495 961¹

1091 430 1667 492 DEFLORATIONES
1705 429 1802 485 ss.
1846 427 2153 486 PATRUM.
2188 382 2257 466 ὲ-
2296 426 2420 482 ua.
2463 428 2505 480 ι.

3344 422 3450 478 962

117 565 295 635 spatio
328 562 574 635 proprio
613 560 919 630 terminata,
970 567 1024 614 et
1068 575 1174 615 non
1222 561 1336 627 jam
1385 556 1661 612 hominem
1686 553 1741 608 in
1767 555 1825 616 Α
1856 560 1910 608 et
1938 550 2371 607 deformitatibus
2400 563 2691 620 corporum
2740 564 2961 604 suorum
3010 554 3300 619 resurgant
3327 524 3473 618 qui--

118 654 455 709 detrimenta
508 667 752 724 vergere
793 649 1059 721 gravioris
1106 664 1172 703 ac
1219 645 1409 701 senilis
1455 644 1646 711 atatis,
1692 651 1745 698 et

119 744 245 798 ideo
276 757 391 796 non
412 756 554 796 esse
588 740 800 795 dictum
832 739 888 794 in
919 752 1229 793 mensuram
1274 734 1539 806 corporis,
1572 732 1658 788 vel
1689 734 1745 786 in

120 845 448 887 mensuram
479 833 732 895 statura,
779 827 877 884 sed
919 828 983 883 in
1024 841 1352 882 mensuram
1399 824 1590 879 celatis
1617 823 1745 894 ple-

120 919 419 976 nitudinis
476 915 699 973 Christi
780 916 1000 988 (Ephes.
1049 916 1155 985 iv).
1214 912 1355 968 Illud
1393 912 1554 967 etiam
1601 910 1749 983 quod

124 1008 438 1079 Apostolus
472 1006 579 1072 ait,
631 1029 653 1053 «ι
690 1004 1101 1076 priedestinatos
1148 1001 1464 1058 conformes
1494 999 1747 1073 imaginis

123 1096 240 1151 Filii
276 1096 377 1150 Dei
412 1096 606 1165 (Rom.
636 1096 751 1163 vui)
788 1116 809 1141 η
846 1100 1027 1163 potest
1058 1092 1137 1146 sic
1165 1089 1357 1160 accipi,
1392 1098 1449 1143 ut
1480 1088 1747 1160 quemad-

122 1185 352 1240 modum
385 1185 563 1237 nobis
593 1183 687 1239 ille
716 1182 1067 1246 mortalitate,
1098 1180 1169 1235 ita
1215 1189 1269 1235 et
1298 1196 1398 1235 nos
1426 1178 1503 1233 illi
1533 1177 1750 1233 efﬁcia-

122 1290 246 1329 mur
273 1272 714 1329 immortalitate
743 1271 1083 1328 conformes.
1122 1269 1212 1325 Sic
1242 1276 1423 1324 autem
1443 1268 1494 1322 in
1528 1267 1607 1322 his
1633 1282 1757 1321 ver-

122 1362 207 1416 bis
233 1377 340 1434 qua
372 1360 569 1416 forma
600 1368 980 1419 resurrectura
1010 1359 1117 1412 sint
1166 1373 1403 1429 corpora
1434 1372 1619 1410 sumus
1650 1355 1753 1409 ad-

126 1449 344 1512 moniti,
379 1448 544 1504 sicut
577 1448 672 1503 illa
722 1464 1006 1512 mensura,
1053 1446 1124 1501 ita
1171 1454 1223 1501 et
1260 1445 1363 1499 ista
1398 1443 1757 1501 conformatio

126 1554 233 1593 non
264 1536 609 1608 quantitatis
641 1536 996 1605 intelligenda
1026 1543 1128 1602 est,
1172 1538 1270 1590 sed
1309 1533 1510 1588 aetatis.
1550 1533 1755 1587 Resur-

126 1634 257 1698 gent
286 1627 487 1697 itaque
517 1640 717 1680 omnes
746 1624 939 1696 magni
980 1638 1233 1695 corpore,
1269 1623 1458 1695 quales
1490 1629 1643 1677 erant
1674 1619 1757 1675 vel

126 1713 293 1771 futuri
324 1720 501 1769 erant
526 1712 761 1780 juvenili
788 1720 963 1767 aetate.
1009 1711 1065 1767 Si
1108 1710 1229 1784 quis
1273 1726 1405 1765 vero
1448 1710 1505 1764 in
1533 1726 1598 1765 eo
1627 1725 1757 1765 cor-

128 1801 276 1875 poris
339 1802 521 1857 modo
583 1800 641 1854 in
697 1816 803 1871 quo
858 1799 1146 1857 defunctus
1197 1807 1280 1853 est
1329 1807 1758 1854 resurrecturum

1852 656 2072 711 cunque
2104 640 2157 694 in
2188 639 2268 694 eis
2298 638 2563 693 deformia
2597 646 2650 692 et
2681 637 2876 692 vitiosa
2918 638 3161 692 membra
3192 643 3457 708 gestave-

1854 733 2005 794 runt,
2038 727 2367 799 inquirendo
2415 727 2671 782 laborare
2726 726 2859 797 quid
2909 742 3047 797 opus
3090 733 3173 781 est
3200 728 3227 779 ‘I
3266 726 3460 796 Neque

1858 820 2007 874 enim
2038 818 2258 887 fatigare
2290 832 2391 871 nos
2420 815 2583 870 debet
2606 815 2813 871 incerta
2857 830 3046 871 eorum
3078 813 3164 870 vel
3196 814 3461 869 habitudo

1860 907 1946 962 vel
1984 905 2350 977 pulchritudo,
2397 920 2628 974 quorum
2677 904 2777 958 erit
2834 912 2985 959 certa
3028 911 3079 958 et
3126 902 3463 973 sempiterna

1859 994 2152 1051 damnatio.
2186 995 2300 1049 Nec
2329 1000 2546 1047 moveat
2576 992 2851 1064 quomodo
2899 991 2998 1047 erit
3039 990 3095 1046 in
3138 990 3217 1045 eis
3261 1006 3463 1061 corpus

1856 1082 2295 1153 incorruptibile,
2340 1082 2387 1135 si
2416 1081 2602 1135 dolere
2650 1080 2865 1151 poterit,
2895 1088 2986 1135 aut
3027 1079 3300 1151 quomodo
3331 1095 3462 1137 cor-

1862 1171 2139 1243 ruptibile,
2190 1172 2236 1223 si
2284 1186 2391 1224 non
2451 1168 2667 1239 poterit.
2715 1170 2836 1223 Non
2876 1168 3023 1224 enim
3055 1176 3137 1223 est
3175 1183 3302 1223 vera
3332 1167 3463 1235 vita,

1859 1258 1965 1313 nisi
1995 1258 2086 1311 ubi
2136 1256 2367 1313 feliciter
2416 1256 2665 1323 vivitur;
2720 1271 2819 1311 nec
2873 1271 3021 1317 vera,
3071 1254 3175 1309 nisi
3233 1253 3325 1313 ubi
3372 1253 3464 1309 in-

1862 1343 2133 1415 corruptio
2188 1362 2201 1398 :
2256 1343 2405 1398 salus
2463 1342 2615 1398 nullo
2669 1343 2860 1397 dolore
2919 1342 3297 1414 corrumpitur.
3363 1340 3468 1399 Ubi

1862 1443 2042 1490 autem
2074 1432 2261 1487 infelix
2319 1432 2454 1487 mori
2505 1448 2621 1485 non
2669 1431 2885 1498 sinitur,
2932 1439 3007 1499 et,
3056 1440 3112 1486 ut
3158 1432 3231 1486 ita
3260 1430 3465 1498 dicam,

1864 1556 2016 1596 mora
2046 1540 2167 1611 ipsa
2196 1554 2304 1594 non
2334 1537 2583 1607 moritur,
2605 1545 2661 1593 et
2705 1538 2798 1592 ubi
2826 1537 2987 1593 dolor
3028 1545 3322 1610 perpetuus
3353 1552 3465 1595 non

1864 1638 2187 1693 interimitur
2221 1636 2359 1701 ;sed
2388 1636 2580 1706 afﬂigit
2623 1637 2741 1707 ipsa
2778 1637 3073 1708 corruptio,
3106 1645 3159 1693 et
3202 1652 3311 1692 non
3342 1635 3470 1692 fini-

1864 1744 1953 1790 tur
1989 1753 2002 1788 :
2032 1736 2149 1790 hmc
2178 1734 2235 1789 in
2267 1734 2563 1804 Scripturis
2612 1733 2814 1788 sanctis
2866 1734 3110 1789 secunda
3141 1749 3295 1789 mors
3323 1733 3468 1789 dici-

1863 1842 1979 1888 tur.
2016 1833 2146 1888 Haec
2201 1831 2376 1903 prima
2432 1838 2615 1885 tamen
2668 1846 2773 1902 qua
2818 1847 2976 1885 suum
3033 1845 3230 1903 corpus
3286 1831 3474 1887 anima

128 1905 601 1962 unumquemque
630 1890 925 1954 contendit,
960 1904 1067 1944 non
1103 1897 1185 1946 est
1215 1903 1336 1943 cum
1358 1888 1449 1944 illo
1480 1888 1754 1943 laboriosa
1785 1914 1838 1972 Β
1868 1931 2177 1999 relinquere
2201 1888 2419 2000 'cogimr
2452 1943 2463 1955 ,
2501 1945 2606 1983 nec
2646 1888 2888 1984 sécunda
2946 1944 3051 1999 qua
3092 1888 3307 1999 pinna“
3336 1944 3482 1985 cor!

136 1978 590 2000 _-,_.--_I:-i:-___
625 1986 969 2000 _-_____..-__..
2452 1969 2465 1997 ’
2895 1972 2909 1994 ν

130 1978 593 2036 contradictione
625 1986 972 2050 pugnandum
988 2018 1000 2030 .

201 2072 339 2124 Item
374 2067 737 2139 Augustinus
766 2067 820 2120 in
850 2066 1243 2121 Enchiridione
1278 2084 1291 2121 :
1331 2068 1525 2123 Utrum
1563 2081 1757 2138 repro—

138 2158 339 2215 borum
363 2172 619 2223 corpora
658 2171 788 2210 cum
819 2157 973 2210 vitiis
1002 2157 1120 2211 sui:
1150 2159 1472 2225 resurgant.
1506 2154 1758 2223 Quicun-

141 2262 251 2319 que
278 2246 353 2302 ab
384 2246 484 2299 illa
516 2243 840 2314 perditionis
870 2260 1069 2309 massa,
1103 2260 1223 2315 quas
1254 2243 1396 2298 facta
1418 2252 1500 2297 est
1529 2260 1627 2312 per
1658 2245 1761 2299 ho-

136 2335 343 2390 minem
378 2332 654 2404 primum,
690 2348 795 2385 non
832 2331 1134 2387 liberantur
1172 2347 1273 2404 per
1303 2348 1467 2387 unum
1498 2332 1763 2387 Mediato-

139 2439 257 2479 rem
290 2422 395 2478 Dei
430 2430 488 2475 et
517 2420 822 2488 hominum,
872 2430 1156 2490 resurgant
1210 2420 1427 2491 quidem
1470 2422 1630 2475 etiam
1662 2420 1764 2492 ipsi

141 2510 537 2582 unusquisque
569 2523 697 2563 cum
727 2524 842 2575 sua,
876 2508 978 2563 sed
1006 2515 1063 2563 ut
1092 2523 1217 2563 cum
1268 2508 1485 2563 diabolo
1512 2517 1564 2563 et
1589 2524 1765 2581 ange-

143 2599 213 2656 lis
242 2600 366 2670 ejus
396 2598 728 2671 puniantur.
770 2598 957 2653 Utrum
998 2612 1131 2653 sane
1180 2596 1284 2669 ipsi
1330 2611 1453 2653 cum
1484 2598 1627 2653 vitiis
1656 2598 1769 2653 suis

1866 2044 1969 2098 pus
1997 2025 2529 2097 anima'relinquere
2580 2024 3082 2095 nonqpermittitur,
3131 2025 3338 2081 homini
3366 2041 3468 2081 δαί

1867 2121 2108 2189 cidissct,
2170 2122 2213 2175 si
2268 2138 2432 2177 nemo
2488 2130 2787 2191 peccasset.
2837 2122 3118 2177 Mitissima
3171 2138 3303 2178 sane
3349 2139 3475 2178 om-

1870 2220 2019 2273 nium
2049 2234 2206 2289 pcena
2238 2220 2343 2273 erit
2374 2234 2564 2274 eorum
2605 2219 2697 2290 qui
2745 2228 2946 2290 praeter
2990 2227 3291 2291 peccatum,
3327 2220 3474 2292 quod

1872 2317 2141 2389 originale
2172 2323 2469 2383 traxerunt,
2522 2316 2729 2371 nullum
2776 2317 3006 2387 insuper
3039 2316 3389 2386 addiderunt,
3424 2325 3479 2373 et

1874 2416 1931 2469 in
1960 2414 2173 2468 caeteris
2198 2429 2317 2484 qua:
2347 2411 2691 2481 addiderunt,
2728 2420 2875 2468 tanto
2906 2413 3136 2485 quisque
3168 2413 3239 2468 ibi
3271 2413 3479 2469 tolera-

1876 2506 2127 2562 biliorem
2158 2506 2379 2561 habebit
2427 2506 2853 2576 damnationem,
2886 2513 3087 2580 quanto
3134 2507 3224 2565 hic
3258 2507 3482 2565 habebit

1878 2603 2148 2661 minorem
2168 2604 2527 2677 iniquitatem.
2565 2627 2587 2653 ιι

1236 2959 1363 3063 ΙΝ
1460 2959 2452 3068 ROGATIONIBUS.

1457 3168 1858 3238 Secundum
1911 3171 2190 3238 Lucam.

234 3435 257 3460 α
290 3410 434 3480 Quis
467 3415 722 3464 vestrum
752 3403 974 3462 habebit
999 3404 1257 3472 amicum,
1291 3412 1344 3461 et
1382 3405 1478 3461 ibit
1506 3405 1575 3462 ad
1615 3406 1768 3462 illum
1799 3405 1848 3471 C
1875 3407 2201 3480 interrogat,
2234 3412 2287 3463 et
2317 3413 2372 3462 tu
2402 3404 2628 3463 Paulum
2658 3406 2748 3463 vel
2780 3408 2997 3464 Petrum
3028 3424 3136 3465 non
3167 3398 3366 3465 sineris
3396 3405 3484 3465 in-

158 3498 212 3554 in
237 3499 423 3554 media
454 3505 643 3561 nocte,
676 3503 729 3551 et
756 3494 905 3551 dicet
935 3494 1007 3547 illi
1038 3511 1052 3549 :
1086 3494 1301 3561 Amice,
1333 3490 1618 3549 commOda
1644 3494 1773 3550 mihi

159 3572 267 3644 tres
296 3603 497 3661 panes,
534 3584 792 3658 quoniam
840 3580 1052 3638 amicus
1100 3598 1255 3638 meus
1303 3583 1452 3637 venit
1491 3584 1559 3639 de
1589 3583 1677 3638 via
1704 3583 1787 3638 ad

161 3693 271 3743 me,
302 3686 498 3732 etnon
530 3672 712 3729 habeo
763 3671 910 3744 quod
960 3687 1157 3742 ponam
1207 3680 1327 3727 ante
1358 3671 1534 3726 illum.
1592 3673 1658 3727 Et
1686 3672 1776 3727 ille

163 3766 378 3821 deintus
428 3764 581 3818 dicat
624 3781 635 3817 :
688 3762 810 3817 Noli
858 3760 991 3814 mihi
1040 3759 1302 3814 molestus
1353 3775 1503 3815 esse.
1556 3760 1673 3814 Jam
1718 3776 1779 3816 o-

166 3855 327 3909 stium
356 3852 615 3909 clausum
646 3855 749 3915 est,
782 3857 838 3904 et
867 3844 1019 3919 pueri
1048 3849 1155 3903 mei
1201 3864 1409 3903 mecum
1442 3856 1566 3903 sunt
1595 3848 1648 3903 in
1680 3864 1779 3905 cu-

167 3943 285 3998 bili.
324 3943 452 3998 Non
494 3955 725 4012 possum
770 3954 1000 4011 surgere
1057 3945 1115 3992 et
1155 3936 1289 3991 dare
1339 3936 1452 3992 tibi.
1504 3936 1573 3993 Et
1621 3937 1666 3992 si
1692 3936 1783 3993 ille

167 4029 623 4104 perseveraverit
652 4026 897 4099 pulsans,
942 4024 1066 4082 dico
1111 4024 1288 4092 vobis,
1337 4033 1390 4081 et
1420 4025 1465 4081 si
1496 4042 1605 4081 non
1635 4026 1784 4081 dabit

170 4120 251 4177 illi
279 4135 548 4192 surgens,
584 4132 649 4173 eo
680 4114 821 4188 quod
856 4114 1060 4171 amicus
1082 4112 1169 4178 sit,
1202 4122 1428 4185 propter
1456 4113 1784 4185 improbita-

173 4195 278 4266 tem
311 4217 505 4264 tamen
540 4206 665 4276 ejus
695 4211 900 4276 surget,
943 4211 995 4259 et
1021 4201 1167 4257 dabit
1205 4200 1287 4256 illi
1333 4211 1599 4274 quotquot
1621 4204 1788 4258 habet

176 4297 535 4355 necessarios
569 4295 728 4362 (Luc.
768 4286 870 4363 xi).
914 4314 935 4340 υ
970 4290 1200 4360 Quidam
1231 4290 1303 4345 ibi
1336 4290 1538 4349 faciunt
1560 4291 1789 4347 intene-

178 4388 460 4461 gationem
491 4399 504 4439 :
546 4406 569 4431 α
603 4383 727 4437 Non
757 4396 982 4453 possum
1012 4395 1247 4451 surgere
1269 4387 1321 4435 et
1349 4380 1482 4436 dare
1513 4380 1666 4446 tibi,»
1694 4378 1788 4453 sed

182 4476 345 4532 etiam
376 4482 556 4530 totum
588 4469 878 4542 capitulum
898 4468 1001 4524 sub
1022 4484 1130 4523 uno
1151 4484 1317 4524 versu
1349 4468 1428 4525 sic
1446 4467 1554 4542 legi
1576 4476 1788 4540 potest:

184 4564 319 4633 Quis
345 4564 519 4619 homo
550 4567 638 4616 est
670 4582 692 4608 ι
725 4559 770 4614 si
815 4558 938 4630 quis
984 4566 1220 4613 vestrum
1269 4557 1490 4612 habebit
1535 4558 1789 4624 amicum,

186 4662 329 4721 etc.,
381 4659 435 4708 et
484 4649 533 4706 si
585 4646 676 4704 ille
728 4640 943 4703 deintus
981 4645 1131 4702 dicat
1162 4664 1177 4702 :
1207 4645 1334 4702 Noli
1372 4646 1503 4701 mihi
1532 4646 1795 4702 molestus

1886 3503 2192 3568 terrOgare,
2226 3495 2352 3569 quia
2368 3496 2482 3566 jam
2528 3496 2826 3569 requiescit
2872 3495 2977 3554 ista
3000 3496 3199 3553 familia
3227 3513 3350 3555 cum
3373 3499 3485 3553 Do-

1887 3585 2035 3639 mino
2082 3600 2197 3642 suo.
2248 3584 2423 3639 Media
2460 3600 2565 3640 nox
2618 3593 2699 3641 est
2755 3584 2930 3640 valida
2978 3585 3309 3658 ignorantia.
3357 3585 3483 3642 Non

1887 3673 2011 3729 ideo
2042 3673 2379 3728 deserendus
2410 3682 2492 3728 est
2521 3672 2731 3729 amicus
2781 3673 3050 3741 esuriens,
3102 3675 3192 3747 qui
3224 3683 3275 3731 te
3302 3682 3484 3748 urget,

1890 3760 1985 3818 sed
2019 3755 2237 3833 pulSare
2261 3762 2434 3817 debes
2456 3762 2523 3816 ad
2555 3762 2729 3833 ipsum
2760 3762 3075 3830 Dominum,
3108 3778 3232 3819 cum
3262 3780 3369 3836 quo
3396 3779 3489 3820 ca-

1889 3850 2047 3921 piens
2085 3849 2285 3905 familia
2334 3838 2647 3921 requieScit.
2702 3849 2807 3919 Qui
2856 3850 2902 3906 si
2947 3849 3126 3907 differt
3166 3852 3322 3920 dare,
3376 3851 3489 3909 vult

1891 3948 2070 3994 tamen
2107 3957 2120 3994 :
2153 3942 2247 3995 sed
2281 3938 2394 3993 vult
2425 3946 2483 3993 ut
2530 3938 2765 4010 amplius
2808 3938 3089 3996 desideres
3124 3940 3368 4007 dilatum,
3418 3956 3489 3996 ne

1891 4029 2120 4083 vilescat
2149 4028 2254 4083 cito
2284 4026 2495 4083 datum.
2534 4027 2666 4083 Cum
2716 4036 2895 4083 autem
2940 4028 3256 4099 perveneris
3303 4028 3369 4084 ad
3400 4028 3491 4084 in-

1896 4116 2251 4188 telligentiam
2316 4115 2621 4182 Trinitatis,
2686 4116 2853 4171 habes
2931 4123 3040 4172 tres
3110 4132 3282 4188 panes
3349 4117 3495 4173 unde

1894 4222 2095 4275 pascas
2112 4205 2346 4261 amicum
2368 4205 2740 4275 peregrinum.
2755 4205 2843 4261 Nil
2859 4204 3050 4260 melius
3071 4221 3231 4276 quam
3253 4206 3497 4277 seipsum

1897 4294 1988 4349 dat
2019 4294 2113 4348 tibi
2142 4294 2312 4351 Deus.
2344 4292 2444 4348 Vel
2471 4292 2583 4349 ita:
2616 4293 2839 4349 Amicus
2873 4291 2961 4365 qui
2994 4294 3152 4349 venit
3180 4294 3250 4351 de
3279 4295 3365 4351 via
3391 4310 3499 4350 no-

1898 4392 2014 4439 ster
2038 4390 2125 4438 est
2153 4382 2387 4449 animus,
2420 4381 2514 4454 qui
2558 4381 2715 4437 toties
2763 4396 2799 4436 a
2844 4380 3003 4437 nobis
3052 4383 3260 4438 recedit
3280 4384 3501 4455 quoties

1900 4472 1970 4528 ad
1994 4471 2300 4543 appetenda
2329 4479 2545 4526 terrena
2577 4469 2706 4526 foris
2754 4476 3002 4543 vagatur.
3036 4472 3197 4528 Redit
3224 4488 3357 4528 vero
3385 4488 3502 4529 cm-

1901 4561 2131 4633 lestique
2158 4559 2413 4616 alimonia
2441 4558 2590 4615 refici
2627 4557 2924 4626 desiderat,
2959 4576 3085 4615 curn
3133 4559 3189 4615 in
3221 4577 3282 4617 se
3312 4577 3504 4617 rever-

1905 4667 1998 4705 sus
2028 4665 2263 4721 superna
2288 4663 2354 4704 ac
2384 4646 2655 4718 Spiritalia
2683 4647 2914 4718 casperit
2949 4646 3233 4704 meditari.
3283 4650 3363 4704 De
3394 4665 3507 4722 quo

188 4758 331 4808 esse,
367 4749 501 4827 etc.,
538 4745 594 4793 et
623 4736 671 4792 si
698 4734 793 4793 ille
838 4735 1274 4807 perseveraverit
1316 4735 1556 4807 pulsans,
1603 4744 1731 4806 etc.,
1768 4737 1801 4785 η’
1828 4772 1883 4835 D
1911 4746 2103 4810 petens
2131 4736 2356 4809 pulchre
2383 4735 2634 4809 adjungit
2662 4750 2770 4790 non
2819 4750 2883 4790 se
2929 4735 3136 4791 habere
3165 4736 3309 4808 quod
3338 4746 3509 4808 ponat

190 4831 293 4886 nisi
349 4826 615 4886 Salvator
669 4824 762 4898 qui
819 4840 931 4880 non
998 4825 1162 4881 modo
1217 4824 1450 4880 formam
1517 4823 1800 4893 orationis,

194 4921 291 4976 sed
320 4916 643 4973 instantiam
690 4913 1165 4986 frequentiamque
1212 4914 1438 4968 tradidit
1481 4913 1673 4969 orandi
1704 4929 1803 4968 us-

197 5017 313 5077 que
341 5004 411 5058 ad
444 4997 1286 5068 similitudinemimprobitatis?
1315 4998 1459 5053 Usus
1489 5005 1573 5053 est
1604 5012 1803 5054 exem-

199 5093 291 5164 plo
315 5108 350 5147 a
379 5088 682 5153 contrario,
716 5086 855 5143 sicut
894 5086 964 5142 de
1005 5086 1097 5143 illo
1133 5086 1322 5155 judice
1373 5086 1466 5159 qui
1505 5102 1606 5143 nec
1637 5087 1809 5141 Deum

201 5182 451 5247 timebat,
479 5193 587 5234 nec
631 5176 880 5231 homines
924 5176 1295 5241 reverebatur,
1342 5184 1393 5229 et
1440 5184 1616 5232 tamen
1648 5175 1811 5231 taedio

203 5271 376 5327 victus
406 5266 710 5324 vindicavit
738 5264 956 5320 viduam
988 5266 1143 5332 (Luc.
1176 5267 1368 5333 xvur).
1422 5265 1576 5320 Venit
1605 5263 1815 5320 amicus

209 5358 276 5414 de
297 5359 405 5423 via,
466 5357 541 5411 de
581 5354 693 5409 vita
748 5352 911 5422 hujus
967 5353 1151 5409 saeculi
1193 5352 1337 5407 mala
1376 5368 1485 5407 non
1527 5353 1815 5408 inveniens

212 5447 501 5511 veritatem
537 5459 646 5514 qua
675 5443 871 5497 beatus
903 5440 1019 5497 ﬁat.
1062 5442 1217 5498 Venit
1249 5441 1317 5495 ad
1346 5449 1397 5496 te
1430 5441 1815 5511 Christianum,

214 5545 267 5593 et
294 5535 425 5592 dicit
457 5552 475 5603 :7
504 5530 699 5589 Redde
726 5530 856 5586 mihi
886 5530 1171 5598 rationem,
1204 5538 1257 5585 et
1305 5528 1429 5583 fiam
1461 5528 1818 5585 Christianus.

217 5625 530 5697 lnterrogat
574 5630 628 5675 te
660 5619 803 5691 quod
848 5618 1077 5674 forsitan
1126 5618 1326 5687 nescis,
1375 5626 1428 5674 et
1472 5633 1578 5673 non
1610 5624 1695 5673 est
1724 5616 1822 5672 tibi

221 5714 371 5769 unde
400 5710 626 5768 reficias
657 5708 1009 5774 esurientem,
1042 5707 1138 5763 sed
1158 5700 1281 5763 cum
1312 5707 1399 5761 vis
1429 5706 1629 5762 docere
1659 5721 1824 5776 coge-

225 5800 301 5879 ris
331 5813 576 5870 discere.
636 5807 738 5864 Ubi
772 5798 976 5883 disces,
1023 5805 1127 5861 nisi
1166 5806 1221 5861 in
1263 5803 1556 5861 dominicis
1603 5803 1754 5860 libris
1797 5803 1828 5859 τ

229 5898 336 5968 Sed
367 5894 621 5968 fortassis
650 5904 703 5962 in
733 5898 903 5962 libris
931 5889 1165 5961 obscure
1206 5892 1439 5976 positum
1481 5910 1564 5958 est
1589 5898 1735 5975 quod
1766 5903 1821 5957 te

1912 4837 2038 4885 ante
2068 4827 2241 4893 illum,
2285 4825 2502 4897 quando
2544 4824 2598 4879 in
2635 4831 2843 4879 tantum
2885 4832 3103 4880 secutus
3152 4833 3233 4881 est
3279 4826 3511 4883 saecula-

1912 4918 2011 4983 ria,
2044 4924 2229 4971 utnec
2270 4914 2371 4969 sibi
2420 4912 2683 4984 pabulum
2729 4912 2926 4967 habeat
2973 4912 3143 4967 divini
3186 4912 3362 4981 verbi,
3409 4931 3511 4971 nec

1916 5006 2071 5062 alteri
2101 5019 2133 5060 a
2164 5020 2223 5059 se
2252 5002 2477 5074 petenti.
2511 5000 2578 5057 Et
2608 5000 2730 5073 quia
2754 5016 2855 5056 nec
2877 5016 2909 5054 a
2930 5017 2989 5056 se
3023 5016 3124 5056 nec
3143 5001 3212 5056 ab
3232 5000 3343 5058 alio
3370 5002 3515 5059 valet

1915 5095 2121 5150 habere
2150 5092 2473 5157 doctrinam,
2504 5089 2607 5144 nisi
2638 5106 2734 5161 per
2762 5096 2997 5159 gratiam
3030 5090 3147 5156 Dei,
3183 5106 3212 5144 a
3245 5092 3362 5146 Deo
3408 5108 3515 5147 ne-

1922 5199 2080 5241 cesse
2109 5186 2194 5238 est
2239 5196 2364 5236 eum
2416 5178 2668 5251 ﬂagitare
2710 5178 2766 5233 in
2810 5186 2969 5235 nocte
3011 5177 3371 5234 tribulationis
3401 5188 3517 5236 tres

1921 5288 2113 5345 panes,
2144 5270 2199 5326 id
2229 5277 2313 5325 est
2348 5268 2760 5341 intelligentiam
2800 5266 3097 5334 Trinitatis,
3133 5285 3237 5339 qua
3267 5285 3518 5339 praesen-

1924 5362 1994 5417 tis
2021 5361 2145 5417 vita:
2175 5358 2526 5415 consolentur
2573 5356 2818 5413 labores.
2876 5356 3087 5412 Ostium
3119 5357 3281 5414 amici
3308 5357 3522 5414 intelli-

1926 5451 2112 5524 gentia
2155 5456 2238 5504 est
2291 5446 2459 5502 divini
2506 5445 2792 5514 sermonis,
2837 5462 2960 5517 quae
3007 5445 3187 5502 clausa
3235 5454 3318 5502 est
3368 5447 3524 5505 omni

1928 5556 2038 5596 non
2068 5534 2409 5610 intelligenti,
2441 5534 2616 5591 donec
2664 5533 2941 5605 aperiatur
2985 5534 3053 5607 ei.
3086 5535 3244 5592 Unde
3273 5535 3525 5607 Aposto-

1930 5630 2037 5695 lus,
2094 5625 2291 5697 aperiri
2350 5623 2451 5678 sibi
2506 5618 2627 5680 orat
2681 5623 2750 5678 ad
2816 5622 3147 5693 loquendum
3206 5626 3528 5698 mysterium

1933 5716 2129 5775 Christi
2159 5713 2384 5787 (Colon;
2402 5712 2501 5783 iv).
2530 5734 2553 5760 α
2576 5711 2701 5767 Noli
2718 5710 2847 5767 mihi
2870 5712 3136 5768 molestus
3157 5729 3334 5770 esse.»
3361 5714 3531 5783 Quasi

1935 5808 2084 5863 Deus
2113 5804 2260 5861 dicat
2293 5821 2305 5857 :
2341 5801 2397 5858 Si
2440 5801 2523 5856 vis
2568 5800 2816 5873 recipere
2853 5800 2997 5873 quod
3046 5802 3207 5874 petis,
3257 5803 3368 5859 noli
3398 5802 3533 5860 mihi

1936 5894 2172 5967 amplius
2216 5890 2519 5949 molestiam
2564 5889 2794 5947 inferre.
2853 5889 3014 5959 Noli,-
3054 5896 3114 5945 ut
3155 5890 3421 5948 hactenus
3446 5889 3529 5945 fa-
