3924 6400
421 347 524 406 963

1555 334 1915 393 WERNERH
1956 334 2240 393 ABBATIS
2279 335 2336 393 S.
2379 335 2596 392 BLASII

3629 329 3733 385 964

421 472 562 538 cisti,
594 485 684 526 me
713 464 1070 525 saecularibus
1097 469 1447 538 postponere.
1490 462 1786 518 Revertere
1813 459 1878 514 ad
1909 476 2020 530 me,
2051 461 2108 520 A
2137 461 2232 530 ait,
2265 483 2288 508 α
2322 459 2475 517 dabit
2503 458 2762 531 Spiritum
2793 457 2997 514 bonum
3016 480 3040 506 ι
3073 470 3176 530 pro
3193 469 3302 530 quo
3328 454 3734 526 Matthenspo-

421 569 474 619 et
510 577 614 634 ego
653 565 894 616 revertar
929 555 994 610 ad
1044 563 1113 611 te.
1157 555 1287 609 Pete
1336 560 1395 607 ut.
1441 551 1630 618 debes,
1682 556 1735 604 et
1782 564 1888 621 ego
1929 547 2030 604 tibi

420 651 545 725 plus
573 649 721 706 dabo
753 661 913 719 quam
937 660 1148 716 speres.
1177 663 1199 695 α
1227 642 1352 697 Non
1373 655 1596 713 possum
1618 653 1902 711 surgere,»
1925 638 2030 692 hoc

422 748 505 798 est
533 755 640 795 non
672 753 891 809 possum
923 741 975 790 te
997 733 1256 803 adjuvare
1287 747 1385 802 per
1420 729 1706 800 justitiam,
1739 727 1844 782 nisi
1872 735 2030 800 petas

423 847 523 903 per
550 827 712 884 ﬁdem
743 833 965 881 rectam.
995 823 1230 896 Surgere
1263 819 1360 876 Dei
1406 818 1741 889 adjutorium
1773 817 1893 886 ejus
1924 823 2027 871 est.

423 918 682 990 Quamvis
715 913 977 973 Dominus
1017 927 1126 967 non
1177 909 1266 966 det
1300 907 1528 980 petenti,
1582 907 1854 976 adjuvans
1883 905 2031 960 illico

425 1023 569 1078 eum,
617 1006 742 1060 ideo
791 1002 938 1075 quod
995 1001 1205 1056 amicus
1262 997 1382 1068 ejus
1429 999 1518 1064 sit,
1567 995 1868 1052 secundum
1927 995 2032 1050 hoc

423 1097 568 1172 quod
597 1101 849 1153 creatura
880 1093 1001 1164 ejus
1032 1097 1134 1156 est,
1168 1104 1277 1145 non
1310 1100 1495 1143 tamen
1548 1092 1841 1158 propterea
1871 1081 2032 1139 intel-

419 1171 680 1259 ligendus
709 1189 793 1238 est
820 1196 1028 1253 negare
1077 1175 1534 1239 misericordiam,
1580 1175 1678 1230 sed
1709 1171 1931 1229 differre
1961 1171 2032 1228 ad

423 1275 722 1352 gratiorem
752 1270 1145 1343 receptionem,
1177 1275 1232 1323 et
1278 1266 1350 1323 ad
1394 1263 1779 1322 inculcandam
1810 1262 2032 1334 petitio-

422 1379 569 1422 nem.
604 1361 763 1420 Unde
811 1357 1104 1431 sequitur:
1160 1379 1183 1405 α
1231 1357 1462 1427 Propter
1506 1352 1913 1426 improbitatem
1953 1359 2033 1406 ta-

423 1470 547 1512 men
579 1451 721 1523 ejus,
759 1474 780 1499 »
829 1454 931 1504 hoc
977 1455 1061 1504 est
1117 1453 1348 1518 propter
1377 1443 1707 1515 [instantiam
1751 1439 2031 1513 petitionis

426 1545 561 1613 ejus,
595 1565 620 1591 α
656 1537 934 1611 adjuvabit
985 1551 1135 1602 eum,
1185 1542 1240 1590 et
1295 1533 1445 1590 dabit
1491 1532 1568 1588 illi
1616 1529 1958 1587 necessaria.
2003 1552 2026 1577 η

423 1632 552 1689 Vult
575 1632 729 1687 Deus
760 1627 997 1684 ﬁdeliter
1027 1624 1139 1698 peti
1167 1637 1199 1678 a
1227 1638 1288 1680 se
1319 1622 1466 1695 quod
1492 1619 1764 1694 disposuit
1791 1617 2030 1690 petenti-

421 1723 524 1778 bus
555 1733 789 1793 erogare
801 1755 818 1774 .

498 1863 521 1890 ιι
554 1839 621 1894 Et
663 1851 768 1910 ego
811 1832 968 1891 vobis
1015 1832 1140 1889 dico
1191 1850 1204 1887 :

425 1929 652 2007 quierite
681 1935 740 1983 et
768 1923 1076 1990 invenietis,
1126 1920 1339 1992 pulsate
1385 1928 1439 1976 et
1467 1918 1747 1991 aperietur
1782 1917 1966 1972 vobis.
2005 1938 2026 1965 η

425 2004 597 2090 Quasi
623 2014 819 2088 aliquis
847 2012 1059 2069 diceret
1091 2029 1106 2066 :
1137 2009 1280 2079 Quid
1303 2016 1552 2065 sanctum
1582 2015 1738 2063 vetas
1765 2021 1867 2062 nos
1895 2004 2032 2060 dare

423 2107 675 2172 canibus,
703 2119 828 2161 cum
857 2101 1037 2158 adhuc
1078 2097 1213 2154 nihil
1262 2097 1498 2154 sciamus
1524 2097 1553 2150 ?
1602 2095 1734 2152 Ideo
1781 2095 2032 2151 hortatur

423 2206 610 2272 petere
641 2191 910 2266 spiritalia
941 2189 1032 2262 qui
1079 2187 1326 2246 carnalia
1373 2201 1540 2255 supra
1565 2192 1814 2242 vetuerat
1837 2191 2032 2254 postu-

422 2271 547 2343 lari.
581 2283 774 2340 Petilio
803 2279 1038 2351 pertinet
1067 2279 1134 2334 ad
1177 2276 1575 2349 impetrandam
1625 2276 1914 2328 sanitatem
1947 2271 2034 2327 fir-

421 2377 776 2446 mitatemque
804 2369 992 2432 animi,
1023 2376 1172 2424 utea
1202 2382 1327 2440 quae
1377 2363 1769 2437 praecipiuntur
1803 2362 2032 2432 implere

423 2465 727 2539 possimus.
790 2458 1075 2532 Inquisitio
1131 2455 1202 2512 ad
1271 2453 1661 2512 inveniendam
1718 2452 2028 2519 veritatem,

425 2553 659 2628 pulsatio
710 2549 776 2605 ad
836 2543 1273 2620 possessionem.
1337 2544 1418 2598 Ad
1476 2543 1596 2600 haec
1644 2540 1752 2596 tria
1794 2540 2032 2597 manile-

427 2643 618 2700 standa
639 2653 914 2712 ponamus
945 2636 1182 2707 aliquem
1213 2633 1444 2688 infirmis
1475 2631 1708 2704 pedibus
1757 2629 2034 2687 ambulare

426 2748 536 2789 non
566 2744 758 2804 posse.
793 2728 951 2782 Prius
978 2740 1114 2798 ergo
1146 2722 1424 2779 sanandus
1451 2725 1555 2789 est,
1576 2728 1632 2776 et
1652 2720 1722 2775 ad
1737 2719 1845 2777 hoc
1869 2718 2034 2792 perti-

427 2829 521 2878 net
548 2827 757 2892 petere.
790 2815 898 2872 Sed
927 2814 1060 2886 quid
1107 2813 1332 2884 prodest
1373 2811 1489 2882 jam
1536 2824 1704 2882 posse
1731 2809 2030 2876 ambulare,

427 2910 476 2966 si
507 2909 652 2966 viam
703 2905 897 2961 nescit.
946 2904 1069 2959 Non
1113 2899 1400 2973 perveniet
1444 2914 1554 2971 quo
1602 2899 1764 2955 vult:
1815 2898 1887 2954 ad
1928 2898 2034 2955 hoc

425 2998 660 3072 pertinet
689 3008 963 3068 quaerere.
1001 2991 1055 3046 Si
1105 3005 1239 3046 vero
1291 2989 1474 3045 locum
1501 2986 1594 3043 ubi
1638 2986 1753 3043 vult
1780 2987 2035 3044 habitare

425 3089 668 3146 clausum
690 3082 1090 3150 invenerit,non
1108 3079 1347 3152 proderit
1364 3078 1414 3134 ei
1434 3076 1746 3134 ambulasse
1761 3092 1826 3132 ac
1844 3091 2037 3148 perve-

2139 548 2266 617 suit,
2302 571 2324 598 α
2357 549 2510 604 dabit
2539 549 2684 603 bona
2715 546 2936 616 (Matth.
2978 546 3093 617 vn),
3130 565 3153 597 ι
3200 543 3438 601 ostendit
3469 542 3734 615 Spiritum

2139 647 2387 695 sanctum
2430 638 2845 693 distributorem
2884 636 3127 692 omnium
3166 634 3427 690 bonorum
3477 631 3737 704 spiritua-

2137 727 2290 783 lium.
2360 728 2806 800 (Avcusrmus.)
2880 725 3114 796 Mystice
3189 723 3344 795 panis
3415 720 3740 793 intelligitur

2139 817 2372 876 cbaritas
2401 824 2626 888 propter
2652 815 2949 888 appetitum
2979 822 3093 869 tam
3123 811 3516 879 necessarium,
3537 819 3594 865 ut
3617 809 3740 865 sine

2135 907 2231 963 illa
2276 915 2477 964 caetera
2532 905 2662 960 nihil
2722 905 2851 969 sint,
2910 904 3050 959 sicut
3095 903 3214 958 sine
3263 917 3405 973 pane
3447 901 3603 972 inops
3653 905 3741 955 est

2137 1013 2352 1052 mensa.
2391 995 2490 1050 Cui
2513 994 2786 1052 contraria
2815 1001 2902 1051 est
2931 992 3116 1050 cordis
3145 991 3341 1047 duritia
3380 1005 3542 1062 quam
3568 986 3739 1060 lapidi

2137 1085 2496 1158 comparavit.
2533 1084 2702 1140 Piscis
2731 1089 2818 1140 est
2842 1081 2980 1138 ﬁdes
3009 1079 3386 1138 invisibilium.
3410 1079 3560 1135 Sicut
3588 1077 3738 1133 enim

2137 1175 2312 1248 piscis
2341 1175 2441 1230 sub
2491 1180 2813 1247 tegumenta
2869 1185 3134 1245 aquarum
3189 1169 3449 1235 nascitur,
3504 1167 3637 1224 vivit
3682 1174 3741 1223 et

2137 1264 2300 1320 alitur
2331 1278 2345 1318 :
2376 1263 2451 1318 ita
2478 1256 2636 1330 ﬁdes,
2671 1262 2858 1334 quasin
2883 1262 3061 1316 Deum
3084 1266 3185 1325 est,
3210 1258 3264 1313 in
3286 1257 3453 1314 corde
3482 1255 3740 1311 invisibi-

2136 1354 2260 1410 liter
2285 1353 2547 1426 gignitur,
2604 1351 2871 1407 invisibili
2927 1349 3105 1422 gratia
3161 1346 3392 1420 Spiritus
3420 1361 3519 1417 per
3563 1357 3740 1416 aquas

2139 1443 2394 1515 baptismi
2424 1449 2797 1507 consecratur,
2829 1437 3091 1495 invisibili
3125 1436 3324 1493 auxilio
3375 1435 3570 1492 divinae
3598 1447 3737 1505 pro-

2137 1531 2387 1589 tectionis
2411 1547 2480 1588 ne
2526 1529 2744 1586 deficiat
2797 1529 3050 1594 nutritur,
3081 1525 3345 1582 invisibili
3388 1521 3741 1596 prmmiorum

2135 1621 2331 1678 intuitu
2396 1620 2540 1677 bene
2597 1626 2877 1692 operatur.
2943 1616 3102 1687 Quod
3167 1615 3330 1672 etiam
3386 1612 3524 1668 ﬁdes
3581 1609 3742 1681 hujus

2136 1711 2324 1768 mundi
2363 1709 2618 1766 fluctibus
2659 1706 3063 1766 circumlatrata
3103 1720 3214 1760 non
3262 1699 3546 1776 frangitur,
3585 1705 3742 1756 recte

1256 1829 1424 1887 ρθιίιε
1461 1833 1518 1886 ει
1572 1826 1792 1883 ἀρδίων
1841 1824 2023 1897 vobis,
2057 1829 2110 1890 Β
2140 1802 2281 1874 pisci
2311 1807 2690 1872 comparatur.
2859 1795 3196 1897 contrarium
3215 1793 3411 1892 posuit.
3427 1793 3741 1890 serpentem

2139 1899 2369 1964 propter
2432 1905 2644 1946 venena
2718 1885 3070 1953 infidelitatis,
3138 1899 3259 1956 qua:
3341 1881 3503 1938 etiam
3566 1879 3741 1952 primo

2139 1979 2345 2037 homini
2401 1978 2546 2034 male
2602 1975 2886 2032 suadendo
2964 1971 3378 2047 proseminavit.
3435 1968 3572 2041 Spes
3635 1981 3740 2024 ovo

2140 2075 2493 2140 comparatur
2528 2081 2541 2121 :
2581 2065 2827 2121 nondum
2870 2062 3017 2120 enim
3065 2063 3318 2135 pervenit
3361 2057 3430 2115 ad
3460 2073 3593 2126 rem,
3624 2055 3741 2113 sic-

2139 2167 2198 2214 ut
2226 2173 2386 2214 ovum
2438 2155 2686 2212 nondum
2729 2162 2813 2210 est
2871 2152 3069 2225 pullus,
3111 2150 3209 2207 sed
3264 2147 3496 2207 fovendo
3542 2161 3742 2219 spera-

2141 2257 2246 2304 tur.
2270 2246 2368 2303 Cui
2399 2245 2736 2302 contrarium
2782 2242 2961 2316 posuit
3011 2239 3374 2313 scorpionem,
3416 2236 3567 2306 cuius
3603 2249 3742 2292 acu-

2140 2337 2261 2394 leus
2290 2343 2594 2392 venenatus
2626 2338 2776 2389 retro
2827 2331 3100 2388 timendus
3149 2336 3251 2396 est,
3285 2327 3423 2384 sicut
3459 2325 3574 2398 spei
3603 2340 3740 2382 con-

2139 2425 2362 2483 trarium
2393 2432 2477 2480 est
2524 2431 2667 2480 retro
2713 2421 2994 2496 respicere
3036 2435 3161 2478 cum
3217 2433 3343 2492 spes
3382 2416 3439 2473 in
3469 2414 3739 2472 anteriora

2141 2516 2288 2573 bona
2310 2513 2662 2572 extendatur.

2463 2667 2702 2726 SERMO
2740 2667 2816 2726 IN
2854 2661 3384 2724 ROGATIONIBUS
3397 2702 3412 2720 .

2220 2845 2244 2872 α
2279 2818 2438 2879 Oculi
2482 2812 2704 2874 Domini
2744 2827 2912 2884 super
2950 2810 3151 2882 justos,
3207 2813 3263 2863 et
3317 2819 3478 2860 aures
3519 2800 3636 2873 ejus
3681 2798 3736 2855 in

2143 2928 2337 2987 preces
2362 2923 2554 2967 eorum
2577 2903 2752 2977 (Psal.
2785 2900 3000 2971 xxxiii).
3022 2921 3045 2948 ι»
3081 2897 3185 2967 Qui
3213 2913 3244 2987 a
3274 2894 3426 2951 malo
3444 2891 3735 2987 declinant,

2142 2978 2550 3066 iornicationes,
2584 2991 2880 3058 adulteria,
2929 2988 3184 3062 periuria,
3216 2984 3379 3053 furta,
3411 2982 3551 3038 falsa
3579 2978 3736 3036 testi-

2143 3091 2351 3157 monia,
2378 3096 2432 3145 et
2455 3086 2541 3141 his
2571 3080 2772 3139 similia
2813 3079 3079 3136 devitant.
3130 3075 3197 3132 Et
3226 3074 3318 3146 qui
3367 3071 3516 3127 bona
3541 3068 3740 3125 faciunt

419 3178 591 3240 niese,
622 3175 728 3230 nisi
756 3173 860 3229 sibi
889 3170 1170 3243 aperiatur
1211 3185 1225 3223 :
1265 3168 1336 3224 ad
1381 3169 1484 3224 hoc
1527 3165 1764 3238 pertinet
1792 3165 2029 3238 pulsare.

2151 3183 2272 3238 Deo
2299 3192 2420 3244 sua,
2454 3183 2507 3232 et
2535 3170 2850 3229 hominibus
2871 3167 3087 3224 solvunt
3110 3180 3230 3220 sua.
3255 3163 3320 3218 Hi
3342 3159 3471 3231 justi
3497 3165 3621 3214 sunt
3650 3173 3666 3212 ε
3689 3163 3742 3212 et

497 3309 522 3334 α
555 3283 645 3340 Bis
674 3281 816 3338 enim
849 3278 939 3352 qui
970 3277 1105 3350 petit
1133 3275 1355 3348 accipit,
1382 3281 1436 3331 et
1459 3273 1550 3347 qui
1580 3273 1776 3345 qurerit
1804 3271 2031 3341 invenit,

425 3382 478 3433 et
506 3371 739 3447 pulsanti
765 3368 1069 3442 aperietur.
1098 3389 1122 3416 ιι
1158 3366 1319 3422 Juxta
1350 3363 1677 3436 parabolam
1705 3362 2035 3434 postulantis

422 3463 585 3522 amici
627 3457 1036 3534 perseverantia
1086 3472 1228 3528 opus
1255 3463 1360 3511 est
1402 3464 1463 3508 ut
1501 3453 1834 3525 accipiamus
1885 3450 2033 3523 quod

421 3554 476 3610 in
509 3553 616 3608 fide
643 3549 850 3607 orando
876 3546 1139 3619 petimus,
1189 3542 1534 3601 inveniamus
1571 3541 1719 3614 quod
1751 3557 1848 3611 spe
1877 3546 2032 3596 recte

419 3641 656 3700 vivendo
695 3637 1012 3711 qumrimus,
1051 3634 1340 3708 aperiatur
1381 3632 1438 3687 id
1476 3632 1546 3687 ad
1588 3630 1734 3704 quod
1763 3629 2030 3686 charilate

421 3733 730 3805 pulsemus.
771 3727 868 3784 Cui
898 3733 1082 3781 autem
1114 3740 1226 3778 non
1257 3722 1423 3778 datur
1456 3728 1700 3792 apparet,
1737 3719 1861 3792 quia
1891 3718 2032 3774 bene

421 3837 532 3877 non
579 3818 800 3891 petitur.
847 3817 1099 3872 Petamus
1136 3812 1320 3883 itaque
1367 3818 1422 3867 et
1466 3809 1747 3882 pulsemus
1797 3807 2028 3878 januam

421 3909 641 3976 Christi,
674 3905 744 3964 de
773 3921 883 3979 qua
913 3904 1118 3960 dictum
1149 3909 1232 3956 est
1263 3918 1280 3955 :
1332 3922 1353 3950 α
1401 3899 1533 3955 Haec
1574 3906 1730 3971 porta
1761 3895 1980 3953 Domini
2012 3910 2028 3967 ;

413 3997 550 4070 justi
576 3996 858 4052 intrabunt
890 4008 990 4064 per
1017 4006 1133 4047 eam
1166 3989 1345 4061 (Psal.
1369 4001 1563 4058 cxvn).
1591 4010 1611 4036 ι
1638 3988 1702 4042 Ut
1723 4000 1846 4042 cum
1867 3984 2033 4040 intra-

417 4088 679 4156 verimus,
711 4082 962 4156 aperiant
989 4079 1152 4137 nobis
1181 4076 1428 4134 thesauri
1455 4074 1763 4134 absconditi
1789 4074 1848 4131 in
1875 4073 2033 4132 Chri-

417 4185 502 4236 sto
530 4179 683 4244 Iesu,
713 4174 770 4230 in
790 4187 898 4246 quo
929 4177 1017 4228 est
1046 4167 1228 4227 omnis
1257 4165 1506 4224 scientia.

493 4313 518 4346 ι
551 4293 664 4348 Aut
689 4288 814 4363 quis
840 4304 908 4344 ex
938 4285 1096 4344 vobis
1131 4285 1322 4352 homo,
1354 4298 1517 4355 quem
1545 4277 1595 4338 si
1623 4278 1848 4354 petierit
1877 4276 2029 4338 ﬁlius

416 4405 547 4448 suus
575 4402 796 4462 panem,
837 4382 1085 4458 nunquid
1129 4381 1371 4454 lapidem
1417 4379 1669 4454 porriget
1702 4379 1804 4437 ei?
1831 4381 1940 4436 Aut
1979 4378 2029 4436 si

418 4490 628 4564 piscem
657 4485 813 4560 petit,
846 4481 1092 4556 nunquid
1123 4487 1436 4554 serpentem
1463 4478 1713 4553 porriget
1735 4478 1833 4536 ei?
1856 4481 1960 4535 Aut
1979 4477 2030 4534 si

416 4603 582 4646 ovum
612 4583 846 4659 petierit,
886 4579 1130 4654 nunquid
1177 4579 1427 4652 porriget
1474 4577 1524 4635 ei
1565 4576 1966 4650 scorpionem?
1996 4600 2020 4627 ιι
2056 4579 2115 4643 1)

415 4685 642 4744 Petendi
669 4679 1052 4741 conﬁdentiam
1080 4679 1311 4752 praebet,
1340 4685 1396 4734 et
1441 4674 1573 4750 quid
1627 4673 1922 4748 petendum
1950 4672 2028 4730 sit

415 4785 681 4858 explanat
709 4799 739 4837 a
767 4778 1066 4837 minoribus
1097 4777 1168 4834 ad
1215 4774 1452 4849 majora,
1486 4773 1629 4830 sicut
1669 4772 1923 4847 superius
1951 4771 2025 4829 de

413 4881 722 4944 volatilibus
749 4877 872 4936 cmli
903 4885 958 4934 et
990 4874 1138 4931 liliis.

488 5025 510 5051 ρ
547 4999 606 5057 Si
633 5012 770 5070 ergo
799 5011 898 5052 vos
927 5008 1058 5050 cum
1110 4989 1228 5047 sitis
1273 4988 1428 5060 mali,
1475 4987 1650 5045 nostis
1692 4986 1841 5044 bona
1893 4986 2026 5042 data

413 5101 545 5157 dare
575 5096 701 5154 filiis
729 5094 947 5161 vestris,
979 5097 1183 5164 quanto
1210 5088 1390 5160 magis
1419 5088 1588 5143 Pater
1613 5093 1818 5152 vester,
1849 5082 1942 5158 qui
1961 5083 2028 5139 im

413 5200 568 5258 caelis
599 5204 700 5263 est,
732 5193 882 5250 dabit
931 5190 1080 5244 bona
1127 5186 1439 5259 petentibus
1480 5199 1560 5241 se.
1596 5207 1619 5234 η
1655 5183 1827 5238 Malos
1855 5185 2030 5239 vocat

411 5296 598 5356 saeculi
643 5300 918 5350 amatores
965 5300 1194 5360 quorum
1249 5284 1395 5340 dona
1435 5282 1735 5339 secundum
1791 5295 2024 5337 sensum

411 5411 601 5454 eorum
629 5389 867 5449 dicenda
897 5393 1024 5442 sunt
1049 5384 1212 5441 bona.
1241 5382 1343 5441 Vel
1368 5382 1513 5440 bona
1541 5387 1669 5438 sunt
1695 5378 2028 5437 naturaliter

411 5493 594 5550 omnia
621 5506 745 5566 qua:
771 5491 916 5545 Deus
947 5483 1098 5542 fecit.

488 5632 511 5661 (ι
546 5607 604 5666 Si
650 5621 790 5677 ergo
835 5617 939 5659 nos
986 5615 1112 5658 cum
1161 5598 1332 5654 simus
1395 5595 1528 5655 mali
1583 5594 1718 5653 dare
1760 5592 2025 5653 novimus

410 5705 556 5778 quod
574 5701 832 5777 petimur,
855 5701 1061 5772 quanto
1075 5695 1252 5770 magis
1267 5697 1434 5752 Deus.
1467 5717 1490 5744 ιι
1516 5692 1814 5766 Apostolos
1834 5689 2024 5746 malos

409 5801 545 5859 dixit
571 5799 660 5858 vel
687 5799 986 5854 humanum
1014 5809 1192 5867 genus
1220 5793 1321 5849 sub
1364 5805 1609 5864 persona
1637 5787 2016 5862 apostolorum

408 5899 478 5955 ad
505 5894 973 5971 comparationem
1015 5890 1216 5950 divinae
1259 5887 1592 5949 clementiae.
1645 5885 1808 5958 Quod
1836 5885 2020 5943 Lucas

2147 3283 2312 3342 super
2341 3268 2442 3322 hos
2469 3263 2615 3321 oculi
2662 3256 3051 3315 misericordia
3080 3253 3182 3310 Dei
3219 3250 3535 3323 respiciunt,
3565 3253 3619 3303 et
3647 3261 3742 3301 au-

2144 3337 2234 3417 res
2264 3357 2383 3428 ejus
2411 3355 2482 3412 ad
2513 3365 2707 3426 preces
2736 3363 2946 3415 eorum,
2991 3344 3137 3420 quia,
3171 3349 3462 3414 antequam
3491 3337 3740 3393 invocent

2145 3425 2308 3516 eum,
2325 3446 2472 3502 dicet
2500 3425 2580 3499 eis
2611 3457 2626 3496 :
2671 3439 2816 3495 Ecce
2857 3437 3072 3491 adsum.
3124 3456 3147 3481 ιι
3196 3430 3388 3488 Vultus
3417 3435 3601 3484 autem
3635 3425 3742 3480 Do-

2145 3513 2289 3595 mini
2303 3550 2471 3607 super
2501 3529 2765 3588 facientes
2793 3525 2936 3582 mala
2965 3522 3174 3593 (ibid.).
3217 3543 3241 3569 ι
3291 3517 3375 3575 Ad
3405 3516 3569 3607 quid!
3610 3535 3638 3607 ξ
3671 3513 3739 3607 Ut

2144 3627 2340 3701 perdat
2373 3601 2452 3680 de
2495 3629 2642 3678 terra
2683 3614 3006 3673 memoriam
3050 3626 3245 3669 eorum
3288 3606 3492 3680 (ibid.).
3530 3627 3552 3654 υ
3601 3601 3738 3659 Justi

2145 3691 2282 3791 ergo
2310 3731 2341 3770 a
2371 3714 2489 3769 Deo
2521 3707 2720 3779 respici
2747 3714 2803 3762 et
2829 3704 2898 3760 ab
2929 3719 2997 3760 eo
3027 3697 3280 3758 exaudiri
3303 3694 3594 3770 gaudeant,
3611 3699 3663 3748 et
3681 3691 3734 3746 in

2145 3781 2344 3864 malitis
2397 3798 2729 3875 proﬁciant;
2778 3794 2886 3850 mei
2930 3800 3110 3850 autem
3157 3785 3494 3852 consimiles,
3532 3781 3736 3840 scilicet

2144 3898 2200 3952 in
2231 3872 2560 3952 criminibus
2587 3887 2844 3952 fetentes,
2872 3889 3097 3956 peccata
3124 3879 3400 3943 deserant,
3431 3882 3484 3930 et
3510 3872 3582 3928 ad
3607 3887 3732 3928 ora-

2143 3985 2308 4042 tionis
2337 3980 2642 4038 munimem
2671 3973 3013 4045 confugiant,
3031 3977 3085 4027 et
3103 3985 3164 4026 se
3184 3967 3346 4024 etiam
3364 3961 3732 4021 exaudiendos

2145 4075 2345 4132 sciant.
2376 4069 2578 4128 Tribus
2605 4073 2788 4123 autem
2817 4060 2998 4118 modis
3027 4057 3306 4116 orationes
3333 4061 3534 4112 nostra:
3561 4051 3733 4124 impe-v

2140 4164 2372 4221 diuntur
2397 4157 2544 4234 quod
2571 4173 2604 4213 a
2629 4156 2742 4211 Deo
2788 4168 2903 4209 non
2948 4148 3338 4208 exaudiuntur.
3387 4141 3493 4212 Qui
3534 4148 3652 4198 orat
3677 4145 3734 4234 ut

2141 4253 2215 4311 de
2244 4227 2482 4308 inimicis
2521 4245 2637 4304 suis
2673 4242 2989 4308 ulciscatur,
3020 4238 3109 4294 hic
3152 4251 3263 4294 non
3308 4231 3610 4298 exauditur,
3639 4227 3733 4285 sed

2143 4341 2325 4401 oratio
2371 4339 2496 4411 ejus
2533 4335 2588 4392 in
2619 4340 2904 4406 peccatum
2958 4326 3291 4388 convertitur
3335 4321 3512 4394 (Prol.
3551 4319 3723 4411 cvm).

2142 4430 2252 4503 Qui
2281 4408 2467 4488 odium
2497 4425 2555 4482 in
2599 4422 2769 4482 corde
2814 4418 3033 4486 retinet,
3071 4424 3126 4474 et
3165 4415 3222 4471 in
3251 4428 3314 4469 se
3348 4408 3602 4484 peccanti.
3629 4423 3731 4465 non

2142 4496 2385 4588 dimittit,
2412 4518 2562 4574 hunc
2583 4519 2837 4573 orantem
2863 4511 3016 4567 Deus
3042 4521 3154 4564 non
3191 4503 3462 4563 exaudiet.
3496 4497 3608 4588 Qui
3620 4496 3731 4588 cri-

2140 4585 2379 4669 minalia'
2414 4618 2642 4680 peccata
2682 4606 2978 4675 perpetrat,
3019 4603 3075 4654 et
3117 4595 3172 4652 in
3215 4594 3302 4650 his
3348 4585 3733 4680 delectabiliter

2138 4677 2482 4776 perseverat,
2507 4695 2600 4752 hic
2627 4693 2907 4750 incassum
2953 4701 3145 4760 preces
3191 4681 3388 4752 fundit,
3421 4677 3547 4752 quia
3589 4677 3729 4776 Deus

2139 4765 2595 4866 peccatoresnon
2614 4781 2781 4839 audit
2805 4780 2995 4852 (Ιοαη.
3023 4776 3131 4848 rx).
3166 4772 3325 4831 Unde
3347 4785 3465 4843 per
3493 4765 3727 4840 prophe~

2140 4899 2251 4946 tam
2297 4885 2540 4944 dicitur:
2575 4905 2599 4932 ε
2631 4883 2810 4936 Aures
2856 4875 2958 4932 Dei
2998 4889 3116 4930 non.
3148 4876 3278 4927 sunt
3321 4871 3633 4941 aggravata
3673 4870 3727 4920 ut

2139 5003 2250 5044 non
2279 4984 2481 5049 audiat,
2515 4977 2617 5038 sed
2646 4983 2875 5050 peccata
2902 4980 3087 5032 vestra
3107 4970 3325 5026 obstant
3348 4982 3418 5022 ne
3444 4979 3543 5022 vos
3571 4976 3727 5018 exau-

2138 5089 2280 5146 diat.
2309 5110 2332 5136 ι»
2350 5086 2481 5142 Item
2500 5082 2645 5138 idem
2667 5095 2683 5135 :
2713 5102 2736 5128 α
2757 5077 2987 5147 Propter
3004 5077 3232 5145 peccata
3246 5074 3454 5132 nostra,
3478 5061 3722 5129 Domine,

2139 5185 2442 5260 opposuisti
2472 5179 2572 5237 tibi
2616 5177 2840 5243 nubem,
2883 5187 2954 5228 ne
3001 5175 3246 5226 transeat
3284 5163 3456 5221 oratio
3502 5159 3720 5232 (Thren.

2135 5256 2241 5358 ni):
2266 5305 2289 5334 ι»
2311 5285 2603 5340 Peccatum
2627 5273 2826 5348 quippe
2847 5284 3029 5343 grave
3049 5274 3131 5324 est
3152 5274 3209 5321 ut
3223 5263 3522 5337 plumbum,
3541 5265 3592 5314 et
3609 5256 3723 5313 ideo

2134 5355 2400 5459 pertrahit
2439 5375 2716 5434 hominem
2773 5371 2829 5427 in
2891 5365 3132 5423 barathri
3182 5360 3530 5436 profundum.
3587 5355 3724 5412 Sicut

2134 5451 2282 5541 enim
2311 5486 2426 5535 rota
2453 5475 2509 5532 in
2553 5478 2737 5530 monte
2781 5464 3101 5530 demittitur,
3151 5467 3203 5518 et
3238 5473 3337 5532 per
3374 5451 3718 5529 praecipitium

2131 5581 2208 5640 ad
2236 5581 2350 5636 ima
2372 5571 2632 5634 convallis
2661 5565 2995 5634 devolvitur,
3024 5561 3106 5618 sic
3123 5557 3306 5615 anima
3335 5561 3526 5628 sponte
3557 5551 3718 5607 Deum

2130 5682 2397 5740 deserens
2425 5682 2479 5732 et
2505 5671 2561 5728 in
2579 5667 2916 5741 iniquitatem
2937 5674 3229 5734 proruens,
3249 5666 3523 5727 nunquam
3543 5649 3599 5706 in
3619 5649 3716 5705 imo

2128 5777 2290 5853 lapsu
2316 5770 2633 5838 morabitur,
2666 5765 2767 5824 sed
2803 5776 3023 5836 semper
3068 5754 3299 5815 ulterius
3337 5751 3408 5810 ad
3455 5745 3719 5807 deteriora

2128 5843 2458 5952 prolabitur,
2520 5875 2576 5928 et
2629 5870 2913 5941 peccatum
2964 5856 3123 5934 quod,
3174 5853 3336 5914 citius
3398 5843 3714 5926 pauitantia
