3924 6412
172 354 289 407 965

1155 322 1730 407 naraoaartonss
1769 350 1867 408 ss.
1912 351 2206 409 PATRUH.
2247 382 2319 394 --
2357 353 2483 410 ua.
2525 355 2573 410 ι.

3415 357 3518 411 966

173 491 293 535 non
316 474 511 543 diluit,
542 491 681 532 mox
709 475 857 532 aliud
883 491 979 531 suo
1007 474 1245 547 pondere
1302 476 1479 543 trahit,
1509 484 1561 531 et
1589 475 1655 529 de
1686 492 1819 545 pec-
1850 474 1901 537 Α
1934 476 2115 544 beant,
2175 494 2389 533 necesse
2418 486 2497 533 est
2524 485 2582 534 ut
2636 474 2862 535 verbum
2908 477 3008 536 Dei
3055 479 3113 536 in
3144 479 3242 541 eis
3285 489 3514 539 arescat.

175 572 309 635 cato
345 564 410 619 in
445 573 741 636 peccatum
794 565 955 631 cadit,
1004 581 1172 635 usque
1219 565 1346 619 dum
1402 566 1458 620 in
1495 565 1823 635 profundum

176 653 482 710 malorum
524 655 759 720 venerit,
820 653 943 708 inde
990 654 1044 708 in
1101 662 1316 710 aeternae
1364 655 1550 708 mortis
1603 661 1821 726 puteum

177 742 431 813 proruit.
473 742 660 812 Super
705 742 861 812 cujus
888 758 948 797 os
1002 742 1140 812 lapis
1168 742 1530 798 damnationis
1586 743 1819 814 ponitur,

177 854 365 909 usque
428 838 570 894 dum
621 830 817 894 réddat
862 839 1212 895 novissimum
1280 839 1631 910 quadrantem
1677 839 1825 895 exire

181 942 303 982 non
335 928 717 997 promittitur.

256 1042 509 1107 Devotis
539 1059 679 1115 ergo
736 1043 1006 1115 precibus,
1037 1043 1355 1111 charissimi,
1390 1060 1421 1099 a
1450 1044 1564 1099 Deo
1596 1043 1818 1116 poscite,

187 1153 212 1179 α
246 1147 324 1187 ne
356 1148 469 1189 vos
490 1131 795 1188 absorbeat
847 1132 1192 1204 profundum,
1226 1150 1399 1203 neque
1447 1141 1636 1205 urgeat
1661 1149 1823 1203 super

181 1248 287 1289 vos
315 1240 532 1302 puteus
562 1249 625 1288 os
654 1235 997 1301 suum(Psal.
1015 1234 1226 1303 vam).
1249 1256 1271 1282 η
1294 1258 1405 1283 -α
1430 1235 1619 1305 Fugite
1634 1234 1820 1288 mundi

184 1329 239 1377 et
267 1323 468 1376 carnis
496 1322 790 1388 desideria,
807 1339 926 1392 qua:
952 1322 1390 1378 suntdaamonum
1415 1324 1660 1391 servitia;
1677 1339 1821 1392 qua:—

180 1410 288 1466 rite
313 1411 654 1480 Dominum,
679 1418 734 1466 et
762 1412 906 1467 vivet
951 1411 1134 1466 anima
1188 1421 1364 1467 vestra
1392 1412 1599 1483 (ibid.).
1634 1434 1657 1461 ιι
1686 1413 1818 1467 Pro-

185 1507 359 1579 pheta
394 1522 651 1576 namque
680 1506 816 1563 vidit
871 1505 964 1562 ubi
993 1507 1188 1564 mulier
1214 1508 1269 1562 in
1316 1511 1580 1578 amphora
1629 1508 1821 1563 sedens

184 1594 245 1648 in
272 1594 421 1649 mari
449 1595 705 1661 natabat,
746 1610 907 1665 quam
939 1612 1117 1651 massa
1172 1596 1381 1667 plumbi
1408 1597 1696 1669 gravabat.
1756 1597 1821 1651 Et

186 1698 317 1737 ecce
352 1683 489 1739 dum
552 1682 808 1739 mulieres
847 1685 1005 1739 alata;
1060 1686 1377 1756 amphoram
1426 1701 1548 1740 cum
1595 1685 1819 1741 muliere

184 1780 482 1849 levabant,
548 1788 605 1835 et
649 1796 770 1836 eam
831 1781 887 1834 in
946 1774 1140 1836 terram
1196 1781 1486 1852 Babylonis
1546 1782 1816 1841 ducebant

186 1868 391 1938 (Zach.
431 1874 527 1939 v).
570 1870 718 1924 Mare
748 1868 1110 1925 turbulentum
1142 1879 1221 1926 est
1241 1871 1342 1926 hoc
1369 1872 1621 1927 saeculum
1634 1872 1819 1927 adver-

184 1957 445 2012 sitatibus
492 1958 882 2029 procellosum.
941 1959 1130 2015 Mulier
1155 1975 1275 2029 quae
1329 1960 1385 2013 in
1414 1963 1675 2031 amphora
1728 1976 1818 2016 na-

189 2053 266 2100 tat
294 2054 380 2101 est
410 2047 609 2100 anima
652 2054 853 2112 nostra,
885 2063 1006 2117 quae
1051 2048 1264 2119 corpori
1302 2050 1595 2120 praesidens
1624 2050 1677 2104 in
1721 2066 1816 2119 pe-

182 2135 374 2190 riculis
423 2135 621 2189 saeculi
669 2134 897 2190 laborat.
925 2135 1098 2205 Quam
1147 2154 1325 2191 massa
1365 2137 1572 2208 plumbi
1600 2146 1811 2210 gravat,

188 2222 316 2293 quia
347 2223 605 2277 animam
637 2230 875 2278 nostram
904 2225 1088 2296 gravis
1135 2225 1387 2295 iniquitas
1416 2234 1620 2282 onerat.
1680 2227 1814 2282 Duae

184 2322 471 2389 mulieres,
514 2338 641 2392 quae
661 2325 979 2393 amphoram
1030 2339 1150 2378 cum
1198 2324 1419 2378 muliere
1450 2324 1648 2391 levant,
1691 2331 1816 2379 sunt

187 2409 298 2481 duo
327 2411 489 2479 vitia,
518 2409 777 2481 superbia
818 2412 1020 2466 scilicet
1048 2420 1100 2466 et
1130 2412 1363 2478 luxuria,
1398 2429 1518 2482 qua:
1574 2413 1811 2468 animam

191 2508 443 2555 nostram
470 2507 528 2555 et
570 2515 771 2571 corpus
828 2509 1066 2555 nostrum
1114 2501 1182 2555 ad
1228 2498 1414 2556 illicita
1476 2501 1807 2558 molliﬁcant.

192 2587 469 2658 Superbia
506 2588 656 2644 enim
688 2589 926 2643 animam
974 2589 1030 2643 in
1069 2590 1355 2645 elationem
1413 2590 1571 2663 erigit
1602 2605 1616 2660 ;
1658 2591 1812 2646 luxu-

190 2677 273 2732 ria
301 2692 438 2733 vero
475 2693 701 2733 carnem
732 2676 786 2731 in
815 2676 1213 2733 immunditiam
1234 2679 1506 2750 deprimit.
1534 2681 1660 2735 Mox
1680 2680 1809 2736 dum

199 2774 421 2847 spiritus
450 2776 507 2831 in
541 2775 854 2846 superbiam
885 2775 1176 2842 extollitur,
1227 2776 1369 2831 illico
1400 2792 1524 2833 caro
1542 2775 1598 2830 in
1655 2777 1810 2834 luxu-

192 2863 330 2919 riam
379 2866 675 2936 mergitur.
726 2865 855 2921 Hzec
884 2864 1041 2920 alata)
1097 2864 1487 2933 describuntur,
1537 2865 1662 2936 quia
1717 2867 1808 2922 in-

195 2952 415 3009 stabiles
490 2952 795 3008 redduntur
839 2953 928 3023 qui
977 2969 1068 3009 eas
1114 2961 1425 3024 sequuntur.
1476 2956 1807 3026 Amphoram

194 3056 313 3096 cum
356 3041 595 3120 muliere
625 3041 680 3096 in
703 3048 897 3097 terram
928 3041 1232 3113 Babylonis,
1258 3042 1401 3113 quod
1439 3045 1696 3113 confusio
1716 3045 1806 3099 di-

197 3128 345 3195 citur,
371 3130 606 3196 ducunt,
666 3130 792 3200 quia
840 3130 944 3185 sibi
980 3131 1374 3186 consentientes
1412 3130 1612 3201 duplici
1669 3148 1805 3188 con-

198 3218 407 3274 fusione
432 3219 689 3287 induunt,
722 3218 851 3274 dum
906 3226 961 3275 et
1013 3219 1103 3275 hic
1154 3235 1336 3276 coram
1386 3220 1696 3276 hominibus
1750 3222 1806 3276 in

196 3330 422 3387 corpore
490 3315 916 3384 confunduntur,
1002 3323 1057 3372 et
1117 3316 1173 3371 in
1255 3317 1432 3373 futuro
1506 3318 1563 3372 in
1626 3319 1807 3375 anima

200 3412 398 3460 aeterna
427 3405 756 3461 confusione
787 3404 1099 3475 puniuntur,
1157 3405 1296 3462 sicut
1341 3405 1572 3483 dicitur:
1608 3429 1630 3456 «ι
1663 3405 1807 3479 Ope-

196 3492 398 3548 rientur
463 3493 673 3565 duplici
731 3493 1067 3561 confusione,
1135 3494 1271 3549 sicut
1343 3494 1580 3566 diploide
1627 3496 1802 3565 (Psal.

198 3581 370 3649 cvm).
404 3606 427 3632 η
464 3584 662 3657 Igitur,
717 3583 1038 3653 charissimi,
1093 3584 1403 3655 superbiam
1431 3592 1486 3640 et
1540 3585 1805 3640 luxuriam

199 3672 580 3742 exsecramini,
613 3679 774 3741 atque
810 3671 864 3726 in
895 3670 1129 3728 Domino
1160 3672 1525 3744 delectamini,
1561 3682 1613 3729 et
1659 3674 1809 3731 dabit

197 3758 348 3817 vobis
372 3762 666 3831 petitiones
691 3758 868 3817 cordis
895 3760 1053 3818 vestri
1083 3759 1260 3834 (Prol.
1282 3765 1503 3832 xxxvr).

878 3891 1101 3933 DIVISIO.

272 3988 409 4061 Quia
434 3990 774 4049 conﬂuxistis
827 3990 1009 4058 hodie,
1038 3991 1265 4049 verbum
1318 3991 1420 4049 Dei
1462 3992 1665 4050 intente
1710 4009 1804 4049 au-

206 4076 315 4134 dire
369 4081 603 4138 debetis.
665 4083 788 4151 Ipse
840 4080 1106 4137 Dominus
1147 4087 1331 4137 noster
1373 4081 1537 4138 dicit:
1569 4080 1802 4151 Quidam

206 4191 386 4233 semen
420 4196 583 4235 suum
631 4178 898 4235 seminare
927 4179 1077 4249 exiit,
1128 4185 1182 4235 et
1209 4178 1338 4234 dum
1364 4180 1611 4249 seminat,
1657 4178 1804 4237 aliud

208 4279 356 4321 secus
379 4267 527 4326 viam
557 4268 760 4324 cadens
813 4268 1157 4325 conculcatur
1202 4275 1255 4325 et
1281 4283 1314 4325 a
1341 4269 1649 4325 volucribus
1700 4270 1802 4325 de-

206 4362 419 4412 voratur
475 4372 492 4429 ;
554 4355 704 4413 aliud
749 4373 911 4430 supra
996 4365 1204 4430 petram
1251 4357 1562 4430 prosiliens,
1615 4365 1800 4414 natum

208 4444 357 4513 aruit,
387 4446 516 4516 quia
556 4448 841 4502 humorem
872 4461 982 4502 non
1026 4445 1235 4502 habuit.
1272 4445 1431 4502 Aliud
1449 4446 1620 4520 spinis
1652 4463 1803 4504 com-

1844 1828 1897 1891 Β

1932 567 2088 637 Quod
2142 576 2325 623 autem
2382 568 2551 638 spina:
2607 567 2888 635 suﬂ‘ocant,
2920 577 3043 625 sunt
3070 570 3124 625 hi
3154 570 3349 640 quibus
3374 571 3520 626 divi-

1932 659 2038 723 tiae,
2075 657 2396 726 voluptates,
2427 657 2552 713 vitae
2581 654 2965 713 sollicitudines
2992 675 3149 714 aures
3176 675 3208 714 a
3236 660 3402 715 verbo
3422 660 3521 715 Dei

1930 745 2219 801 obdurant.
2259 744 2416 814 Quod
2445 753 2623 800 autem
2655 746 2708 800 in
2731 754 2926 802 terram
2954 746 3154 803 bonam
3175 748 3374 804 cadens
3415 748 3523 805 fru-

1930 843 2145 912 ctiﬁcat,
2179 851 2259 899 est
2293 843 2578 899 multitudo
2607 842 2865 912 ﬁdelium,
2921 861 3044 915 quae
3070 846 3237 902 verbo
3256 847 3355 901 Dei
3383 846 3522 904 obe—

1929 932 2101 1001 diens,
2136 931 2293 987 bonis
2312 932 2519 988 actibus
2564 932 2803 989 insudat.
2858 933 3147 1006 Conjugati
3194 935 3521 1011 tricesimum

1930 1030 2160 1085 fructum
2190 1030 2447 1093 referunt,
2499 1030 2627 1085 dum
2656 1029 2817 1085 ﬁdem
2846 1040 3045 1088 sancte
3074 1026 3345 1091 Trinitatis
3398 1034 3521 1091 De-

1927 1118 2122 1190 calogo
2152 1119 2287 1190 legis
2314 1118 2620 1187 perﬁciunt.
2684 1120 3027 1175 Continentcs
3054 1138 3182 1178 vero
3237 1124 3519 1197 sexagesi-

1928 1232 2076 1271 mum
2136 1217 2435 1285 proferunt,
2494 1217 2623 1270 dum
2681 1218 2795 1271 haec
2825 1218 3102 1273 actualiter
3154 1226 3209 1275 et
3253 1221 3520 1292 spiraliter

1926 1304 2152 1374 implere
2196 1312 2463 1374 satagunt.
2523 1304 2771 1377 Virgines
2807 1312 2987 1361 autem
3043 1309 3392 1364 centesimum
3441 1310 3520 1366 fe-

1926 1401 2067 1457 runt,
2129 1410 2251 1448 cum
2306 1393 2421 1448 Deo
2460 1408 2685 1466 corpore
2715 1401 2769 1449 et
2811 1395 3001 1465 spiritu
3048 1397 3261 1466 placere
3282 1398 3521 1470 perfecte

1927 1481 2273 1537 contendunt.

1995 1599 2170 1668 Hunc,
2202 1598 2521 1668 charissimi,
2558 1598 2765 1655 debetis
2799 1599 3036 1656 breviter
3054 1602 3349 1659 auscultare
3373 1604 3516 1662 unde

1922 1687 2196 1743 decretum
2251 1687 2321 1742 sit
2374 1688 2491 1742 istis
2543 1688 2734 1742 diebus
2788 1704 2974 1746 cruces
3008 1698 3248 1760 portare.
3332 1693 3520 1751 Fertur

1929 1776 2072 1845 quod
2109 1784 2246 1831 terra
2273 1777 2528 1846 siccitate,
2558 1777 2805 1832 homines
2858 1794 2985 1834 vero
3015 1786 3068 1835 et
3110 1780 3405 1837 animantia
3428 1789 3519 1839 .ta-

1930 1872 2158 1929 buerunt
2184 1875 2508 1930 mortalitate
2540 1894 2553 1939 ;
2587 1876 2806 1947 insuper
2834 1876 3015 1932 feritas
3043 1893 3308 1948 ursorum,
3352 1880 3516 1951 lupo-

1922 1980 2039 2017 rum
2099 1971 2152 2018 et
2204 1964 2429 2018 aliarum
2494 1964 2787 2019 bestiarum
2837 1965 3098 2036 plurimos
3177 1967 3512 2027 devastavit:

1922 2068 2147 2121 quarum
2186 2053 2493 2113 multitudo.
2527 2054 2727 2124 passim
2773 2054 3017 2110 civitates
3055 2063 3108 2110 et
3128 2057 3281 2111 villas
3336 2058 3516 2128 ingre-

1920 2140 2091 2207 diens,
2125 2142 2375 2209 parvulos
2403 2142 2457 2195 in
2479 2143 2631 2196 cunis
2673 2143 2835 2198 etiam
2866 2143 3198 2200 dilaceravit.
3258 2146 3337 2201 Eo
3376 2154 3511 2203 tem-

1921 2244 2071 2300 pore,
2126 2231 2416 2284 Mamertus
2468 2231 2751 2301 episcopus
2809 2232 3164 2288 Viennensem
3216 2234 3508 2292 Ecclesiam

1920 2318 2167 2389 regebat.
2212 2318 2317 2386 Qui
2372 2327 2669 2374 convocato
2735 2320 2936 2391 populo
3012 2322 3186 2376 triduo
3234 2322 3504 2394 jejunare,

1918 2422 2091 2473 orare,
2111 2423 2291 2462 cruces
2318 2415 2533 2476 portare
2564 2407 2838 2474 monebat,
2879 2416 2938 2463 ut
2964 2410 3331 2467 misericordia
3385 2414 3505 2482 Dei,

1919 2517 2040 2572 quae
2067 2504 2333 2557 Ninivitas
2362 2520 2458 2574 per
2485 2503 2787 2565 triduanum
2812 2504 3115 2574 jejuniuum
3146 2508 3426 2567 liberasset
3476 2528 3512 2568 ι

1917 2592 2288 2661 subversione,
2322 2593 2522 2663 populo
2551 2609 2649 2649 suo
2694 2593 3004 2653 subveniret
3029 2596 3085 2650 in
3110 2598 3361 2667 praesenti
3419 2600 3509 2656 af-

1916 2688 2172 2744 flictione.
2204 2688 2322 2759 Quo
2344 2689 2488 2745 facto
2536 2690 2697 2763 plaga
2724 2691 2960 2759 sedatur,
3017 2694 3276 2765 gaudium
3305 2702 3360 2752 et
3413 2699 3509 2754 ab-

1914 2777 2174 2834 undantia
2203 2795 2380 2833 rerum
2414 2778 2623 2834 afflictis
2649 2779 2898 2836 donatur.
2938 2781 3108 2838 Porro
3138 2783 3227 2839 ille
3256 2784 3371 2840 dies
3416 2788 3507 2857 qui

1915 2866 2094 2934 major
2119 2866 2304 2921 litania
2333 2867 2545 2933 dicitur,
2586 2883 2651 2922 ea
2678 2868 2747 2923 de
2774 2884 2935 2924 causa
2960 2869 3226 2927 institutus
3281 2874 3500 2947 legitur.

1916 2955 2138 3026 Tyberis
2182 2956 2304 3024 plus
2358 2956 2516 3010 solito
2561 2956 2856 3023 inundavit,
2917 2957 3144 3014 Romam
3201 2961 3509 3035 ingrediens

1914 3044 2179 3099 maximas
2208 3044 2458 3115 regiones
2486 3044 2542 3098 in
2564 3046 2649 3099 'ea.
2673 3046 2976 3116 occupavit,
3028 3048 3281 3105 ecclesias
3325 3052 3505 3124 diruit,

1916 3141 2084 3195 multa
2140 3140 2370 3197 aediﬁcia
2422 3156 2544 3199 cum
2602 3142 2803 3213 populo
2858 3141 3135 3200 subvertit.
3176 3146 3289 3202 'Per
3345 3148 3508 3220 Cujus

1915 3231 2126 3285 alveum
2148 3231 2341 3301 ingens
2379 3230 2695 3287 dracocum
2738 3247 2938 3303 magna
2993 3233 3333 3293 multitudine
3385 3253 3508 3294 ser-

1914 3318 2153 3390 pentium
2184 3334 2333 3373 mare
2362 3317 2660 3390 ingreditur
2691 3337 2703 3374 :
2735 3334 2856 3374 cum
2884 3320 3077 3389 quibus
3105 3324 3355 3380 omnibus
3400 3326 3509 3383 'ibi-

1914 3406 2037 3461 dem
2060 3404 2367 3463 suffocatur.
2393 3406 2498 3476 Qui
2524 3422 2579 3461 in
2607 3407 2753 3461 littus
2794 3408 3020 3478 projecti
3048 3426 3228 3466 aerem
3284 3428 3379 3469 sua
3407 3431 3508 3487 pu-

1914 3495 2119 3551 tredine
2149 3503 2515 3566 corruperunt,
2548 3502 2603 3550 et
2626 3511 2849 3568 gravem
2880 3497 3254 3555 mortalitatem
3273 3502 3506 3561 humano

1913 3584 2099 3657 generi
2158 3584 2493 3639 intulerumt.
2535 3584 2759 3656 Sagitta:
2800 3600 3035 3657 namque
3089 3588 3294 3645 cmlitus
3321 3592 3507 3650 venire

1914 3673 2398 3744 conspiciebantur,
2431 3673 2499 3730 de
2538 3673 2733 3743 quibus
2783 3672 3006 3746 inguina
3060 3677 3323 3734 honimun
3368 3689 3509 3739 tacta

1913 3762 2028 3817 sine
2058 3778 2211 3818 mora
2238 3761 2623 3817 moriebantur.
2643 3762 2891 3818 Primitus
2916 3779 3061 3835 papa
3089 3766 3337 3840 Pelagius
3391 3786 3509 3827 mo-

1911 3850 2089 3921 ritur;
2122 3849 2314 3905 deinde
2345 3851 2574 3923 pepulus
2614 3851 2889 3907 Romanus
2940 3869 3080 3923 pene
3138 3862 3278 3912 totus
3330 3858 3508 3918 subita

1913 3956 2084 4005 morte
2112 3948 2460 4005 cousumitur.
2521 3947 2815 4023 Gregorius
2860 3949 3043 4022 itaque
3101 3953 3385 4027 episcopus
3430 3958 3507 4016 le-

1910 4054 2066 4105 vatur
2094 4048 2184 4118 qui
2213 4047 2472 4120 pupulum
2495 4046 2766 4119 jejunare,
2810 4065 2993 4107 cruces
3018 4059 3232 4124 portare
3276 4065 3329 4113 et
3351 4075 3505 4119 orare

1910 4156 2169 4211 hortatur.
2192 4152 2350 4223 Quod
2379 4154 2509 4210 dum
2537 4153 2730 4212 devote
2752 4165 3035 4229 peragunt,
3066 4159 3230 4234 plaga
3243 4174 3436 4238 cessat,
3451 4177 3505 4228 et

1911 4242 2143 4317 pepulus
2184 4259 2316 4315 pace
2370 4243 2469 4299 Dei
2507 4244 2761 4300 exsultat.
2824 4245 2981 4302 Unde
3028 4253 3283 4309 statutum
3314 4262 3395 4312 est
3447 4266 3509 4317 ut

1909 4332 2100 4389 eadem
2126 4330 2241 4387 dies
2271 4330 2584 4388 annuatium
2613 4333 2671 4388 in
2692 4333 2919 4390 ecclesia
2972 4344 3163 4410 agatur
3202 4357 3325 4399 cum
3349 4345 3504 4417 jeju-

1909 4421 2121 4477 niorum
2154 4428 2231 4476 .et
2287 4420 2597 4477 litaniarum
2655 4421 3034 4491 celebratione,
3093 4437 3352 4499 quatenus
3405 4452 3507 4494 nos

209 4532 481 4590 mendam,-
530 4542 589 4591 ει
641 4550 675 4590 ε,
708 4534 879 4605 spinis
921 4532 1232 4591 ευίῑοοεωτ,
1296 4533 1454 4595 Aliud
1478 4517 1554 4591 Win
1593 4535 1795 4593 bonam
1820 4537 1881 4604 D
1914 4521 2057 4576 Deus
2077 4526 2129 4575 et
2154 4517 2410 4575 animalia
2451 4526 2632 4576 nostra
2677 4521 2941 4579 custodiat
2967 4538 3000 4579 a
3036 4529 3378 4590 mortalitate.
3437 4536 3506 4594 Et

211 4632 395 4685 terram
423 4631 643 4698 cecidit,
675 4638 728 4687 et
745 4629 891 4687 aliud
960 4618 1306 4700 tricesimum,
1331 4631 1476 4688 aliud
1519 4632 1803 4705 sexagesi-

211 4730 370 4786 mum,
401 4720 552 4776 aliud
572 4719 923 4776 centesimum
943 4718 1172 4775 fructum
1212 4720 1406 4776 obtulit
1426 4722 1799 4793 (Matth.xnt).

213 4800 311 4870 Qui
335 4823 521 4865 semen
548 4810 799 4876 seminat,
849 4816 929 4864 est
980 4809 1250 4877 sacerdos,
1282 4809 1374 4879 qui
1420 4810 1646 4866 verbum
1703 4810 1803 4866 Dei

214 4894 457 4961 praedicat
487 4914 503 4968 ;
535 4913 671 4970 ager
692 4897 748 4953 in
778 4912 886 4967 quo
905 4913 1093 4953 semen
1149 4898 1438 4970 spargitur,
1460 4906 1583 4954 sunt
1625 4907 1803 4955 vestra

213 4982 367 5038 corda
395 4986 450 5041 in
479 4987 677 5058 quibus
703 4986 930 5042 verbum
961 4986 1060 5043 Dei
1110 4985 1336 5057 jacitur.
1373 4986 1572 5043 Semen
1628 4986 1687 5043 in
1712 4987 1803 5046 via

209 5075 425 5151 jactum,
456 5093 511 5141 et
533 5102 568 5141 a
594 5084 1042 5155 praetereuntibus
1085 5084 1480 5151 conculcatum,
1513 5102 1546 5140 a
1572 5085 1803 5143 volucri-

214 5173 307 5232 bus
333 5178 665 5252 devoratum,
686 5181 935 5255 designat
962 5198 1058 5239 eos
1115 5182 1206 5255 qui
1226 5181 1450 5239 verbum
1477 5181 1577 5238 Dei
1630 5181 1803 5253 perci-

219 5272 380 5344 Piunt,
400 5281 493 5340 sed
520 5280 871 5338 sacularibus
899 5280 1132 5353 negotiis
1159 5289 1214 5337 et
1242 5280 1531 5336 mundanis
1582 5277 1801 5336 deside-

217 5360 305 5416 riis
345 5366 529 5426 intenti
560 5370 695 5426 illud
723 5369 874 5440 quasi
913 5377 1209 5441 proterunt,
1234 5377 1289 5427 et
1314 5369 1591 5426 daemones
1616 5385 1652 5425 a
1678 5385 1800 5426 me-

222 5459 382 5516 moria
425 5480 610 5522 eorum
663 5465 874 5533 tollunt,
934 5473 987 5521 et
1035 5466 1244 5523 nullum
1302 5464 1516 5537 pietatis
1570 5465 1802 5522 fructum

220 5542 464 5603 referunt.
523 5552 701 5622 Supra
753 5558 964 5620 petram
993 5558 1173 5606 autem
1231 5550 1429 5606 cadens
1475 5558 1528 5605 et
1580 5550 1655 5606 ibi
1685 5566 1803 5606 are-

224 5642 366 5688 sceus
410 5636 718 5696 duricordes
770 5638 1039 5711 designat,
1102 5639 1214 5712 qui,
1272 5639 1521 5710 quamvis
1574 5638 1802 5698 verbum

226 5727 318 5785 Dei
337 5735 616 5808 aliquando
642 5739 803 5798 avide
839 5739 1076 5809 audiant,
1131 5738 1188 5795 in
1215 5739 1422 5796 malitia
1475 5744 1657 5796 tamen
1683 5756 1804 5813 per-

231 5814 427 5893 durant,
479 5834 531 5886 et
573 5845 697 5887 cum
750 5829 1034 5886 humorem
1058 5845 1310 5905 supernae
1336 5827 1533 5903 gratia
1558 5843 1668 5887 non
1696 5830 1805 5889 ha.-

1910 4608 2036 4680 quia
2063 4624 2208 4679 smpe
2247 4610 2350 4664 hoc
2389 4615 2633 4679 tempore
2670 4626 2740 4666 ex
2784 4610 3128 4670 inclementia
3172 4620 3316 4676 aeris
3350 4624 3504 4681 solet

1910 4696 2148 4767 evenire,
2200 4696 2343 4768 quod
2381 4696 2530 4766 jacta
2569 4697 2774 4754 semina
2828 4699 3014 4756 usibus
3059 4706 3256 4762 nostris
3280 4722 3509 4778 possunt

1908 4787 2174 4860 deperire,
2202 4786 2474 4842 decretum
2503 4792 2583 4842 est
2609 4793 2670 4842 ut
2700 4786 2784 4842 isti
2831 4786 2947 4844 dies
2990 4790 3183 4848 eodem
3231 4796 3355 4868 ritu,
3396 4801 3501 4858 sci.

1907 4885 2034 4946 licet
2073 4904 2195 4945 cum
2237 4886 2462 4957 jejuniis
2500 4894 2556 4942 et
2601 4887 2799 4943 litaniis
2844 4898 3187 4962 peragantur,
3250 4906 3307 4954 ut
3338 4901 3501 4961 totius

1909 4978 2036 5035 anni
2067 4977 2265 5033 fructus
2294 4976 2449 5031 nobis
2480 4975 2549 5033 ab
2578 4976 2729 5032 omni
2770 4976 3063 5036 infortunio
3109 4986 3493 5051 custodiantur.

1908 5067 1978 5123 Et
2000 5074 2056 5122 ut
2092 5065 2215 5136 pius
2254 5065 2518 5120 Dominus
2560 5065 2652 5121 det
2693 5066 2850 5123 nobis
2889 5066 3142 5126 ﬁduciam
3189 5074 3496 5150 impetradi,

1909 5158 2150 5213 hortatur
2176 5170 2274 5210 nos
2312 5154 2381 5210 ad
2423 5153 2656 5209 studium
2703 5156 2911 5212 orandi.
2960 5157 3101 5214 Dicit
3147 5164 3291 5219 enim
3336 5185 3351 5224 :
3390 5191 3413 5219 ι
3441 5170 3501 5227 Si

1909 5255 2029 5327 quis
2083 5251 2264 5308 media
2321 5258 2476 5308 nocte
2541 5268 2712 5324 panes
2775 5251 2846 5309 ab
2907 5255 3083 5312 amico
3133 5269 3300 5333 petat,
3362 5282 3501 5337 quos

1908 5348 2030 5400 ante
2077 5341 2312 5398 amicum
2367 5356 2522 5395 suum
2579 5340 2646 5396 de
2680 5340 2771 5397 via
2798 5342 3100 5401 venientem
3127 5359 3311 5421 ponat,
3358 5355 3403 5410 si
3448 5356 3501 5415 ei

1908 5448 2130 5515 propter
2150 5437 2441 5495 amicitiam
2484 5453 2595 5494 non
2651 5440 2864 5507 tribuat,
2924 5450 3144 5516 propter
3187 5446 3505 5523 improbita.

1910 5536 2017 5585 tem
2069 5526 2187 5597 ejus
2242 5525 2333 5596 qui
2379 5525 2553 5597 poscit
2595 5526 2848 5581 exhibeat
2887 5527 3043 5608 (Luc.
3092 5532 3194 5605 xx).
3230 5557 3254 5583 ι.
3286 5539 3506 5600 Amicus

1908 5626 1996 5682 hic
2045 5631 2127 5680 est
2179 5624 2342 5689 Deus,
2402 5622 2493 5693 qui
2542 5639 2641 5679 nos
2693 5623 2882 5681 dilexit
2908 5633 2960 5683 et
2978 5627 3325 5703 Unigenttum
3344 5654 3502 5697 suum

1910 5744 2009 5802 pro
2042 5724 2221 5783 nobis
2277 5724 2512 5780 tradidit.
2545 5724 2634 5780 Ab
2663 5726 2768 5782 hoc
2795 5726 2976 5785 media
3004 5739 3159 5789 nocte
3185 5751 3385 5806 panem
3413 5757 3507 5813 pe-

1863 5866 1866 5870 .
1910 5826 2091 5893 timus,
2141 5823 2268 5879 dum
2288 5821 2346 5878 in
2375 5820 2716 5881 tribulatione
2742 5823 2863 5896 ejus
2888 5827 3149 5887 auxilium
3186 5835 3499 5905 querimus.
