3924 6400
441 346 544 404 967

1595 342 1932 401 WERNERI
1971 343 2266 408 ABnATIS
2305 347 2363 404 S.
2402 346 2624 406 BLASlI

3637 359 3738 412 968

438 471 505 528 Et
530 471 575 527 si
603 467 762 528 nobis
783 453 1004 544 proptér
1027 453 1250 544 peccata
1281 477 1462 526 nostra
1489 469 1777 526 subvenire
1837 469 2032 540 tardat,
2069 471 2115 535 A
2153 473 2298 529 Elias
2342 489 2452 529 non
2480 481 2663 544 posset
2707 474 2978 547 corrigere
3023 458 3424 547 praedicatione,
3470 469 3661 534 clausit
3690 479 3742 537 ei

441 567 622 616 tamen
650 561 693 616 si
720 560 1202 630 perseveravimus,
1261 559 1685 615 misericordiam
1732 575 1886 614 suam
1942 575 2040 614 no-

441 649 525 706 bis
565 658 853 728 przerogat.
908 651 1126 721 Absque
1177 649 1345 706 dubio
1401 657 1581 706 autem
1637 664 1737 705 nos
1790 647 2037 704 exaudiri

440 755 745 811 noscamus,
802 739 848 794 si
904 739 1118 796 instanti
1193 755 1354 811 prece
1432 739 1686 809 petimus,
1733 737 1778 793 si
1836 737 2040 792 intenta

440 845 618 894 mente
649 836 956 908 quaerimus,
1003 837 1049 892 si
1077 837 1331 908 lacrymis
1379 836 1673 909 pulsamus.
1732 833 1839 904 Qui
1892 835 2038 892 enim

441 933 646 998 patrem
681 941 877 997 panem
931 924 1086 998 petit,
1136 926 1283 980 nullo
1304 924 1466 980 modo
1495 923 1543 980 ei
1575 923 1811 996 lapidem
1867 921 2036 978 dabit.

439 1015 509 1071 Et
537 1014 680 1086 quia
707 1023 856 1087 patre
883 1014 1086 1087 piscem
1118 1014 1308 1088 exigit,
1341 1014 1566 1070 minime
1607 1021 1911 1085 serpentem
1941 1027 2041 1068 ac-

440 1110 586 1181 cipit.
621 1110 688 1164 Et
725 1109 770 1164 si
799 1125 963 1165 ovum
1014 1109 1204 1181 poscit,
1263 1124 1540 1179 nunquam
1597 1107 1646 1162 ei
1699 1106 2039 1178 scorpionem

439 1199 722 1272 porrigit?
752 1199 853 1254 Per
899 1214 1119 1268 panem,
1177 1197 1268 1270 qui
1306 1213 1400 1253 cor
1456 1196 1692 1254 hominis
1735 1193 2038 1260 conﬁrmat,

440 1288 672 1344 charitas
699 1287 1020 1357 declaratur,
1068 1304 1167 1360 per
1221 1303 1384 1358 quam
1432 1288 1598 1342 homo
1657 1285 1712 1339 in
1758 1281 2042 1341 virtutibus

439 1377 835 1434 corroboratur.
870 1377 971 1432 Per
1025 1375 1252 1446 piscem,
1299 1375 1390 1446 qui
1447 1375 1603 1445 pulsu
1632 1373 1888 1430 ﬂuctuum
1945 1388 2043 1426 nu-

443 1475 611 1544 tritur,
668 1472 803 1528 ﬁdes
850 1473 1182 1546 intelligitur,
1242 1489 1362 1544 qua:
1409 1471 1660 1545 procellis
1708 1469 2040 1542 persecutio-

440 1579 569 1619 num
596 1563 665 1619 ad
695 1563 1028 1618 incrementa
1081 1561 1416 1633 perducitur.
1475 1561 1575 1616 Per
1601 1575 1764 1617 ovum
1818 1557 1888 1615 de
1934 1573 2041 1628 quo

441 1652 581 1709 fetus
600 1659 958 1722 exspectatur,
1016 1667 1143 1723 spes
1191 1651 1476 1717 indicatur,
1528 1665 1625 1721 per
1644 1663 1807 1720 quam
1867 1647 2044 1702 futura

441 1739 718 1798 beatitudo
737 1747 1008 1814 speratur.
1038 1741 1203 1796 Porro
1234 1755 1332 1812 per
1384 1737 1624 1809 lapidem
1653 1737 1831 1794 cordis
1887 1735 2042 1791 duri-

443 1839 534 1909 tia,
559 1856 658 1912 per
683 1847 990 1909 serpentem
1020 1838 1390 1895 veneniferum
1423 1836 1625 1892 animal
1659 1834 1866 1891 malitia
1896 1848 1910 1903 ;
1945 1850 2042 1906 per
2069 1836 2123 1898 Β

439 1928 782 2000 scorpionem
810 1943 955 1997 vero,
1005 1928 1096 1998 qui
1123 1927 1296 1983 cauda
1337 1927 1583 1999 percutit,
1615 1925 1879 1995 accipitur
1920 1941 2046 1996 pec-

442 2027 682 2075 catorum
737 2017 994 2075 vindicta.
1045 2016 1153 2086 Qui
1200 2033 1332 2089 ergo
1362 2017 1530 2072 aDeo
1581 2014 1897 2071 charitatem
1957 2028 2049 2084 po-

442 2108 621 2176 stulat,
653 2121 930 2177 nunquam
949 2123 1073 2162 eum
1103 2107 1159 2161 in
1205 2106 1366 2161 malis
1385 2105 1627 2174 indurat,
1652 2112 1706 2159 et
1734 2104 1824 2174 qui
1881 2101 2045 2157 ﬁdem

443 2196 513 2253 ab
543 2212 608 2253 eo
630 2197 821 2268 poscit,
856 2195 1002 2251 nullo
1023 2194 1186 2251 modo
1221 2211 1344 2250 eum
1374 2193 1429 2248 in
1459 2194 1666 2249 malitia
1726 2207 2045 2263 permanere

442 2294 586 2349 sinit.
647 2293 751 2362 Qui
771 2309 900 2350 vero
954 2308 1108 2365 spem
1165 2292 1234 2347 ab
1264 2307 1329 2348 eo
1383 2300 1559 2364 rogat,
1597 2305 1937 2360 nequaquam
1995 2288 2047 2343 ei

443 2383 766 2456 supplicium
800 2382 1022 2455 irrogat.
1053 2383 1154 2438 Per
1193 2397 1391 2453 panem
1430 2395 1646 2451 quoque
1673 2379 1893 2447 fructus,
1954 2377 2047 2448 qui

443 2498 585 2540 nunc
613 2481 670 2537 in
715 2479 885 2536 herba
937 2478 1129 2551 surgit,
1178 2477 1483 2549 accipitur;
1517 2493 1614 2549 per
1659 2491 1842 2544 ovum,
1909 2475 2049 2531 fetus

445 2569 762 2628 animalium
817 2567 1180 2640 intelligitur;
1212 2583 1310 2640 per
1362 2567 1566 2638 piscem
1622 2564 1882 2636 quidquid
1929 2565 2046 2635 jam

447 2666 526 2716 est
555 2673 662 2729 quo
692 2657 921 2728 quisque
951 2656 1182 2711 nutritur
1212 2655 1470 2710 innuitur.
1521 2656 1622 2710 Pro
1641 2653 1836 2724 quibus
1889 2669 2048 2724 Opor-

450 2755 525 2804 tet
549 2755 609 2804 ut
621 2746 838 2802 dilectio
886 2753 1068 2804 vestra
1095 2759 1284 2817 preces
1337 2743 1573 2800 Domino
1605 2742 1812 2810 fundat,
1864 2750 2050 2813 quate-

447 2853 548 2894 nus
584 2837 674 2892 hic
700 2851 734 2891 a
759 2833 942 2908 lapide
995 2833 1295 2908 grandinis,
1324 2849 1357 2890 a
1383 2839 1631 2906 serpente
1680 2832 2044 2903 mortalitatis,

445 2942 479 2983 a
501 2925 785 2999 scorpione
813 2925 1145 2996 tempestatis
1161 2921 1446 2980 custodiat.

1124 3053 1332 3096 DIVISIO
1344 3077 1359 3097 ι

514 3139 701 3210 Multa,
731 3136 1051 3205 charissimi,
1109 3138 1373 3195 habemus
1427 3134 1680 3210 exempla
1733 3136 1877 3209 quod
1897 3137 2045 3195 mul-

446 3248 557 3296 tum
585 3238 730 3296 valet
757 3235 1064 3310 deprecatio
1114 3234 1247 3306 justi
1295 3234 1508 3292 assidua
1563 3235 1706 3305 (Jac.
1766 3237 1848 3308 v).
1909 3235 2044 3291 Cum

445 3337 678 3410 populus
707 3335 946 3408 quinque
998 3333 1275 3391 civitatum
1322 3332 1606 3390 horrendis
1646 3332 1866 3406 ﬂagitiis
1907 3332 2044 3390 iram

445 3427 544 3483 Dei
575 3440 737 3498 super
763 3441 821 3480 se
875 3429 1242 3498 provocasset,
1282 3421 1553 3478 Abraham
1604 3423 1776 3479 Deum
1832 3424 2049 3496 rogavit

446 3524 504 3572 ut
531 3515 611 3572 eis
651 3521 912 3587 parceret,
943 3512 988 3568 si
1035 3512 1223 3568 decem
1265 3510 1441 3581 justos
1497 3512 1636 3568 inter
1695 3528 1790 3569 eos
1843 3511 2048 3567 inveni-

447 3613 543 3662 rct.
577 3603 842 3661 Dominus
880 3609 1059 3658 autem
1107 3601 1262 3668 dixit,
1304 3600 1349 3655 si
1397 3600 1583 3656 decem
1635 3600 1811 3671 justos
1839 3602 1894 3656 in
1940 3601 2048 3656 illis

449 3702 684 3775 quinque
731 3699 914 3773 regnis
959 3698 1237 3771 reperiret,
1280 3697 1400 3753 aliis
1454 3697 1707 3753 omnibus
1760 3697 1899 3753 inter
1952 3714 2047 3754 eos

447 3791 737 3848 dimitteret
771 3803 786 3860 ;
818 3790 1039 3860 insuper
1087 3787 1204 3843 loca
1233 3802 1342 3841 non
1380 3785 1731 3843 subverteret.
1765 3787 1872 3843 Sed
1919 3787 2046 3857 quia

445 3897 556 3938 non
611 3879 713 3936 nisi
769 3895 908 3934 unus
956 3877 1134 3948 justus
1188 3883 1269 3932 est
1315 3876 1582 3945 inventus,
1637 3877 1725 3933 hic
1766 3877 1912 3932 solus
1965 3883 2047 3932 est

446 3987 679 4052 ereptus.
712 3975 1019 4048 Pentapolis
1057 3990 1186 4031 vero
1237 3991 1361 4031 cum
1412 3974 1614 4048 populo
1674 3974 1801 4048 igne
1857 3981 1911 4030 et
1944 3974 2047 4030 sul-

446 4080 614 4152 phure
634 4075 979 4140 subvertitur,
1011 4079 1064 4130 et
1111 4088 1248 4128 uxor
1268 4071 1418 4143 justi,
1469 4089 1589 4142 quae
1618 4089 1743 4128 eum
1781 4088 2044 4145 corpora-

445 4168 564 4224 liter
591 4172 798 4222 tantum
819 4161 1196 4230 comitabatur,
1242 4178 1364 4218 cum
1394 4161 1691 4218 Sodomitis
1718 4169 1898 4218 autem
1928 4177 2046 4218 mo-

442 4264 664 4344 rabatur
690 4268 892 4329 mente,
951 4260 1005 4314 in
1059 4266 1288 4316 statuam
1335 4259 1464 4315 salis
1504 4261 1832 4317 convertitur
1864 4261 2034 4330 (Gen.

445 4356 584 4423 xix).
616 4352 752 4408 Hinc
781 4350 938 4406 datur
982 4347 1211 4422 intelligi
1245 4349 1391 4421 quod
1435 4349 1707 4421 justorum
1762 4349 2046 4408 cohabita-

447 4455 520 4512 tio
541 4459 619 4510 est
643 4464 932 4524 pravorum
962 4448 1016 4504 in
1042 4451 1146 4504 hac
1170 4449 1281 4506 vita
1339 4449 1706 4519 sustentatio,,
1763 4449 1892 4505 dum
1947 4465 2048 4521 per

2075 3199 2126 3264 Ο

2146 563 2342 618 caelum
2374 564 2528 618 annis
2558 563 2724 618 tribus
2761 571 2813 620 et
2841 565 3114 620 mensibus
3167 582 3261 620 sex
3287 566 3526 623 oratione
3582 570 3733 637 (Jac.

2148 654 2232 722 v).
2269 652 2456 708 Pluvia
2509 669 2635 709 vero
2675 669 2708 708 a
2763 653 2900 709 cmlo
2971 653 3199 710 inhibita
3269 655 3536 711 sitibunda
3586 658 3744 713 tellus

2148 751 2390 824 elanguit
2434 751 2692 821 marcida,
2743 759 2796 807 et
2831 751 3123 808 cultoribus
3149 753 3260 808 suis
3304 754 3534 812 minatur
3581 753 3744 812 famis

2147 839 2478 896 discrimina.
2511 841 2676 897 Fame
2704 840 2886 911 itaque
2929 851 3176 913 urgente,
3224 843 3452 915 populus
3497 845 3564 901 ad
3620 846 3742 901 cul-

2148 936 2260 984 tum
2290 928 2398 986 vivi
2429 937 2482 985 et
2505 929 2619 986 veri
2649 929 2747 984 Dei
2776 931 3116 999 compellitur
3142 937 3196 986 et
3223 939 3408 988 orante
3455 933 3569 989 Elia
3599 941 3744 990 terra

2149 1016 2442 1074 abundanti
2488 1018 2664 1074 imbre
2707 1018 3064 1088 perfunditur,
3123 1027 3176 1076 et
3228 1036 3484 1079 converso
3533 1023 3740 1094 populo

2148 1117 2306 1190 copia
2325 1133 2503 1172 rerum
2534 1117 2797 1172 redditur.
2848 1119 2927 1172 En
2957 1134 3054 1190 per
3071 1119 3366 1175 orationem
3423 1120 3577 1176 unius
3631 1122 3742 1177 ho-

2147 1207 2310 1261 minis
2339 1207 2534 1262 cuclum
2590 1205 2738 1262 omni
2769 1207 2970 1279 populo
3011 1207 3293 1278 clauditur,
3329 1217 3379 1266 et
3407 1226 3614 1266 rursum
3672 1225 3742 1267 eo

2149 1303 2336 1352 orante
2358 1295 2668 1351 recluditur.

2221 1409 2468 1481 Quodam
2523 1411 2686 1467 etiam
2746 1418 2988 1483 tempore
3059 1411 3130 1468 ob
3187 1421 3406 1486 peccata
3460 1412 3742 1471 hominum

2149 1517 2278 1556 arva
2297 1501 2534 1558 siccitate
2591 1509 2855 1571 arescunt,
2904 1509 2958 1558 et
2983 1499 3149 1558 corda
3203 1503 3489 1559 multorum
3549 1505 3745 1561 timore

2152 1589 2311 1646 famis
2368 1591 2665 1648 tabescunt.
2716 1589 2926 1660 Quibus
2997 1590 3386 1662 jejunantibus.
3437 1601 3490 1650 et
3554 1609 3745 1649 cruces

2149 1706 2272 1745 cum
2302 1689 2502 1745 litaniis
2555 1689 2894 1762 portantibus
2950 1689 3171 1760 quidam
3223 1699 3435 1761 patrum
3491 1691 3741 1759 occurrit,

2150 1793 2368 1835 causam
2399 1777 2700 1834 atilictionis
2731 1777 2968 1848 inquirit.
3003 1777 3105 1848 Qui
3156 1795 3278 1836 cum
3299 1779 3590 1836 siccitatem
3647 1796 3744 1835 re-

2153 1867 2499 1940 sponderent,
2533 1867 2702 1924 dixit:
2736 1868 2850 1922 Cur
2875 1884 2984 1923 non
3013 1875 3228 1924 orarent
3253 1869 3282 1923 ‘P
3313 1867 3415 1938 Qui
3436 1870 3556 1924 eum
3589 1867 3744 1924 atﬁr—

2153 1973 2362 2021 marent
2414 1982 2472 2021 se
2529 1965 2820 2038 plurimum
2872 1964 3078 2021 orando
3117 1965 3408 2033 laborasse,
3440 1974 3492 2022 et
3549 1982 3742 2036 parum

2153 2055 2490 2127 impetrasse,
2519 2054 2656 2109 dixit
2688 2069 2701 2110 :
2737 2054 2794 2110 Si
2815 2054 3017 2110 intente
3046 2063 3309 2125 peterent,
3341 2055 3523 2126 utique
3578 2056 3745 2126 petita

2153 2145 2477 2216 acciperent.
2539 2144 2805 2214 Stansque
2860 2159 3044 2200 coram
3093 2145 3360 2214 omnibus,
3441 2160 3631 2199 manus
3673 2143 3744 2199 ad

2152 2234 2452 2290 orationem
2509 2233 2769 2288 extendit.
2815 2240 2869 2288 et
2914 2232 2984 2288 ad
3034 2232 3212 2303 prima
3266 2232 3433 2291 verba
3476 2233 3744 2302 precantis

2151 2331 2340 2401 pluvia
2393 2329 2688 2398 descendit,
2749 2336 2994 2400 terraque
3039 2329 3130 2385 diu
3184 2338 3439 2404 negatum
3514 2329 3742 2385 fructum

2154 2419 2408 2493 agricolis
2462 2418 2748 2492 impendit.
2807 2418 3040 2489 Quidam
3091 2419 3253 2474 etiam
3306 2419 3598 2474 monachus
3633 2426 3747 2474 erat

2153 2517 2209 2571 in
2264 2517 2508 2573 oratione
2555 2516 2823 2573 assiduus.
2862 2517 3009 2574 Unus
3052 2532 3181 2573 vero
3231 2515 3538 2572 dmmonum
3585 2531 3618 2571 a
3657 2515 3746 2570 Ju-

2152 2606 2296 2662 liano
2347 2606 2671 2678 imperatore
2727 2621 2826 2679 pro
2883 2605 3117 2676 quodam
3167 2621 3422 2678 responso
3477 2604 3745 2668 mittitur;

2151 2702 2247 2759 sed
2276 2703 2520 2776 ejusdem
2542 2702 2643 2758 viri
2671 2702 2922 2773 precibus
2946 2718 3030 2759 xx
3049 2703 3238 2759 diebus
3291 2703 3344 2758 in
3399 2718 3507 2759 uno
3534 2703 3652 2759 loco
3678 2699 3746 2757 ﬁ-

2151 2792 2298 2866 gitur
2329 2809 2344 2853 ;
2374 2791 2570 2848 deinde
2590 2807 2791 2848 vacuus
2818 2790 2888 2848 ad
2913 2808 3102 2866 regem
3139 2792 3442 2849 revertitur.
3473 2793 3613 2848 Dum
3657 2791 3749 2848 ille

2161 2897 2381 2938 causam
2410 2897 2578 2938 mora:
2607 2881 2902 2952 inquireret
2947 2880 3023 2936 ait
3055 2901 3068 2939 :
3101 2881 3166 2938 Et
3194 2881 3420 2948 tardavi,
3451 2889 3503 2937 et
3553 2881 3749 2954 imper-

2153 2971 2295 3027 fecto
2354 2971 2574 3044 negotio
2632 2970 2910 3043 repedavi.
2950 2971 3090 3028 Nam
3139 2987 3262 3027 cum
3317 2970 3448 3026 mihi
3477 2985 3573 3043 per
3598 2969 3747 3026 illum

2153 3061 2481 3116 monachum
2534 3066 2680 3116 esset
2733 3059 3002 3127 transitus,
3049 3057 3380 3116 orationibus
3427 3059 3572 3115 illius
3627 3075 3744 3114 sum

2155 3149 2465 3222 impeditus.
2497 3149 2742 3221 Cumque
2796 3149 3134 3223 praestolarer
3186 3149 3231 3204 si
3261 3148 3395 3205 forte
3450 3148 3742 3205 orationem

2155 3246 2348 3316 ﬁniret,
2385 3255 2445 3304 ut
2465 3248 2601 3303 mihi
2649 3248 2923 3321 praeterire
2953 3248 3155 3314 liceret,
3183 3246 3274 3304 ille
3317 3245 3478 3303 ﬁnem
3509 3262 3616 3302 non
3655 3245 3740 3302 fe-

2153 3337 2228 3394 cit
2254 3336 2528 3410 precibus,
2562 3345 2615 3393 et
2637 3353 2742 3410 ego
2787 3337 2926 3393 ultra
2964 3338 3043 3394 ire
3084 3352 3194 3393 non
3248 3335 3450 3402 valens,
3500 3350 3743 3393 reversus

2151 3443 2270 3482 sum
2300 3443 2528 3485 vacuus.
2565 3426 2812 3482 Julianus
2855 3434 3034 3482 autem
3090 3424 3398 3481 minabatur
3450 3424 3498 3481 ei
3543 3423 3742 3496 suppli-

2152 3516 2317 3586 cium,
2348 3517 2442 3572 sed
2464 3515 2579 3588 ipse
2608 3531 2717 3572 non
2778 3515 2950 3571 multo
2981 3523 3101 3587 post
3130 3514 3274 3571 bello
3301 3513 3525 3583 occisus,
3579 3513 3742 3570 subiit

2152 3614 2433 3662 aeternum.
2471 3607 2681 3674 Penset,
2715 3621 2919 3676 quaso,
2949 3603 3164 3661 dilectio
3193 3613 3386 3672 vestra,
3419 3611 3742 3674 quantumse

2153 3705 2458 3761 dilataverit
2489 3702 2655 3774 hujus
2679 3703 2781 3760 viri
2836 3703 3024 3758 oratio.
3080 3704 3232 3759 Certe
3269 3702 3517 3758 diabolus
3570 3707 3740 3773 potest

2153 3795 2314 3850 etiam
2345 3809 2494 3850 mare
2514 3801 2862 3849 transmeare.
2884 3792 2992 3850 Sed
3008 3793 3176 3864 hujus
3203 3793 3374 3850 oratio
3401 3807 3517 3848 sese
3532 3807 3735 3846 sursum

2152 3884 2220 3941 ad
2250 3884 2446 3940 coelum
2475 3883 2758 3956 porrigens
2787 3883 3064 3938 transitum
3085 3883 3136 3938 ei
3162 3898 3258 3954 per
3312 3897 3438 3938 aera
3490 3879 3732 3949 inhibuit,

2151 3972 2400 4029 deorsum
2421 3990 2479 4028 se
2508 3971 2578 4028 ad
2609 3979 2802 4028 tartara
2831 3971 3126 4028 extendens
3178 3970 3497 4042 pertransire
3552 3969 3735 4041 prohi—

2150 4071 2285 4140 buit,
2318 4069 2454 4126 ﬁnes
2507 4069 2654 4126 orbis
2694 4070 2941 4140 utrinque
2971 4069 3239 4141 attingens
3292 4069 3348 4123 in
3391 4074 3576 4124 neutra
3591 4075 3734 4136 parte

2151 4160 2488 4233 transfugam
2544 4159 2794 4230 spiritum
2828 4175 2861 4213 a
2897 4158 3090 4231 refuga
3136 4157 3355 4214 homine
3396 4155 3734 4228 praetergredi

2151 4251 2414 4324 permisit.
2445 4250 2512 4306 Et
2538 4265 2727 4305 revera
2755 4248 2842 4304 hic
2869 4249 3032 4304 homo
3062 4263 3260 4320 corpus
3287 4246 3574 4317 aliquando
3620 4245 3736 4301 cibo

2151 4350 2420 4408 interdum
2448 4364 2640 4406 somno
2669 4347 2945 4405 reﬁciebat
2975 4361 2990 4418 ;
3023 4345 3119 4402 sed
3149 4353 3259 4403 tota
3306 4345 3531 4402 intentio
3569 4342 3738 4400 cordis

2149 4458 2232 4514 sui
2261 4456 2340 4513 sic
2357 4456 2425 4512 ad
2457 4456 2628 4513 Deum
2646 4454 2854 4530 jugiter
2882 4452 3214 4512 ascendebat
3240 4451 3384 4526 quod
3415 4450 3590 4510 omnis
3605 4449 3736 4508 actio

444 4540 659 4604 illorum
689 4539 960 4598 orationes
987 4538 1126 4594 ultra
1153 4536 1375 4594 dextera
1406 4537 1684 4609 liberatur,
1743 4555 1812 4594 ne
1850 4553 2037 4596 eorum
2067 4568 2120 4632 Ι)
2152 4549 2273 4621 ejus
2299 4546 2472 4604 οηιίο
2501 4552 2636 4603 erat.

441 4632 704 4709 pravitas,
759 4635 820 4685 ut
863 4634 1117 4696 meretur,
1174 4627 1352 4684 subito
1407 4627 1463 4684 in
1509 4627 1867 4698 perditionem
1901 4627 2040 4684 sub-

441 4737 737 4804 mergatur.
767 4724 910 4782 Cum
940 4739 1072 4781 vero
1114 4723 1247 4795 justi
1277 4723 1551 4796 tolluntur,
1600 4740 1731 4782 mox
1793 4724 1945 4798 impii
1975 4723 2046 4781 ad

441 4826 710 4880 tormenta
761 4814 1086 4887 rapiuntur:
1119 4813 1198 4870 sic
1262 4812 1503 4869 Sodoma
1557 4813 1717 4888 periit
1759 4822 2045 4887 postquam

443 4913 542 4970 Lot
593 4907 719 4964 inde
774 4903 922 4962 exiit.
973 4903 1108 4960 Cum
1142 4901 1374 4975 populus
1403 4901 1503 4959 Dei
1551 4919 1648 4976 per
1699 4905 1922 4977 Moysen
1976 4905 2046 4962 de

443 5003 675 5074 Egypto
719 4993 982 5062 educitur,
1012 4991 1083 5049 ab
1128 4992 1372 5048 hostibus
1401 4991 1457 5048 in
1511 4993 1602 5051 via
1629 4993 1795 5050 armis
1824 4994 2046 5052 invadi-

446 5111 550 5160 tur.
571 5100 790 5170 Moyses
816 5101 995 5152 autem
1019 5090 1074 5148 iu
1129 5099 1314 5148 monte
1343 5093 1580 5148 extensis
1607 5093 1859 5150 manibus
1912 5110 2044 5150 ora-

445 5192 560 5260 bat,
589 5196 644 5246 et
670 5184 834 5242 Israel
852 5185 1035 5239 hostes
1061 5181 1371 5253 superabat.
1415 5181 1472 5238 Si
1498 5198 1629 5239 vero
1659 5184 1870 5256 Moyses
1929 5200 2046 5239 ma-

445 5305 546 5347 nus
572 5283 799 5354 remisit,
828 5279 1050 5338 Amalec
1075 5279 1274 5336 devicit
1315 5279 1520 5352 (Exod)
1566 5280 1726 5353 xvn).
1767 5281 1904 5337 Hinc
1951 5299 2047 5354 pa-

447 5395 520 5444 tet
539 5385 682 5459 quod
701 5382 791 5440 ille
823 5380 943 5453 plus
970 5379 1084 5452 egit
1111 5378 1362 5450 precibus
1391 5393 1555 5450 quam
1585 5379 1750 5434 armis
1790 5379 2042 5451 populus.

445 5482 585 5538 Nam
649 5477 931 5536 victoriam
1013 5475 1246 5531 obtinuit
1298 5475 1524 5546 orando,
1584 5491 1748 5547 quam
1812 5475 2047 5550 populus

447 5578 669 5652 adipisci
695 5593 805 5633 non
832 5573 1002 5632 valuit
1022 5573 1338 5647 pugnando.
1371 5574 1633 5631 Similiter
1661 5575 1882 5632 Samuel
1937 5577 2045 5633 ho-

445 5685 552 5735 stes
581 5675 832 5750 precibus
858 5672 1079 5746 depulit,
1116 5689 1252 5746 quos
1297 5674 1566 5732 exercitus
1622 5674 1789 5732 armis
1844 5675 2046 5748 pellere

450 5790 558 5831 non
587 5771 776 5848 potuit.
811 5769 1043 5844 populus
1072 5769 1202 5826 olim
1255 5788 1288 5828 a
1346 5772 1468 5846 lege
1518 5778 1572 5830 et
1592 5773 1738 5830 cultu
1764 5774 1865 5830 Dei
1894 5789 2049 5831 aver-

452 5872 578 5929 titur
603 5878 658 5929 et
686 5869 756 5926 ad
822 5863 1184 5924 idololatriam
1236 5869 1588 5928 convertitur.
1673 5871 1850 5942 Quem
1923 5886 2046 5931 cum

2829 4706 3070 4750 nmsio.
3108 4682 3110 4684 ’

2223 4816 2558 4887 Charissimi,
2586 4831 2776 4875 omnes
2788 4815 2918 4889 justi
2948 4814 3017 4872 ab
3034 4813 3185 4872 initio
3213 4810 3419 4880 mundi,
3444 4810 3535 4884 qui
3574 4827 3734 4888 regna

2152 4917 2277 4976 vitae
2298 4923 2606 4974 meruerunt
2624 4915 2800 4973 beata
2828 4915 2902 4971 ita
2921 4911 3126 4971 orando
3150 4912 3509 4969 obtinuerunt.
3541 4910 3732 4968 Omnes

2153 5023 2388 5078 namque
2436 5004 2568 5077 justi
2607 5005 2836 5061 orationi
2891 5002 3154 5060 studuisse
3201 5001 3469 5075 leguntur,
3520 5007 3574 5057 et
3619 4999 3731 5056 ideo

2153 5121 2251 5180 pro
2307 5121 2413 5177 quo
2442 5111 2748 5172 oraverunt,
2801 5103 2962 5177 pleno
2991 5102 3192 5176 gaudio
3248 5101 3408 5159 hodie
3461 5100 3731 5172 perfruun-

2152 5213 2257 5262 tur.
2291 5206 2478 5276 Itaque
2507 5211 2560 5260 et
2591 5219 2688 5260 nos
2717 5203 3020 5275 frequenter
3060 5201 3288 5259 orationi
3346 5198 3728 5268 incumbamus,

2151 5310 2352 5360 utcum
2395 5302 2474 5356 eis
2519 5301 2737 5372 plenum
2766 5298 3026 5372 gaudium
3054 5297 3279 5369 adipisci
3333 5296 3620 5353 valeamus.
3677 5297 3732 5350 In

2152 5392 2374 5449 nomine
2399 5398 2576 5447 autem
2623 5390 2748 5446 Jesu
2793 5387 2977 5444 omnia
3001 5395 3270 5458 petamus,
3329 5386 3372 5441 si
3403 5401 3585 5458 preces
3635 5399 3732 5440 no-

2151 5489 2288 5537 stras
2369 5477 2613 5535 exaudiri
2692 5485 2970 5551 optamus.
3035 5477 3100 5532 In
3171 5475 3393 5532 nomine
3439 5475 3562 5530 Jesu
3644 5474 3732 5528 Pa-

2153 5586 2290 5635 trem
2323 5578 2620 5650 poscimus,
2641 5575 2687 5632 si
2741 5583 2945 5632 tantum
2978 5573 3176 5631 animai
3231 5572 3500 5641 salutaria,
3534 5579 3586 5628 et
3635 5586 3733 5628 cor-

2151 5676 2300 5749 poris
2341 5675 2644 5733 necessaria
2696 5675 2950 5747 petimus.
3017 5671 3247 5729 Orantes
3317 5685 3445 5729 vero
3489 5669 3733 5726 debemus

2153 5775 2221 5833 de
2278 5774 2485 5832 meritis
2549 5772 2746 5831 nostris
2808 5768 3072 5842 difﬁdere,
3155 5769 3225 5827 de
3263 5769 3382 5842 ejus
3439 5767 3730 5824 misericor~

2154 5856 2247 5932 dia
2301 5890 2649 5950 presumera,
2707 5872 2834 5948 quia
2860 5871 2976 5946 ipse
3029 5869 3212 5929 dixit:
3245 5890 3268 5922 ει
3317 5872 3490 5928 Amen
3509 5867 3629 5926 dico
3643 5882 3729 5927 vo-
