3924 6456
157 370 262 426 969

1117 361 1702 421 DEFLORATIONES
1740 360 1848 424 SS.
1896 362 2198 421 PATRUM.
2230 395 2299 406 —
2330 365 2462 422 LIB.
2505 366 2554 421 I.

3378 370 3483 428 970

161 496 268 560 bis,
301 491 586 566 quidquid
619 497 841 549 orantes
870 488 1076 564 petitis,
1105 490 1313 547 credite
1377 489 1505 561 quia
1546 486 1780 559 accipie-
1809 487 1862 552 Α
1891 487 2016 544 dum
2047 488 2192 546 anxii
2243 489 2312 546 de
2353 490 2588 549 terrenis
2615 495 2673 547 et
2711 487 2932 549 solliciti
2961 487 3032 547 de
3061 487 3300 560 caducis,
3358 491 3490 564 quia

155 584 242 650 tis,
280 590 333 638 et
364 581 462 638 fiet
507 582 706 638 vobis.
747 581 803 637 Si
843 581 950 636 duo
993 596 1056 635 ex
1105 579 1260 636 vobis
1283 577 1681 644 consenserint,
1715 577 1786 634 de

159 673 311 728 omni
374 687 438 744 re
501 686 845 743 quacunque
877 670 1148 742 petierint,
1227 668 1320 724 fiet
1361 683 1394 723 a
1471 669 1626 723 Patre
1663 680 1786 723 meo

155 762 385 828 (Matth.
422 764 616 830 xvm).
654 785 676 808 η
715 759 924 816 Omnes
956 775 1094 831 ergo
1126 757 1414 813 unanimes
1459 757 1511 811 in
1541 756 1788 812 oratione

160 869 362 926 estote,
446 859 632 914 corda
673 874 795 914 cum
835 856 1085 912 manibus
1127 857 1193 912 ad
1236 857 1404 910 Deum
1445 855 1642 921 levate,
1685 867 1785 925 pro

155 950 417 1005 omnibus
451 949 604 1003 vivis
645 956 699 1002 et
729 947 1019 1011 defunctis,
1042 954 1094 1000 et
1125 945 1216 1017 qui
1245 945 1298 999 in
1328 944 1502 1016 aliqua
1527 959 1788 1016 pressura

155 1047 279 1094 sunt
306 1045 500 1095 orate.
583 1036 644 1092 Si
674 1036 822 1091 enim
881 1051 980 1106 pro
1015 1043 1128 1090 tota
1186 1033 1431 1090 Ecclesia
1469 1040 1652 1104 utpcte
1688 1047 1786 1104 pro

158 1144 331 1190 matre
352 1142 554 1190 vestra
585 1134 777 1197 oretis,
795 1140 906 1188 tota
929 1131 1171 1187 Ecclesia
1194 1130 1462 1202 supplicat
1486 1147 1584 1202 pro
1605 1129 1781 1196 vobis,

161 1233 219 1279 ut
247 1232 383 1296 puta
412 1239 525 1294 pro
557 1222 679 1278 suis
713 1221 860 1276 ﬁliis.
909 1221 964 1276 Si
1001 1230 1178 1276 autem
1234 1236 1335 1292 pro
1357 1219 1628 1276 defunctis
1651 1235 1784 1274 ora-

163 1313 251 1379 tis,
285 1329 392 1368 vos
427 1312 597 1382 ipsos
629 1309 898 1375 liberatis,
930 1310 1058 1380 quia
1096 1309 1141 1364 si
1181 1310 1235 1363 in
1265 1309 1464 1380 gaudio
1494 1316 1638 1376 sunt,
1681 1307 1786 1380 ipsi

163 1414 374 1479 rogant
406 1413 468 1461 ut
504 1405 748 1462 celerius
779 1406 848 1460 ad
879 1422 975 1460 eos
995 1404 1264 1469 veniatis;
1296 1404 1341 1459 si
1363 1405 1561 1460 veroin
1587 1404 1789 1476 suppli-

162 1495 268 1560 cio,
312 1495 611 1566 postulant
669 1503 727 1548 ut
782 1509 1060 1563 nunquam
1089 1495 1217 1550 illuc
1259 1494 1508 1551 veniatis.
1542 1495 1788 1566 Denique

165 1585 256 1658 qui
293 1593 441 1649 orat,
463 1583 714 1638 Domino
745 1583 1150 1649 confabulatur,
1200 1591 1253 1638 et
1300 1584 1422 1639 ideo
1450 1601 1676 1640 necesse
1706 1591 1791 1640 est

167 1683 222 1729 ut
251 1673 347 1745 qui
382 1673 632 1728 fideliter
655 1672 809 1744 petit,
840 1681 1184 1743 assequatur.
1211 1673 1275 1727 Et
1303 1689 1426 1728 cum
1458 1673 1575 1744 ipse
1606 1674 1786 1730 dicat:

176 1794 197 1820 σι
231 1771 339 1827 Ubi
366 1771 486 1825 duo
515 1770 611 1826 vel
633 1779 750 1825 tres
773 1769 1092 1842 congregati
1113 1769 1311 1826 fuerint
1335 1771 1386 1825 in
1407 1772 1625 1826 nomine
1645 1786 1791 1838 meo,

1895 577 2232 634 hazreditabit
2263 582 2424 639 homo
2455 597 2694 649 vermes,
2718 581 2924 637 bestias
2951 588 3006 638 et
3034 587 3340 652 serpentes.
3371 581 3489 638 Ro-

1895 676 2021 739 gate
2053 677 2229 724 autem
2262 671 2457 737 Deum,
2477 675 2538 726 ut
2567 671 2638 726 ab
2659 670 2744 726 his
2761 669 3179 726 necessitatibus
3199 679 3486 737 voseruat,

1895 764 2053 828 atque
2079 757 2223 825 illuc,
2283 761 2376 816 ubi
2415 761 2500 815 his
2551 775 2658 816 non
2689 759 2998 831 indigestis,
3029 759 3316 818 transferat
3346 777 3364 816 :
3396 759 3491 815 ubi

1894 871 2002 911 non
2035 857 2293 923 esurient,
2326 875 2505 931 neque
2538 858 2724 914 sitient
2773 856 3024 929 amplius,
3059 865 3110 913 et
3168 856 3259 913 ubi
3288 855 3486 913 animm

1894 943 2246 1016 requiescunt
2276 963 2304 1001 a
2337 948 2450 1002 suis
2480 947 2780 1015 laboribus,
2813 955 2864 1003 et
2893 946 2986 1001 ubi
3017 954 3274 1002 vacantet
3302 946 3492 1016 vident

1895 1033 2151 1105 quoniam
2209 1035 2326 1107 ipse
2358 1044 2441 1092 est
2469 1038 2641 1103 Deus,
2699 1036 2756 1090 in
2806 1036 2960 1105 cujus
2989 1035 3198 1092 visione
3229 1031 3488 1091 reﬁciun-

1895 1137 1979 1186 tur
2007 1132 2240 1204 angelici
2271 1142 2484 1200 coetus;
2519 1141 2577 1190 ut
2596 1135 2700 1190 hoc
2728 1137 2978 1204 petamus
3016 1131 3085 1186 ab
3134 1130 3257 1202 ipso
3303 1129 3488 1187 edocti

1894 1236 2079 1275 sumus
2113 1239 2126 1276 :
2162 1243 2186 1273 ι
2222 1222 2415 1290 Petite,
2448 1220 2637 1293 inquit,
2671 1229 2725 1278 et
2771 1219 3072 1291 accipietis,
3119 1227 3177 1274 ut
3220 1218 3484 1292 gaudium

1893 1317 2138 1365 vestrum
2169 1310 2237 1365 sit
2267 1310 2492 1382 plenum
2515 1310 2889 1383 (Joan.xvt).»
2921 1309 3096 1365 Omne
3118 1306 3280 1378 hujus
3300 1305 3490 1363 mundi

1895 1399 2161 1471 gaudium
2211 1407 2295 1455 est
2339 1399 2509 1454 fallax
2575 1408 2628 1455 et
2667 1413 2906 1454 mcerore
2954 1403 3194 1470 plenum.
3236 1395 3292 1452 Si
3340 1395 3492 1453 enim

1895 1487 2017 1558 quis
2047 1487 2115 1542 de
2153 1487 2408 1560 speciosa
2465 1489 2704 1560 conjuge
2733 1487 2964 1552 laetatur,
3023 1495 3196 1541 morte
3247 1483 3502 1552 interves

1895 1583 2078 1640 niente
2135 1585 2402 1642 tristatur.
2463 1585 2520 1641 Si
2576 1584 2644 1640 de
2699 1582 2880 1639 charis
2946 1582 3091 1638 natis
3140 1580 3504 1652 jucundatnr,

1895 1681 2091 1742 morbo
2149 1682 2382 1751 affectis,
2416 1684 2503 1741 vel
2527 1691 2701 1740 morte
2757 1681 2975 1749 ablatis,
3031 1679 3400 1738 contristatur.
3435 1679 3504 1744 Si.

1897 1770 1966 1826 de
2020 1773 2395 1842 possessione,
2469 1773 2554 1829 vel
2586 1772 2820 1844 pecunia
2862 1769 3083 1843 gaudet,
3113 1769 3294 1842 aliquo
3322 1766 3503 1824 infor-

172 1860 247 1914 ihi
277 1877 410 1915 sum
441 1859 504 1914 in
534 1859 724 1914 medio
753 1874 936 1914 eorum
957 1859 1174 1927 (Matth.
1206 1862 1382 1929 xvm),
1412 1884 1433 1908 ιι
1469 1869 1667 1932 quanto
1688 1877 1797 1914 ma-
1825 1842 1879 1904 Β
1910 1858 2058 1915 tunio
2087 1861 2301 1916 amissis
2330 1867 2550 1916 mmret.
2588 1842 2724 1916 illud
2754 1842 2933 1915 autem
2962 1873 3152 1915 verum
3183 1865 3236 1914 et
3280 1856 3502 1930 plenum

173 1949 259 2022 gis
290 1948 622 2004 credendus
652 1956 735 2002 est
765 1947 926 2002 hodie
983 1949 1250 2003 interesse
1279 1957 1442 2003 tanta:
1469 1948 1800 2004 multitudini

174 2045 231 2100 in
260 2047 501 2102 nomine
535 2045 666 2115 ejus
693 2052 1043 2118 congregata:
1072 2045 1139 2100 ad
1171 2045 1492 2116 postulanda
1540 2045 1800 2119 suffragia

179 2137 548 2192 sanctorum?
580 2135 718 2190 Cum
749 2133 1153 2206 igiturlargiter
1168 2135 1406 2190 omnium
1439 2135 1700 2191 bonorum
1733 2137 1801 2193 sit

182 2225 236 2278 in
267 2224 458 2280 medio
491 2231 745 2279 vestrum
781 2223 835 2276 in
890 2221 1109 2278 nomine
1151 2223 1269 2292 ejus
1314 2234 1798 2296 congregatorum,

178 2312 355 2383 ipsum
390 2312 503 2383 piis
539 2311 804 2383 precibus
833 2310 1111 2372 invocata.
1145 2311 1402 2383 lacrymis
1425 2323 1477 2369 et
1508 2313 1804 2387 eleemosy-

182 2410 267 2464 nis
296 2409 545 2481 pulsate,
567 2417 628 2462 ut
653 2409 808 2463 vobis
830 2417 1023 2464 cuncta
1051 2410 1305 2480 corporis
1326 2419 1377 2466 et
1394 2411 1590 2465 animae
1618 2427 1806 2468 neces-

184 2499 332 2552 saria
367 2499 606 2563 tribuat,
649 2505 701 2552 et
731 2497 798 2552 de
827 2498 1247 2553 necessitatibus
1278 2500 1470 2554 vestris
1501 2516 1598 2556 vos
1628 2509 1799 2556 eruat.

184 2587 334 2643 Licet
381 2587 584 2642 multa;
632 2587 736 2640 sint
794 2587 1167 2655 necessitates,
1201 2589 1437 2660 quinque
1468 2597 1644 2644 tamen
1675 2597 1808 2646 sunt

183 2683 559 2755 principales,
601 2700 724 2755 qua;
779 2682 825 2737 si
857 2699 964 2738 non
1020 2684 1274 2739 remediis
1303 2685 1670 2756 depellantur,
1701 2688 1807 2744 ho—

189 2774 368 2828 mines
400 2789 508 2843 per
538 2787 641 2827 cas
672 2780 846 2828 morte
904 2772 1308 2842 periclitantur.
1371 2775 1452 2828 Ex
1483 2776 1810 2833 necessitate

191 2861 335 2916 enim
369 2862 543 2917 homo
584 2861 838 2925 comedit,
872 2860 998 2933 quia
1029 2861 1078 2916 si
1110 2877 1215 2918 non
1239 2863 1490 2930 comedit,
1513 2864 1656 2920 fume
1687 2881 1810 2921 mo-

192 2948 352 3005 ritur.
390 2949 478 3004 Ex
511 2950 846 3004 necessitate
903 2949 1053 3016 bibit,
1087 2951 1215 3022 quia
1271 2952 1316 3006 si
1373 2968 1482 3008 non
1530 2953 1680 3022 bibit,
1725 2955 1813 3010 siti

193 3047 451 3105 moritur.
494 3048 585 3102 Ex
618 3046 941 3102 necessitate
971 3047 1187 3119 digerit,
1221 3049 1368 3120 quod
1423 3049 1470 3104 si
1523 3067 1632 3107 non
1662 3051 1814 3108 fece-

1904 1957 2158 2031 gaudium
2189 1965 2271 2014 est
2299 1959 2556 2015 omnibus
2591 1957 2844 2014 ﬁdelibus
2872 1956 2999 2012 totis
3018 1955 3158 2012 votis
3183 1954 3506 2029 optandum,

1909 2046 2002 2102 ubi
2034 2047 2087 2101 in
2118 2047 2318 2120 gaudio
2348 2047 2565 2104 Domini
2597 2062 2767 2118 super
2792 2046 2971 2102 omnia
3001 2044 3147 2101 bona
3174 2059 3273 2100 sua
3303 2045 3511 2100 consti-

1907 2143 2152 2204 tuuntur,
2187 2144 2239 2192 et
2272 2145 2491 2192 teternaa
2519 2135 2746 2192 visionis
2803 2133 3048 2191 claritate
3083 2139 3350 2206 perpetuo
3374 2149 3510 2204 per-

1909 2222 2184 2294 fruuntur,
2219 2232 2272 2281 et
2301 2225 2392 2280 ubi
2421 2223 2740 2298 angelorum
2785 2223 3026 2279 omnium
3083 2221 3256 2295 gloria
3286 2220 3512 2293 potiun-

1910 2329 2017 2388 tur,
2046 2321 2397 2395 omniumque
2446 2330 2757 2378 sanctorum
2813 2318 3237 2376 contubernium
3271 2317 3515 2376 sortiun-

1908 2418 2014 2476 tur,
2063 2419 2115 2467 et
2169 2412 2274 2467 hoc
2331 2410 2589 2482 gaudium
2644 2424 2923 2482 nunquam
2969 2407 3185 2464 tolletur
3228 2407 3296 2462 ab
3353 2403 3518 2462 eisin

1912 2523 2113 2561 mvum.
2151 2507 2445 2578 Propterea
2475 2505 2672 2562 mulier
2700 2522 2845 2561 nunc
2874 2521 2996 2561 cum
3042 2502 3201 2576 parit,
3237 2503 3512 2559 tristitiam

1913 2595 2100 2660 habet,
2135 2610 2256 2650 cum
2292 2603 2472 2650 autem
2515 2593 2735 2667 peperit
2785 2609 3036 2665 puerum,
3086 2593 3196 2664 jam
3239 2607 3518 2665 pressura)

1915 2691 2138 2746 minime
2161 2692 2426 2758 meminit,
2448 2700 2676 2764 prOpter
2697 2691 2957 2764 gaudium
2990 2692 3136 2764 quod
3159 2691 3330 2747 homo
3353 2697 3518 2746 natus

1917 2787 2001 2836 est
2031 2780 2084 2835 in
2113 2781 2374 2837 mundum
2407 2783 2740 2851 (Joan.xv1).
2763 2781 2892 2836 Haec
2919 2780 3114 2837 mulier
3133 2788 3216 2835 est
3243 2779 3518 2846 Ecclesia,

1921 2893 2042 2948 quae
2072 2893 2216 2934 nunc
2270 2877 2324 2933 in
2383 2877 2601 2933 tristitia
2652 2877 2888 2943 laborat,
2920 2888 2978 2932 ut
3007 2876 3270 2949 pOpulum
3303 2875 3520 2933 fidelem

1920 2966 2139 3021 Christo
2195 2967 2397 3037 pariat.
2463 2965 2594 3022 Cum
2639 2975 2819 3022 autem
2876 2973 3001 3038 post
3057 2965 3525 3022 resurrectionem

1919 3071 2139 3118 aeterna:
2165 3063 2288 3118 vita:
2317 3063 2551 3135 peperit,
2579 3063 2692 3134 jam
2749 3076 3019 3134 pressura)
3071 3061 3235 3132 hujus
3262 3061 3387 3118 vita:
3415 3077 3526 3118 non

194 3135 1207 3248 lii:_°P‘E2ijillgnﬁnﬂotimf:“Ex
1256 3140 1812 3248 9?C?§5ii‘}‘°‘90"i““9
1844 3185 1896 3248 Ο
1922 3159 2186 3226 meminit,
2206 3168 2432 3232 propter
2458 3161 2718 3233 gaudium
2750 3158 3019 3215 ineffabile
3037 3159 3182 3232 quod
3211 3158 3527 3215 tuncomni-

197 3241 390 3281 somno
420 3224 699 3286 reﬁcitur.
731 3225 876 3296 quod
907 3225 952 3281 si
1008 3225 1332 3298 neglexerit,
1369 3228 1685 3287 lassitudine
1711 3233 1813 3286 de-

199 3319 330 3378 ficit.
364 3323 448 3378 Ex
481 3321 816 3378 necessitate
847 3322 1090 3392 vcstitur,
1123 3326 1268 3398 quod
1297 3326 1343 3382 si
1372 3329 1809 3400 prmtermiscrit,

198 3409 409 3484 frigore
435 3420 492 3468 et
522 3410 727 3467 ardore
755 3411 1060 3483 perimitur.

270 3527 412 3584 Hinc
444 3534 530 3583 est
561 3530 742 3582 totum
775 3527 918 3600 quod
969 3526 1301 3598 laboramus,
1333 3539 1390 3588 ut
1419 3531 1578 3590 nobis
1629 3533 1686 3589 in
1728 3533 1818 3590 his

199 3615 631 3671 necessitatibus
661 3614 1068 3672 subveniamus.
1098 3635 1121 3670 α
1159 3618 1417 3689 Primum,
1446 3621 1638 3694 inquit,
1679 3640 1817 3696 qua:-

202 3711 302 3768 rite
329 3729 571 3786 regnum
604 3712 728 3778 Dei,
764 3720 815 3769 at
836 3712 1104 3782 justitiam
1134 3715 1276 3786 ejus,
1293 3725 1346 3774 et
1366 3717 1483 3776 haec
1513 3720 1696 3776 omnia
1721 3724 1818 3779 ad-

195 3799 454 3868 jiciantur
485 3799 648 3858 vobis
701 3794 919 3871 (Matth.
961 3804 1064 3874 vt).
1105 3826 1127 3854 ιι
1179 3805 1245 3860 Ει
1273 3822 1341 3862 ne
1369 3807 1486 3862 sitis
1523 3809 1664 3867 ultra
1691 3827 1816 3869 mo-

1922 3250 2027 3304 bus
2057 3248 2190 3304 filiis
2219 3250 2336 3305 suis
2363 3249 2580 3305 dabitur
2608 3248 2854 3321 plenum,
2913 3247 3036 3320 quia
3067 3247 3354 3318 tunejusti
3385 3247 3527 3305 sicut

1921 3346 2006 3402 sol
2037 3345 2325 3418 fulgebunt
2355 3353 2409 3402 et
2436 3344 2678 3417 aequales
2705 3342 2926 3417 angelis
2956 3351 3138 3400 erunt.
3178 3341 3523 3410 Charissimi,

1923 3435 2142 3506 quando
2187 3447 2321 3491 crux
2385 3440 2512 3490 ante
2569 3449 2671 3490 nos
2695 3440 2943 3505 portatur
2971 3447 3072 3489 nos
3101 3432 3400 3505 sequimur,
3451 3431 3526 3488 ita

1923 3529 2172 3603 exempla
2190 3528 2445 3587 cruxifixi
2459 3528 2657 3587 Christi
2678 3543 2993 3602 sequamur,
3010 3535 3067 3584 ut
3079 3544 3178 3602 per
3196 3523 3528 3602 triumphum

1923 3619 2233 3678 victoriosis
2263 3619 2443 3676 crucis
2473 3619 2547 3675 ad
2595 3616 2684 3674 illa
2715 3617 2914 3692 gaudia
2960 3616 3252 3690 pervenire
3301 3632 3529 3674 merea-

1923 3733 2047 3772 mur
2099 3733 2222 3790 quae
2274 3715 2464 3775 oculus
2494 3731 2604 3774 non
2650 3715 2803 3784 vidit,
2862 3723 2916 3774 et
2969 3715 3123 3773 auris
3181 3731 3290 3772 aen
3317 3713 3528 3774 audivit

1926 3815 1978 3886 (ι
2003 3813 2132 3871 Cor.
2170 3816 2251 3886 ιι).

1145 4162 1268 4257 ΙΝ
1331 4167 2040 4268 ASCENSIONE
2117 4169 2570 4269 DOMINI.

1486 4345 1872 4414 Secundum
1903 4349 2230 4417 Marcum.

282 4496 305 4520 α
335 4470 810 4530 Reeumbentibus
830 4473 1084 4531 undecim
1114 4473 1417 4548 discipulis,
1439 4485 1692 4553 apparuit
1711 4485 1816 4542 illis
1842 4484 1896 4547 D
1927 4503 2046 4543 cum
2079 4482 2508 4557 contemplantes
2532 4481 2650 4540 sine
2673 4478 2778 4540 fine
2800 4479 3129 4542 collaudant.
3151 4482 3244 4543 Cui
3266 4483 3522 4559 congruit

214 4561 393 4630 Jesus,
409 4571 465 4619 et
483 4561 847 4634 exprobravit
869 4563 1300 4622 incredulitatem
1329 4569 1561 4637 illorum,
1577 4581 1630 4628 et
1658 4574 1816 4630 duri-

216 4649 339 4705 tiam
363 4652 568 4720 cordis,
617 4649 745 4721 quia
790 4651 875 4705 his
904 4651 996 4724 qui
1027 4653 1274 4710 viderant
1295 4673 1417 4712 eum
1443 4665 1816 4720 resurrexisse

213 4754 322 4795 non
343 4740 698 4796 crediderunt
726 4740 914 4809 (Marc.
939 4743 1072 4808 xvr).
1099 4764 1120 4790 η
1148 4744 1408 4802 Undecim
1452 4749 1724 4822 discipuli,
1754 4761 1813 4809 ut

211 4835 494 4893 hlstthaeus
525 4834 738 4902 scribit,
787 4837 1041 4893 abierunt
1071 4839 1128 4893 in
1157 4840 1434 4898 Galilaeam
1462 4844 1514 4900 in
1545 4855 1808 4917 montem,

211 4924 301 4979 ubi
323 4927 684 4981 constituerat
701 4923 807 4980 illis
833 4926 1010 4982 Iesus.
1028 4927 1096 4982 Et
1114 4928 1362 4986 videntes
1389 4948 1512 4988 eum
1542 4935 1809 4993 adoraveo

210 5022 366 5082 runt;
405 5014 636 5086 quidam
667 5020 844 5070 autem
875 5013 1261 5072 dubitaverunt
1317 5021 1544 5088 (Matth.
1584 5028 1799 5097 xxvm).

212 5109 270 5164 In
297 5115 484 5167 monte
513 5109 790 5182 apparuit,
822 5113 882 5165 ut
900 5110 1234 5184 significaret
1249 5132 1446 5190 corpus
1465 5131 1808 5194 assumptum

206 5197 316 5266 jam
344 5216 516 5272 super
544 5197 732 5254 omnia
758 5206 976 5256 terrena
1003 5200 1368 5261 sublevatum.
1410 5207 1594 5276 Quare
1624 5220 1805 5268 autem

209 5287 519 5357 specialiter
549 5302 612 5343 se
639 5285 696 5341 in
726 5287 1008 5344 Galilaeam
1033 5305 1432 5360 pnecessurum
1453 5297 1594 5353 etibi
1611 5301 1805 5357 viden-

210 5375 336 5431 dum
364 5377 647 5448 praedixit,
698 5391 820 5432 cum
867 5393 1046 5450 neque
1103 5381 1179 5435 ibi
1236 5384 1441 5451 solum,
1497 5401 1673 5460 neque
1729 5391 1804 5450 ibi

209 5473 444 5543 primum
469 5475 624 5530 visus
649 5472 719 5527 sit
738 5473 767 5528 τ
795 5473 935 5542 Quia
953 5475 1177 5533 Galilaza
1197 5483 1630 5554 transmigratio
1645 5490 1804 5558 facta

211 5563 293 5617 vel
321 5565 596 5621 revelatio
625 5561 842 5627 dicitur,
901 5571 956 5618 et
1009 5573 1232 5639 utraque
1289 5570 1661 5643 interpretatio
1732 5577 1802 5631 ad

211 5665 369 5707 unum
403 5653 566 5709 finem
596 5650 852 5722 respicit:
885 5652 1156 5723 significat
1185 5658 1334 5726 quod
1388 5661 1524 5718 sicut
1552 5663 1802 5719 Christus

212 5747 277 5804 de
331 5759 501 5806 morte
559 5747 709 5804 venit
756 5747 829 5803 ad
861 5749 1043 5814 vitam,
1093 5751 1164 5808 ita
1195 5770 1460 5827 sequaces
1505 5760 1573 5814 de
1628 5769 1800 5817 morte

213 5839 591 5912 transmigrant
619 5837 687 5890 ad
730 5837 917 5904 vitam,
950 5847 997 5894 et
1014 5837 1071 5894 i'u
1103 5843 1343 5915 speciem
1359 5863 1472 5903 suae
1502 5848 1801 5907 divinitatis

522 5959 790 6025 Parant.
837 5945 1074 6026 CLVII.

1904 4567 2203 4643 'revelatio,
2237 4591 2338 4647 qua
2371 4590 2697 4647 quocunque
2745 4574 2910 4630 modo
2962 4575 3268 4630 revelamus
3295 4576 3364 4631 ad
3392 4594 3520 4634 eum

1923 4668 2066 4722 viam
2096 4672 2336 4720 nostram
2385 4671 2438 4718 et
2497 4661 2618 4731 ejus
2649 4661 2884 4733 vestigia
2943 4662 3243 4734 sequimur,
3285 4665 3516 4736 gloriam

1923 4753 2139 4810 Domini
2170 4751 2516 4824 speculantes
2536 4750 2588 4804 in
2631 4750 2879 4805 eamdem
2909 4749 3211 4822 imaginem
3243 4752 3517 4809 transfor-

1919 4867 2158 4906 mamur.
2198 4849 2429 4919 Quidam
2477 4855 2659 4904 autem
2715 4845 3096 4904 dubitaverunt
3158 4857 3385 4921 propter
3412 4852 3536 4910 hoc.

1920 4941 2065 5012 quod
2111 4939 2283 4995 Lucas
2339 4938 2459 4993 ait:
2507 4960 2528 4985 α
2590 4936 2909 4993 Conturbati
2957 4951 3089 4993 vero
3137 4945 3188 4993 et
3233 4940 3514 4997 conterriti

1918 5035 2301 5091 existimabant
2369 5051 2428 5089 se
2494 5033 2671 5091 visum
2754 5033 3049 5107 [spiritum]
3105 5035 3289 5091 videre
3336 5038 3504 5106 (Luc.

1920 5127 2089 5194 xxxv).
2110 5149 2130 5172 n
2154 5127 2368 5179 Marcus
2396 5128 2572 5178 autem
2595 5123 2669 5178 ait
2695 5137 2708 5179 :
2731 5147 2752 5169 υ
2774 5125 2840 5177 Et
2870 5111 3230 5194 exprobravit.
3248 5125 3510 5183 incredu-

1909 5221 2120 5278 litatem
2153 5229 2206 5277 et
2224 5219 2480 5276 duritiam
2502 5220 2706 5290 cordis,
2726 5220 2853 5292 quia
2868 5221 2954 5274 his
2995 5219 3087 5294 qui
3108 5219 3358 5277 viderant
3386 5238 3512 5282 eum
3546 5281 3550 5285 ,

1914 5311 2290 5367 resurrexisse
2311 5325 2419 5365 non
2441 5309 2812 5366 crediderunt.
2826 5332 2846 5357 ι
2865 5308 3507 5382 Increpavitdiscipulos,

1913 5423 2036 5465 cum
2070 5420 2164 5462 eos
2194 5405 2548 5476 corporaliter
2576 5405 2716 5461 foret
2762 5404 3070 5473 relicturus,
3089 5411 3147 5458 ut
3173 5406 3358 5474 verba,
3387 5425 3510 5480 quae

1911 5503 2195 5552 revertens
2223 5494 2458 5560 dicebat,
2492 5494 2547 5548 in
2594 5494 2763 5550 corde
2810 5493 3144 5552 audientium
3174 5493 3372 5551 arctius
3398 5496 3507 5552 im-

1911 5599 2100 5656 pressa
2155 5588 2517 5638 remanerent.
2609 5582 2921 5654 Exprobrat
2967 5583 3392 5639 incredulitatem
3449 5593 3510 5642 et

1912 5673 2166 5730 duritiam
2198 5671 2401 5735 cordis,
2461 5677 2520 5724 ut
2559 5671 2814 5726 succedat
2845 5671 3141 5727 credulitas
3169 5679 3221 5727 et
3251 5686 3347 5729 cor
3375 5690 3506 5730 car-

1911 5778 2034 5817 nem
2065 5758 2327 5816 charitate
2356 5757 2598 5828 plenum.
2632 5757 2770 5815 Hinc
2799 5767 2885 5815 est
2920 5761 3063 5831 quod
3093 5764 3324 5836 ceteram
3351 5779 3506 5817 mar-

1910 5858 2092 5923 tyrum
2121 5821 2537 5915 mortem-hujus
2563 5845 2748 5902 saeculi
2777 5821 3012 5903 libenter
3038 5821 3311 5914 aﬂ'ect‘viint,
3369 5849 3506 5920 quia

3179 5969 3249 6033 31
