3924 6392
425 371 526 426 971

1547 361 1899 420 “'E‘RNERI
1939 351 2222 417 ABBATIS
2262 362 2325 418 S.
2373 362 2593 419 BLASII
2673 389 2676 392 ν

3638 373 3728 428 972

425 493 620 576 volunt
644 497 746 566 pro
775 475 1081 576 temporali;
1118 478 1342 548 interitu
1398 488 1760 564 perpetuose
1791 503 1915 543 esse
1943 484 2029 576 vi-
2059 479 2116 545 Ᾱ
2146 484 2260 540 buit
2289 485 2432 555 (Act.
2465 487 2589 556 vn).
2632 487 2839 544 Sedere
2870 480 3108 562 namque
3130 489 3431 562 judicantis
3460 500 3562 563 est,
3597 493 3733 574 stare

425 573 612 640 cteros
644 599 659 640 :
684 577 687 582 ’
710 573 1465 659 bestiasimstransmlgratio
1509 591 1580 636 ‘ex
1609 579 1716 635 hoc
1743 576 1947 634 smeixlo
1977 574 2033 630 in

425 672 784 751 ait-eruitatem
797 713 811 728 .
841 693 843 696 ·
1015 686 1017 689 ‘
1521 673 1524 676 ί
1629 677 1632 680 “

502 783 613 854 ὶιΕι
640 797 774 854 dixit
802 796 916 854 eis:
942 797 1142 854 Euntes
1172 796 1225 860 in
1257 795 1519 852 mundum
1551 793 1860 852 universum
1891 806 2030 864 prae-

425 886 604 956 dicate
657 886 1012 964 Evangelium
1069 886 1218 941 omni
1275 893 1561 946 creaturze.
1601 908 1622 934 ν
1683 881 1845 948 Omni
1869 896 2028 936 crea-

425 985 564 1032 turre
595 992 702 1033 non
735 975 934 1033 dicitur
977 974 1408 1048 proinsensatisﬂ
1447 972 1534 1034 vel
1564 972 1737 1028 brutis
1767 969 2024 1025 animali-

424 1055 550 1133 bus,
629 1065 728 1121 sed
785 1051 1284 1121 omnis'creaturae
1369 1063 1590 1119 nomine
1684 1057 2039 1133 significatur

421 1163 586 1220 homo
617 1160 829 1217 habens
860 1176 987 1217 esse
1016 1177 1140 1217 cum
1169 1157 1465 1234 lapidibus,
1497 1159 1681 1215 vivere
1711 1173 1832 1212 cum
1854 1155 2024 1210 arbo-

419 1251 588 1323 ribus,
623 1251 824 1310 sentire
853 1265 977 1306 cum
998 1249 1356 1313 animalibus,
1412 1248 1719 1322 intelligere
1761 1261 1883 1302 cum
1916 1260 2039 1317 an-‘

419 1319 855 1420 gelo,‘constare
885 1356 950 1406 ex
981 1339 1157 1394 calido
1189 1347 1242 1394 et
1271 1319 1730 1418 frigido,humido
1760 1343 1811 1390 et
1841 1332 2018 1408 arido,

423 1439 549 1518 quia
576 1437 757 1508 minor
785 1438 1022 1494 mundus
1043 1438 1208 1500 homo
1239 1445 1339 1498 est.
1363 1438 1496 1494 Cum
1515 1451 1649 1508 ergo
1679 1433 1854 1496 omnis
1872 1447 2022 1510 crea-

421 1537 557 1586 tum
588 1527 798 1601 aliquid
831 1528 1030 1582 haheat
1060 1526 1243 1592 homo,
1282 1524 1430 1581 omni
1461 1533 1720 1590 creaturae
1749 1523 2022 1598 praedica-

421 1617 510 1680 t'ur
548 1617 928 1690 Evangelium,
962 1632 1086 1678 cum
1141 1614 1347 1670 homini
1397 1614 1743 1688 praedicatur,
1798 1621 2024 1686 propter

422 1713 586 1780 quem
615 1695 1022 1770 cuncta-creata
1052 1712 1195 1770 sunt,
1229 1711 1283 1759 et
1340 1704 1427 1760 cui
1457 1711 1651 1760 cuncta
1683 1710 1808 1757 sunt
1838 1701 2022 1772 aliquo

421 1805 586 1879 modo
625 1804 869 1872 similia;
912 1805 998 1860 vel
1066 1821 1167 1876 per
1205 1820 1422 1862 omnem
1488 1810 1794 1858 creaturam
1845 1808 2025 1872 potest

421 1894 703 1968 designari
724 1893 873 1950 natio
911 1896 1189 1968 gentium.
1242 1895 1414 1948 Antea
1446 1894 1588 1947 enim
1621 1892 1825 1947 dictum
1856 1898 1976 1946 erat
2008 1906 2022 1942 :

426 1997 447 2034 οι
474 1987 535 2039 In
557 1969 710 2040 lviam
771 1983 1013 2056 gentium
1052 1999 1122 2038 ne
1164 1981 1416 2037 abieritis
1446 1982 1666 2051 (Matth.
1689 1981 1778 2051 χ).
1825 2003 1846 2028 ι»
1891 1980 2025 2035 Cum

418 2072 720 2154 discipulos
775 2079 845 2154 ad
883 2080 1291 2158 praedicandum
1332 2077 1550 2136 Veritas
1592 2078 1773 2145 mittit,
1827 2092 2027 2155 grana

415 2162 643 2252 seminis
671 2171 725 2226 in
755 2170 959 2244 mundo
990 2169 1224 2252 spargit,
1251 2177 1300 2224 et
1319 2184 1495 2242 pauca
1524 2167 1684 2224 mittit
1705 2167 1758 2222 in
1789 2167 2026 2233 semine,

414 2251 473 2316 ut
537 2259 831 2316 multarum
871 2257 1135 2317 messium
1207 2257 1399 2334 fruges
1437 2256 1666 2330 recipiat
1720 2272 1793 2312 ex
1831 2265 2021 2312 nostra

415 2344 550 2408 ﬁde.
589 2347 844 2422 Sequitur
874 2365 888 2404 :
1369 2343 1371 2345 ’

449 2525 453 2530 .
488 2501 510 2528 ι
534 2475 950 2550 Quicrediderit
965 2484 1018 2533 et
1037 2474 1346 2549 baptizatus
1363 2473 1547 2543 fuerit,
1569 2474 1753 2532 salvus
1765 2474 1902 2533 erit;
1927 2472 2020 2544 qui

413 2582 548 2632 vero
577 2582 687 2626 non
719 2565 1011 2630 crediderit
1030 2564 1507 2630 condemnabitur.
1540 2563 1730 2632 sQuid
1762 2564 1850 2622 hic
1875 2563 2012 2620 dici-

412 2672 537 2718 mus
565 2654 634 2716 de
664 2653 930 2732 parvulis,
959 2655 1051 2726 qui
1089 2670 1189 2726 per
1210 2661 1426 2711 aetatem
1450 2653 1627 2709 adhuc
1649 2653 1876 2710 credere
1907 2667 2017 2707 non

412 2752 635 2830 valent?
693 2753 774 2810 De
813 2751 1110 2822 majoribus
1147 2751 1296 2808 nulla
1333 2750 1558 2826 quaestio
1586 2757 1688 2806 est.
1732 2750 1835 2805 Per
1870 2748 2027 2810 alios,

410 2835 577 2915 igitur
606 2840 819 2913 parvuli
848 2841 1075 2900 credunt
1105 2840 1159 2898 in
1194 2838 1461 2907 Ecclesia,
1488 2839 1628 2896 sicut
1658 2852 1730 2894 ex
1761 2838 1883 2896 aliis
1912 2847 2018 2895 tra-

408 2931 543 3004 hunt
569 2938 802 3004 peccata
832 2946 955 3002 quae
984 2921 1090 2986 illis
1120 2927 1174 2986 in
1205 2929 1476 3000 baptismo
1504 2926 1869 2988 remittuntur.

424 3081 431 3088 --
483 3077 507 3108 ι
543 3054 714 3127 Signa
758 3062 944 3112 autem
971 3069 1066 3112 eos
1095 3053 1190 3126 qui
1217 3052 1566 3121 crediderint,
1611 3052 1726 3108 haec
1769 3069 2011 3124 sequen-

406 3159 495 3212 tur
527 3170 541 3209 :
575 3155 635 3208 In
678 3151 901 3210 nomine
926 3168 1051 3208 meo
1087 3151 1355 3210 dmmonia
1393 3149 1636 3221 ejicient,
1666 3151 1868 3224 linguis
1921 3151 2002 3207 lo.-

406 3251 642 3317 quentur
683 3243 864 3309 novis,
898 3249 1182 3314 serpentes
1213 3240 1405 3298 tollent
1441 3259 1456 3308 ;
1496 3248 1548 3296 et
1586 3240 1632 3295 si
1669 3240 2014 3298 mortiferum

404 3330 535 3406 quid
567 3329 820 3400 biberint,
851 3344 962 3386 non
983 3328 1064 3388 eis
1093 3328 1338 3387 nocebit.
1398 3328 1574 3399 Super
1603 3343 1784 3400 aegros
1821 3343 2020 3385 manus

401 3415 702 3492 imponent,
744 3426 798 3505 et
837 3418 977 3476 bene
1006 3418 1306 3476 habebunt.
1335 3440 1358 3468 ι
1403 3417 1665 3490 Nunquid
1696 3417 1826 3489 quia
1901 3417 2020 3476 huic

405 3517 703 3596 signanon
734 3517 984 3585 iacimus,
1011 3532 1126 3575 non
1176 3517 1451 3578 credimus
1479 3516 1508 3571 tl
1536 3519 1668 3574 Ηωδ
1705 3517 1762 3574 ia
1789 3516 2020 3576 exordio

406 3605 670 3670 Ecclesiae
701 3606 917 3666 fuerunt
947 3605 1286 3680 necessaria,
1316 3613 1375 3662 ut
1404 3604 1544 3670 ﬁdes
1563 3605 1907 3668 credentium
1926 3605 2021 3668 mis

408 3696 614 3774 suculis
631 3695 1076 3766 nutriretur.Nos
1102 3696 1246 3751 enim
1278 3711 1406 3753 cum
1432 3695 1663 3764 arbusta
1680 3695 2014 3767 plaetamus,

404 3795 600 3850 tandiu
626 3793 706 3850 eis
735 3808 938 3866 aquam
970 3793 1267 3860 fundimus,
1302 3809 1589 3866 quousque
1619 3793 1672 3848 in
1702 3802 1850 3864 terra
1877 3809 2013 3856 con-

405 3884 712 3939 valescant.
732 3882 872 3939 Hinc
890 3882 1097 3938 Paulus
1117 3899 1130 3937 :
1152 3905 1172 3930 ιι
1197 3881 1421 3954 Linguae
1440 3883 1495 3938 in
1514 3882 1731 3956 signum
1751 3891 1877 3938 sunt
1903 3898 2013 3939 non

406 3971 679 4040 fidelibus,
703 3972 801 4028 sed
829 3971 1202 4038 iniidelibusu
1234 3972 1357 4028 Cor.
1377 3974 1514 4043 xiv).
1544 3991 1564 4025 ι
1601 3971 1799 4028 Sancta
1831 3981 2013 4029 tamen
2069 4016 2076 4021 .

407 4073 663 4131 Ecclesia
701 4072 946 4146 quotidie
1012 4071 1328 4143 spiritaliter
1373 4070 1506 4127 facit
1549 4071 1694 4143 quod
1743 4079 1869 4128 tunc
1914 4090 2015 4144 per

405 4162 685 4235 apostolos
749 4160 1106 4234 corporaliter
1174 4160 1432 4218 faciebat.
1494 4161 1823 4220 Sacerdotes
1869 4162 2020 4226 enim,

404 4268 507 4324 per
543 4250 832 4308 exorcismi
895 4250 1144 4323 gratiam,
1207 4265 1401 4305 manus
1439 4249 1793 4306 credentibus
1831 4250 2013 4322 impo-

407 4359 628 4421 nentes,
654 4349 920 4406 damonis
939 4349 1184 4420 ejiciunt,
1217 4357 1271 4404 et
1297 4348 1487 4405 fideles
1515 4349 1808 4416 saecularia
1843 4350 2012 4410 verba
2037 4354 2042 4360 ’

408 4440 783 4512 relinquentes
845 4438 1152 4494 Conditoris
1185 4437 1270 4499 sui
1330 4437 1822 4506 laudesinsonant,
1863 4440 2010 4524 quod

408 4537 491 4586 est
520 4527 722 4602 linguis
771 4525 930 4582 novis
980 4525 1154 4600 loqui.
1205 4526 1310 4597 Qui
1345 4527 1507 4583 etiam
1547 4527 1675 4582 dum
1706 4528 1863 4584 bonis
1903 4545 2007 4583 ex-

406 4617 803 4675 hortationibus
876 4615 1140 4678 malitiam
1181 4615 1250 4671 de
1325 4616 1517 4674 alienis
1554 4617 1813 4673 cordibus
1851 4617 2006 4673 aufe-

403 4723 546 4783 runt,
588 4722 878 4789 serpentes
915 4714 1134 4771 tollunt.
1183 4715 1250 4770 Et
1302 4715 1432 4771 dum
1460 4715 1742 4788 pestiferas
1781 4716 2011 4776 audiunt

405 4802 714 4873 s'uasiones,
756 4803 855 4860 sed
887 4811 1070 4881 tamen
1108 4803 1176 4860 ad
1227 4805 1600 4876 operationem
1638 4820 1862 4884 pravam
1899 4806 2006 4860 mi-

403 4889 550 4951 nime
579 4883 995 4974 pertrahuntur,
1034 4893 1377 4956 mortiferum
1409 4883 1651 4966 quidem
1678 4892 1884 4961 bibunt,
1909 4894 2009 4950 sed

403 5009 513 5050 non
535 4991 615 5066 eis
645 4998 830 5054 nocet.
878 4992 1018 5047 Dum
1044 4998 1226 5048 autem
1257 4991 1424 5053 vitam
1444 4990 1784 5056 inﬁrmorum
1815 4992 1870 5048 in
1901 4991 2010 5050 iide

401 5082 654 5156 exemplo
719 5085 831 5138 sua:
867 5079 1205 5153 operationis
1271 5081 1554 5154 roborant,
1624 5098 1790 5155 super
1825 5097 2007 5157 aegros

397 5188 593 5229 manus
621 5171 929 5242 imponunt.
964 5165 1121 5242 Ergo
1152 5177 1304 5226 tanto
1334 5170 1538 5240 majora
1567 5179 1693 5226 sunt
1721 5171 2002 5243 miracula,

400 5270 604 5334 quanto
634 5277 734 5336 per
758 5259 877 5316 haec
906 5273 1013 5315 non
1039 5273 1282 5331 corpora
1307 5259 1406 5317 sed
1427 5259 1624 5317 animus
1654 5261 2002 5318 suscitantur.

473 5401 495 5426 α
529 5378 598 5433 Et
626 5374 891 5432 Dominus
913 5373 1134 5450 quidem
1157 5371 1344 5446 Jesus,
1368 5383 1653 5450 postquam
1677 5377 1889 5434 locutus
1921 5385 2004 5434 est

395 5464 496 5533 eis,
537 5463 816 5524 benedixit
857 5463 984 5532 illis,
1019 5471 1072 5519 et
1110 5463 1338 5520 recessit
1369 5465 1438 5520 ab
1470 5464 1567 5532 eis,
1603 5473 1655 5521 et
1691 5474 2004 5538 assumptus

392 5561 476 5608 est
504 5554 560 5614 in
588 5553 806 5622 omium,
840 5559 892 5608 et
920 5552 1057 5616 sedit
1087 5569 1116 5606 a
1144 5553 1352 5610 dextris
1383 5553 1503 5614 Dei.
1540 5576 1562 5603 η
1600 5554 1736 5626 Quia
1778 5557 2006 5618 Redem-

390 5658 515 5718 ptor
550 5654 737 5704 noster
792 5665 936 5705 nunc
963 5648 1151 5704 omnia
1194 5650 1427 5720 ju‘dicat,
1484 5659 1538 5708 et
1582 5653 1807 5712 tandem
1830 5654 2002 5724 judex

391 5744 522 5798 olim
567 5751 822 5805 venturus
851 5750 954 5811 est,
1033 5745 1252 5804 Marcus
1300 5763 1424 5803 sum
1462 5747 1660 5806 sedere
1691 5749 1951 5807 describit
1985 5766 2000 5822 ;

387 5841 704 5918 Stephanus.
731 5860 865 5906 vero
892 5851 1127 5908 stantem
1172 5846 1329 5916 vidit,
1359 5864 1526 5919 quem
1563 5849 1872 5918 adiutorem
1901 5853 1998 5911 hac

2043 3199 2102 3268 ο.

2143 587 2275 630 vero
2305 576 2597 650 pugnantis
2627 579 2710 633 est
2741 577 2826 634 vel
2857 578 3190 650 adjuvantis.

2160 661 2163 664 ’
2219 685 2243 712 α
2279 664 2367 719 llli
2420 674 2598 722 autem
2641 666 2874 741 profecti
2913 669 3346 738 praedicaverunt
3372 671 3591 745 ubique,
3625 673 3732 728 Deo

2140 762 2500 824 occperante,
2543 763 2596 810 et
2628 771 2941 812 sermonem
2981 757 3338 816 conﬁrmante
3377 761 3733 832 sequentibus

2138 848 2340 924 signis.
2381 875 2402 901 η
2453 853 2794 925 Ρταιοερῑιιω
2827 853 3154 923 obedientia,
3197 856 3554 913 obedientiam
3585 858 3736 932 signa

2137 940 2486 997 comitantur.
2519 943 2776 1017 Legimus
2797 944 2943 1016 quod
2970 945 3117 1000 Elias
3148 945 3215 1000 sit
3245 956 3428 1020 raptus
3458 947 3510 1001 in
3540 948 3730 1004 coelum

2133 1029 2186 1098 (1
2197 1031 2367 1102 l’Reg.
2399 1030 2486 1100 ιι),
2521 1033 2618 1088 sed
2639 1033 2784 1088 aliud
2805 1041 2886 1088 est
2909 1033 3105 1090 coelum
3128 1049 3366 1103 aereum,
3397 1037 3546 1092 a’liud
3570 1038 3730 1093 aethe-

2132 1142 2308 1184 reum.
2342 1130 2482 1185 Illud
2515 1131 2658 1186 enim
2693 1141 2772 1187 est
2793 1141 2949 1189 terra:
2979 1134 3313 1207 proximum,
3346 1135 3467 1208 quia
3485 1151 3582 1207 per
3600 1135 3730 1191 illud

2128 1233 2260 1296 aves
2293 1219 2548 1275 volitant.
2572 1222 2718 1293 Ergo
2750 1231 2933 1294 raptus
2959 1232 3041 1278 est
3059 1223 3204 1278 Elius
3223 1225 3275 1278 in
3300 1240 3537 1292 aereum,
3565 1232 3626 1279 ut
3649 1242 3729 1281 re-

2130 1315 2292 1380 pente
2321 1309 2614 1366 duceretur
2643 1311 2696 1365 in
2719 1313 3013 1386 quamdam
3034 1322 3295 1369 secretam
3329 1314 3607 1386 regionem
3630 1323 3730 1370 ter-

2131 1421 2225 1473 ηε,
2255 1407 2345 1461 ubi
2362 1423 2536 1479 usque
2550 1408 2618 1463 ad
2633 1407 2792 1464 tinem
2812 1409 2937 1466 vitae
2960 1411 3126 1478 vivat,
3149 1419 3201 1467 et
3221 1414 3350 1468 tunc
3373 1412 3495 1467 inde
3517 1413 3725 1478 redeat,

2133 1496 2189 1550 et
2219 1497 2639 1552 moriatur.Non
2661 1499 2804 1554 enim
2837 1499 3008 1554 evasit
3064 1509 3310 1568 mortem,
3365 1501 3460 1557 sed
3502 1501 3725 1556 distulit.

2132 1585 2471 1657 Redemptor
2513 1597 2601 1641 aut
2613 1604 2697 1642 em
2725 1597 2914 1643 noster
2949 1604 3054 1643 non
3077 1589 3303 1653 distulit,
3337 1580 3432 1645 sed
3454 1590 3730 1668 superavit

2132 1683 2185 1731 et
2223 1675 2457 1745 gloriam
2511 1676 2925 1733 resurrectionis
2992 1679 3343 1734 ascendendo
3400 1679 3720 1735 declaravit.

2133 1763 2310 1820 Curru
2342 1765 2590 1820 ascendit
2619 1765 2788 1831 Elias,
2819 1774 2875 1821 ut
2908 1767 3070 1822 homo
3101 1784 3284 1838 purus,
3326 1768 3576 1842 indigens
3630 1769 3728 1823 ad-

2055 1845 2108 1907 B
2134 1861 2357 1932 jutorio,
2399 1879 2499 1933 per
2529 1863 2759 1934 angelos
2789 1864 2930 1919 enim
2964 1864 3103 1920 facta
3152 1873 3275 1920 sunt
3303 1865 3394 1920 illa
3422 1866 3727 1936 adjumenta

2135 1958 2187 2006 et
2215 1959 2455 2007 ostensa.
2491 1952 2826 2024 Redemptor
2854 1962 3034 2009 autem
3065 1962 3250 2010 noster
3287 1971 3388 2010 nec
3430 1972 3592 2010 curru
3624 1971 3727 2012 nec

2134 2041 2346 2113 angelis
2375 2041 2576 2112 legitur
2605 2043 2942 2109 sublevatus,
2977 2043 3074 2098 sed
3106 2043 3327 2115 propria
3355 2045 3574 2100 virtute.

2207 2147 2396 2202 Enocb
2431 2165 2646 2221 quoque
2701 2149 2992 2205 translatus
3024 2149 3093 2204 ad
3132 2165 3350 2205 aereum
3382 2150 3576 2206 caelum
3606 2151 3722 2207 Do-

2131 2234 2386 2292 minicam
2419 2237 2803 2293 ascensionem
2837 2237 3163 2312 designavit,
3207 2239 3344 2295 sicut
3369 2240 3567 2311 Joseph
3587 2256 3721 2295 ven-

2130 2325 2421 2381 ditionem.
2498 2326 2855 2382 Ascensionis
2925 2343 3059 2398 ergo
3099 2343 3212 2383 suae
3251 2328 3514 2383 Dominus
3554 2333 3720 2384 testes

2127 2414 2318 2470 habuit
2352 2434 2363 2470 :
2398 2431 2561 2470 unum
2594 2423 2720 2471 ante
2741 2415 3010 2488 legem,et
3039 2415 3273 2472 alterum
3295 2417 3395 2472 sub
3417 2419 3554 2490 lege.
3572 2417 3724 2474 Ordo

2128 2512 2184 2567 in
2223 2520 2456 2585 utraque
2515 2513 2892 2569 sublevatione
2961 2531 3064 2586 per
3104 2515 3348 2587 quadam
3394 2515 3726 2572 incrementa

2127 2599 2530 2675 distinguitur:
2574 2619 2696 2657 nam
2739 2603 2923 2659 Enoch
2954 2603 3268 2669 translatus,
3312 2603 3454 2659 Elias
3527 2605 3723 2661 subve-

2126 2699 2246 2747 ctus
2277 2699 2671 2759 memorantur,
2712 2701 2770 2747 ut
2807 2697 3152 2765 postmodum
3209 2693 3420 2748 veniret
3461 2693 3552 2766 qui
3620 2709 3724 2752 nec

2123 2780 2412 2836 translatus
2468 2797 2570 2837 nec
2635 2782 2948 2848 subvectus,
3025 2781 3223 2838 coelum
3258 2782 3549 2839 mthereum
3623 2797 3723 2839 sua

2124 2879 2322 2934 virtute
2361 2886 2703 2951 penetraret.
2756 2879 2987 2935 Prnsate
3044 2895 3176 2954 ergo
3233 2880 3502 2952 quomodo
3549 2881 3718 2936 crevit

2122 2968 2384 3022 munditia
2412 2968 2730 3034 sanctitatis,
2767 2970 2912 3041 quod
2944 2979 3132 3039 aperte
3163 2970 3464 3024 ostenditur
3520 2968 3576 3024 in
3632 2969 3717 3024 fa-

2121 3057 2284 3112 mulis
2313 3066 2366 3112 et
2396 3058 2648 3114 Domino.
2679 3057 2994 3113 Translatus
3025 3066 3107 3113 est
3136 3059 3340 3125 Enocb,
3376 3067 3427 3114 et
3485 3075 3580 3130 per
3618 3073 3716 3114 co-

2122 3155 2253 3210 itum
2283 3156 2501 3228 genitus
2534 3165 2584 3212 et
2613 3174 2714 3229 per
2737 3158 2933 3214 coitum
2966 3165 3282 3230 generatus,
3318 3173 3540 3213 uxorem
3570 3158 3714 3212 enim

2129 3255 2320 3311 habuit
2337 3264 2390 3312 et
2416 3255 2580 3312 filios.
2617 3258 2825 3329 Raptus
2844 3265 2927 3312 est
2953 3257 3116 3322 Elias,
3142 3274 3240 3330 per
3259 3257 3454 3314 coitum
3477 3257 3711 3329 genitus,

2127 3345 2226 3401 sed
2254 3361 2366 3400 non
2395 3363 2496 3418 per
2524 3346 2723 3402 coitum
2753 3362 3071 3418 generans;
3106 3362 3284 3419 neque
3315 3347 3457 3404 enim
3489 3362 3712 3401 uxorem

2125 3443 2316 3499 habuit
2352 3459 2455 3501 nec
2500 3443 2660 3501 filios.
2712 3447 3039 3522 Assumptus
3088 3453 3176 3500 est
3213 3454 3395 3502 autem
3449 3444 3710 3516 Dominus

2125 3534 2303 3606 neque
2332 3550 2433 3606 per
2462 3535 2662 3591 coitum
2691 3550 2984 3606 generans,
3019 3550 3193 3607 neque
3220 3550 3320 3608 per
3364 3534 3562 3591 coitum
3610 3550 3712 3606 ge-

2127 3631 2343 3682 neratus
2355 3663 2370 3678 .

2338 3733 2580 3796 SERMO
2616 3739 2692 3797 1N
2730 3721 3182 3798 ASCENSIONE
3231 3735 3503 3798 DOMINI.

2195 3853 2390 3924 Hodie,
2431 3854 2625 3911 fratres
2681 3854 3012 3922 charissimi,
3092 3862 3176 3911 est
3225 3853 3578 3911 Ascensionis
3604 3854 3716 3909 Do-

2123 3943 2258 3999 mini
2282 3944 2522 4013 jucunda
2561 3943 2850 4000 festivitas.
2882 3944 3056 4001 Hodie
3099 3944 3372 4000 destructa
3400 3942 3717 3998 esthumani

2121 4035 2342 4108 generis
2374 4033 2661 4103 captivitas
2699 4053 2712 4099 ;
2755 4033 2918 4089 hodie
2981 4034 3224 4090 secunda
3251 4033 3479 4090 victoria
3522 4031 3717 4087 Christi

2099 4122 2394 4194 completa
2423 4129 2535 4186 est;
2568 4122 2730 4180 hodie
2760 4123 3110 4194 triumphalia
3133 4121 3329 4179 vexilla
3359 4121 3476 4190 ejus
3505 4121 3716 4193 erigun-

2123 4218 2224 4279 tur,
2267 4211 2336 4267 de
2406 4211 2780 4282 despolalione
2819 4228 2914 4266 sua
2987 4211 3139 4267 dolet
3178 4227 3300 4267 cum
3338 4209 3580 4281 principe
3618 4224 3713 4264 suo

2121 4308 2380 4372 tartarus.
2421 4301 2503 4358 De
2541 4300 2943 4356 restauratione
2973 4299 3158 4356 damni
3187 4300 3269 4355 sui
3305 4298 3506 4371 gaudet
3541 4298 3710 4355 coele-

2119 4391 2215 4444 Stis
2243 4390 2534 4445 exercitus.
2568 4389 2747 4445 Hodie
2777 4389 2869 4444 illa
2900 4405 3053 4456 caro,
3089 4405 3212 4462 qua:
3240 4389 3308 4443 de
3337 4387 3494 4442 terris
3521 4386 3708 4443 suble—

2099 4487 2244 4538 ‘vata
2279 4486 2382 4548 est,
2421 4479 2495 4535 ad
2565 4478 2844 4534 dexteram
2889 4478 3058 4533 Patris
3110 4471 3374 4534 collocata
3411 4483 3512 4542 est,
3586 4477 3714 4548 quia

2034 4565 2088 4628 D
2121 4569 2271 4626 omni
2297 4576 2566 4626 creatum
2585 4568 2810 4638 praelata
2848 4574 2950 4637 est,
2983 4578 3038 4622 et
3085 4567 3264 4622 omnis
3307 4566 3634 4637 principatus
3659 4574 3712 4621 et

2117 4667 2363 4732 potestas
2431 4666 2557 4713 ante
2587 4673 2706 4713 eam
2773 4666 2991 4713 curvata
3023 4664 3130 4712 est.
3205 4656 3376 4711 Hodie
3413 4655 3589 4726 itaque
3623 4655 3710 4710 vis

2117 4765 2284 4814 nova,
2323 4748 2398 4804 de
2430 4763 2536 4820 qua
2575 4746 2712 4802 dicit
2754 4745 3227 4817 Apostolus(Heb.
3259 4745 3332 4816 x),
3368 4743 3570 4799 initiata
3607 4751 3704 4809 est,

2118 4838 2248 4911 quia
2272 4853 2376 4909 per
2406 4852 2629 4894 carnem
2656 4835 2858 4891 Christi
2885 4834 3063 4890 aditus
3082 4834 3229 4902 caeli,
3257 4845 3362 4904 per
3377 4849 3536 4904 quem
3565 4832 3707 4886 nulla

2117 4928 2269 5000 prius
2298 4942 2427 4984 caro
2476 4925 2788 4992 transierat,
2824 4932 3102 4980 reseratus
3139 4931 3246 4979 est.
3295 4923 3464 4978 Hodie
3501 4922 3707 4993 apertio

2116 5016 2244 5080 libri
2305 5014 2548 5086 perfecta
2585 5021 2686 5080 est,
2749 5029 2912 5087 quem
2949 5028 3114 5069 nemo
3140 5011 3317 5084 potuit
3353 5011 3568 5082 aperire
3605 5009 3705 5065 nisi

2115 5113 2307 5184 Agnus
2337 5109 2428 5181 qui
2467 5107 2684 5166 occisus
2712 5113 2797 5163 est
2824 5108 3014 5180 (Apoc.
3034 5110 3112 5173 v),
3135 5105 3351 5177 quando
3371 5111 3706 5161 sacramenta

2114 5200 2240 5270 ejus
2269 5199 2514 5258 revelata
2542 5205 2670 5260 sunt
2699 5211 2821 5253 cum
2846 5194 2927 5252 eis
2966 5211 3092 5268 qua
3116 5194 3173 5251 in
3200 5194 3321 5267 lege
3347 5200 3400 5249 et
3427 5191 3704 5265 prophetis

2114 5289 2466 5349 inveniuntur
2493 5287 2565 5346 de
2592 5285 2830 5347 Christo.
2851 5284 3028 5342 Hodie
3057 5298 3276 5356 quoque
3305 5281 3573 5354 completa
3601 5287 3699 5347 est,

2112 5383 2494 5436 consummata
2521 5373 2863 5446 dispensatio
2889 5371 3236 5430 humanitati
3281 5372 3422 5442 ejus.
3460 5371 3701 5428 Descen-

2113 5468 2191 5524 dit
2219 5467 2396 5538 primo
2433 5463 2816 5536 Omnipotens,
2882 5471 2942 5518 ut
3005 5469 3210 5518 nostrae
3244 5459 3518 5532 particeps
3555 5456 3703 5516 ﬁeret

2113 5565 2346 5623 naturae,
2389 5561 2668 5628 postremo
2706 5551 2970 5618 ascendit,
3025 5557 3084 5606 ut
3121 5567 3235 5611 suae
3273 5564 3374 5605 nos
3409 5547 3702 5619 participes

2112 5647 2318 5706 faceret
2355 5643 2567 5719 gloriae.
2608 5641 2921 5708 Descendit,
2963 5645 3022 5697 ut
3042 5656 3142 5700 nos
3170 5638 3473 5702 exalteret;
3507 5654 3700 5695 ascen-

2112 5737 2210 5806 dit,
2241 5744 2298 5792 ut
2327 5751 2429 5792 nos
2458 5749 2647 5792 secum
2674 5732 2970 5790 ascendere
2997 5731 3219 5786 faceret.

2183 5851 2294 5912 Sed
2325 5849 2616 5908 videndum
2647 5854 2730 5906 est
2789 5863 2959 5920 quare
2984 5861 3094 5903 non
3136 5845 3310 5902 statim
3336 5852 3459 5916 post
3487 5845 3698 5902 Ascen-
