3924 6404
169 426 267 480 9Ἷό

1150 414 1729 472 DEFLORATIONES
1766 410 1889 467 SS;
1908 404 1915 409 ’
1932 407 2234 466 ΡᾹΤΒΟἭ.
2254 404 2332 449 ’ἑ-
2370 409 2495 464 LIB.
2518 410 2560 463 Ι.

3359 408 3472 465 ποτε

166 547 395 616 sionem,
418 536 531 601 sed
558 551 694 617 post
720 535 911 601 decem
938 541 1059 599 dies
1089 540 1301 596 miserit
1328 537 1590 611 apostolis
1633 536 1761 608 Spi-

1882 534 2343 603 mundumﬂoan.
2370 531 2445 600 1),,
2464 530 2535 591 ad
2560 529 2829 600 calcatis,
2868 531 2999 603 quia
3046 545 3147 603 per
3190 532 3476 593 ascensiow

170 637 329 691 ritum
356 643 615 691 sanctum
650 635 805 706 (Act.
857 634 938 701 ιι).
990 630 1075 687 0b
1122 628 1234 685 tres
1274 631 1463 700 utique
1518 639 1716 684 causas
1750 642 1766 679 :

165 725 340 795 primo
371 764 388 791 ,
426 731 486 779 ut
522 722 765 795 apostoli
796 721 1025 791 jujuniis
1058 727 1108 775 et
1137 718 1477 775 orationibus
1506 733 1568 772 se
1612 724 1771 786 aptos

176 835 295 877 esse
321 818 596 880 adventui
626 826 1003 891 praepararent
1032 818 1149 887 ejus
1175 836 1189 884 ;
1233 816 1496 882 secundo,
1540 816 1684 887 quod
1716 813 1773 867 hi

174 910 433 981 Spiritum
462 917 721 967 unctum
750 908 1119 981 perciperent,
1150 907 1240 978 qui
1262 907 1467 961 «decem
1496 911 1771 975 praecepta

175 999 449 1069 explerent
481 1016 498 1064 ;
534 997 721 1065 tertio,
754 998 899 1068 quod
930 997 984 1050 in
1015 994 1468 1067 quinquagesimo
1498 994 1586 1048 die
1616 1007 1650 1047 a
1682 1006 1775 1047 re-

174 1096 531 1161 surrectione,
568 1095 712 1151 sicut
738 1094 972 1165 populus
1000 1093 1099 1149 Dei
1126 1100 1261 1163 post
1288 1090 1677 1146 liberationem
1706 1086 1773 1143 ab

172 1185 422 1257 Egypto,
457 1183 922 1255 quinquagesimo
952 1182 1047 1238 die
1077 1182 1289 1252 accepit
1316 1180 1499 1252 legem
1540 1178 1772 1241 timoris,

171 1274 242 1329 ita
269 1272 517 1344 populus
536 1270 778 1328 ﬁdelium
797 1280 921 1341 post
938 1270 1325 1326 liberationem
1342 1284 1497 1325 suam
1520 1283 1554 1323 a
1574 1266 1775 1323 mundo

172 1366 638 1443 quinquagesimo
667 1369 756 1424 die
787 1369 1063 1440 acciperet
1097 1368 1276 1440 legem
1306 1367 1529 1422 amoris.
1575 1368 1634 1419 In
1680 1366 1775 1434 ju-

174 1460 331 1516 bileo
359 1458 557 1525 etiam,
588 1458 644 1512 id
689 1466 773 1514 est
823 1458 1287 1531 quinquagesimo
1344 1471 1514 1521 anno,
1570 1454 1776 1525 recepit

170 1548 400 1619 populus
437 1546 709 1603 amicum
760 1546 1072 1601 libertatem
1130 1554 1184 1601 et
1234 1545 1663 1611 bareditatem;
1724 1550 1778 1598 et

175 1647 275 1702 hac
329 1646 423 1701 die
487 1644 700 1716 recepit
779 1644 1016 1715 populus
1098 1642 1440 1699 Christianus
1518 1642 1776 1696 amissam

172 1733 478 1791 libertatem
511 1741 571 1789 et
612 1732 856 1805 paradisi
902 1732 1308 1788 hareditatem.
1364 1732 1542 1787 liabet
1596 1729 1778 1801 itaque

173 1822 418 1878 Christus
438 1837 589 1879 nunc
605 1821 823 1893 plenum
844 1821 1104 1893 gaudium
1128 1839 1142 1888 ;
1168 1818 1580 1892 quodammodo
1596 1819 1775 1885 habet,

1862 651 2002 693 .uem
2030 634 2152 705 ejus
2178 634 2306 691 luna
2334 632 2483 689 stetit
2510 632 2566 697 in
2586 632 2816 694 ordine.
2853 634 3003 695 Luna
3042 634 3291 693 Ecclesia
3333 634 3478 693 dicis

1870 740 1991 800 .tur,
2019 732 2145 803 quia
2174 731 2319 788 sicut
2346 729 2472 785 luna
2501 729 2684 787 lumen
2713 730 2908 802 recipit
2935 747 2969 787 a
2997 731 3139 798 sole,
3171 732 3250 788 ita
3275 732 3480 789 Eccle-

1870 821 1975 876 sia:
2003 819 2253 875 deiectus
2281 836 2317 875 ι
2342 819 2566 876 Christo
2597 819 2954 886 illuminatur,
2991 829 3044 875 et
3074 820 3215 877 sicut
3242 821 3371 885 luna
3391 832 3483 892 pa-

1870 910 2011 966 .titur
2036 908 2332 977 aliquando
2364 908 2637 977 eclipsim,
2668 907 2739 964 ita
2758 908 3009 967 Ecclesia
3029 909 3169 977 inter
3204 910 3482 968 mundana

1870 1008 2095 1063 tolerat.
2128 1008 2383 1064 Sedth
2410 1007 2535 1062 luna
2566 1014 2690 1077 post
2714 1008 3341 1064 “censionemChristi
3360 1016 3481 1074 ste-

1872 1096 1941 1152 tit
1970 1097 2024 1151 in
2056 1097 2409 1152 ordinesuo.
2448 1096 2622 1161 Stetit,
2675 1096 2798 1168 quia
2844 1096 2919 1151 in
2946 1097 3343 1168 prmdicatione
3386 1114 3483 1155 er-

1872 1185 2074 1251 :crevit,
2109 1185 2233 1257 quia
2261 1186 2330 1240 ad
2359 1184 2735 1243 tribulationes
2764 1186 3059 1257 patiendus
3081 1188 3308 1243 emersit.
3330 1186 3485 1245 Tutia

1874 1285 2095 1349 Petrus,
2127 1283 2221 1353 qui
2250 1282 2327 1337 ad
2354 1298 2541 1341 vocem
2562 1282 2809 1338 ostiaria.l
2840 1283 3145 1351 succubuit,
3178 1285 3249 1340 ad
3272 1299 3481 1342 vocem

1878 1372 2121 1427 Neronis
2149 1371 2459 1427 resistentis
2488 1388 2597 1428 non
2627 1373 2889 1428 recessit;
2923 1374 3075 1430 Haec
3099 1373 3356 1430 «cendo
3395 1383 3484 1431 est

1876 1476 2026 1519 unus
2055 1461 2133 1517 de
2154 1461 2381 1517 saltibus
2410 1460 2647 1527 Domini,
2669 1461 2749 1518 .de
2776 1462 2977 1534 quibus
2996 1461 3127 1521 facit
3147 1464 3486 1525 mentionem

1884 1558 2145 1615 Salomon
2174 1557 2229 1611 in
2259 1557 2497 1612 Canticis
2524 1574 2543 1612 :
2580 1579 2602 1606 ι
2630 1558 2782 1614 Ecce
2811 1557 2991 1614 veniet
3019 1558 3227 1614 aliens
3245 1559 3301 1614 in
3321 1574 3488 1616 mont-

1884 1646 2052 1715 tibus,
2084 1654 2138 1700 et
2168 1645 2486 1705 transiliens
2512 1653 2728 1707 montes
2752 1646 2952 1717 (Cant.
2987 1648 3075 1718 ιι).
3096 1666 3119 1700 s
3154 1647 3369 1707 Salices
3385 1662 3491 1707 res

1874 1734 1987 1802 ‘nit,
2018 1734 2112 1806 qui
2141 1734 2412 1797 veniendo
2441 1733 2515 1791 ad
2542 1734 2977 1806 redemptionem
3023 1744 3273 1793 nostram
3311 1752 3487 1809 quoss-

1887 1831 2018 1887 dam
2050 1832 2219 1887 saltus
2247 1832 2396 1887 dedit
2424 1832 2493 1888 de
2520 1832 2685 1901 celo,
2724 1834 2947 1889 veniens
2961 1834 3017 1888 in
3036 1841 3201 1891 utero
3220 1834 3483 1909 Virginis,

176 1920 588 1991 quodammodo
617 1934 725 1975 non
757 1920 955 1980 habet;
983 1920 1245 1989 quantum
1267 1918 1336 1972 ad
1359 1918 1442 1971 sui
1480 1931 1772 1987 personam
1802 1898 1856 1960 Β
1884 1920 1954 1975 de
1979 1929 2136 1976 utero
2164 1919 2221 1975 in
2242 1920 2600 1991 praesepium,
2620 1898 2982 1993 (ἡμπειρία
3004 1922 3223 1979 venitis
3240 1898 3487 1991 crucem,

174 2009 600 2079 plenissimum;
630 2015 891 2080 quantum
920 2008 991 2062 ad
1022 2021 1225 2077 corpus
1264 2020 1442 2071 suum,
1496 2006 1644 2077 quod
1692 2012 1777 2060 est

176 2097 440 2163 Ecclesia,
473 2097 658 2152 adhuc
686 2096 929 2151 minime.
997 2098 1046 2150 Α.
1100 2095 1313 2153 Iudaeis
1378 2094 1524 2149 enim
1590 2094 1776 2149 adhuc

176 2193 609 2265 blasphematur,
645 2209 675 2248 a
703 2194 955 2266 gentibus
987 2193 1372 2259 subsannatur,
1406 2193 1473 2247 ab
1504 2191 1776 2247 haereticis

174 2281 523 2349 dilaceratur,
556 2298 591 2337 a
620 2283 778 2337 malis
808 2281 1135 2336 Christianis
1182 2282 1556 2351 impugnatur,
1605 2296 1636 2335 a
1675 2296 1774 2339 tta-

176 2371 487 2428 cerdotibus
519 2371 745 2426 luxurias
769 2370 991 2438 deditis,
1023 2378 1077 2425 et
1105 2370 1176 2424 ob
1222 2372 1329 2425 hoc
1374 2369 1594 2440 publice
1636 2384 1777 2424 anno

175 2470 555 2535 thematizatis,
609 2469 984 2539 vilipenditur.
1026 2468 1088 2522 In
1136 2467 1402 2523 membris
1451 2467 1615 2521 etiam
1663 2465 1777 2520 suis

178 2554 414 2625 quotidie
440 2554 661 2625 patitur.
697 2555 832 2609 Cum
858 2554 980 2610 hinc
1005 2553 1188 2608 omnia
1233 2552 1309 2607 ad
1359 2569 1421 2607 se
1467 2551 1775 2623 collegerit,

179 2650 301 2698 tunc
330 2644 559 2713 plenum
588 2643 852 2715 gaudium
882 2642 1119 2701 habebit.
1171 2640 1461 2710 Quomodo
1510 2656 1642 2697 vero
1692 2644 1779 2701 est

182 2741 423 2797 Ecclesia
453 2742 575 2811 ejus
601 2757 822 2811 corpus,
851 2748 905 2795 et
932 2740 1093 2795 electi
1122 2738 1425 2794 membra?
1454 2738 1611 2794 Sicut
1650 2754 1781 2795 oor-

183 2846 279 2901 pus
304 2830 470 2900 capiti
510 2830 745 2886 inhiaret
799 2837 853 2884 at
896 2829 964 2884 ab
1008 2844 1077 2886 eo
1120 2828 1349 2901 regitur,
1408 2827 1481 2884 ita
1538 2827 1780 2885 Ecclesia

192 2933 290 2989 per
315 2926 721 2976 sacramentum
765 2917 1019 2990 corporis
1063 2916 1262 2973 Christi
1311 2916 1363 2974 ei
1402 2916 1779 2988 conjungitur,

189 3014 294 3071 imo
318 3033 487 3072 unum
518 3033 642 3075 cum
673 3032 743 3072 eo
768 3013 1020 3083 efﬁcitur,
1064 3031 1098 3071 a
1145 3031 1253 3088 quo
1294 3030 1489 3070 omnes
1539 3014 1675 3085 justi
1722 3013 1779 3068 in

186 3120 280 3161 suo
306 3106 504 3163 ordine
536 3114 597 3163 ut
626 3106 873 3162 membra
902 3120 934 3163 a
960 3105 1142 3175 capite
1169 3105 1563 3177 gubernantur.
1612 3104 1781 3173 Cujus

185 3193 539 3265 eapitisoculi
562 3196 871 3267 propheta,
888 3194 982 3266 qui
1001 3194 1180 3250 futura
1203 3193 1603 3265 praeviderunt;
1643 3204 1779 3248 sana
1820 3232 1825 3267 ί

184 3264 259 3345 eti
278 3292 530 3362 apostoli,
564 3264 821 3363 quiﬁalios
848 3264 922 3347 de
948 3290 1036 3347 vis
1057 3264 1264 3347 erroris
1291 3290 1359 3345 ad
1388 3290 1573 3345 lumen
1611 3290 1777 3358 justi-
1804 3264 1853 3329 Ο

189 3378 278 3433 tim
296 3381 669 3438 deduxerunt.
701 3383 879 3436 Aures
909 3387 1033 3435 sunt
1058 3380 1399 3446 obedientes,
1436 3394 1602 3437 nares
1648 3386 1779 3433 sunt

190 3466 405 3524 discreti
436 3488 452 3537 ;
482 3470 689 3542 ﬂegma
717 3468 864 3541 quod
891 3484 990 3540 per
1026 3484 1193 3524 nares
1244 3468 1463 3537 ejicitur
1496 3467 1772 3533 haeretici,

186 3566 272 3635 qui
293 3567 493 3635 judicio
517 3568 886 3623 discretorum
914 3566 984 3621 de
1011 3566 1187 3637 capite
1218 3566 1419 3621 Christi
1459 3581 1775 3638 emunguu-

184 3660 281 3709 tur.
311 3656 389 3712 0s
417 3665 642 3714 sanctos
682 3656 953 3725 doctores,
1015 3651 1209 3712 dentes
1262 3670 1442 3711 sacrae.
1480 3654 1777 3725 Scriptum

185 3745 542 3814 expositores,
576 3762 772 3803 manus
802 3745 1063 3801 Ecclesia
1080 3746 1423 3813 defensores,
1443 3744 1613 3815 pedes
1633 3742 1781 3815 agri~

184 3841 315 3899 colae
344 3844 650 3900 Ecclesium
677 3851 985 3914 pascentes.
1022 3845 1191 3899 Porro
1221 3843 1397 3911 ﬁmus,
1426 3841 1517 3913 qui
1546 3841 1614 3897 de
1634 3857 1781 3897 ven-

186 3933 554 4004 treegeritur,
586 3941 712 3988 sunt
734 3932 999 3988 immundi
1029 3941 1083 3988 et
1129 3932 1389 3987 luxuriosi
1435 3930 1623 3987 altaris
1667 3930 1781 3984 mi~

184 4018 349 4087 sistri,
383 4030 439 4077 et
463 4021 563 4077 alii
586 4020 722 4076 infra
756 4022 1061 4079 Ecclesium
1118 4020 1427 4089 facinorosi,
1488 4021 1579 4092 qui
1634 4035 1772 4074 ven-

185 4121 317 4171 trem
344 4119 545 4175 matris
574 4119 840 4175 Ecclesia
868 4126 1111 4187 onerant,
1144 4134 1282 4191 quos
1312 4134 1412 4190 per
1431 4118 1625 4174 mortis
1644 4132 1777 4188 ego.

188 4204 407 4263 stionem
437 4209 729 4265 daemones
755 4216 814 4264 ut
843 4208 997 4280 porci
1024 4208 1325 4265 devorant.
1365 4207 1539 4280 Igitur
1561 4207 1691 4279 quia
1718 4206 1776 4260 in

188 4296 515 4353 ascensione
544 4296 751 4352 domini
780 4296 954 4352 induti
985 4313 1173 4352 sumus
1203 4296 1475 4367 corporali
1494 4295 1609 4365 ejus
1628 4311 1776 4366 pra:-

188 4383 371 4451 seutia,
413 4385 487 4442 ad
526 4393 789 4448 aeternam
825 4385 1093 4443 visionem
1141 4386 1261 4457 ejus
1316 4392 1429 4441 tota
1472 4383 1775 4439 intentione

189 4467 525 4531 festinemus.

868 4604 1096 4647 DIVISIO.
1154 4606 1157 4609 ’

253 4729 589 4788 Dominimm
620 4732 1001 4788 ascensionem
1032 4732 1283 4787 Habacuc
1316 4732 1582 4801 prepbeta
1632 4746 1774 4800 prae-

190 4815 370 4873 videns
399 4819 471 4875 ait
506 4837 518 4876 :
557 4843 578 4869 α
614 4820 870 4876 Eievatus
898 4829 984 4875 est
1016 4820 1120 4887 sol,
1152 4828 1206 4875 et
1236 4821 1361 4874 luna
1394 4820 1541 4877 stetit
1570 4819 1624 4874 in
1672 4834 1771 4876 or—
1798 4818 1819 4825 “

191 4903 308 4962 dine
334 4925 429 4965 suo
450 4909 678 4980 (Habeo.
711 4916 789 4980 ν).
831 4930 852 4956 n
887 4909 1018 4964 Cum
1040 4910 1186 4964 enim
1210 4909 1473 4965 Dominus
1493 4908 1549 4963 in
1571 4907 1775 4962 mundo

193 5014 310 5061 eum
334 5006 617 5077 discipulis
645 5014 954 5065 moraretur
983 5007 1129 5074 suis,
1152 5006 1384 5078 apostoli
1423 5006 1477 5061 in
1524 5021 1777 5077 presen—

197 5089 260 5147 tia
286 5094 497 5157 Domini
525 5095 891 5165 confidentes,
920 5110 1029 5151 non
1058 5096 1128 5151 ad
1162 5095 1409 5151 calcatis
1433 5095 1777 5165 mirabant,

197 5181 311 5249 sed,
340 5194 631 5255 postquam
662 5201 724 5240 se
756 5186 1024 5240 Dominus
1048 5184 1119 5239 ad
1149 5199 1335 5241 eorum
1364 5183 1543 5239 oculis
1573 5183 1780 5238 absen-

198 5279 338 5346 tavit,
369 5290 420 5338 et
444 5283 505 5336 in
533 5282 741 5337 cmlum
770 5282 1031 5339 ascendit.
1063 5280 1192 5349 Quo
1221 5281 1485 5337 Dominus
1514 5280 1779 5336 ascende-

196 5375 290 5434 rat,
310 5370 505 5427 milites
524 5369 788 5431 inhiando
818 5371 1044 5441 cupiunt
1072 5371 1399 5427 ascendere.
1457 5372 1586 5425 HERC
1632 5370 1777 5427 enim

197 5460 523 5515 Consuetudo
551 5459 695 5514 inter
722 5475 823 5515 nos
842 5468 924 5515 est
942 5468 997 5513 ut
1022 5458 1230 5513 familia
1251 5475 1440 5530 regem
1460 5459 1779 5529 praeceden-

198 5557 298 5607 tem
328 5558 480 5629 sequi
511 5558 809 5612 desideret.
843 5558 997 5613 Unde
1026 5558 1100 5611 ait
1129 5557 1382 5613 Ecclesia
1413 5558 1467 5611 in
1497 5557 1737 5613 Ca'nticis
1763 5575 1778 5612 :

204 5662 223 5690 ε
254 5644 421 5701 Trahe
450 5663 539 5702 me
572 5654 694 5717 post
720 5654 774 5701 te
805 5648 989 5713 (Cant.
1024 5648 1086 5716 ι).
1121 5669 1143 5695 ι
1177 5646 1341 5701 Trahi
1372 5646 1513 5701 enim
1557 5647 1778 5702 deside-

198 5730 344 5787 rabat
369 5737 432 5790 ad
462 5737 676 5807 Regem
709 5735 1119 5802 ascendentem,
1149 5744 1441 5807 postquam
1457 5735 1630 5790 caruit
1650 5750 1781 5790 con-

203 5830 449 5891 solatione
476 5833 603 5904 ejus
630 5833 965 5905 praesentiae.
998 5833 1128 5889 Ideo
1158 5833 1400 5889 elevatus
1434 5840 1517 5889 est
1552 5832 1656 5899 sol,
1687 5832 1779 5903 qui

201 5915 449 5981 illuminat
502 5937 729 5981 omnem
799 5921 1075 5980 hominem
1128 5923 1438 5981 venientem
1506 5922 1568 5979 in
1634 5922 1779 5979 hunc

1883 2009 1953 2065 de
1982 2023 2147 2066 cruce
2177 2009 2325 2067 venit
2352 2009 2407 2066 in
2437 2010 2768 2080 sepulcrum.
2802 2011 2870 2068 de
2928 2011 3184 2082 sepulcro
3230 2012 3393 2069 rediit
3432 2013 3490 2069 in

1883 2106 2099 2162 cretum.
2132 2107 2286 2163 Unde
2312 2108 2389 2161 ait
2416 2108 2679 2178 propheta
2712 2124 2727 2161 :
2755 2130 2778 2156 ι
2804 2108 3109 2164 Exsulta‘vit
3147 2117 3206 2165 ut
3228 2109 3422 2183 gigas,
3444 2108 3484 2159 I-

1884 2203 1988 2257 etc.
2022 2196 2203 2265 (Psal.
2234 2200 2403 2261 mn.)
2452 2197 2604 2252 Hanc
2634 2197 3074 2257 exsultationem
3131 2198 3260 2254 alibi
3315 2199 3490 2257 deno-

1885 2282 2017 2338 tavit
2049 2299 2063 2338 :
2100 2305 2121 2332 ι
2159 2284 2237 2338 De
2266 2291 2511 2339 torrente
2536 2284 2593 2338 in
2612 2284 2707 2339 vis
2746 2285 2895 2340 bibet
2932 2287 3118 2356 (Psal.
3167 2288 3302 2358 ms).
3341 2307 3365 2336 ι
3416 2289 3481 2342 In

1884 2380 2087 2435 mundo
2109 2388 2227 2436 erat
2250 2388 2470 2437 torrens
2486 2382 2944 2438 mortisdeiluens
2982 2397 3015 2439 a
3052 2392 3277 2455 peccato
3322 2384 3485 2455 primi

1886 2469 2149 2539 parentis.
2181 2470 2259 2525 De
2286 2471 2372 2524 his
2400 2470 2574 2527 invia
2601 2470 2754 2537 bibit,
2789 2471 2917 2542 quia
2942 2480 3171 2528 mortem
3204 2472 3265 2528 in
3300 2481 3482 2529 trans~

1885 2558 1962 2613 itu
1990 2559 2253 2630 gustarit,
2283 2566 2445 2630 atque
2485 2559 2611 2616 ideo
2654 2560 2931 2615 exaltavit‘
2960 2569 3144 2632 caput,
3203 2562 3329 2633 quia
3378 2562 3485 2619 hoc

1888 2657 2031 2727 quod
2054 2656 2345 2711 moriendo
2376 2656 2429 2710 in
2452 2656 2713 2727 sepulcro
2732 2657 2932 2728 posuit,
2955 2659 3299 2730 resurgendo
3321 2674 3487 2731 super

1887 2746 2121 2817 angelos
2148 2746 2372 2802 levavit.
2406 2746 2823 2818 Levaritsnper
2846 2747 3077 2821 angelos
3108 2757 3488 2821 poetresnrroe

1886 2834 2122 2889 stionem
2152 2834 2453 2890 humanam
2481 2842 2750 2903 naturam,
2778 2851 2904 2908 quae
2946 2836 3103 2907 prius
3128 2845 3268 2892 .erat
3312 2836 3491 2903 minor

1887 2930 2123 3002 angelis.
2157 2930 2310 2987 Unde
2339 2931 2604 3002 scriptum
2633 2931 2716 2987 est
2755 2948 2769 2986 :
2806 2954 2830 2981 ι
2863 2933 3105 2989 munisti
3149 2950 3275 2990 eum
3320 2933 3489 3006 paulo

1886 3019 2073 3073 minus
2099 3018 2168 3074 ab
2201 3020 2417 3091 angelis
2444 3022 2629 3091 (Beat.
2665 3021 2807 3091 vni).
2846 3043 2868 3070 ι
2904 3020 3330 3091 Ωιιοιιᾶὶιιτειιὶσι
3357 3037 3491 3094 paea

1888 3106 2063 3162 sibilis
2091 3107 2186 3165 fuit
2216 3116 2269 3164 et
2296 3108 2566 3176 mortalis,
2599 3109 2778 3165 minor
2808 3108 2919 3166 fuit
2968 3110 3226 3182 angelica
3268 3119 3485 3179 natura,

1888 3218 2019 3277 quin
2038 3205 2359 3261 immortalis
2389 3214 2489 3261 est.
2522 3206 2633 3263 Sed
2664 3215 2963 3278 postquam
2984 3208 3129 3263 Deus
3158 3209 3327 3263 Pater
3354 3208 3483 3282 gloo‘

1884 3292 1967 3348 ria
1996 3294 2419 3349 resurrectiduis
2448 3302 2498 3349 et
2528 3295 2734 3351 honore
2758 3295 3184 3351 immortalitatis
3212 3310 3336 3351 eum
3389 3309 3489 3352 θος

1886 3382 2118 3451 ronavit,
2153 3383 2244 3455 qui
2268 3383 2421 3453 prius
2456 3383 2648 3439 minor
2703 3391 2836 3454 erat,
2887 3398 3059 3455 super
3112 3384 3341 3456 angelos
3400 3393 3490 3441 est

1885 3470 2090 3529 factus.
2112 3508 2113 3511 η

1903 3693 1909 3699 ο
1955 3620 2093 3675 Cum
2122 3606 2289 3694 igitur
2315 3619 2499 3693 angeli
2550 3606 2841 3685 humanam
2896 3629 3148 3679 naturam
3208 3614 3493 3695 angelicas

1883 3718 2161 3787 praelatam
2192 3715 2463 3784 viderent,
2498 3718 2595 3789 qui
2619 3719 2768 3790 prius
2794 3718 2864 3773 ab
2894 3718 3209 3783 hominibus
3258 3734 3322 3775 se
3373 3717 3480 3775 ad-

1882 3806 2025 3861 orari
2053 3806 2511 3881 patiebantur,,ab
2543 3808 2778 3865 humano
2810 3822 3015 3880 genere
3043 3807 3117 3863 ita
3148 3808 3388 3867 exaltato
3419 3822 3482 3864 se

1883 3895 2099 3951 adorari
2117 3904 2304 3966 postea
2330 3896 2640 3965 timuerunt.
2671 3896 2953 3959 Abraham
3004 3895 3257 3953 adoravit
3302 3911 3481 3970 auges

1882 3991 1995 4048 lum
2025 4010 2149 4051 cum
2179 4002 2289 4049 tres
2318 3993 2469 4059 vidit,
2501 4001 2558 4051 et
2586 4010 2757 4053 unum
2778 3993 3046 4061 adoravit,
3077 4008 3182 4059 nec
3200 3992 3485 4063 prohibuit

1882 4082 2045 4153 (Gen.
2077 4083 2249 4161 xviii).
2274 4082 2457 4139 Voluit
2485 4083 2718 4139 adorare
2760 4081 3302 4159 Joannesangelum
3356 4089 3493 4157 post,

1883 4172 2360 4247 resurrectionem,
2390 4187 2492 4228 nec
2517 4172 2590 4228 ab
2626 4170 2831 4251 angelo
2854 4171 3157 4243 permissus
3176 4178 3261 4241 est
3289 4172 3495 4247 (Amm.

1883 4274 2024 4340 xu).
2064 4270 2453 4342 Despiciebant
2475 4270 2750 4328 hominem
2801 4270 2965 4345 prius,
3007 4286 3172 4345 quem
3226 4268 3495 4347 videbant»

1884 4360 2047 4430 culpa
2074 4375 2169 4413 sua
2198 4360 2502 4414 exsulatum
2536 4378 2551 4428 ;
2592 4361 2998 4416 honoraverunt
3043 4359 3284 4415 hominis
3330 4366 3483 4415 natu-

1883 4465 2024 4516 ram,
2056 4464 2218 4521 quam
2247 4448 2509 4504 videbant
2531 4464 2694 4520 super
2741 4464 2801 4504 se
2850 4447 3164 4505 exaltatam.
3222 4446 3482 4504 Sciebant

1886 4547 2102 4618 quidem
2132 4544 2408 4617 hominem
2426 4541 2782 4627 factumesse
2813 4552 2938 4627 aqte
2968 4550 3257 4615 peccatum
3286 4542 3355 4598 ad
3388 4559 3481 4600 re-

1696 4640 1701 4645 ’
1758 4608 1761 4615 ι
1801 4629 1853 4691 D
1883 4602 2568 4705 stauration'vemangeliea:
2592 4602 2997 4703 legionishua
3034 4631 3332 4699 ceciderat,
3382 4631 3480 4687 sed

1888 4724 2317 4795 redemptionem
2345 4723 2462 4792 ejus
2493 4738 2589 4792 per
2618 4721 2810 4776 Filium
2838 4719 3187 4791 ignorabant.
3222 4720 3282 4773 In
3322 4719 3480 4791 prin-

1870 4817 2027 4894 cipio
2043 4822 2189 4879 enim
2209 4820 2396 4877 mundi
2417 4819 2543 4875 fecit
2558 4820 2708 4875 Deus
2728 4818 2990 4891 angelum
3015 4815 3310 4889 quemdam
3330 4834 3480 4889 pra:-

1885 4912 2173 4969 cellentem
2202 4909 2341 4979 aliis,
2374 4908 2537 4964 valde
2567 4907 2876 4979 speciosum
2932 4913 2985 4961 et
3041 4904 3343 4976 sapientem
3401 4906 3483 4961 De

1850 5006 1863 5039 τ
1885 5016 1994 5072 quo
2020 5008 2215 5071 postea
2239 5014 2342 5070 per
2370 4997 2695 5068 Prophetam
2726 5012 2743 5050 :
2781 5019 2804 5047 ι
2829 4995 2909 5052 Tu
2924 4994 3263 5066 signaculum
3283 4994 3483 5059 imii-

1884 5088 2085 5147 tudinis
2115 5088 2234 5156 Dei,
2266 5087 2463 5159 plenus
2490 5085 2776 5157 sapientia,
2827 5092 2882 5141 et
2928 5082 3204 5155 periectas
3256 5083 3481 5152 decore,

1883 5187 1938 5243 in
1968 5186 2180 5243 deliciis
2229 5183 2471 5256 paradisi
2495 5183 2599 5240 Dei
2618 5182 2766 5238 fuisti
2790 5181 3015 5246 (Kueh.
3036 5182 3254 5251 xum).
3284 5204 3308 5232 »
3333 5181 3397 5237 In
3416 5196 3488 5239 eo

1885 5274 2031 5331 enim
2059 5277 2180 5330 erat
2208 5271 2462 5328 subtilior
2490 5278 2698 5338 natura,
2730 5269 2785 5327 in
2816 5268 2911 5325 illo
2958 5268 3144 5341 imago
3188 5267 3291 5325 Dei
3339 5266 3487 5324 ﬁlio-

1884 5380 2026 5430 rum,
2059 5362 2207 5435 quod
2234 5361 2540 5417 insinuatur
2568 5374 2695 5416 cum
2752 5358 2970 5417 dicitur.
3033 5380 3059 5407 ε
3093 5356 3288 5415 Omnis
3342 5356 3489 5429 lapis

1884 5462 2159 5533 pretiosus
2185 5459 2582 5530 operimentum
2602 5464 2756 5513 tuum
2770 5457 2976 5527 (ibid.),
3011 5476 3035 5505 ι
3051 5455 3178 5528 quia
3192 5470 3387 5519 novem
3400 5470 3492 5512 oo-

1886 5546 2109 5601 dinibus
2137 5544 2231 5599 ille
2257 5543 2464 5614 primus
2492 5542 2719 5614 angelus
2747 5548 2973 5597 ornatus
3000 5548 3055 5596 et
3106 5548 3335 5610 opertus
3368 5539 3489 5607 fuit,

1887 5643 2020 5698 dum
2042 5642 2252 5698 cunctis
2278 5641 2588 5713 agminibus
2617 5638 2939 5711 angelorum
2993 5637 3255 5708 pmlatus
3308 5642 3394 5695 est
3441 5645 3495 5693 et

1887 5743 2079 5783 eorum
2105 5726 2514 5797 comparatione
2542 5724 2751 5782 clarior
2777 5723 2898 5780 fuit.
2929 5722 3043 5780 Sed
3071 5722 3164 5779 ille
3204 5739 3396 5779 versus
3437 5723 3497 5779 in

1888 5833 2221 5906 superbiam,
2254 5849 2320 5887 ex
2349 5831 2517 5887 nimia
2543 5830 2790 5887 claritate
2820 5828 2961 5886 dixit
2991 5845 3011 5879 ε
3046 5846 3068 5877 α
3102 5827 3417 5886 Ascendam
3438 5829 3498 5885 in

1888 5922 2113 5992 coelum,
2149 5935 2352 5993 ponam
2384 5920 2573 5979 sedem
2599 5934 2779 5978 meam
2804 5919 2874 5975 ad
2923 5915 3253 5989 aquilonem,
3308 5922 3361 5973 et
3396 5928 3497 5970 ero
