3924 6400
475 376 585 434 9Ἱὸ

1631 373 1944 432 VEBNERI
1981 374 2270 435 ABBATIS
2310 375 2368 434 S.
2411 376 2636 436 BLASII

3682 391 3781 446 976

477 516 673 574 similis
702 509 1127 588 AltissimoUsa.
1159 509 1308 592 xiv).
1343 536 1368 572 ι
1403 514 1647 575 Fuerunt
1675 514 1820 573 enim
1850 527 2084 574 consea-
2109 503 2166 566 A
2196 500 2362 558 homo
2389 499 2573 558 Ῑοθυω
2603 501 2803 560 summi
2833 503 3018 578 angeli
3047 504 3339 580 ευΡΡῘθνίι·
3371 507 3474 567 Alii
3507 527 3635 569 vero
3678 514 3780 571 h0-

466 615 505 670 ti
524 626 681 674 entes
709 616 758 674 ei
787 631 852 674 ex
882 617 1099 692 angelis
1128 617 1257 689 alii;
1290 616 1405 691 qui,
1438 631 1562 674 cum
1595 615 1713 672 Deo
1743 613 1957 672 similes
1978 629 2088 673 vo-

483 706 672 763 labant
699 705 818 764 ﬁeri
845 715 900 764 et
927 708 1174 779 impares
1198 707 1438 780 angelis,
1469 705 1718 762 minores
1736 703 1917 762 efiecti
1937 712 2084 762 sunt.

478 796 546 852 Et
575 796 784 868 primus
812 795 906 852 ille
933 796 1166 869 angelus
1193 805 1250 854 et
1297 794 1383 853 sui
1437 794 1736 868 complices
1790 794 1862 851 de
1919 794 2082 863 cutio,

481 893 602 949 aliis
632 894 792 950 bonis
820 893 1104 966 spiritibus
1145 893 1576 959 remanentihus,
1621 892 1959 960 ceciderunt,
2008 891 2085 948 ita

463 983 627 1056 quod
642 983 714 1039 de
723 983 957 1053 singulis
975 999 1173 1041 novem
1182 983 1466 1041 ordinibus
1480 983 1800 1057 angelorum
1816 981 2084 1040 cecidisse

473 1072 756 1129 credatur.
779 1075 968 1146 Itaque
997 1088 1124 1130 cum
1153 1081 1344 1131 essent
1373 1079 1499 1130 octo
1529 1072 1772 1140 ordines,
1818 1070 1889 1128 de
1935 1087 2083 1128 nono

471 1161 720 1219 decimus
749 1161 928 1219 factus
957 1169 1058 1230 est,
1093 1163 1188 1236 qui
1217 1162 1404 1235 periit,
1439 1170 1493 1218 et
1521 1161 1593 1218 ad
1632 1161 1817 1218 locum
1866 1159 2080 1218 illorum

471 1259 838 1332 supplendum
864 1259 1041 1318 factus
1067 1268 1155 1318 est
1201 1261 1389 1318 homo.
1447 1258 1554 1329 Qui
1609 1257 1716 1314 nisi
1771 1265 2078 1332 peccasset,

469 1358 666 1407 omnes
690 1349 830 1407 salvi
856 1349 1107 1418 fuissent,
1141 1358 1196 1407 et
1225 1349 1439 1424 angelis
1469 1348 1678 1405 similes
1705 1355 1762 1405 et
1787 1349 2078 1406 immorta-

468 1447 552 1504 les
581 1455 788 1506 essent.
819 1446 943 1504 Nisi
971 1447 1128 1505 enim
1159 1455 1419 1521 peccaret
1439 1446 1614 1503 Adam
1635 1446 1689 1502 in
1705 1445 1982 1519 paradiso,
2000 1445 2081 1504 vi.

465 1547 629 1595 veret
655 1538 726 1594 de
754 1538 933 1596 fructu
956 1537 1236 1606 arborum,
1267 1544 1325 1593 et
1351 1535 1494 1594 filios
1521 1537 1641 1593 sine
1672 1536 2074 1608 concupiscen—

466 1636 542 1691 tia
570 1643 878 1707 generaret,
908 1644 963 1692 et
989 1644 1172 1691 tamen
1215 1634 1589 1707 unusquisque
1637 1634 1691 1689 in
1740 1641 1888 1690 terra
1940 1649 2074 1706 per-

459 1731 734 1791 maneret,
764 1725 941 1782 dooec
967 1723 1037 1779 ad
1064 1724 1358 1780 terminum
1387 1723 1762 1781 constitutum.
1827 1720 2076 1791 Qualiter

463 1823 647 1910 autem
691 1813 1005 1910 gignerent,
1061 1813 1112 1869 si
1163 1812 1220 1869 in
1275 1809 2075 1910 paradiso.permansis_sent?
2100 1848 2154 1910 Β

462 1903 933 1974 Quemadmodum
963 1917 1159 1959 manus
1186 1903 1388 1968 manui,
1422 1903 1494 1957 ita
1521 1901 1641 1958 sine
1665 1901 2067 1974 concupiscen-

463 2002 543 2058 tia
566 2001 932 2074 iungerentur
959 2017 979 2068 ;
1008 2009 1060 2057 et
1089 2002 1232 2057 sicut
1261 1999 1455 2058 oculus
1485 2016 1546 2056 se
1576 1999 1726 2056 levat
1754 1999 1823 2054 ad
1861 1998 2066 2055 viden-

459 2093 619 2159 dum,
641 2092 716 2148 ita
744 2091 864 2147 sine
884 2089 1249 2147 delectatione
1277 2090 1414 2145 illud
1450 2089 1713 2146 sensibile
1754 2088 2067 2144 membrum

463 2189 758 2255 perageret
788 2179 1029 2238 ofﬁcium
1061 2196 1241 2246 suum,
1269 2179 1461 2252 sicque
1489 2179 1610 2235 sine
1637 2178 1829 2235 dolore
1857 2179 2067 2251 absque

463 2271 631 2327 sorde
657 2277 940 2342 parerent.
978 2272 1138 2326 Esset
1167 2269 1348 2325 infans
1375 2269 1453 2324 ita
1491 2267 1690 2324 debilis
1737 2275 1789 2324 et
1835 2282 1946 2325 non
1987 2267 2068 2324 lo-

462 2375 658 2443 quens,
680 2378 738 2425 ut
759 2383 906 2426 nunc
924 2369 954 2424 τ
976 2369 1096 2424 Mox
1117 2375 1176 2424 ut
1196 2374 1518 2424 nasceretur
1536 2368 1860 2434 ambularet,
1893 2375 1943 2423 et
1971 2367 2066 2423 ab—

463 2459 642 2515 solute
665 2457 1003 2530 loqueretur,
1059 2465 1112 2513 et
1157 2465 1348 2514 contra
1397 2455 1649 2529 singulos
1693 2456 1946 2512 defectus
1992 2456 2063 2514 de

464 2547 636 2620 lignis
665 2546 741 2602 ibi
767 2546 962 2618 positis
989 2553 1319 2616 uteretur,et
1347 2545 1575 2618 praefixo
1603 2560 1638 2601 a
1667 2547 1784 2601 Deo
1813 2553 2061 2617 tempore

457 2636 530 2695 de
558 2636 713 2710 ligno
740 2635 870 2693 vitae
897 2635 1107 2702 ederet,
1137 2643 1190 2691 et
1220 2634 1304 2691 sic
1331 2634 1386 2690 in
1415 2651 1525 2692 uno
1545 2642 1690 2690 statu
1711 2635 2060 2706 postmodum

455 2740 834 2806 permaneret.
873 2733 940 2789 Et
967 2731 1156 2790 tandiu
1181 2732 1491 2790 debuerunt
1519 2747 1644 2789 esse
1680 2731 1737 2788 in
1778 2732 2057 2804 paradiso,

457 2837 744 2896 quousque
769 2821 1090 2893 impleretur
1115 2837 1383 2878 numerus
1409 2821 1736 2896 angelorum
1765 2821 1860 2895 qui
1899 2821 2060 2878 ceci-

453 2911 670 2978 derant,
703 2917 758 2968 et
783 2910 876 2968 ille
904 2925 1166 2967 numerus
1181 2910 1496 2968 electorum
1525 2910 1618 2984 qui
1647 2919 1771 2967 erat
1816 2910 2058 2983 implen-

451 2999 578 3067 dus,
609 2999 658 3056 si
687 2999 874 3073 angeli
902 3015 1012 3056 non
1043 2999 1393 3057 cecidissent.
1415 2999 1705 3068 Quomodo
1722 3006 1904 3056 autem
1929 3015 2058 3072 pos-

447 3097 534 3150 set
561 3088 851 3161 paradisus
871 3103 1068 3146 omnes
1081 3103 1283 3161 capere
1313 3089 1342 3144 ‘i
1389 3088 1537 3146 Sicut
1570 3104 1717 3146 nunc
1764 3087 2054 3162 generatio

454 3203 555 3259 per
576 3194 838 3279 mortem,
861 3185 919 3244 id
944 3194 1027 3242 est
1053 3185 1362 3279 moriendo,
1374 3185 1651 3279 preterit,
1681 3192 1738 3242 et
1763 3184 2054 3258 generatio
2085 3213 2137 3279 ο

441 3291 542 3348 per
571 3276 755 3344 vitam,
785 3275 843 3332 id
869 3283 956 3332 est
982 3275 1289 3344 nascendo,
1322 3275 1566 3344 advenit,
1598 3275 1675 3331 ita
1700 3282 1830 3331 tunc
1846 3290 2051 3346 paren-

443 3371 528 3422 tes
559 3365 614 3420 in
641 3363 929 3421 meliorem
949 3371 1150 3421 statum
1169 3372 1592 3422 assumerentur
1617 3382 1634 3431 ;
1654 3362 1750 3419 ﬁlii
1763 3379 1898 3420 vero
1916 3379 2056 3436 prte-

441 3452 595 3510 iinito
611 3461 862 3525 tempore
886 3453 1036 3527 quod
1064 3453 1309 3510 creditur
1329 3453 1477 3510 circa
1497 3452 1721 3526 triginta
1731 3467 1910 3512 annos
1930 3460 2053 3525 post

441 3568 600 3608 esum
628 3551 762 3624 ligni
792 3551 919 3608 vitae
946 3550 1066 3607 suis
1094 3549 1329 3623 posteris
1355 3550 1640 3619 cederent,
1672 3558 1726 3606 et
1755 3551 1825 3606 ad
1867 3560 2053 3606 extre-

438 3655 592 3696 mum
607 3656 802 3697 omnes
815 3639 1028 3712 pariter
1042 3639 1258 3712 angelis
1279 3639 1333 3694 in
1353 3640 1508 3697 caelis
1526 3647 1967 3712 coaequarentur,
1995 3647 2052 3696 et

438 3729 499 3785 in
525 3729 724 3788 coelum
755 3729 866 3786 vivi
894 3729 1354 3786 transferrentur.
1394 3729 1504 3786 Sed
1535 3737 1800 3801 peccante
1831 3728 2051 3786 homine

436 3818 690 3893 ingressa
716 3826 801 3875 est
829 3833 981 3876 mors
1011 3818 1066 3873 in
1096 3818 1383 3885 mundum,
1434 3818 1601 3890 periit
1647 3817 2046 3887 immortalitas,

439 3918 599 3991 periit
627 3933 892 3975 ascensus
917 3917 975 3973 in
1005 3917 1226 3975 coelum.
1259 3915 1368 3973 Sed
1399 3917 1534 3973 deus
1563 3932 1793 3973 summae
1821 3915 2050 3973 miseri-

437 4006 640 4064 cordiae
660 4006 962 4075 hominem,
995 4006 1160 4063 homo
1180 4006 1374 4074 laetus,
1390 4006 1620 4063 redemit
1648 4023 1662 4070 ;
1687 4022 1787 4078 per
1815 4014 2048 4062 mortem

440 4119 596 4162 suam
629 4112 862 4162 mortem
892 4111 1140 4162 nostram
1197 4103 1484 4172 destruxit,
1535 4119 1637 4176 per
1681 4103 2049 4160 resurrectio-

441 4210 571 4251 nem
599 4192 1061 4251 immortalitatem
1104 4193 1468 4267 recuperavit,
1517 4209 1620 4266 per
1667 4192 2048 4250 ascensionem

441 4291 646 4352 aditum
673 4290 835 4349 nobis
862 4290 919 4349 in
975 4291 1178 4351 ccelum
1235 4291 1383 4365 fecit,
1441 4299 1496 4350 et
1547 4291 1666 4365 ipse
1722 4290 2046 4351 Dominicus

2193 597 2371 653 mines
2399 595 2686 655 inferiores
2715 598 3036 658 inferiorum
3065 603 3318 660 ordinum
3340 605 3552 663 ruinam
3574 617 3784 664 restau-

2191 695 2487 743 raverunt.
2526 688 2712 761 itaque
2758 689 3007 748 Christus
3052 694 3351 751 secundum
3399 696 3780 754 humanitatem

2192 776 2354 834 etiam
2385 793 2554 848 super
2579 793 2773 836 omnes
2801 788 3090 840 creaturas
3115 791 3222 839 est.
3254 785 3408 842 Unde
3438 785 3512 842 ait
3553 788 3783 844 Psalmi-

2191 882 2325 930 sta:
2365 897 2388 923 α
2425 874 2626 932 Omnia
2673 877 2954 948 subjecisti
3000 881 3102 936 sub
3149 881 3379 953 pedibus
3424 882 3548 956 ejus
3593 887 3775 954 (Paul.

2190 965 2339 1035 vm).
2384 983 2409 1016 ι
2443 966 2551 1021 Sed
2581 967 2730 1022 Deus
2760 969 2936 1038 major
2965 977 3047 1026 est
3078 977 3132 1027 et
3160 973 3408 1043 superior
3435 989 3504 1029 eo
3541 974 3779 1041 homine,

2190 1053 2351 1110 Pater
2377 1069 2513 1111 vero
2543 1064 2595 1112 et
2624 1055 2792 1112 Filius
2820 1065 2875 1113 et
2917 1057 3152 1131 Spiritus
3199 1069 3438 1131 sanctus,
3480 1065 3781 1120 secundum

2189 1151 2526 1211 divinitatem
2558 1158 2670 1214 est.
2705 1156 2864 1214 Unde
2894 1158 3194 1229 Apostolus
3237 1160 3311 1216 ait
3340 1178 3356 1216 :
3416 1183 3442 1211 ε
3472 1162 3624 1220 Tunc
3663 1163 3780 1235 ipse

2185 1241 2359 1298 Filius
2387 1243 2663 1314 subjectus
2711 1244 2815 1301 erit
2864 1246 2948 1302 illi
3003 1247 3096 1320 qui
3151 1249 3384 1320 subjecit
3435 1251 3541 1306 sibi
3597 1253 3781 1308 omnia

2185 1330 2238 1401 (1
2255 1331 2384 1388 Cor.
2419 1331 2540 1405 xv).
2578 1357 2601 1384 ο
2638 1335 2932 1392 Hominum
2961 1344 3142 1394 autem
3171 1338 3402 1396 aliorum
3429 1339 3519 1397 alii
3539 1340 3659 1397 aliis
3677 1356 3778 1412 pro

2182 1427 2391 1484 meritis
2421 1430 2734 1502 superiores
2763 1442 2927 1490 erunt
2954 1448 3079 1492 cum
3120 1435 3240 1491 aliis
3285 1436 3472 1508 positi.
3523 1438 3680 1494 Unde
3722 1437 3779 1494 in

2182 1517 2489 1591 Evangelia
2519 1535 2533 1576 :
2573 1541 2597 1569 α
2621 1522 2682 1576 In
2712 1521 2879 1578 domo
2911 1524 3085 1579 Patris
3111 1525 3219 1580 mei
3247 1526 3561 1582 mansiones
3600 1527 3780 1584 multae

2183 1613 2310 1660 sunt
2342 1607 2531 1672 (Joan.
2564 1613 2698 1680 xtv).
2730 1635 2751 1660 η
2791 1611 3044 1668 Etalibi:
3079 1635 3100 1661 α
3128 1615 3195 1670 Ει
3215 1621 3580 1672 eruutomnes
3600 1633 3776 1687 aequa-

2181 1700 2264 1758 les
2293 1705 2508 1776 angelis
2539 1707 2696 1775 (Luc.
2722 1709 2841 1777 xx).
2867 1729 2889 1756 ιι
2922 1707 2979 1763 Si
3009 1709 3256 1781 quaeritis
3280 1719 3409 1782 quot
3437 1710 3573 1765 salvi
3591 1720 3770 1776 erunt,

2183 1786 2270 1843 vel
2300 1797 2433 1860 quot
2458 1790 2656 1846 animae
2685 1791 2756 1846 ad
2785 1792 2990 1848 ccelum
3019 1794 3349 1864 perveniant,
3383 1795 3564 1851 audite
3595 1799 3767 1868 Augu-

2185 1877 2393 1934 stinum
2422 1895 2437 1933 :
2474 1899 2497 1930 a
2534 1877 2681 1950 Quot
2707 1881 2895 1953 angeli
2925 1880 3001 1937 ibi
3034 1892 3437 1948 remanserunt,
3469 1892 3616 1940 tanta
3644 1885 3771 1941 illuc

2173 1992 2470 2036 ascensura
2512 1977 2755 2034 creditur
2782 1979 3083 2036 multitudo
3130 1980 3427 2046 hominum,
3468 1989 3521 2037 et
3563 1980 3768 2052 singuli

2171 2066 2409 2139 singulis
2435 2067 2726 2125 ordinibus
2750 2068 3071 2141 angelorum
3115 2070 3546 2138 associabuntur,
3599 2078 3764 2142 prout

2171 2154 2228 2213 in
2257 2155 2467 2212 meritis
2504 2171 2540 2212 a
2584 2157 2700 2213 Deo
2746 2156 3152 2226 discernuntur,
3201 2157 3342 2215 sicut
3382 2159 3638 2230 scriptum
3683 2167 3765 2216 est

2171 2266 2229 2322 in
2257 2258 2518 2330 propheta
2552 2276 2564 2312 :
2592 2258 2809 2314 Statuit
2844 2260 3114 2316 terminos
3151 2259 3408 2331 gentium
3457 2260 3765 2317 secundum

2170 2367 2480 2409 numerum
2500 2350 2754 2420 ﬁliorum
2783 2348 2893 2404 Dei
2905 2349 3095 2417 (Deut.
3127 2350 3286 2420 χχιι).
3325 2350 3455 2406 Haec
3497 2357 3580 2406 est
3627 2366 3762 2423 ergo

2170 2441 2268 2498 illa
2294 2441 2434 2510 dies,
2469 2439 2662 2495 fratres
2691 2437 3021 2506 charissimi,
3050 2437 3104 2493 in
3127 2454 3230 2510 qua
3265 2439 3419 2496 ruina
3440 2439 3761 2512 angelorum

2172 2546 2477 2596 restaurata
2524 2544 2628 2603 est,
2674 2535 2731 2590 in
2780 2549 2890 2608 qua
2933 2536 3259 2608 angelorum
3283 2537 3472 2592 militia
3492 2539 3761 2595 consortio

2165 2637 2446 2694 hominum
2482 2634 2668 2690 laetata
2696 2640 2799 2689 est.
2831 2633 2961 2690 Haec
2987 2641 3071 2690 est
3098 2634 3188 2689 illa
3218 2633 3482 2690 festivitas
3501 2651 3620 2708 quae
3641 2635 3757 2692 fons

2165 2725 2411 2784 omnium
2440 2722 2802 2781 festivitatum
2831 2730 2916 2778 est
2941 2722 3193 2791 aliarum,
3243 2724 3361 2780 sine
3405 2740 3512 2795 qua
3559 2725 3756 2781 utilitas

2165 2821 2408 2879 omnium
2429 2819 2654 2892 periret.
2689 2819 2808 2876 Nisi
2827 2819 2974 2875 enim
2994 2828 3140 2877 esset
3169 2836 3428 2877 ascensus
3458 2821 3512 2876 in
3540 2822 3754 2890 malum,

2163 2925 2328 2969 cassa
2385 2915 2532 2966 esset
2577 2908 2859 2977 nativitas,
2906 2907 3247 2966 infructuosa
3293 2909 3496 2981 passio,
3551 2911 3754 2966 inutilis

2163 2997 2516 3056 resurrectio.
2547 2998 2678 3054 Haec
2704 3005 2787 3054 est
2815 3003 2959 3053 tanta
2989 2997 3132 3069 quod
3165 2998 3217 3053 in
3238 3006 3481 3072 tempore
3509 2997 3755 3056 Silvestri

2161 3111 2318 3170 papas
2346 3096 2405 3152 in
2437 3096 2651 3153 honore
2676 3094 3036 3164 ascensionis,
3059 3095 3246 3169 quinta
3265 3095 3421 3164 feria,
3449 3112 3548 3169 per
3565 3096 3754 3170 singu-

2163 3186 2248 3243 las
2276 3185 2650 3243 hebdomadas
2678 3185 2753 3241 ita
2780 3184 3014 3241 celebris
3063 3185 3384 3253 habebatur,
3431 3186 3568 3242 sicut
3612 3200 3754 3242 nunc

2165 3275 2453 3333 Dominica
2470 3274 2592 3331 dies
2606 3274 2662 3330 in
2684 3273 3000 3331 memoriam
3039 3274 3467 3332 resurrectionis.
3516 3275 3756 3348 Congrao

2159 3365 2400 3422 tulemur
2423 3364 2662 3435 angelis,
2693 3363 2785 3434 qui
2814 3364 3084 3420 hodierna
3111 3364 3201 3420 die
3228 3379 3348 3421 cum
3373 3379 3574 3438 magno
3614 3382 3752 3438 gau-

2158 3453 2252 3511 dio
2279 3461 2608 3511 occurentes
2639 3452 2818 3525 regali
2874 3453 3009 3510 Filio
3067 3453 3338 3510 ascenditi
3385 3454 3456 3510 ad
3509 3456 3744 3511 Patrem.

2159 3553 2428 3610 Dixerunt
2453 3553 2599 3610 enim
2633 3569 2650 3607 :
2683 3575 2707 3602 α
2735 3551 2872 3622 Quis
2893 3560 2974 3608 est
3006 3552 3108 3609 iste
3134 3554 3248 3610 Rex
3267 3553 3460 3627 gloria:
3477 3554 3508 3608 ?
3529 3577 3552 3606 ι
3577 3555 3750 3625 (Prol.

2158 3644 2355 3714 xxnt.)
2410 3640 2518 3699 Alii
2575 3641 2874 3698 Dominum
2927 3642 3249 3698 comitantes
3311 3643 3749 3714 responderunt:

2163 3755 2186 3781 ο
2219 3731 2486 3788 Dominus
2515 3730 2672 3787 fortis
2701 3739 2756 3787 et
2784 3737 3002 3803 potens,
3037 3731 3300 3789 Dominus
3320 3740 3514 3804 potens
3535 3731 3593 3788 in
3609 3750 3752 3804 prse-

2157 3829 2233 3887 lio
2259 3829 2485 3902 (ibid.);
2523 3853 2545 3878 η
2580 3837 2635 3886 et
2660 3845 2796 3886 vere
2821 3829 3036 3887 exstitit
3067 3830 3233 3887 Filius
3264 3831 3429 3903 regis.
3473 3831 3581 3889 Sed
3624 3834 3749 3906 quid

2156 3918 2302 3976 valet
2331 3918 2581 3975 liberatio
2613 3919 3020 3989 sociorum,nisi
3045 3919 3342 3976 efﬁciamur
3359 3920 3493 3978 socii
3515 3937 3698 3978 eorum
3721 3925 3753 3978 τ

2155 4008 2512 4075 Laboremus,
2544 4007 2868 4076 charissimi,
2902 4017 2958 4065 ut
2988 4009 3129 4065 sicut
3155 4024 3344 4065 sumus
3391 4010 3584 4066 eodem
3628 4024 3752 4066 san-

2153 4105 2323 4180 guine
2351 4105 2642 4178 redempti,
2671 4106 2747 4162 ita
2793 4106 2991 4164 eodem
3035 4106 3260 4178 prmmio
3302 4108 3633 4164 ascensionis
3671 4109 3750 4165 si-

2156 4212 2279 4252 mus
2336 4196 2716 4254 remunerandi
2749 4237 2764 4265 ,
2796 4204 3091 4270 prmstante
3129 4196 3250 4271 ipso
3295 4197 3532 4255 Domino
3570 4207 3750 4257 nostro

2156 4295 2284 4352 Jesu
2315 4294 2555 4352 Christo.

1053 4589 1676 4702 DOMINICA
1715 4589 2066 4750 POST
2142 4590 3028 4748 ASCENSIONEM
3051 4677 3078 4702 .

1695 4814 2090 4883 Secundum
2117 4815 2488 4884 Joannem.

519 5002 654 5069 Cum
675 5002 886 5068 venerit
903 4999 1248 5072 Paracletus,
1283 5015 1442 5079 quem
1470 5013 1578 5078 ego
1597 5000 1809 5060 mittam
1829 5002 1991 5060 vobis
2020 5018 2056 5061 a
2083 5003 2136 5067 D
2165 5003 2353 5078 plures
2379 5020 2448 5062 ex
2477 5001 2557 5062 eis
2587 5002 2752 5063 faciat
2779 5003 2834 5062 in
2879 5021 2969 5064 me
3013 5006 3266 5066 credere.
3315 5007 3472 5067 Venit
3526 5009 3752 5083 Spiritus

453 5102 631 5167 Patre,
664 5097 925 5172 Spiritum
952 5093 1202 5154 veritatis
1231 5093 1325 5168 qui
1367 5109 1399 5150 a
1455 5095 1610 5150 Patre
1647 5093 1916 5168 procedit,
1967 5093 2060 5152 ille

448 5188 816 5248 testimonium
846 5185 1160 5258 perhibebit
1187 5184 1258 5240 de
1307 5199 1397 5239 me
1438 5185 1624 5252 (Joan.
1660 5184 1783 5251 xv).
1825 5207 1848 5233 ιι
1902 5183 2061 5241 Venit

449 5280 507 5336 in
531 5280 621 5338 die
651 5279 1002 5336 Pcutccostes
1031 5274 1262 5346 Spiritus
1291 5281 1512 5331 sanctus
1539 5274 1598 5329 in
1625 5280 1844 5330 centum
1866 5273 2060 5346 viginti

447 5369 700 5428 homines
727 5372 1124 5440 congregatos,
1159 5363 1213 5419 in
1248 5364 1449 5436 quibus
1477 5371 1533 5420 et
1575 5363 1811 5435 apostoli
1863 5378 2059 5419 omnes

451 5467 633 5515 erant.
670 5457 777 5527 Qui
805 5472 932 5514 cum
961 5453 1165 5528 linguis
1193 5452 1568 5526 loquerentur,
1618 5453 1809 5526 plures
1857 5468 1924 5508 ex
1971 5451 2058 5508 his

452 5547 544 5618 qni
570 5547 800 5603 aderant
827 5553 979 5601 tanto
1007 5542 1273 5599 miraculo
1330 5541 1618 5615 stupefacti
1686 5551 1740 5598 et
1797 5541 2057 5614 loquente

454 5633 612 5693 Petro
637 5634 803 5692 corde
829 5631 1143 5706 compuncti
1185 5631 1448 5690 conversi
1489 5639 1617 5688 sunt
1655 5639 1709 5687 et
1754 5630 2058 5702 indulgen-

449 5722 579 5780 tiam
609 5730 995 5796 perceperunt.
1027 5723 1142 5778 Hoc
1170 5738 1308 5793 ergo
1327 5721 1543 5776 intuens
1564 5719 1828 5778 Dominus
1855 5719 2058 5792 loque-

449 5809 604 5869 batur
632 5821 893 5884 tanquam
925 5810 1174 5866 diceret:
1229 5810 1370 5866 Odia
1421 5826 1510 5866 me
1565 5809 1892 5877 habuerunt,
1953 5808 2053 5864 sed

447 5899 554 5956 tale
584 5901 651 5957 dc
682 5915 771 5956 me
811 5896 1125 5954 Paracletus
1176 5897 1547 5957 testimonium
1602 5896 1938 5970 perhibebit,
1997 5903 2054 5952 ut

2168 5102 2390 5151 sanctus
2419 5103 2634 5167 sponte,
2666 5103 2726 5151 ut
2752 5095 3215 5154 Deusmittiteum
3242 5099 3403 5156 Filius
3422 5115 3456 5157 a
3489 5102 3654 5170 Patre,
3684 5103 3750 5160 ad

2167 5200 2332 5254 quem
2361 5185 2552 5252 refert,
2585 5193 2637 5239 et
2665 5185 2814 5256 quod
2844 5185 2962 5256 ipse
2988 5186 3058 5241 de
3087 5187 3183 5243 illo
3211 5195 3314 5255 est,
3346 5197 3398 5245 et
3418 5191 3564 5262 quod
3590 5193 3750 5264 Spiri-

2166 5279 2254 5328 tus
2279 5271 2350 5328 ab
2377 5280 2609 5344 utroque
2638 5272 2912 5342 procedit.
2949 5273 3040 5330 Sic
3085 5274 3156 5330 de
3211 5275 3347 5332 Filio
3401 5277 3599 5334 dictum
3653 5295 3749 5351 per

2165 5361 2485 5433 prophetam
2521 5379 2536 5416 :
2572 5383 2596 5409 ε
2631 5360 2840 5417 Caelum
2871 5369 2926 5418 et
2946 5369 3152 5419 terram
3205 5379 3310 5438 ego
3365 5365 3564 5438 impleo
3619 5371 3743 5439 (Jcr.

2165 5452 2345 5522 χχιιι).
2381 5471 2405 5503 s
2441 5448 2565 5520 Quo
2593 5451 2796 5506 missus
2826 5459 2911 5507 est
2939 5453 3051 5508 nisi
3078 5453 3170 5510 ubi
3199 5463 3317 5510 erat
3345 5456 3373 5510 ?
3400 5455 3461 5511 Si
3479 5457 3546 5513 de
3575 5459 3743 5528 Patre,

2164 5539 2259 5595 ubi
2287 5539 2461 5612 potuit
2490 5555 2614 5596 esse
2640 5540 2762 5596 sine
2803 5541 3075 5613 sapientia
3108 5558 3228 5611 sua,
3277 5566 3299 5592 ε
3334 5560 3439 5617 qua
3478 5547 3688 5620 attingit
3714 5564 3749 5604 a

2165 5628 2272 5685 ﬁne
2303 5646 2477 5703 usque
2505 5629 2574 5684 ad
2603 5628 2768 5685 ﬁnem
2797 5629 2826 5684 ‘2
2859 5653 2881 5678 η
2917 5631 3070 5703 (Sap.
3102 5635 3242 5700 vni.)
3273 5633 3381 5690 Sed
3418 5651 3593 5707 neque
3634 5639 3744 5694 sine

2164 5718 2366 5789 Spiritu
2397 5733 2496 5775 suo
2525 5735 2758 5791 usquam
2788 5735 2912 5775 esse
2966 5719 3158 5792 potuit.
3216 5722 3362 5795 Ergo
3414 5732 3468 5780 et
3521 5726 3744 5797 Spiritus

2163 5816 2386 5865 sanctus
2415 5807 2616 5864 missus
2645 5816 2729 5864 est
2758 5807 2850 5863 ubi
2874 5819 3014 5866 erat.
3047 5811 3200 5867 Unde
3230 5812 3518 5869 Psalmista
3543 5831 3555 5869 :
3584 5840 3605 5864 α
3629 5816 3743 5886 Quo

2162 5897 2253 5954 ibo
2284 5911 2317 5955 a
2346 5896 2541 5981 spiritu
2561 5904 2681 5981 tuo,
2713 5905 2765 5954 et
2798 5913 2905 5972 quo
2934 5915 2964 5956 a
2993 5898 3134 5959 facie
3163 5899 3465 5976 tual'u'giam
3484 5904 3512 5958 ?
3531 5906 3737 5977 »(P:al.
