3956 6442
335 350 434 404 211

1255 346 1314 400 ν.
1354 345 1686 401 GUIBERTI
1722 345 2013 402 ABBATIS
2049 347 2105 401 S.
2145 345 2381 402 MARLE
2418 344 2507 402 DE
2542 345 2934 403 NOVIGENTO

3747 343 3865 395 212

342 483 574 556 penitus
612 481 898 538 exstincta
951 485 1206 550 putetur.
1257 479 1399 535 Cum
1431 494 1568 550 ergo
1593 480 1824 536 vacanti
1852 479 2024 537 coele-
2061 482 2105 536 Δ
2137 481 2367 536 tandem
2418 481 2683 538 redeunti
2747 495 2903 552 spem
2959 487 3270 552 provectus
3339 479 3659 550 Spiritualis
3731 477 3856 533 im-

342 573 528 629 stibus
568 579 797 627 terrena
845 569 1113 625 voluntas
1158 583 1216 624 se
1247 568 1435 623 subito
1475 576 1865 638 repraesentat,
1899 584 2030 640 pro-

339 660 483 716 fecto
512 673 578 715 ac
604 659 652 714 si
683 659 755 714 de
778 657 1066 728 incognito
1097 657 1230 727 quis
1257 657 1330 712 sit
1360 657 1688 728 intermgat.
1726 659 1848 726 Ego
1890 674 2028 726 sum,

343 748 552 821 inquit,
609 747 702 803 ille
747 755 884 803 tuus
913 746 1162 802 carnalis
1192 745 1449 812 aiTectus,
1486 746 1578 801 cui
1628 747 2026 818 primogenito,

338 833 396 890 id
424 842 506 890 est
549 833 822 901 naturali,
875 846 943 888 ac
990 832 1347 904 originaliter
1392 833 1494 888 tibi
1549 833 1802 904 ingenito
1850 835 2032 904 potis-

339 924 576 990 simum,
611 921 922 978 inhazrrere
965 921 1266 976 debueras.
1301 921 1493 991 (Vens.
1529 924 1644 991 33.)
1684 923 2032 993 Expavescit

337 1011 571 1066 animus
598 1015 817 1079 stupore
855 1011 1169 1075 vehementi,
1215 1009 1314 1079 qui
1358 1009 1532 1080 paulo
1563 1018 1695 1065 ante
1735 1025 2030 1080 superem-

337 1099 494 1155 lestis
516 1097 625 1154 sibi
653 1098 977 1166 videbatur,
1014 1111 1172 1152 nunc
1206 1097 1401 1168 aliqua
1431 1098 1526 1153 vili
1577 1107 1764 1154 motus
1793 1099 2032 1155 materia

339 1187 652 1257 plusquam
693 1193 921 1242 terrena
959 1185 1290 1251 meditatur,
1345 1192 1400 1241 et
1453 1185 1555 1256 qui
1613 1187 1770 1241 cibos
1809 1187 2030 1256 pridem

338 1281 591 1342 coxerat,
621 1273 742 1346 jam
793 1274 852 1330 in
884 1273 1078 1330 carnis
1129 1273 1404 1330 duritiam
1466 1275 1867 1332 recrudescere
1913 1291 2030 1332 non

336 1371 590 1419 veretur.
644 1362 783 1430 Quis
816 1363 888 1418 sit
933 1363 1148 1432 itaque,
1186 1362 1318 1433 quis
1348 1362 1540 1428 fuerit,
1577 1364 1887 1434 utrobique
1930 1365 2031 1420 mi-

338 1459 520 1508 ratur.
555 1452 905 1508 Ascenderat
937 1465 1122 1521 usque
1147 1451 1219 1506 ad
1250 1451 1438 1518 celos,
1485 1451 1581 1506 sed
1620 1467 1778 1508 nunc
1797 1453 2027 1509 descen-

335 1537 637 1610 ditﬁusque
684 1539 756 1594 ab
780 1539 1034 1608 abyssos.
1069 1539 1200 1604 Quis
1254 1541 1427 1606 igitur
1457 1540 1548 1593 ille
1568 1545 1665 1605 est,
1699 1543 1795 1608 qui
1823 1540 2031 1594 dudum

336 1633 555 1697 captam
593 1630 930 1682 venationem
979 1628 1168 1682 attulit
1195 1628 1376 1680 mihi?
1405 1627 1489 1682 Ac
1525 1628 1570 1683 si
1602 1628 1811 1684 diceret
1844 1643 1856 1684 :
1884 1629 1939 1685 Si
1964 1636 2030 1685 tu

336 1715 648 1784 carnalem,
682 1723 746 1771 ut
803 1729 984 1782 veres,
1043 1722 1159 1770 tam
1189 1723 1385 1784 aperte
1436 1715 1678 1786 teipsum
1740 1717 1880 1772 mihi
1936 1717 2031 1772 in-

337 1804 509 1876 geris,
544 1803 676 1874 quis
706 1811 805 1860 aut
862 1803 1016 1860 unde
1061 1803 1188 1870 fuit,
1243 1804 1344 1874 qui
1395 1819 1580 1875 nuper
1618 1805 1759 1860 mihi
1805 1806 2025 1874 incidit,

338 1892 432 1949 ille
463 1891 779 1962 spiritualis
807 1890 1064 1958 allectus,
1111 1891 1214 1962 qui
1244 1892 1484 1959 carnali,
1516 1900 1582 1950 ut
1618 1895 1914 1962 putabam,
1955 1895 2027 1950 ad

340 1994 552 2050 purum
584 1980 892 2050 cupiditate
933 1988 1187 2049 excocta,
1229 1981 1389 2037 omni
1423 1996 1564 2052 pene
1608 1996 1699 2038 me
1751 1983 2029 2040 desiderio

338 2069 551 2125 ccclesti
591 2068 823 2125 refecit?
869 2069 1155 2139 Huncque
1213 2083 1315 2138 pro
1357 2069 1446 2125 sui
1488 2070 1786 2140 dignitate,
1829 2078 1884 2126 et
1913 2071 2026 2127 uti-

338 2156 518 2224 litate,
569 2165 624 2213 et
653 2171 827 2227 penes
857 2172 948 2213 me
1001 2156 1504 2228 multiplicandum
1548 2159 1712 2226 duxi,
1735 2166 1791 2215 et
1824 2174 2028 2230 perpe-

339 2245 474 2313 tuis,
511 2245 558 2301 si
615 2253 830 2315 potero,
878 2245 1116 2316 insuper
1164 2246 1450 2315 ampliabo
1498 2249 1822 2316 crementis,
1873 2249 2029 2319 quod

337 2341 423 2390 est
457 2349 470 2388 :
501 2333 878 2403 Benedixique
906 2337 956 2388 ei
987 2339 1038 2388 et
1065 2336 1168 2388 erit
1206 2334 1531 2388 benedictus.

407 2422 577 2479 Vnus.
615 2422 701 2476 34.
739 2451 800 2462 —
841 2421 1065 2476 Auditis
1112 2422 1271 2476 Esau
1325 2422 1659 2478 sermonibus
1693 2424 1894 2492 patris,
1941 2425 2028 2477 ir-

335 2512 511 2578 rugiit
555 2511 788 2564 clamore
858 2526 1078 2578 magno.
1159 2516 1209 2564 et
1270 2516 1640 2566 consternatus
1691 2513 1812 2567 ait:
1881 2511 2026 2568 Cum

337 2598 518 2666 audit,
552 2597 608 2653 id
646 2605 728 2654 est
759 2597 1024 2668 intelligit
1065 2597 1333 2653 animalis
1389 2599 1678 2665 voluntas,
1727 2607 1781 2656 et
1814 2599 2030 2656 monita

336 2685 834 2756 constantiamque
891 2686 1146 2754 rationis,
1203 2686 1424 2742 bestiali
1481 2695 1642 2744 motu
1696 2687 1846 2745 intra
1888 2703 2026 2744 con-

337 2774 636 2830 scientiam
688 2774 959 2845 desaevit;
1012 2775 1208 2846 rugire
1270 2775 1424 2831 enim
1481 2776 1734 2832 ferarum
1787 2785 1893 2844 est,
1974 2785 2030 2834 et

335 2870 532 2919 tamen
561 2863 783 2918 fortiter
806 2862 984 2918 animi
1013 2877 1070 2918 se
1104 2863 1348 2920 habente
1373 2865 1676 2933 sententia,
1725 2865 1886 2921 furor
1935 2865 2029 2921 ille

336 2952 491 3008 intra
519 2953 772 3023 seipsum
799 2966 864 3007 ac
886 2952 930 3008 si
971 2952 1206 3008 ﬂamma
1243 2954 1624 3020 consumitur,
1654 2963 1709 3011 et
1763 2955 2024 3026 quiescit.

338 3040 482 3096 Hinc
521 3048 604 3096 est
655 3040 810 3111 quod
842 3040 1211 3109 daemonium,
1254 3054 1289 3096 a
1338 3042 1577 3098 Domino
1615 3044 2014 3111 eminandum,
2065 3078 2108 3135 ο

337 3143 479 3200 pene
505 3143 750 3198 puerum
797 3129 1069 3184 interimit
1095 3129 1360 3186 exeundo
1412 3131 1562 3201 (Luc.
1597 3146 1678 3200 ix,
1706 3133 1816 3202 42).
1850 3133 2028 3190 Versa

338 3217 533 3288 itaque
578 3217 700 3289 jam
757 3218 1084 3274 animalitas
1133 3219 1192 3274 in
1261 3219 1614 3291 religionem,
1671 3229 1726 3278 et
1796 3223 2026 3294 spiritui

336 3305 582 3374 addicta,
644 3306 899 3362 benedici
957 3309 1130 3363 etiam
1184 3322 1263 3373 se,
1319 3309 1474 3378 quod
1533 3317 1619 3365 est
1676 3310 1890 3366 divinis
1916 3325 2026 3367 ex-

337 3407 585 3450 crescere
615 3395 829 3450 muniis
883 3401 1057 3464 optat,
1115 3401 1171 3450 et
1229 3395 1496 3464 postulat.
1555 3396 1748 3467 (Vens.
1783 3397 1871 3466 35,
1915 3400 2025 3469 36.)

342 3482 520 3549 Venit,
576 3483 783 3553 inquit,
853 3485 1032 3550 Isaac,
1098 3498 1386 3550 germanus
1437 3489 1561 3538 tuus
1625 3486 2023 3556 fraudulenter,

336 3575 388 3624 et
433 3574 638 3640 accepit
675 3570 1087 3624 benedictionem
1140 3574 1308 3624 tuam.
1348 3571 1757 3643 Subjunmitque
1827 3575 2023 3630 Esau:

334 3659 492 3714 Juste
539 3662 784 3712 vocatum
849 3662 928 3711 est
973 3673 1164 3712 nomen
1223 3655 1340 3727 ejus
1394 3659 1586 3726 Jacob;
1629 3660 2027 3732 'supplantavit

337 3747 478 3800 enim
503 3761 587 3799 me
623 3747 682 3800 in
720 3747 894 3800 altera
929 3747 1062 3799 vice.
1095 3745 1390 3801 Germanus
1437 3748 1818 3812 fraudulenter
1857 3753 2024 3817 venit,

337 3847 470 3888 cum
514 3841 766 3903 tempore
813 3833 1202 3889 conversionis
1268 3835 1362 3904 pia
1403 3835 1669 3892 voluntas
1714 3836 2028 3895 affectionis

337 3921 567 3977 ﬂuxum
615 3921 798 3977 multa
855 3921 1360 3978 ratiocinationum
1415 3925 1886 3993 tergiversatione
1914 3926 2024 3982 cir-

335 4009 650 4065 cumvenit.
710 4009 1134 4064 Benedictionem
1177 4009 1304 4080 ejus
1351 4011 1578 4080 accipit,
1623 4027 1756 4068 cum
1805 4014 2024 4071 deside-

335 4096 489 4153 rium
529 4097 740 4153 terreni
784 4097 1074 4167 profectus
1123 4097 1183 4152 in
1231 4097 1474 4154 cmlestis
1531 4101 1814 4158 commodi
1863 4102 2026 4160 lucra

333 4187 636 4242 convertit.
689 4185 1150 4242 Benedictionem
1215 4199 1316 4254 pro
1365 4186 1835 4256 multiplicatione
1889 4193 2024 4261 poni

333 4287 483 4343 saepe
511 4272 785 4328 diximus.
845 4275 1012 4337 Iuste,
1047 4273 1145 4341 ait,
1195 4273 1598 4344 supplantator
1647 4276 1878 4346 dicitur,
1921 4279 2024 4348 qui

2215 569 2376 625 ndas.

2215 583 2376 625 naas.

2143 583 2395 714 peVEltS.
2463 661 2550 713 37.
2613 689 2671 699 —
2733 660 3034 725 Dominum,
3097 657 3179 713 ait
3241 657 3423 722 Isaac,
3486 661 3639 710 tuum
3677 656 3858 709 illum

2141 749 2416 810 constitui,
2443 754 2505 803 ut
2536 747 2746 802 scilicet
2790 747 3042 802 tlnminio
3072 746 3180 816 piae
3224 745 3546 802 voluntatis
3575 744 3857 809 obedias,

2139 843 2194 890 et
2223 850 2418 892 omnes
2465 836 2641 892 animi
2691 845 2898 903 motus,
2945 835 3045 905 qui
3079 836 3152 892 ab
3182 835 3405 891 unitate
3442 835 3570 906 ejus
3612 833 3862 889 dissen-

2139 923 2309 991 tiunt,
2342 925 2444 996 qui
2490 925 2696 981 fratres
2742 925 3041 992 dicuntur,
3088 923 3229 995 quia
3271 924 3344 979 ab
3394 923 3592 979 eadem
3641 930 3862 978 mente

2139 1013 2546 1082 quoquomodo
2594 1020 2964 1083 generantur,
3008 1013 3056 1068 ei
3087 1012 3292 1083 subjici
3343 1011 3548 1068 debere
3579 1008 3858 1067 decrevi.

2137 1103 2423 1156 Frumento
2481 1101 2642 1157 verbi
2704 1102 2823 1167 Dei,
2913 1106 2964 1156 et
3037 1101 3235 1172 gratiae
3294 1099 3640 1171 septiformis
3714 1101 3861 1152 vino

2138 1191 2384 1245 stabiliri
2432 1206 2598 1258 eum;
2654 1193 2724 1246 Et
2768 1191 2870 1244 tibi
2922 1192 3092 1254 ultra,
3150 1192 3235 1259 fili
3276 1193 3373 1257 mi,
3407 1189 3545 1260 quid
3581 1189 3862 1255 faciam?

2138 1277 2298 1344 Quod
2327 1285 2508 1334 totum
2534 1287 2618 1336 est
2650 1294 2663 1334 :
2712 1278 2766 1335 Si
2809 1279 2965 1350 justo
2995 1278 3272 1350 appetitui
3305 1278 3518 1334 divinis
3553 1277 3860 1334 honorato

2137 1367 2480 1423 muneribus
2530 1369 2925 1438 obtemperare
2965 1368 3202 1438 refugis,
3244 1380 3422 1439 quam
3456 1366 3558 1422 tibi
3618 1364 3861 1436 specia-

2137 1454 2265 1511 liter
2294 1455 2496 1511 afl‘erre
2526 1463 2718 1526 potero
2754 1455 3140 1512 medicinam?
3177 1456 3369 1523 (Vens.
3402 1457 3517 1526 38.)
3547 1455 3637 1510 An
3663 1469 3859 1508 unam

2139 1548 2350 1598 tantum
2400 1545 2815 1600 benedictionem
2871 1545 3079 1599 habes?
3129 1545 3268 1598 Mihi
3307 1545 3520 1598 obsecro
3559 1546 3620 1596 ut
3673 1542 3853 1596 bene-

2137 1631 2309 1685 dicas.
2346 1632 2435 1686 An
2485 1631 2582 1699 ita,
2627 1632 2834 1702 inquit,
2893 1632 2994 1688 soli
3023 1633 3190 1714 bona;
3221 1631 3503 1689 voluntati
3555 1629 3856 1687 curandae

2137 1733 2357 1789 pronus
2403 1734 2463 1776 es
2523 1728 2588 1776 ut
2615 1721 2684 1777 de
2734 1721 2822 1776 his
2851 1736 2982 1792 quae
3027 1735 3204 1792 prave
3245 1729 3300 1778 et
3325 1720 3668 1778 humanitus
3703 1717 3856 1774 affe-

2136 1814 2276 1874 ctas,
2309 1821 2511 1862 curam
2567 1807 2715 1863 ferre
2772 1823 3019 1864 recuses.
3055 1809 3156 1866 Dic
3206 1809 3429 1880 aliquid
3479 1807 3633 1864 unde
3663 1805 3858 1877 proﬁ-

2136 1894 2301 1950 ciam.
2365 1896 2560 1965 (Vsus.
2613 1899 2699 1964 39,
2757 1897 2870 1967 40.)
2935 1899 3184 1968 Cumque
3230 1899 3442 1968 ejulatu
3493 1912 3692 1965 magno
3747 1899 3854 1964 ﬂe-

2133 1989 2238 2044 ret,
2295 1990 2470 2039 motus
2519 1987 2674 2040 Isaac
2717 1986 2914 2040 dixit:
2963 1989 3032 2040 In
3083 1987 3413 2056 pinguedine
3465 1991 3641 2054 terrae,
3695 1989 3754 2039 et
3787 1987 3855 2038 in

2133 2088 2254 2126 rore
2304 2075 2420 2126 caeli
2475 2073 2704 2143 desuper
2750 2077 2854 2130 erit
2906 2076 3200 2130 benedictio
3239 2081 3355 2131 tua.
3410 2077 3569 2130 Vives
3621 2073 3849 2142 gladio,

2135 2165 2186 2214 et
2213 2164 2387 2228 fratri
2423 2168 2512 2216 tuo
2541 2166 2738 2217 servies
2768 2181 2785 2216 :
2831 2169 3145 2234 tempusque
3200 2167 3396 2229 veniet,
3439 2180 3560 2218 cum
3585 2165 3853 2217 excutias

2135 2254 2186 2303 et
2231 2251 2408 2305 solvas
2432 2251 2630 2320 jugum
2659 2253 2775 2320 ejus
2807 2252 2873 2306 de
2922 2253 3216 2308 cervicibus
3248 2255 3378 2307 tuis.
3411 2253 3536 2308 Non
3587 2251 3713 2323 jam
3771 2251 3852 2306 fe-

2137 2337 2337 2394 raliter
2391 2340 2548 2410 rugit
2600 2341 2776 2407 Esau,
2833 2341 2930 2396 sed
2989 2341 3244 2396 humane
3281 2341 3480 2411 ejulat,
3511 2347 3566 2396 et
3601 2354 3675 2396 ex
3729 2341 3851 2409 piae

2135 2427 2452 2482 voluntatis
2505 2427 2780 2484 instinctu
2828 2443 2950 2484 suae
2999 2429 3242 2485 vanitati
3325 2430 3643 2500 ingemens,
3729 2428 3849 2499 ipsi

2135 2516 2305 2572 etiam
2355 2517 2580 2586 spiritui
2613 2525 2831 2574 motum
2871 2517 3117 2588 pietatis,
3153 2526 3208 2574 et
3239 2517 3556 2573 devotionis
3604 2517 3845 2573 incutit.

2140 2607 2200 2659 In
2235 2605 2587 2674 pinguedine,
2639 2606 2740 2668 ait,
2773 2610 2928 2660 terra
2968 2605 3222 2661 benedici
3271 2605 3502 2676 poteris,
3555 2602 3610 2659 id
3655 2611 3750 2658 est
3797 2601 3846 2657 si

2135 2699 2348 2748 terram
2405 2701 2477 2751 te.
2540 2700 2894 2762 peccatorem
2972 2693 3186 2750 scilicet
3240 2693 3547 2757 conﬁteris,
3632 2691 3848 2762 sopitis

2135 2793 2387 2850 nequam
2420 2779 2720 2836 ail'ectibus
2763 2795 2886 2834 rore
2927 2780 3044 2834 σαξιί
3073 2779 3401 2850 pinguesce,
3435 2779 3491 2834 id
3521 2785 3607 2834 est
3644 2777 3850 2849 gratia

2135 2871 2191 2923 et
2242 2867 2528 2923 inlusione
2559 2867 3084 2936 intellectualitatis,
3119 2882 3250 2938 quae
3280 2867 3382 2923 tibi
3430 2881 3497 2922 ac
3540 2866 3587 2922 si
3621 2865 3847 2922 omium

2137 2955 2494 3026 prznminere,
2529 2955 2745 3023 lumen,
2779 2970 2846 3010 ac
2890 2956 3118 3026 pluvias
3147 2956 3624 3012 documentorum
3675 2969 3848 3025 pree-

2137 3044 2269 3100 dere
2301 3044 2486 3111 debet,
2520 3043 2591 3099 ad
2647 3043 2782 3099 boni
2810 3044 2997 3113 operis
3035 3044 3261 3115 frugem
3293 3044 3619 3100 fecundare.
3676 3046 3846 3099 Vives

2133 3133 2340 3200 gladio,
2382 3133 2558 3188 vitam
2589 3131 2792 3202 utique
2823 3132 2960 3188 boni
3003 3147 3071 3188 ac
3120 3133 3256 3188 mali
3292 3132 3629 3188 discretione
3687 3146 3846 3188 con-

2136 3221 2331 3292 quires
2381 3223 2555 3288 fratri
2583 3226 2694 3288 tuo,
2739 3221 2832 3291 pio
2861 3221 3076 3278 scilicet
3117 3220 3368 3289 atl‘ectui,
3401 3220 3504 3292 qui
3541 3235 3615 3276 ex
3649 3228 3845 3277 matre

2136 3317 2322 3366 tecum
2348 3309 2568 3366 ratione
2591 3310 2860 3379 procedit,
2897 3309 3192 3377 inservies,
3235 3310 3308 3365 ad
3343 3317 3572 3379 tempus
3610 3315 3840 3375 tamen,

2135 3411 2269 3453 nam
2328 3406 2630 3468 postquam
2678 3397 2749 3454 ad
2801 3398 3116 3468 perfectum
3183 3398 3429 3454 calorem
3507 3397 3844 3454 dilectionis

2135 3485 2347 3542 divinat
2398 3487 2748 3556 perveneris,
2800 3501 2916 3541 non
2963 3487 3083 3557 jam
3139 3486 3304 3542 bona;
3360 3486 3668 3554 voluntati,
3733 3495 3844 3543 aut

2138 3575 2240 3644 ipsi
2272 3574 2444 3630 etiam
2493 3574 2700 3630 rationi
2747 3573 3090 3644 subjicieris,
3123 3574 3216 3629 sed
3259 3574 3317 3628 in
3369 3575 3634 3644 idipsum,
3672 3575 3843 3646 quod

2136 3662 2288 3719 bona
2317 3663 2585 3718 voluntas
2617 3670 2720 3730 est,
2753 3669 2855 3718 aut
2883 3662 3031 3718 ratio
3067 3663 3440 3730 converteris,
3471 3662 3620 3719 idem
3671 3664 3841 3736 quod

2135 3751 2234 3806 illa
2260 3751 2487 3819 senties,
2506 3749 2773 3821 idemque
2801 3751 2934 3806 eris.

2204 3839 2384 3895 Vens.
2427 3841 2514 3894 41.
2557 3869 2626 3880 -
2652 3840 2855 3894 Oderat
2883 3855 3007 3906 ergo
3042 3853 3250 3908 semper
3282 3840 3441 3892 Esau
3483 3841 3670 3907 Iacob,
3727 3857 3839 3912 pro

2135 3927 2494 3982 benedictione
2534 3943 2645 3996 qua
2689 3928 3040 3982 benedimerat
3103 3929 3154 3980 ei
3187 3932 3365 3996 pater.
3431 3927 3704 3998 Dixitque
3775 3934 3840 3985 in

2133 4017 2290 4072 corde
2313 4032 2407 4072 suo
2437 4037 2454 4071 :
2489 4019 2710 4071 Venient
2750 4017 2866 4071 dies
2897 4019 3071 4072 luctus
3108 4019 3287 4086 patris
3331 4019 3452 4085 mei,
3485 4024 3546 4072 ut
3582 4021 3838 4075 occidam

2131 4105 2292 4160 Jacob
2330 4107 2561 4170 fratrem
2587 4121 2777 4159 meum.
2811 4105 2931 4160 Etsi
2962 4105 3033 4160 ad
3063 4105 3261 4160 horam
3298 4119 3514 4176 pravus
3543 4107 3634 4177 pio
3683 4123 3835 4164 con-

2133 4199 2487 4261 temperatur
2516 4191 2766 4258 effectui,
2821 4193 2865 4248 si
2899 4201 3079 4263 potest
3107 4201 3298 4250 tamen
3333 4194 3512 4251 inesse
3543 4196 3836 4253 diuturna

2132 4280 2478 4351 concordia;
2505 4295 2629 4334 caro
2664 4283 2805 4336 enim
2840 4289 2874 4338 l
2895 4289 2924 4336 l
2946 4288 2976 4336 Ι
3016 4285 3345 4352 concupiscit
3395 4283 3655 4338 adversus
3708 4288 3832 4354 spi-

332 4375 423 4416 me
451 4368 506 4416 et
537 4360 595 4415 in
635 4360 916 4430 principio
957 4363 1348 4419 conversionis
1378 4364 1600 4432 evertit,
1633 4372 1688 4421 et
1736 4373 1861 4436 post
1890 4373 2018 4423 ten-
2056 4376 2101 4430 D
2130 4372 2299 4424 ritum
2325 4367 2478 4438 (Gal.
2539 4383 2596 4436 v,
2633 4370 2738 4435 t7).
2795 4371 2860 4426 In
2904 4379 3190 4440 quantum
3230 4386 3368 4442 ergo
3408 4371 3578 4442 patri,
3630 4371 3687 4426 id
3741 4380 3830 4428 est

331 4449 615 4505 tationum
664 4449 998 4520 insurgente
1060 4450 1329 4521 procella,
1367 4453 1613 4510 victoria
1669 4455 1844 4510 totius
1897 4469 2022 4526 per-

329 4537 618 4593 versitatis
662 4537 886 4608 deiecit.
919 4539 1044 4595 Duo
1091 4539 1245 4596 enim
1303 4549 1440 4598 sunt
1467 4543 1713 4614 gradus;
1769 4542 2016 4612 Primus,

329 4627 737 4695 conversionis,
771 4627 926 4698 quod
955 4635 1038 4684 est
1065 4629 1258 4686 exitus
1286 4643 1360 4685 ex
1399 4631 1678 4702 Egypto;
1711 4631 2018 4696 secundus,

327 4715 658 4772 evincendae
689 4716 1038 4784 tentationis,
1087 4717 1246 4788 quod
1289 4725 1426 4775 sunt
1482 4719 1648 4787 bella,
1705 4727 2019 4790 antequam

327 4803 688 4874 possideatur
727 4812 881 4862 terra
935 4805 1350 4876 promissionis.
1409 4808 1488 4863 De
1537 4807 1702 4864 tertio
1753 4822 1868 4863 non
1926 4808 2020 4866 hic

327 4891 541 4962 agitur.
575 4895 944 4962 Primogenita
967 4910 1086 4948 mea
1136 4901 1262 4950 ante
1313 4896 1459 4962 tulit,
1495 4901 1547 4950 et
1598 4911 1742 4951 nunc
1785 4898 2017 4953 secundo

324 4981 604 5049 subripuit
673 4982 1090 5037 benedictionem
1153 4997 1345 5037 meam.
1420 4981 1582 5050 Quod
1638 4992 1724 5040 est
1779 4984 2012 5042 dicere:

323 5068 431 5132 Me,
500 5067 592 5124 cui
651 5069 1044 5140 principaliter
1088 5072 1464 5141 competebat,
1522 5073 1638 5130 imo
1670 5074 2015 5131 naturaliter

321 5155 574 5212 motibus
600 5157 870 5228 'gaudere
921 5159 1193 5228 corporis,
1244 5173 1279 5214 a
1322 5174 1380 5216 se
1429 5161 1681 5232 primum
1739 5163 2009 5231 removit;

320 5243 553 5300 demum
607 5259 742 5302 cum
795 5245 852 5302 in
877 5246 986 5302 hoc
1013 5247 1223 5304 saeculo
1261 5249 1534 5319 proficere
1592 5251 2012 5323 aliquantisper

317 5331 544 5399 vellem,
586 5335 743 5404 quod
781 5335 918 5392 satis
974 5335 1194 5392 licitum
1237 5345 1401 5405 esset,
1452 5353 1611 5410 spem
1641 5341 1785 5397 mibi
1833 5342 2010 5399 totius

318 5420 606 5489 profectus
638 5423 953 5480 mundialis
982 5423 1211 5481 ademit.
1248 5425 1352 5482 Sed
1384 5427 1526 5498 quia
1565 5429 1854 5500 spirituali
1902 5443 2009 5500 ap-

317 5509 517 5578 petitui
567 5511 886 5568 secundum
957 5513 1194 5583 spiritus
1274 5515 1545 5573 virtutem
1613 5519 2004 5589 propugnanti

314 5599 601 5656 contrarie
671 5614 786 5656 non
866 5601 1046 5670 valeo,
1117 5603 1226 5672 dic,
1295 5605 1392 5674 ait,
1455 5621 1529 5663 an
1587 5607 1729 5663 mihi
1785 5607 1858 5664 ad
1909 5623 2008 5665 cor

2129 4457 2339 4512 rationi
2377 4456 2685 4513 convenire
2729 4459 3035 4529 cognoscit,
3097 4461 3252 4515 Esau
3307 4460 3480 4516 Jacob
3523 4459 3658 4516 odit.
3710 4465 3828 4518 Cor

2129 4545 2305 4610 Esau,
2357 4545 2508 4601 mala
2544 4544 2968 4603 atiectualitatis
3016 4547 3255 4606 intentio
3300 4555 3398 4604 est.
3449 4548 3520 4604 Ut
3564 4562 3704 4618 ergo
3751 4549 3825 4604 fi—

2128 4633 2268 4689 delis
2310 4633 2628 4690 intellectus
2667 4635 2846 4701 Isaac,
2904 4636 3114 4692 scilicet
3168 4637 3466 4692 materiam
3522 4636 3714 4694 luctus
3739 4637 3826 4692 in-

2125 4721 2337 4790 veniat,
2391 4737 2494 4792 per
2541 4736 2795 4778 amorem
2840 4723 3241 4793 temporalium
3274 4739 3394 4781 sese
3425 4739 3588 4795 posse
3627 4725 3826 4781 interi-

2128 4824 2281 4866 mere
2303 4825 2520 4881 pravus
2539 4809 2778 4867 affectus
2808 4812 3017 4867 bonam
3049 4811 3402 4868 voluntatem
3431 4820 3614 4882 putat.
3673 4813 3823 4870 Dicit

2126 4906 2317 4956 autem
2375 4907 2653 4956 venturos
2715 4900 2856 4964 dies,
2932 4900 3090 4956 falsae
3145 4901 3359 4958 scilicet
3423 4901 3822 4971 prosperitatis

2123 4986 2410 5044 claritates
2439 4988 2656 5059 quibus
2683 4987 2893 5044 obruat
2923 4989 3084 5044 Isaac
3131 4989 3361 5060 gaudii.
3392 4989 3657 5045 videlicet
3697 5005 3819 5046 caa-

2123 5075 2278 5132 lestis
2323 5076 2382 5132 in
2430 5077 2628 5132 anima
2662 5077 3072 5147 jucunditates.
3127 5078 3323 5148 (Vens.
3383 5077 3494 5148 42.)
3545 5080 3818 5135 Nuntiata

2121 5169 2248 5219 sunt
2313 5166 2422 5219 hac
2496 5165 2755 5220 Rebeccae.
2807 5167 2938 5231 Quae
2990 5167 3231 5232 mittens,
3282 5171 3333 5220 et
3380 5181 3576 5222 vocans
3641 5169 3815 5236 ﬁlium

2119 5269 2276 5309 suum
2316 5255 2500 5321 Iacob,
2558 5255 2709 5308 dixit
2768 5255 2842 5308 ad
2898 5269 3018 5308 eum
3050 5271 3063 5309 :
3097 5255 3240 5309 Ecce
3268 5258 3418 5310 Esau
3463 5257 3641 5322 frater
3689 5261 3812 5310 tuus

2117 5345 2362 5398 minatur
2403 5347 2463 5396 ut
2515 5343 2724 5397 occidat
2770 5347 2838 5396 te.
2892 5345 3043 5398 Nunc
3087 5359 3229 5411 ergo,
3276 5344 3364 5412 ﬁli
3412 5347 3508 5406 mi,
3559 5345 3696 5398 audi
3723 5359 3810 5398 vo-

2115 5447 2226 5486 cem
2269 5447 2460 5495 meam,
2513 5437 2564 5486 et
2609 5446 2933 5498 consurgens
2985 5433 3117 5498 fuge
3181 5432 3256 5486 ad
3314 5433 3504 5488 Laban
3575 5435 3808 5500 fratrem

2115 5536 2290 5574 meum
2318 5523 2377 5574 in
2402 5522 2610 5586 Haran,
2645 5519 3024 5588 habitabisque
3055 5535 3174 5574 eum
3199 5536 3256 5574 eo
3278 5521 3391 5576 dies
3407 5537 3626 5590 paucos,
3647 5521 3805 5576 donec

2117 5611 2358 5678 quiescat
2415 5611 2574 5674 furor
2626 5610 2826 5674 fratris
2876 5611 2978 5674 tui,
3029 5616 3136 5664 etc.
3182 5609 3540 5666 Nuntiantur
3569 5610 3680 5664 haec
3707 5613 3804 5666 Re-
