3924 6406
145 443 254 502 9'17

1116 441 1695 503 DEFLORATIONES
1734 442 1844 503 SS.
1891 443 2194 504 PATBUM.
2232 475 2304 489 --
2340 444 2466 501 LIB.
2509 445 2552 502 Ι.

3375 449 3477 504 978
3497 471 3499 473 ί

145 572 469 643 cxxxvm.)
535 571 707 628 Pater
762 587 1024 644 nusquam
1072 571 1270 645 legitur
1321 571 1534 628 missus.
1595 569 1776 642 Quaeri
1803 570 1864 635 Α
1893 571 2020 642 quia
2047 585 2156 626 non
2186 578 2450 627 noverunt
2474 569 2687 625 Patrem
2743 585 2918 641 neque
2965 585 3074 626 me.
3125 568 3235 628 Sed
3261 571 3378 626 haec
3405 569 3485 626 lo-

145 671 289 726 solet
348 685 453 725 cur
504 670 752 743 Spiritus
804 670 859 724 in
907 670 1034 742 igne
1090 669 1356 742 apparuit,
1413 685 1508 725 cur
1551 668 1607 724 in
1652 669 1778 743 igne

149 759 316 813 simul
371 766 432 815 et
492 759 732 832 linguis,
790 775 884 815 cur
931 759 1220 830 aliquando
1268 758 1322 813 in
1368 757 1640 825 columba,
1673 758 1779 813 ali-

146 856 372 929 quando
405 857 465 911 in
498 857 643 929 igne
673 863 1025 926 monstratur;
1059 872 1154 912 cur
1185 871 1347 926 super
1373 855 1566 912 Filium
1598 855 1694 912 Dei
1725 855 1780 912 in

142 947 332 1016 specie
359 945 678 1014 columba,
719 954 770 1002 et
810 962 972 1018 super
1011 945 1302 1017 discipulos
1349 945 1405 1000 in
1447 944 1572 1016 igne
1600 961 1778 1017 appa-

146 1035 302 1091 ruit?
333 1035 475 1090 Haec
509 1043 753 1105 quatuor
792 1035 1066 1108 proposita
1111 1034 1408 1089 videamus.
1451 1033 1681 1104 Spiritus
1723 1034 1779 1089 in

145 1133 276 1204 igne
298 1140 676 1199 monstratur,
711 1133 836 1204 quia
884 1133 1172 1204 Apostolus
1199 1133 1274 1186 ait
1304 1151 1316 1187 :
1356 1154 1378 1179 οι
1412 1132 1556 1187 Deus
1599 1139 1780 1186 noster

147 1221 293 1294 ignis
323 1236 679 1276 consumens
707 1229 786 1276 est
832 1222 1015 1290 (Hebr.
1062 1223 1180 1292 xu).
1214 1242 1236 1268 ιο
1274 1221 1471 1276 Verum
1511 1227 1609 1283 est,
1652 1220 1778 1291 quia

145 1324 249 1380 per
295 1311 452 1365 hunc
503 1310 712 1383 rubigo
769 1317 1110 1383 peccatorum
1149 1309 1502 1365 consumitur.
1555 1309 1635 1365 De
1676 1310 1780 1366 hoc

148 1405 282 1478 igne
304 1406 533 1462 Veritas
566 1407 736 1463 dicit:
775 1429 798 1456 ιι
848 1408 1039 1480 Ignem
1070 1405 1192 1462 veni
1225 1406 1431 1462 mittere
1476 1406 1531 1461 in
1560 1415 1778 1476 terram,

151 1494 361 1564 etquid
393 1495 534 1551 volo
589 1495 690 1550 nisi
740 1504 798 1550 ut
844 1496 1076 1551 ardeat?
1109 1518 1132 1544 ι
1183 1496 1338 1552 (Luc.
1370 1509 1489 1565 xu;
1533 1497 1656 1552 Act.
1689 1496 1779 1566 ιι.)

151 1583 383 1638 Terram
417 1583 567 1639 dicit
595 1583 758 1640 corda
787 1592 1016 1654 terrena,
1037 1601 1159 1655 qua:
1180 1583 1393 1640 inﬁrma
1411 1584 1778 1656 congerenda,

154 1687 187 1726 a
217 1672 491 1744 malignis
523 1673 804 1745 spiritibus
857 1673 1254 1729 conculcantur.
1296 1675 1356 1728 In
1385 1673 1558 1746 igneis
1585 1673 1782 1745 linguis

153 1777 502 1825 monstratus
537 1778 641 1838 est,
675 1771 800 1842 quia
829 1772 1014 1843 lingua
1058 1770 1226 1827 verbo
1263 1771 1530 1843 congriut,
1561 1779 1615 1826 et
1643 1771 1782 1826 Ver-

154 1866 312 1935 bum,
368 1852 530 1938 quod
592 1877 673 1924 est
729 1867 831 1922 Dei
889 1868 1074 1930 Filius,
1104 1885 1212 1924 una
1265 1877 1345 1924 est
1390 1868 1687 1923 substantia
1723 1867 1778 1922 in

155 1955 368 2025 Spiritu
428 1964 659 2014 sancto.
715 1956 811 2012 Vel
855 1956 978 2012 ideo
1028 1957 1081 2011 in
1113 1957 1330 2030 linguis,
1364 1957 1490 2028 quia
1519 1957 1656 2012 sicut
1680 1972 1779 2026 per

153 2044 409 2116 linguam
465 2045 721 2118 procedit
764 2045 1012 2114 verbum,
1072 2047 1145 2101 ita
1198 2046 1289 2116 qui
1335 2053 1518 2102 sancto
1576 2045 1778 2118 Spiritu

156 2144 424 2216 tangitur,
491 2145 597 2200 Dei
645 2144 992 2217 Unigenitum
1049 2143 1363 2213 conﬁtetur;
1428 2143 1512 2200 vel
1562 2143 1683 2199 ideo
1724 2143 1780 2198 in

159 2230 342 2302 igneis
372 2233 610 2305 linguis,
647 2233 772 2304 quia
815 2248 949 2303 quos
975 2232 1165 2304 replet,
1196 2232 1443 2288 ardentes
1471 2240 1525 2286 et
1550 2231 1781 2304 loquen-

155 2327 236 2374 tes
264 2319 439 2388 tacit;
476 2321 574 2392 qui
605 2321 749 2376 enim
781 2322 953 2377 Deum
992 2321 1225 2376 amando
1271 2320 1584 2392 praedicant,
1616 2319 1781 2376 corda

161 2408 512 2464 audientium
546 2410 909 2465 inﬂammant.
947 2409 1251 2480 Aliquando
1283 2410 1339 2465 in
1367 2410 1638 2478 columba,
1671 2409 1778 2464 ali-

162 2497 388 2566 quando
418 2499 478 2553 in
507 2499 638 2572 igne
688 2507 1029 2568 monstratur,
1071 2500 1197 2569 quia
1243 2515 1378 2570 quos
1405 2500 1595 2570 replet,
1641 2499 1777 2553 sim-

166 2595 338 2666 plices
388 2604 446 2651 et
495 2597 750 2652 ardentes
792 2597 938 2652 facit.
995 2599 1118 2652 Non
1172 2598 1314 2652 enim
1345 2597 1519 2669 placet
1548 2598 1661 2652 Deo
1689 2609 1781 2659 aut

165 2683 498 2756 simplicitas
528 2687 648 2741 sine
678 2686 812 2752 zelo,
837 2695 927 2742 aut
947 2687 1044 2741 iste
1063 2687 1178 2742 sine
1200 2687 1308 2741 illa.
1334 2685 1494 2742 Unde
1533 2687 1777 2743 Veritas:

174 2777 198 2835 Ζ
241 2786 429 2842 Estote
480 2788 777 2860 prudentes
842 2789 978 2844 sicut
1049 2796 1344 2860 serpentes,
1404 2795 1456 2844 et
1510 2787 1782 2860 simplices

168 2883 304 2938 sicut
333 2885 618 2940 columba:
673 2885 896 2957 (Matth'
947 2886 1025 2956 x).
1063 2908 1084 2935 ιι
1121 2885 1464 2942 Prudentium
1519 2884 1780 2957 serpentis

169 2973 395 3041 exponit
427 2975 648 3039 Paulus,
706 2974 924 3030 dicens:
965 2999 985 3023 α
1019 2975 1196 3031 Nolite
1249 2974 1400 3045 pueri
1442 2973 1576 3031 efﬁci
1603 2973 1779 3030 sensi-

168 3061 269 3115 bus
301 3062 327 3117 Ι
357 3064 487 3118 Cor.
541 3065 676 3133 xxv).
719 3086 740 3112 υ
776 3064 853 3118 De
909 3063 1248 3137 simplicitate
1307 3064 1467 3120 etiam
1514 3063 1781 3120 columbas

170 3155 333 3213 dicit:
374 3183 395 3207 α
435 3159 548 3214 Sed
579 3159 783 3213 malitia
812 3160 1020 3230 parvuli
1061 3168 1232 3216 estote
1259 3159 1467 3231 (ibid.).
1510 3182 1532 3208 υ
1569 3160 1630 3218 In
1672 3160 1779 3216 Do-

169 3245 317 3299 mino
349 3265 452 3319 per
480 3248 814 3316 columbam,
846 3247 901 3303 in
930 3249 1205 3321 discipulis
1259 3265 1356 3321 per
1383 3249 1566 3321 ignem
1601 3264 1774 3321 appa-

168 3333 295 3400 ruit,
329 3338 459 3406 quia
484 3337 664 3407 justus
683 3337 850 3408 judex
881 3337 1052 3393 noluit
1106 3346 1414 3409 peccatores
1467 3337 1646 3406 ferire,
1681 3336 1778 3393 sed

174 3434 455 3482 mansuete
489 3427 782 3498 corrigere.
837 3426 903 3481 Ili
953 3434 1130 3483 autem
1177 3427 1266 3497 qui
1313 3427 1631 3499 simpliciter
1657 3435 1781 3482 sunt

176 3511 444 3585 homines,
471 3523 524 3571 et
563 3515 685 3570 ideo
725 3523 1053 3588 peccatores,
1103 3515 1401 3572 debuerunt
1439 3515 1781 3588 Spiritualiter

175 3619 361 3666 contra
388 3612 539 3686 ipsos
559 3612 779 3668 accendi
801 3622 853 3668 et
875 3629 971 3685 per
997 3614 1369 3684 paenitentiam
1399 3614 1616 3671 salvari.

256 3740 278 3767 σι
319 3719 391 3774 Et
420 3737 521 3777 vos
567 3720 928 3776 testimonium
969 3720 1320 3792 perhibebitis
1367 3721 1492 3791 quia
1527 3720 1597 3776 ab
1625 3720 1778 3778 initio

179 3821 392 3863 mecum
426 3811 555 3866 estis
598 3811 782 3875 (Joan.
814 3811 958 3879 xui),
1003 3833 1025 3858 ιο
1079 3808 1162 3865 Ab
1203 3809 1353 3865 initio
1379 3809 1585 3866 scilicet
1628 3826 1775 3880 pra:-

182 3894 466 3954 dicationis
528 3914 685 3954 mea
761 3898 924 3953 Dabit
993 3897 1148 3954 vobis
1203 3898 1459 3970 loquendi
1521 3899 1773 3955 ﬁduciam

180 3984 407 4042 charitas
465 3986 661 4044 diffusa
714 3987 770 4042 in
824 3986 1075 4043 cordibus
1130 3987 1319 4043 vestris
1370 4004 1470 4058 per
1517 3988 1773 4059 Spiritum

182 4090 443 4139 sanctum.
469 4086 623 4140 Hanc
640 4085 826 4140 Petrus
846 4085 1086 4140 nondum
1126 4085 1380 4150 habebat,
1424 4086 1639 4157 quando
1670 4103 1772 4142 ne-

180 4172 327 4239 gavit
379 4174 696 4230 Dominum.
721 4173 951 4243 Spiritus
975 4181 1188 4229 sanctus
1218 4174 1521 4244 perhibebit
1549 4175 1602 4229 in
1645 4191 1772 4230 cor-

184 4257 335 4314 dibus
353 4263 568 4329 vestris,
620 4278 717 4317 vos
771 4269 951 4318 autem
999 4263 1053 4316 in
1109 4263 1332 4318 vocibus
1361 4263 1548 4319 vestris
1585 4273 1641 4320 ut
1670 4264 1771 4318 im-

181 4347 384 4414 pleatur
411 4351 548 4406 illud
582 4369 594 4406 :
633 4373 654 4398 ιι
680 4353 741 4405 In
759 4366 975 4405 onmem
1004 4358 1196 4405 terram
1216 4351 1383 4408 exivit
1405 4368 1567 4408 sonus
1585 4369 1770 4408 eorum

183 4436 348 4499 (Paul.
379 4440 566 4512 xvul).
603 4462 624 4488 υ
669 4462 691 4488 α
723 4439 852 4494 Haec
872 4439 1078 4495 locutus
1095 4457 1213 4494 sum
1234 4441 1390 4496 vobis
1410 4447 1466 4496 ut
1495 4457 1602 4497 non
1621 4458 1773 4496 scan-

185 4529 516 4592 dalizemini.
570 4537 786 4606 Absque
849 4536 1141 4607 synagogis
1186 4536 1386 4592 facient
1431 4553 1528 4593 vos
1573 4540 1761 4606 (lomt.

186 4622 320 4688 XVt).
348 4647 368 4674 υ
412 4625 683 4696 Exprimit
711 4641 831 4694 qua:
860 4625 1064 4696 passuri
1107 4632 1277 4680 erant.
1309 4627 1423 4681 Hoc
1451 4625 1768 4682 determinat
1795 4631 1849 4692 D

190 4710 308 4776 quia
335 4713 507 4770 Judaei
538 4729 646 4768 non
674 4713 974 4782 reciperent
1010 4729 1154 4780 eum,
1194 4721 1247 4769 et
1293 4713 1414 4769 ideo
1444 4716 1776 4786 expellerent

193 4823 279 4861 eos
306 4813 393 4880 qui
426 4813 498 4867 de
537 4828 600 4866 eo
631 4811 1002 4884 praedicarent.
1061 4811 1167 4867 Sed
1223 4812 1473 4882 praedixit
1499 4813 1564 4868 de
1597 4814 1774 4886 Spiri-

196 4900 245 4949 tu
291 4901 378 4970 qui
438 4900 800 4968 conﬁrmabit,
879 4908 938 4955 ut
991 4916 1098 4955 non
1161 4901 1230 4955 sit
1285 4901 1388 4956 illis
1440 4902 1772 4970 scandalum,

192 4987 308 5053 quia
337 5007 445 5061 pax
485 4990 653 5046 multa
679 4989 1027 5064 diligentibus
1053 4990 1232 5062 legem
1263 4989 1384 5058 Dei,
1417 5007 1536 5062 qua:
1554 5000 1632 5048 est
1659 4992 1779 5066 ipsa

195 5085 435 5145 charitas.

266 5214 287 5240 «
321 5194 430 5251 Sed
459 5196 608 5251 venit
662 5196 792 5251 hora
821 5202 880 5250 ut
902 5195 1078 5251 omnis
1133 5195 1222 5266 qui
1275 5195 1525 5252 interﬁcit
1558 5213 1655 5255 vos
1685 5213 1778 5254 ar-

199 5275 410 5340 bitretur
440 5284 759 5356 obsequium
787 5300 846 5339 se
876 5291 1127 5359 praestare
1155 5285 1271 5340 Deo
1314 5285 1519 5356 (ibid.).
1539 5308 1560 5335 ι
1615 5285 1780 5355 Quasi

201 5365 371 5430 dicat:
443 5375 608 5428 Extra
661 5389 973 5445 synagogas
1035 5373 1233 5428 facient
1292 5389 1407 5441 vos,
1465 5373 1562 5430 sed
1616 5376 1780 5431 nolite

204 5467 532 5527 solitudinem
591 5470 904 5526 formidare.
945 5471 1188 5542 Separati
1236 5471 1437 5542 quippe
1477 5488 1510 5526 a
1547 5488 1781 5545 congre-

206 5558 405 5623 gatione
426 5576 616 5616 eorum
641 5566 716 5613 tot
733 5559 786 5612 in
805 5559 1023 5614 nomine
1047 5575 1166 5614 meo
1187 5560 1608 5632 congregabitis,
1628 5569 1687 5616 ut
1705 5561 1784 5617 illi

210 5655 490 5704 metuentes
516 5665 585 5702 ne
618 5648 874 5717 templum
906 5657 960 5702 et
1005 5648 1092 5702 lex
1127 5664 1312 5703 eorum
1342 5648 1670 5715 deserantur,
1705 5650 1786 5704 in-

212 5741 454 5802 terﬁcient
480 5761 599 5811 vos,
633 5745 950 5800 arbitrantes
978 5762 1034 5799 se
1063 5745 1202 5799 bene
1232 5745 1428 5800 facere.
1463 5746 1602 5800 Ecce
1642 5745 1786 5815 quod

217 5828 282 5882 ait
305 5835 586 5906 Apostolus
616 5849 632 5890 :
667 5854 690 5884 ι
724 5835 906 5888 Zelum
938 5833 1035 5888 Dei
1083 5831 1301 5899 habent,
1332 5833 1426 5888 sed
1463 5849 1572 5887 non
1599 5850 1788 5888 secun-

217 5915 329 5976 dum
353 5921 831 5995 scientiamKRom.
875 5923 957 5993 x):
984 5944 1006 5972 ιι
1029 5953 1102 5964 -
1125 5943 1148 5973 α
1180 5922 1246 5977 Et
1274 5920 1390 5978 haec
1415 5921 1615 5978 facient
1634 5922 1790 5982 vobis

1889 668 2042 717 cutus
2067 676 2186 714 sum
2215 659 2391 727 vobis,
2422 667 2480 713 ut
2499 675 2620 714 cum
2641 659 2850 716 venerit
2883 660 3018 715 hora
3045 675 3231 716 eorum
3253 659 3481 716 remini‘

1885 749 2112 806 scamini
2142 748 2267 820 quia
2287 764 2390 821 ego
2419 746 2531 803 dixi
2559 747 2715 805 vobis
2734 749 2920 818 (Joan.
2953 749 3090 820 xvr).
3126 771 3149 800 ιο
3185 748 3314 804 Ideo
3341 763 3482 820 pra:-

1887 844 2000 902 dixi
2054 862 2122 901 ne
2177 846 2397 918 ignaros
2449 845 2745 920 improvisa
2795 845 3088 912 turbarent,
3119 844 3320 901 scilicet
3355 859 3482 915 pro-

1886 934 2003 992 visa
2032 934 2295 1007 patienter
2340 934 2598 1006 ferantur,
2629 949 2752 995 cum
2782 933 2991 994 venerit
3033 935 3168 994 hora
3196 933 3479 995 tenebrosa

1885 1024 2173 1079 malorum.

1884 1149 1965 1208 De
1986 1148 2177 1206 decem
2207 1147 2664 1208 (insectationibus
2690 1147 2922 1220 Christi,
2960 1152 3019 1208 et
3059 1152 3180 1211 octo
3205 1149 3481 1210 ascensio-

2459 1244 2624 1300 nibus
2643 1244 2880 1305 anima.

1957 1369 2019 1422 In
2045 1367 2183 1423 libro
2211 1375 2401 1438 quarto
2438 1368 2647 1440 Regum
2677 1368 2872 1442 legitur
2899 1369 3026 1441 quia
3053 1385 3178 1426 cum
3221 1371 3479 1428 Ezechias

1884 1473 1984 1515 rex
2037 1472 2207 1528 usque
2273 1456 2342 1512 ad
2394 1464 2622 1513 mortem
2676 1466 2980 1529 aegrotaret,
3011 1459 3178 1515 Isaias
3223 1461 3489 1533 propheta

1887 1545 1956 1602 ad
1985 1562 2108 1600 eum
2138 1545 2434 1610 intraverit,
2467 1553 2522 1601 et
2560 1545 2609 1602 ei
2638 1562 2671 1602 a
2698 1547 2932 1603 Domino
2988 1547 3192 1605 diceret
3236 1548 3362 1619 quia
3399 1565 3485 1605 sa~

1889 1633 2003 1691 nari
2029 1632 2267 1689 deberet.
2286 1633 2384 1690 Cui
2412 1634 2503 1689 ille
2531 1653 2552 1692 :
2585 1657 2609 1685 ε
2652 1632 2809 1704 Quod
2838 1635 2938 1691 erit
2964 1636 3200 1709 signum,
3228 1637 3356 1708 quia
3374 1638 3483 1694 Do.

1888 1720 2065 1778 minus
2091 1737 2180 1779 me
2210 1721 2471 1778 curabit?
2512 1723 2593 1778 Ad
2619 1725 2738 1780 haec
2765 1723 2961 1780 Isaias:
2998 1725 3115 1782 Hoc
3142 1726 3261 1794 erit,
3290 1727 3482 1798 inquit,

1886 1821 2101 1894 signum
2135 1838 2167 1878 a
2195 1822 2465 1878 Domino:
2499 1823 2591 1877 Vis
2618 1831 2676 1878 ut
2701 1823 2955 1880 ascendat
2989 1825 3182 1880 umbra
3208 1825 3394 1882 decem
3425 1827 3488 1881 li-

1806 1925 1860 1987 Β
1888 1911 2020 1977 neis,
2055 1926 2122 1966 an
2154 1918 2207 1966 ut
2231 1918 2524 1966 revertatur
2553 1911 2772 1968 totidem
2803 1912 3062 1984 gradibus
3083 1915 3113 1967 ?
3153 1915 3220 1970 Et
3248 1915 3322 1970 ait
3358 1915 3488 1970 Eze-

1885 1999 2064 2058 chias:
2107 1998 2241 2054 Volo
2269 2007 2328 2054 ut
2352 2007 2648 2055 revertatur
2660 1999 3009 2058 etdescendat
3027 2000 3081 2056 in
3102 2002 3384 2075 horologio
3401 2020 3489 2061 re-

1889 2100 2116 2152 trorsum
2147 2095 2334 2152 decem
2390 2096 2482 2165 (ιγ
2514 2099 2640 2169 Reg.
2660 2112 2766 2166 xx;
2798 2097 2906 2155 lca.
2939 2099 3233 2170 xxxvut).»
3254 2099 3413 2170 Quod
3431 2099 3487 2157 et

1888 2193 1962 2248 ita
1989 2192 2235 2265 contigit.
2265 2192 2423 2262 Quod
2459 2193 2717 2250 Ezechias
2745 2211 2844 2266 pro
2861 2195 3018 2269 signo
3031 2196 3490 2254 conferendmsibi

1887 2282 2252 2354 salutispetiit,
2291 2289 2348 2337 ut
2380 2282 2474 2338 Sol
2496 2282 2742 2339 retroiret
2767 2284 3055 2354 perdecem
3077 2285 3247 2341 lineas
3260 2287 3487 2342 horolo-

1888 2371 2134 2443 gii,quas
2144 2371 2260 2442 jam
2293 2371 2590 2437 transierat,
2613 2371 2881 2445 signiﬁcat
2899 2373 3086 2430 decem
3117 2375 3334 2430 ordines
3361 2382 3488 2430 tem-

1888 2475 2102 2530 porum,
2119 2475 2216 2529 per
2233 2475 2368 2529 quos
2406 2460 2660 2525 Christus,
2686 2461 2768 2518 sol
2788 2462 3028 2532 justitim,
3055 2463 3208 2532 quasi
3237 2464 3487 2520 umbram

1890 2548 2030 2620 legis
2073 2547 2370 2614 descendit,
2398 2555 2450 2602 e'.
2480 2548 2630 2619 quasi
2686 2549 2947 2620 quosdam
2995 2551 3160 2606 saltus
3196 2551 3362 2620 dedit,
3392 2568 3492 2624 per

1891 2662 2028 2717 quos
2066 2646 2255 2701 iterum
2297 2653 2417 2717 post
2481 2647 2922 2704 resurrectionem
2969 2649 3234 2705 ascendit.
3283 2650 3492 2706 Primus

1889 2734 2091 2808 gradus
2146 2734 2511 2789 descensionis
2566 2735 2686 2805 ejus
2726 2736 2826 2791 fuit
2864 2737 2935 2792 de
2987 2738 3102 2794 Deo
3130 2737 3186 2793 in
3213 2738 3494 2810 angelum,

1891 2823 2018 2895 quia
2052 2823 2169 2895 ipse
2224 2822 2324 2878 fuit
2374 2823 2560 2896 magni
2613 2824 2821 2880 consilii
2878 2826 3171 2898 Angelus;
3228 2826 3494 2883 secundus

1891 2923 2254 2980 descensionis
2307 2923 2426 2994 ejus
2479 2924 2680 2996 gradus
2707 2924 2776 2980 de
2802 2927 3000 2998 angelo
3029 2927 3080 2982 in
3114 2927 3442 2999 patriarchas
3471 2942 3488 2996 ;

1891 3013 2092 3077 tertius,
2124 3012 2181 3068 in
2218 3013 2356 3085 legis
2379 3013 2637 3081 datione;
2692 3021 2912 3084 quartus
2968 3015 3023 3070 id
3065 3016 3192 3071 Jesu
3217 3016 3395 3084 Nave,
3434 3025 3491 3072 ut

1891 3101 2152 3173 populum
2209 3101 2265 3155 in
2326 3109 2519 3157 terram
2587 3102 3022 3173 repromissionis
3072 3103 3432 3161 introduceret
3471 3119 3488 3174 ;

1890 3198 2126 3269 quintus,
2176 3199 2231 3255 in
2283 3198 2512 3269 judices,
2546 3199 2673 3269 quia
2701 3216 2824 3255 eum
2877 3200 3138 3272 pepulum
3167 3218 3267 3274 per
3289 3218 3386 3258 eos
3407 3203 3490 3274 juo

1806 3276 1857 3342 C
1885 3286 2100 3342 dicabat
2151 3294 2206 3343 et
2255 3287 2512 3361 regebat;
2571 3295 2774 3356 sextus,
2827 3287 2884 3343 in
2941 3305 3101 3361 reges
3151 3289 3484 3362 Iudaeorum,

1886 3375 2012 3446 quia
2029 3376 2086 3431 in
2113 3375 2191 3430 eis
2246 3375 2362 3446 ipse
2406 3376 2684 3447 regnavit;
2743 3377 3024 3448 septimus,
3069 3377 3127 3434 in
3169 3381 3482 3450 prophetas,

1885 3464 2012 3535 quia
2067 3480 2165 3535 per
2204 3479 2299 3520 eos
2335 3463 2608 3519 nuntiatus
2664 3471 2774 3532 est;
2807 3473 3046 3534 octavus,
3081 3465 3136 3522 in
3175 3466 3485 3539 pontiﬁces,

1886 3552 2012 3624 quia
2055 3552 2169 3624 ipse
2209 3560 2290 3609 est
2325 3568 2568 3608 summus
2627 3552 2877 3609 sacerdos
2937 3554 3136 3623 Patris;
3185 3571 3380 3628 nonus,
3425 3556 3485 3615 in

1883 3650 2204 3720 hominem;
2247 3649 2512 3716 decimus,
2557 3650 2614 3706 in
2655 3650 2982 3723 passionem.
3027 3654 3128 3709 Per
3164 3655 3264 3710 hos
3289 3655 3480 3712 decem

1883 3739 2084 3812 gradus
2111 3739 2262 3809 quasi
2291 3755 2390 3811 per
2414 3738 2663 3795 umbram
2709 3739 2847 3812 legis
2897 3741 3088 3813 prisca
3120 3743 3361 3800 Christus
3386 3744 3483 3800 de-

1881 3827 2105 3895 scendit,
2162 3835 2218 3883 et
2271 3843 2490 3884 omnem
2539 3828 2788 3885 umbram
2843 3829 2983 3902 legis
3034 3831 3190 3888 radio
3239 3833 3482 3890 veritatis

1879 3925 2182 3992 illustravit,
2237 3925 2468 3982 obscura
2527 3926 2795 3995 revelans,
2867 3927 3050 3984 clausa
3095 3945 3368 4002 reserans,
3422 3938 3480 3987 et

1880 4014 2062 4070 omnia
2117 4021 2255 4069 tecta
2301 4013 2599 4070 denudans.
2658 4015 2902 4086 Denique
2939 4017 3078 4073 sicut
3113 4018 3352 4074 Christus
3392 4019 3479 4074 his

1879 4103 2067 4160 decem
2095 4103 2353 4176 gradibus
2392 4103 2462 4158 ad
2519 4104 2764 4160 homines
2817 4106 3112 4175 descendit,
3141 4107 3216 4164 ita
3242 4116 3297 4163 et
3323 4109 3477 4165 Chri-

1877 4207 1990 4256 stus
2039 4216 2138 4273 per
2189 4207 2402 4257 sanctos
2432 4216 2560 4256 suos
2614 4201 2861 4258 homines
2914 4210 3035 4260 octo
3090 4203 3350 4276 gradibus
3402 4205 3476 4262 ad

1877 4307 2050 4364 Deum
2077 4307 2364 4362 ascendere
2389 4306 2592 4362 docuit.
2641 4307 2888 4365 Ezechiel
2936 4325 3170 4382 namque
3211 4312 3282 4370 de
3307 4311 3476 4369 aediﬁ-

1876 4394 1961 4450 cio
1989 4394 2214 4466 loquens
2250 4393 2307 4448 in
2353 4401 2536 4451 monte
2563 4396 2868 4465 constituto,
2901 4397 3016 4455 ait:
3053 4421 3077 4448 α
3111 4399 3174 4456 In
3201 4408 3322 4458 octo
3349 4417 3475 4474 gra-

1875 4489 2034 4545 dibus
2088 4505 2338 4546 ascensus
2378 4489 2496 4560 ejus
2542 4491 2769 4561 (Euch.
2823 4492 2937 4562 χιι).
2974 4515 2998 4542 ιι
3035 4495 3222 4552 Petrus
3257 4513 3472 4568 quoque

1877 4595 1998 4646 octo
2051 4587 2303 4642 virtutum
2358 4587 2558 4659 gradus
2607 4598 2896 4646 numerat:
2950 4590 3150 4660 ﬁdem,
3194 4593 3468 4663 virtutem,

1879 4676 2188 4744 scientiam,
2274 4675 2684 4744 abstinentiam,
2767 4679 3112 4749 patientiam,
3193 4682 3470 4754 pietatem,

1881 4764 2224 4821 fraternitatis
2250 4781 2512 4833 amorem,
2558 4767 2911 4832 charitatem;
2969 4769 3165 4839 quibus
3203 4770 3473 4843 fugientes

1883 4853 2170 4910 mundialis
2221 4853 2668 4926 concupiscentiae
2720 4857 3117 4928 corruptionem
3159 4858 3226 4913 ad
3256 4860 3472 4917 caeleste

1881 4967 2109 5023 regnum
2141 4951 2292 5021 quasi
2321 4950 2388 5006 de
2407 4951 2547 5006 valle
2577 4951 2931 5022 lacrymarum
2961 4953 3030 5008 ad
3059 4954 3238 5010 locum
3266 4955 3474 5012 animas

1882 5056 2024 5108 rum,
2073 5039 2277 5096 scilicet
2314 5040 2645 5110 paradisum,
2715 5043 3004 5098 ascendere
3050 5043 3330 5100 debemus.
3387 5046 3476 5103 Ait

1885 5128 2097 5198 itaque:
2158 5129 2446 5200 Fugientes
2499 5128 2618 5198 ejus
2645 5145 2764 5200 qua;
2795 5130 2849 5185 in
2872 5131 3073 5187 mundo
3116 5140 3196 5188 est
3224 5135 3480 5207 concupi-

1884 5217 2104 5274 scentiae
2151 5217 2570 5289 corruptionem,
2630 5234 2698 5274 ne
2753 5218 3005 5277 videlicet
3055 5223 3480 5294 con-umpamini

1888 5321 1922 5361 a
1977 5305 2410 5376 concupiscentia
2431 5347 2446 5374 ,
2517 5323 2700 5363 curam
2769 5323 2988 5366 omnem
3052 5310 3478 5383 subinferentes,

1888 5401 1948 5449 ut
1986 5394 2041 5449 in
2082 5395 2198 5450 solo
2241 5395 2354 5451 Deo
2395 5395 2464 5450 sit
2500 5397 2678 5452 omnis
2717 5413 2841 5454 cura
2882 5405 3078 5468 vestra,
3109 5407 3164 5454 et
3189 5398 3244 5455 in
3273 5401 3484 5458 occulto

1889 5483 2067 5539 cordis
2110 5500 2176 5538 ne
2230 5484 2345 5538 sitis
2396 5485 2586 5540 molles
2641 5493 2697 5540 et
2759 5486 3036 5556 dissoluti;
3094 5488 3391 5546 ministrate
3427 5490 3488 5547 in

1841 5606 1843 5608 -
1889 5570 1997 5627 ﬁde
2027 5585 2155 5626 vera
2185 5571 2458 5642 virtutem,
2493 5573 2549 5630 in
2575 5575 2756 5630 servili
2802 5583 2858 5634 et
2891 5576 3084 5632 humili
3124 5579 3287 5635 modo
3315 5587 3488 5636 osten-

1892 5660 2001 5715 dite
2031 5660 2282 5717 fratribus
2311 5661 2500 5717 vestris
2525 5663 2881 5719 constantiam
2928 5664 3089 5722 bonae
3131 5669 3491 5724 conversatio-

1895 5749 1996 5815 nis,
2030 5765 2149 5818 quze
2190 5747 2314 5804 ﬁdei
2370 5749 2750 5823 subjungenda
2804 5759 2898 5823 est,
2963 5770 3032 5809 ne
3079 5753 3198 5811 sine
3237 5757 3495 5828 operibus

1893 5836 2029 5891 ﬁdes
2056 5844 2266 5893 mortua
2311 5838 2398 5906 sit,
2439 5846 2492 5894 et
2519 5847 2578 5894 ut
2604 5839 2740 5896 alios
2768 5848 2944 5896 vestro
2975 5844 3232 5914 exemplo
3259 5829 3315 5899 in
3343 5845 3492 5902 bona

1896 5925 2305 5984 conversatione
2352 5926 2698 5986 conﬁrmatis.
2761 5931 2826 5989 In
2864 5930 3059 5990 virtute
3097 5938 3276 5990 autem
3318 5931 3494 5990 scien-
