3924 6400
165 435 264 490 981

164 557 257 629 qui
287 555 541 614 Domino
605 556 750 616 dixit
809 575 819 611 :

163 641 289 714 quia
319 639 488 694 nobis
519 639 972 696 manifestaturus
1003 657 1064 696 es
1094 647 1145 695 te
1176 637 1372 710 ipsum,
1409 647 1460 692 et
1491 652 1598 691 non
1631 650 1793 689 mun-

164 727 235 783 do
266 727 457 798 (ibid.)
483 729 506 779 ἲ
546 753 568 776 ιι
611 745 726 784 non
756 737 836 784 est
865 727 955 784 ille
983 728 1293 791 Iscariotes,
1327 721 1534 782 scilicet
1561 723 1661 789 iste
1690 739 1792 780 cu-

161 815 248 887 jus
309 813 576 888 Epistola
646 815 789 872 inter
845 815 1150 888 Scripturas
1215 811 1508 871 canonicas
1573 811 1791 883 legitur.

166 906 233 961 Et
267 905 556 972 Dominus
616 903 898 976 respondit
948 904 997 960 ei
1029 924 1042 961 :
1080 929 1100 953 α
1139 905 1194 960 Si
1242 903 1369 976 quis
1401 901 1577 974 diligit
1623 917 1729 966 me,
1766 923 1788 948 ιι

167 1001 294 1062 etc.,
332 999 391 1047 ut
422 993 757 1050 ostenderet
789 993 836 1049 ei
869 993 1000 1066 quia
1047 1011 1145 1065 per
1182 992 1529 1047 dilectionem
1578 989 1794 1045 discer-

166 1081 316 1137 nitur
344 1099 495 1156 gens
563 1090 756 1138 sancta
811 1099 841 1137 a
899 1100 1006 1137 non
1064 1092 1276 1138 sancta.
1345 1080 1593 1136 Charitas
1649 1078 1789 1154 enim

168 1169 294 1253 facit
350 1168 660 1225 unanimes
718 1169 771 1224 in
828 1168 991 1225 domo
1047 1169 1099 1224 in
1141 1169 1260 1243 quia
1310 1167 1509 1225 faciunt
1558 1168 1709 1222 Pater
1741 1149 1792 1220 et

167 1257 337 1314 Filius
388 1257 774 1325 mansionem,
825 1259 918 1332 qui
965 1257 1170 1314 donant
1228 1267 1281 1314 et
1335 1256 1492 1328 ipsan
1540 1252 1794 1310 dilectio-

167 1364 317 1413 nem.
353 1347 477 1402 Erit
512 1347 704 1418 itaque
734 1348 788 1402 in
836 1358 1039 1403 aeterna
1081 1343 1261 1418 gloria
1291 1346 1426 1400 visio
1470 1352 1522 1399 et
1579 1341 1791 1397 mansio

165 1452 280 1516 non
315 1435 680 1504 transitoria,
715 1433 812 1491 sed
841 1444 1042 1492 {eterna
1073 1453 1086 1497 ;
1117 1444 1169 1490 et
1198 1435 1313 1490 haec
1335 1433 1436 1489 erit
1468 1433 1789 1487 manifesta-

167 1524 239 1578 tio
263 1523 333 1578 de
367 1541 483 1596 qua
513 1524 612 1580 ille
639 1526 956 1595 qumsierat.
987 1523 1145 1578 Venit
1186 1531 1361 1577 autem
1415 1523 1558 1576 Deus
1588 1519 1656 1574 ad
1688 1520 1788 1573 bo-

167 1609 398 1680 minem,
435 1613 580 1667 dum
608 1615 773 1669 homo
797 1614 940 1670 venit
969 1612 1036 1667 ad
1069 1614 1268 1667 Deum.
1301 1611 1453 1666 Venit
1487 1611 1646 1664 homo
1666 1625 1788 1663 cre-

167 1699 385 1770 dendo,
421 1701 769 1769 obcdiendo,
803 1702 1083 1768 intuendo,
1118 1701 1381 1772 capiendo
1417 1719 1430 1762 ;
1463 1701 1609 1754 Deus
1639 1697 1792 1752 venit

169 1788 589 1857 subveniendo,
629 1789 1010 1856 illuminanda,
1063 1787 1366 1860 implendo.
1406 1789 1790 1844 Verumtamen

1133 424 1854 506 DEFLORATIONESSS.
1896 425 2192 483 PATRUM.
2226 451 2294 466 —
2331 420 2460 480 LIB.
2505 420 2551 476 l.

885 579 908 606 ι
966 555 1224 622 Domine,
1282 551 1414 628 quid
1463 551 1664 607 factum
1709 557 1792 606 est
1822 550 1876 611 A
1903 549 2018 606 Hoc
2050 554 2133 606 est
2162 546 2307 620 quod
2356 544 2589 617 legimus
2632 543 2778 616 apud
2822 543 3192 615 prophetam:
3232 565 3252 588 οι
3301 542 3499 597 Pacem

3395 419 3500 476 982

1903 654 2077 709 super
2103 652 2321 708 pacem.
2341 659 2362 681 ιι
2408 635 2608 690 Pacem
2629 632 2791 689 nobis
2822 629 3071 703 relinquit
3093 631 3148 686 in
3176 629 3280 687 hoc
3298 630 3499 690 sarculo

1904 742 2007 797 qua
2039 727 2250 780 hostem
2281 724 2584 786 vincamus,
2618 737 2725 792 qua
2769 709 3001 776 invicem
3051 734 3150 775 nos
3180 713 3498 792 diligamus.

1903 805 2097 870 Pacem
2127 828 2286 868 suam
2318 811 2474 866 nobis
2504 809 2651 864 dabit
2677 809 2731 864 in
2771 809 2971 874 futuro,
3005 808 3222 880 quando
3253 806 3372 862 sine
3403 806 3500 860 ho-

1901 913 1983 960 ste
2015 911 2068 957 et
2097 901 2213 956 sine
2243 899 2586 954 dissensione
2616 897 2990 968 regnabimus.
3019 897 3213 952 Pacem
3244 886 3500 966 relinquit

1902 993 2078 1054 nobis,
2123 1005 2189 1066 ne
2221 989 2290 1043 de
2315 987 2542 1043 occultis
2588 987 2921 1066 iudicemus.
2973 985 3165 1039 Pacem
3205 999 3364 1038 suam
3394 984 3498 1036 da-

1903 1082 1980 1135 bit
2007 1064 2186 1147 nobis,
2221 1093 2345 1133 cum
2376 1063 2743 1130 manifestabit
2772 1071 3128 1144 cogitationes
3150 1071 3353 1128 cordis.
3373 1067 3498 1142 ipse

1901 1177 1986 1223 est
2016 1185 2118 1238 pax
2151 1174 2338 1220 nostra
2369 1165 2460 1236 qui
2505 1163 2633 1218 fecit
2662 1171 2892 1234 utraque
2939 1177 3102 1216 unum
3148 1160 3371 1232 (Ephes.
3403 1159 3488 1228 tt).

1901 1258 2009 1314 Sed
2039 1272 2210 1328 quare
2241 1269 2347 1308 non
2379 1251 2580 1306 addidit
2614 1267 2810 1316 meam,
2844 1249 3030 1306 dicens
3081 1247 3348 1321 relinquo.
3383 1247 3495 1324 sic:

1901 1356 1956 1400 ut
1986 1317 2076 1399 ubi
2107 1347 2180 1398 ait
2209 1333 2279 1398 do
2299 1345 2326 1396 ?
2357 1337 2502 1408 Quid
2532 1337 2577 1392 si
2626 1354 2814 1410 pacem
2863 1353 3018 1392 suam
3066 1317 3497 1408 voluit—intelligi

1901 1434 2118 1507 qualem
2148 1433 2263 1503 ipse
2295 1431 2390 1496 ait,
2424 1430 2476 1482 in
2511 1444 2618 1499 qua
2649 1426 2793 1481 nulla
2839 1425 3201 1499 repugnantia
3229 1434 3311 1481 est
3343 1442 3356 1482 :
3389 1440 3492 1495 pa-

1900 1538 2019 1578 cem
2051 1530 2233 1576 autem
2265 1534 2428 1591 quam
2459 1513 2618 1571 nobis
2650 1515 2871 1586 reliquit
2902 1513 3018 1568 sine
3049 1521 3276 1584 peccato
3315 1528 3437 1567 esse
3468 1512 3498 1565 ?

1900 1609 2054 1668 Unde
2109 1609 2340 1664 dicimus
2401 1625 2412 1661 :
2475 1629 2496 1652 ιι
2559 1603 2778 1658 Dimitte
2843 1600 3005 1657 nobis
3059 1600 3243 1656 debita
3307 1599 3497 1658 nostra

1898 1699 2120 1772 (Matth.
2154 1698 2250 1768 vt).
2286 1720 2308 1744 ιι
2333 1697 2453 1752 Νοη
2486 1700 2571 1749 est
2598 1707 2730 1762 ergo
2760 1707 2863 1762 pax
2909 1687 2997 1746 hic
3039 1687 3218 1761 plena,
3270 1697 3375 1762 qna
3400 1682 3494 1745 se-é

1898 1787 2133 1844 cundum
2163 1779 2788 1840 interiorem’hominem
2835 1777 2946 1851 legi
2991 1777 3094 1834 Dei
3141 1773 3498 1852 condelectaé'

169 1875 223 1966 in
263 1878 648 1950 quorumdam
693 1879 857 1934 corda
889 1877 1057 1945 venit,
1109 1887 1157 1932 et
1194 1873 1532 1932 mansionem
1574 1873 1647 1928 ibi
1678 1890 1787 1928 non
1819 1905 1870 1966 Β
1902 1894 2037 1945 mur,
2069 1875 2167 1930 sed
2197 1873 2440 1929 videmus
2469 1871 2631 1927 aliam
2675 1867 2857 1940 legem
2902 1866 2957 1922 in
3003 1863 3265 1921 membris
3295 1859 3496 1922 nostris

170 1962 321 2034 facit,
359 1968 492 2039 quia
528 1985 636 2039 per
663 1967 1138 2038 compunctionem
1191 1967 1287 2021 Dei
1319 1971 1628 2037 respectum
1655 1979 1786 2034 per-

172 2055 405 2128 cipiunt,
442 2056 550 2113 sed
583 2056 1022 2128 interpretatione
1056 2054 1337 2111 deﬁciunt.

251 2211 274 2241 a
308 2193 382 2246 Et
411 2205 738 2246 sermonem
761 2205 924 2262 quem
955 2189 1181 2244 audistis
1211 2205 1321 2244 non
1371 2196 1452 2243 est
1488 2201 1664 2251 meus,
1693 2183 1793 2240 sed

174 2280 298 2349 ejus
330 2281 432 2350 qui
461 2280 616 2334 misit
644 2295 733 2334 me
765 2278 956 2334 Patris.
986 2297 1008 2327 ιι
1047 2279 1170 2334 Non
1199 2285 1282 2333 est
1305 2278 1468 2332 Filius
1488 2276 1668 2329 minor
1692 2276 1793 2328 Pa.

175 2376 276 2434 tre,
311 2377 366 2424 et
401 2384 518 2424 non
550 2376 636 2424 est
665 2383 698 2422 a
727 2367 934 2438 seipso.
972 2367 1088 2422 Nec
1109 2366 1250 2421 istud
1271 2373 1355 2420 est
1376 2361 1700 2420 contrarium
1724 2361 1791 2416 ad

175 2456 280 2512 hoc
310 2457 464 2528 quod
496 2457 692 2511 dixit:
731 2477 752 2506 ι
807 2455 910 2526 Qui
961 2471 1069 2510 non
1131 2454 1308 2526 diligit
1348 2469 1454 2519 me,
1506 2465 1795 2506 sermones

177 2559 332 2599 meos
360 2561 477 2600 non
507 2553 714 2602 servat.
745 2543 928 2617 (loan.
960 2545 1101 2614 xxv).
1146 2565 1170 2592 ιι
1217 2545 1284 2598 Et
1312 2542 1544 2598 fortasse
1569 2548 1794 2610 prOpter

175 2633 426 2706 aliquam
459 2634 869 2690 distinctionem
900 2633 1182 2704 pluraliter
1210 2632 1339 2688 dicit
1359 2645 1662 2685 sermones.
1691 2628 1794 2683 Hie

177 2730 365 2778 autem
398 2737 725 2778 sermonem
773 2722 901 2779 dicit
947 2737 1070 2778 esse
1119 2720 1298 2776 Patris
1341 2719 1604 2787 Verbum,
1649 2715 1791 2788 quod

179 2819 297 2865 erat
325 2811 382 2865 in
413 2810 723 2883 principio.

253 2950 275 2976 (ι
306 2925 444 2984 Haec
491 2925 708 2984 locutus
757 2938 876 2981 sum
931 2925 1086 2982 vobis
1129 2923 1274 2996 apud
1325 2939 1422 2980 vos
1463 2935 1710 2977 manens.
1769 2941 1789 2967 ι

184 3015 375 3072 Adhuc
409 3031 649 3071 manens
697 3014 966 3087 corporali
1010 3013 1298 3086 praesentia
1346 3012 1453 3068 cito
1501 3011 1661 3066 vobis
1693 3025 1795 3064 au-

187 3103 413 3188 ferenda
444 3105 564 3160 dixi
593 3105 662 3160 de
692 3099 924 3175 spiritali
955 3103 1254 3159 mansione.
1301 3097 1400 3157 illa
1447 3101 1501 3154 in
1532 3108 1794 3154 aeternum

188 3191 465 3250 beatiﬁcat
494 3188 758 3250 liberatos
789 3211 803 3248 :
835 3193 954 3248 hanc
986 3191 1039 3247 in
1070 3197 1322 3263 tempore
1354 3187 1534 3246 visitat
1565 3188 1795 3243 liberan-

189 3280 287 3337 dos
301 3323 315 3336 .

265 3421 287 3452 a
322 3401 645 3459 Paracletus
675 3407 851 3454 autem
899 3396 1133 3469 Spiritus
1183 3403 1424 3460 sanctus,
1469 3409 1632 3465 quem
1661 3391 1790 3446 mit-

191 3495 265 3542 tet
295 3490 457 3546 Pater
490 3491 546 3546 in
580 3489 799 3544 nomine
828 3503 968 3551 meo,
1003 3485 1092 3541 ille
1133 3501 1229 3540 vos
1260 3477 1472 3539 docebit
1509 3482 1708 3549 omnia,
1741 3487 1794 3535 et

191 3588 455 3651 suggeret
487 3579 646 3634 vobis
677 3577 857 3633 omnia
888 3590 1228 3646 quaecunque
1250 3572 1444 3626 dixero
1476 3571 1654 3625 vobis.
1680 3594 1701 3618 ιι
1729 3563 1790 3623 In

190 3667 406 3722 nomine
439 3683 588 3734 meo,
623 3668 677 3721 id
707 3675 787 3720 est
819 3667 871 3720 in
900 3664 1090 3719 notitia
1112 3663 1238 3727 mei,
1264 3660 1508 3716 videlicet
1530 3659 1793 3714 confiten-

190 3754 332 3810 tibus
362 3773 450 3812 me
501 3756 676 3811 mittet
716 3756 868 3810 Pater
911 3753 1188 3824 Spiritum.
1241 3750 1336 3805 Vel
1366 3750 1435 3803 ita
1469 3767 1482 3802 ε
1522 3748 1689 3801 Mittet
1737 3747 1792 3800 in

192 3845 410 3900 nomine
443 3861 591 3912 meo,
626 3845 680 3898 id
726 3851 807 3900 est
846 3843 914 3897 ad
964 3839 1412 3914 gloriﬁcationem
1457 3837 1562 3891 mei
1603 3836 1656 3890 in
1705 3835 1792 3888 di-

190 3929 494 3990 lectoribus
530 3933 668 3988 meis
710 3951 723 3997 ;
777 3932 880 3996 vel,
935 3931 990 3986 in
1023 3929 1239 3985 nomine
1277 3944 1419 3992 meo,
1475 3927 1580 3982 hoc
1628 3932 1710 3978 est
1739 3924 1794 3977 in

193 4021 407 4094 nomine
445 4023 698 4084 Deitatis,
732 4020 862 4093 quia
894 4036 1034 4075 unus
1066 4019 1210 4073 Deus
1232 4033 1420 4070 sumus
1442 4031 1545 4087 ego
1564 4023 1616 4068 et
1641 4015 1794 4068 Pater

195 4111 247 4159 et
284 4106 523 4178 Spiritus
571 4116 816 4161 sanctus.
881 4103 982 4160 Ubi
1037 4103 1194 4158 docet
1257 4099 1486 4171 Spiritus
1547 4101 1790 4162 sanctus,

198 4192 352 4250 docet
398 4199 562 4253 Pater
600 4203 652 4250 et
687 4194 873 4249 Filius.
935 4191 1042 4247 Sed
1086 4190 1346 4262 quoniam
1402 4185 1638 4243 Trinitas
1691 4193 1792 4253 est,

201 4285 490 4353 oportebat
545 4283 789 4354 singulas
837 4281 1098 4336 insinuari
1144 4293 1431 4350 personas.
1493 4273 1796 4331 Paracletus

199 4367 593 4444 interpretatur
637 4371 955 4437 advocatus,
1007 4367 1135 4440 quia
1189 4383 1324 4439 quos
1373 4364 1663 4436 repleverit
1705 4378 1797 4418 ex-

203 4470 424 4518 orantes
460 4461 612 4518 facit.
652 4455 806 4516 Unde
839 4451 1068 4513 Paulus:
1094 4479 1115 4503 ι
1145 4457 1269 4525 Ipse
1301 4454 1544 4526 Spiritus
1567 4449 1800 4524 postulat

203 4563 299 4618 pro
326 4551 493 4606 nobis
515 4547 810 4623 gemitibus
854 4543 1317 4602 inenarrabilibus
1357 4545 1540 4611 (Rom.
1583 4541 1724 4614 vni).
1769 4563 1791 4589 ιι

202 4635 317 4692 Non
346 4642 404 4694 ut
455 4639 635 4694 minor
686 4635 939 4708 postulet,
995 4633 1091 4688 sed
1134 4648 1235 4688 nos
1281 4631 1352 4686 ad
1410 4629 1795 4702 postulandum

205 4722 522 4782 inflammat.
582 4725 736 4780 Idem
791 4721 1024 4794 Spiritus
1080 4727 1308 4776 vocatur
1351 4727 1401 4774 et
1454 4718 1792 4786 Consolator,

208 4814 325 4884 quia
352 4817 484 4871 dum
541 4812 929 4888 paenitentibus
984 4809 1126 4866 viam
1177 4816 1462 4880 praeparat,
1506 4823 1539 4862 a
1585 4806 1798 4862 tristitia

209 4920 440 4970 mentem
463 4913 625 4970 levat.
647 4911 827 4981 Quare
849 4909 998 4975 dicit,
1028 4930 1049 4956 ιι
1076 4905 1383 4980 suggeret?
1409 4930 1429 4955 ι
1456 4921 1577 4962 cum
1596 4919 1798 4976 sugge-

211 5023 330 5067 rere
347 5014 523 5069 soleat
541 5009 772 5066 minoris
788 5023 929 5074 esse,
946 5007 1073 5080 quia
1093 5019 1392 5076 suggerere
1409 5001 1700 5074 aliquando
1722 5000 1801 5055 di-

213 5105 350 5163 citur
377 5107 815 5172 subministrare,
840 5113 897 5160 ut
919 5103 1026 5170 hic,
1051 5118 1159 5158 non
1179 5100 1322 5172 quod
1343 5100 1501 5155 nobis
1521 5099 1800 5160 scientiam

215 5203 282 5257 ab
302 5205 406 5265 imo
426 5207 652 5274 inierat,
666 5202 772 5260 sed
787 5203 858 5258 ab
879 5201 1113 5258 occulto.
1135 5199 1470 5273 Augustinus
1487 5213 1595 5252 non
1617 5196 1799 5264 habet,

221 5307 472 5376 Suggeret
500 5302 657 5361 vobis
678 5299 881 5368 omnis,
901 5299 1016 5365 sed,
1035 5295 1498 5354 commemorabit
1517 5291 1673 5349 vobis
1691 5305 1807 5348 om-

217 5399 324 5454 nia.
347 5400 410 5459 Et
441 5401 516 5457 ita
537 5399 758 5471 exponit
781 5412 794 5453 :
824 5419 847 5446 ιι
873 5394 1182 5467 Intelligere
1203 5391 1468 5450 debemus
1489 5389 1636 5464 quod
1649 5391 1808 5462 jube-

225 5507 344 5550 mur
371 5511 477 5556 non
509 5492 762 5554 oblivisci
793 5493 1188 5549 saluberrimos
1217 5487 1452 5546 monitus
1472 5483 1542 5545 ad
1571 5488 1807 5560 gratiam

228 5595 506 5662 pertinere,
540 5593 684 5668 quod
714 5609 817 5648 nos
847 5596 1245 5648 commemorat
1275 5586 1528 5659 Spiritus.
1569 5611 1590 5635 ιι

302 5739 323 5770 ι
357 5722 550 5778 Pacem
584 5718 828 5791 relinquo
859 5716 1034 5782 vobis,
1086 5729 1275 5785 pacem
1326 5727 1503 5766 meam
1533 5710 1603 5766 do
1633 5710 1811 5768 vobis.

231 5811 340 5869 Non
367 5815 645 5891 quomodo
675 5813 906 5868 mundus
936 5812 1046 5876 dat,
1093 5824 1200 5881 ego
1245 5807 1316 5863 do
1362 5807 1537 5862 vobis.
1577 5830 1598 5853 ιι
1633 5808 1815 5861 Iturus

232 5910 298 5966 ad
327 5913 565 5979 Patrem,
589 5910 950 5984 sequentibus
969 5906 1235 5981 relinquo,
1258 5903 1699 5978 pcrvenientibus
1723 5904 1813 5959 do.

1903 1971 2298 2038 repugnantem
2331 1959 2438 2032 lcgi
2482 1959 2678 2031 mentis
2726 1961 2932 2011 nostrae
2978 1956 3154 2025 (Rom.
3198 1951 3314 2023 vn).
3359 1953 3494 2031 lterti

1901 2029 2091 2127 pacem
2123 2029 2410 2114 habemus,
2445 2029 2734 2120 diligentes
2767 2060 2868 2099 nos
2897 2061 2910 2107 ;
2956 2042 3051 2098 sed
3092 2057 3195 2098 nec
3242 2038 3362 2113 ipse
3390 2029 3496 2114 pax

1901 2142 2059 2215 plena
2089 2148 2189 2205 est,
2253 2138 2381 2211 quia
2426 2135 2784 2207 cogitationes
2833 2138 3050 2206 nostras
3106 2129 3337 2186 invicem
3386 2132 3495 2186 non

1905 2229 2166 2308 videmus,
2202 2236 2254 2283 et
2282 2225 2531 2299 quaedam
2565 2225 2632 2278 de
2661 2219 2840 2287 nobis,
2877 2231 2999 2292 qua).
3026 2236 3133 2275 non
3164 2217 3360 2274 suntin
3390 2219 3497 2275 no-'-

1904 2307 2005 2387 bis,
2041 2319 2123 2374 vel
2155 2315 2207 2373 in
2239 2315 2433 2371 melius
2481 2313 2734 2381 invicem,
2782 2307 2872 2365 vel
2912 2311 2965 2364 in
3015 2307 3254 2364 deterius
3298 2308 3497 2380 opina-

1903 2427 2048 2464 mur.
2087 2409 2202 2462 Nec
2231 2406 2426 2478 ignoro
2455 2404 2560 2458 hoc
2591 2402 2669 2457 sic
2697 2399 2872 2466 accipi
2923 2413 3108 2469 posse,
3159 2401 3215 2451 ut
3246 2395 3497 2466 repetitio

1902 2497 2170 2564 videatur,
2206 2502 2257 2550 et
2287 2508 2458 2548 meam
2491 2488 2644 2562 prius
2693 2487 3071 2542 subaudiatur.
3124 2483 3357 2539 Mundus
3395 2501 3501 2539 au-

1903 2597 2030 2652 tem,
2064 2585 2119 2640 id
2148 2591 2230 2639 est
2259 2580 2512 2638 homines
2547 2578 2637 2652 qui
2669 2573 2900 2646 diligunt
2929 2571 3212 2641 mundum,
3247 2575 3500 2644 propter—

1903 2691 1968 2730 ea
1998 2675 2128 2728 dant
2158 2671 2262 2728 sibi
2291 2684 2510 2742 pacem,
2544 2675 2600 2722 ut
2630 2659 2747 2720 sine
2778 2663 2869 2719 lite
2898 2677 3007 2718 non
3051 2661 3187 2729 Deo,
3220 2659 3318 2716 sed
3348 2657 3503 2716 mun-

1903 2764 1972 2819 do
2003 2757 2267 2818 fruantur.
2303 2759 2368 2814 Et
2417 2745 2634 2830 quando
2678 2751 2840 2824 iustis
2885 2751 3014 2806 dant
3061 2761 3254 2823 pacem
3301 2755 3359 2804 u't
3387 2757 3502 2804 no‘a

1903 2868 1998 2908 eos
2026 2849 2439 2922 persequantur,
2477 2861 2590 2900 non
2621 2849 2702 2899 est
2733 2855 2862 2898 vera
2890 2853 3015 2913 pax,
3044 2839 3171 2913 quia
3191 2835 3362 2894 corda
3392 2835 3502 2916 dis"-

1897 2937 2080 3008 juncta
2111 2941 2264 2989 sunt.
2333 2949 2338 2956 '
2868 2934 2870 2936 ⁷
3027 2947 3033 2953 ·
3337 2941 3344 2947 ’
3425 2925 3427 2928 ’

1975 3084 1996 3108 α
2030 3037 2156 3114 Νοη
2186 3035 2428 3112 turbetur
2457 3069 2554 3111 cor
2577 3029 2846 3123 vestrum,
2878 3063 3060 3119 neque
3082 3041 3368 3116 formidet.
3399 3017 3502 3100 Ati-

1902 3149 2057 3205 distis
2088 3147 2213 3219 quia
2244 3161 2350 3218 ego
2380 3143 2490 3198 dixi
2520 3141 2674 3198 vobis
2709 3157 2720 3193 :
2755 3137 2912 3194 Vado
2936 3145 2987 3191 et
3009 3133 3223 3190 veniam
3245 3134 3312 3188 ad
3343 3149 3494 3188 vos.»

1821 3261 1870 3324 Ο
1904 3239 2043 3308 Quia
2073 3249 2268 3308 pacem
2298 3232 2389 3297 do,
2423 3235 2482 3286 ut
2521 3235 2764 3285 vestrum
2812 3231 2907 3282 eor
2954 3233 3181 3278 sursum
3231 3220 3499 3288 habeatis,

1900 3343 1969 3383 ne
2001 3322 2292 3380 turbemini
2321 3323 2388 3377 de
2418 3321 2522 3377 hoc
2548 3316 2694 3390 quod
2722 3314 2838 3372 dixi
2873 3329 2886 3369 :
2920 3311 3094 3376 Vade,
3129 3309 3288 3382 quasi
3315 3315 3500 3380 pasto-

1898 3417 1978 3472 ris
2008 3413 2257 3471 absentia
2285 3425 2516 3484 gregem
2533 3406 2693 3477 lupus
2714 3402 2958 3460 invadat.
2981 3402 3050 3456 Et
3077 3399 3124 3454 si
3145 3415 3180 3454 a
3200 3397 3354 3455 vobis
3375 3411 3501 3454 cort-

1900 3521 2034 3576 pore
2065 3503 2223 3567 vado,
2261 3508 2319 3554 ut
2368 3499 2552 3562 homo,
2595 3507 2788 3549 maneo
2834 3504 3078 3562 presens
3109 3485 3321 3576 pergid
3349 3484 3497 3557 quod

1899 3573 2053 3651 Deus
2083 3607 2230 3648 sum.
2272 3587 2550 3657 Objiciunt
2578 3581 2742 3639 nobis
2783 3578 2973 3635 Ariani
3021 3575 3120 3634 Dei
3149 3573 3342 3631 Filium
3373 3589 3500 3631 esse

1896 3691 2205 3740 creaturam
2235 3693 2309 3733 ex
2337 3675 2496 3732 dictis
2524 3669 2834 3729 Salomonis
2863 3663 3096 3723 dicentis
3128 3681 3142 3719 :
3179 3687 3203 3712 ιι
3232 3661 3496 3720 Dominus

1897 3771 2101 3828 creavit
2133 3783 2220 3824 me
2249 3767 2303 3822 in
2333 3762 2604 3837 principio
2636 3760 2844 3815 viarum
2887 3769 3132 3818 suarum,
3172 3751 3494 3822 priusquam

1889 3867 2097 3919 terram-
2119 3857 2327 3912 i'aoeret
2354 3855 2536 3919 (Prov.
2573 3849 2713 3918 vni).
2756 3869 2777 3894 ιι
2807 3843 2915 3902 Sed
2945 3844 3013 3898 de
3045 3838 3375 3902 humanitate
3401 3837 3493 3894 di-

1897 3957 2044 4004 ctum
2099 3953 2199 4012 est,
2251 3941 2464 4000 ereavit
2517 3955 2603 3994 me
2656 3936 2713 3992 in
2761 3933 2918 3988 initio
2975 3930 3189 3985 viarum
3245 3942 3488 3993 suarum,

1895 4038 1952 4093 id
1982 4045 2064 4091 est
2094 4042 2152 4089 ut
2178 4031 2334 4088 initia
2359 4029 2569 4084 viarum
2617 4034 2672 4082 et
2717 4037 2946 4094 operum
2984 4019 3109 4090 ejus
3157 4029 3255 4087 per
3297 4016 3491 4094 Even:

1897 4091 2101 4198 getiam
2133 4123 2557 4176 demonstraret.
2597 4091 2954 4182 Subsequens
2997 4117 3178 4162 autem
3223 4091 3493 4166 divinitati

1901 4219 2200 4278 convenit:
2240 4235 2261 4266 α
2296 4218 2439 4271 Ante
2477 4211 2734 4268 smeulum
2786 4205 3035 4263 fundavit
3080 4218 3168 4259 me
3211 4200 3420 4272 (ibid).
3463 4221 3487 4258 ιι

1901 4310 2045 4380 Quid
2099 4315 2184 4363 est
2244 4305 2428 4360 dicere
2489 4317 2503 4357 :
2562 4303 2700 4356 Ante
2750 4295 2932 4352 omnia
2994 4301 3242 4363 tempore
3305 4287 3495 4361 genuit

1902 4417 1988 4460 me
2016 4399 2044 4458 ‘?
2075 4403 2208 4458 item
2255 4401 2442 4456 dicunt
2495 4411 2508 4452 :
2560 4391 2750 4466 Quare
2790 4401 3014 4447 carnem
3061 4397 3226 4460 quam
3273 4391 3492 4442 creatus

1901 4511 2018 4557 ram
2040 4514 2164 4556 esse
2184 4513 2292 4554 non
2308 4507 2501 4569 neges,
2523 4505 2649 4549 eum
2669 4489 2951 4546 divinitate
2972 4486 3176 4541 adoras
3189 4484 3216 4540 τ
3238 4484 3493 4553 Propter»

1819 4619 1876 4698 1D
1907 4618 1972 4665 ea
2003 4607 2126 4680 quia
2152 4605 2225 4660 ita
2255 4600 2524 4660 divinitati
2550 4597 2700 4654 unita
2731 4600 2832 4660 est,
2882 4601 2940 4650 ut
2977 4591 3081 4647 Dei
3128 4587 3298 4646 Filius
3334 4588 3495 4643 Deut

1903 4705 1975 4762 sit
2004 4713 2056 4762 et
2082 4705 2274 4760 homo.
2299 4699 2546 4772 Denique
2569 4695 2616 4752 si
2638 4693 2917 4750 hominem
2940 4687 3282 4761 separaveris
3301 4697 3334 4740 ι
3354 4685 3491 4750 Deo,

1903 4817 2183 4875 nunquam
2212 4800 2259 4856 ei
2289 4798 2484 4864 servio,
2519 4793 2660 4851 velut
2691 4791 2735 4846 si
2765 4789 2886 4862 quis
2917 4795 3209 4859 purpuram
3245 4789 3337 4837 aut
3373 4780 3497 4835 dies

1907 4901 2068 4957 dema
2096 4898 2278 4972 regale
2307 4895 2566 4963 inveniat,
2600 4888 2847 4960 nunquid
2871 4881 3166 4941 adorabit?
3196 4880 3498 4936 Cum-vero

1907 5011 2003 5055 rex
2032 4993 2188 5053 fuerit
2217 4995 2298 5052 eis
2340 4993 2583 5060 indutus,
2639 4985 2943 5061 periculum
2989 4979 3182 5036 mortis
3227 4977 3494 5035 incurreh

1911 5095 2001 5168 qui
2031 5109 2097 5152 ea
2127 5104 2249 5150 eum
2279 5089 2413 5164 rege
2442 5083 2832 5159 centempserit
2851 5082 3105 5137 adorare.
3129 5076 3188 5133 Bt
3215 5074 3336 5148 quis
3357 5081 3497 5145 ergo

1913 5193 2144 5248 adorare
2173 5185 2558 5258 contempserit
2585 5195 2806 5241 carnem
2834 5176 3018 5236 deiteti
3034 5174 3260 5243 auitam,
3281 5177 3499 5244 poenam

1909 5297 2136 5345 aeternae
2165 5284 2354 5342 mortis
2385 5283 2642 5356 patietur.
3335 5301 3342 5307 .
3385 5281 3415 5309 .·
3478 5265 3486 5276 ‘

1992 5435 2012 5462 ι
2049 5408 2104 5468 Si
2135 5407 2430 5485 diligeretis
2459 5423 2568 5474 me,
2609 5397 2922 5478 gauderetis
2967 5395 3173 5470 utique,
3204 5392 3333 5485 quia
3361 5385 3506 5478 vade

1917 5510 1986 5568 ad
2017 5483 2258 5575 Patrem,
2289 5508 2417 5581 quia
2445 5503 2606 5561 Pater
2637 5502 2815 5572 major
2853 5515 2940 5555 me
2980 5503 3090 5552 est.
3135 5495 3157 5544 ιι
3194 5483 3510 5549 Secundum

1920 5611 2147 5667 formam
2178 5607 2323 5664 servi
2353 5622 2484 5678 puer
2533 5603 2782 5659 Christus
2828 5599 2989 5656 etiam
3037 5591 3362 5668 parentibus
3391 5587 3515 5644 suis

1919 5711 2101 5765 minor
2131 5715 2265 5763 erat.
2298 5699 2648 5766 Gauderetis,
2684 5696 2877 5771 inquit,
2911 5693 3036 5768 quia
3064 5694 3318 5748 humanae
3346 5693 3515 5742 natu-‘-

1923 5825 1997 5864 rte
2028 5802 2406 5880 gratulandum
2437 5807 2538 5866 est,
2571 5815 2692 5869 qua:
2734 5793 2947 5850 levatur
2988 5787 3055 5846 ad
3104 5786 3378 5846 dexteram
3411 5783 3522 5838 Pa:-

1927 5907 2045 5974 tris,
2079 5897 2226 5982 quod
2258 5900 2402 5957 idem
2435 5895 2536 5954 sibi
2567 5901 2791 5969 sperant
2820 5887 3030 5948 caeteri.
3063 5886 3070 5900 "
