3924 6430
408 440 513 496 933

1606 441 1940 496 VVERNERI
1980 441 2268 498 ABBATIS
2309 441 2365 498 S.
2399 441 2622 499 BLASll

3616 447 3714 504 984

485 585 509 612 ι
544 565 611 620 Ει
652 577 799 638 adeo
843 563 956 621 dixi
1000 563 1176 633 vobis,
1226 563 1554 636 priusquam
1603 563 1714 632 ﬁat,
1766 573 1844 633 ut,
1891 582 2015 624 cum
2047 564 2106 632 Α
2133 565 2313 639 ipsum
2343 567 2411 624 de
2441 567 2672 625 occultis
2699 568 2970 627 thesatuis
2999 571 3282 642 sapientius
3305 571 3566 644 producta
3595 581 3715 630 sunt

413 653 614 710 factum
643 653 823 720 fnerit,
874 653 1140 710 credatis.
1179 675 1201 702 ιο
1257 651 1513 708 Ρτωάίχὶι
1563 668 1625 709 se
1670 653 1749 710 ire
1797 654 1864 708 ad
1913 655 2019 710 Pa-

411 750 551 798 trem
581 749 636 798 et
663 742 722 797 hi
753 751 874 814 post
903 751 1138 799 mortem
1170 740 1336 799 visuri
1364 749 1518 799 erant
1561 757 1688 798 eum
1718 742 2016 810 viventem,

415 838 472 888 et
498 831 570 887 ad
601 832 815 887 Patrem
845 831 1261 888 ascendentem.
1292 829 1416 899 Quo
1438 831 1558 886 viso
1580 831 1840 887 credituri
1863 839 2021 888 erant

413 920 561 993 quod
589 920 755 976 Filius
785 919 886 975 Dei
913 927 1064 975 esset
1093 919 1186 992 qui
1215 920 1320 976 hoc
1365 918 1556 990 potuit.
1601 921 1737 975 Nam
1772 918 1909 976 fides
1938 928 2020 976 est

411 1025 592 1066 rerum
627 1025 747 1081 quae
767 1007 1069 1065 creduntur
1098 1016 1153 1063 et
1182 1023 1292 1062 non
1321 1008 1593 1063 videntur.
1615 1008 1908 1076 Credituri,
1936 1010 2018 1065 in-

413 1114 594 1172 quam,
627 1105 783 1154 erant
816 1097 1022 1154 Filium
1056 1097 1155 1153 Dei
1185 1112 1296 1151 non
1329 1112 1472 1152 nova
1501 1095 1630 1163 fide,
1658 1114 1768 1169 qua
1798 1098 2020 1170 etprius

412 1187 778 1252 crediderant,
810 1187 910 1242 sed
939 1193 1100 1242 aucta
1135 1184 1243 1241 fide
1272 1192 1326 1242 et
1351 1185 1572 1253 referta,
1617 1186 1743 1258 quia
1772 1194 1827 1242 et
1857 1186 2020 1244 modo

410 1292 535 1335 cum
568 1276 690 1333 haec
716 1275 944 1346 diceret,
974 1289 1142 1349 parva
1163 1279 1300 1343 erat,
1324 1282 1378 1333 et
1399 1290 1525 1332 cum
1547 1283 1858 1333 moreretur
1878 1292 2022 1351 pene

405 1367 526 1438 jam
556 1364 727 1421 nulla.
1531 1387 1534 1390 -

488 1488 510 1513 α
539 1464 661 1520 Jam
706 1479 819 1520 non
864 1461 1040 1519 multa
1085 1463 1277 1535 loquar
1321 1461 1628 1520 vobiscum.
1682 1463 1842 1520 Venit
1875 1464 2022 1521 enim

410 1552 671 1629 princeps
700 1551 889 1611 mundi
941 1552 1124 1623 hujus,
1177 1560 1232 1609 et
1276 1551 1332 1608 in
1374 1569 1463 1608 me
1508 1568 1620 1610 non
1663 1553 1830 1609 habet
1859 1553 2023 1627 quid-

414 1659 597 1717 quam.
638 1665 660 1692 ο
697 1641 960 1714 Princeps
988 1649 1336 1712 peccatorum
1378 1657 1490 1697 non
1519 1651 1841 1698 naturarum
1873 1642 2025 1699 venit

412 1740 636 1804 accepta
663 1731 880 1788 licentia
906 1747 938 1785 a
968 1731 1108 1797 Deo,
1159 1737 1214 1785 nt
1259 1746 1349 1786 me
1391 1731 1568 1787 tradat
1597 1731 1653 1786 in
1698 1748 1893 1787 manus
1919 1733 2022 1787 Ju—

411 1822 681 1886 dazorum,
715 1827 769 1876 et
798 1835 904 1893 ego
933 1827 1130 1892 sponte
1161 1834 1383 1890 sequar,
1416 1834 1548 1876 cum
1578 1818 1636 1874 in
1666 1837 1755 1876 me
1784 1837 1894 1876 non
1931 1821 2025 1875 ha-

413 1911 508 1966 bet
537 1909 830 1981 quidquam
863 1908 1008 1981 quod
1053 1908 1124 1964 ad
1171 1924 1233 1964 se
1281 1908 1570 1980 pertineat.
1618 1909 1804 1964 Noluit
1834 1909 2022 1966 Domi—
2050 1931 2104 1992 Β

414 2016 521 2067 nus
549 1998 756 2054 habere
785 1998 929 2070 quod
957 1997 1234 2068 perderet.
1269 1997 1484 2068 Pauper
1513 1996 1678 2064 venit,
1702 2014 1770 2053 ne
1797 1998 2025 2054 haberet

417 2086 849 2162 diabolus'quod
884 2085 1141 2142 auferret.
1187 2085 1446 2158 Princeps
1488 2085 1677 2141 mundi
1727 2085 1894 2158 hujus
1940 2095 2023 2145 est

419 2176 676 2233 diabolus
709 2190 723 2244 ;
756 2174 1014 2241 mundus,
1049 2175 1236 2231 mundi
1255 2183 1545 2232 amatores.
1570 2175 1726 2233 Unde
1756 2177 2024 2247 scriptum

420 2274 510 2322 est
540 2284 555 2322 :
592 2287 613 2313 ιι
650 2263 754 2336 Qui
783 2264 1015 2321 voluerit
1044 2281 1167 2320 esse
1199 2264 1410 2322 amicus
1432 2263 1599 2336 hujus
1619 2264 1822 2334 saeculi,
1848 2265 2025 2322 inimi-

420 2371 520 2412 cus
548 2355 648 2412 Dei
678 2353 1027 2412 constituitur
1056 2355 1197 2424 (Jac.
1229 2357 1328 2422 ιν).
1367 2377 1390 2402 ι.

497 2474 520 2499 οι
555 2451 663 2508 Sed
691 2454 754 2508 ut
775 2458 1075 2524 cognoscat
1123 2451 1360 2506 mundus
1407 2451 1538 2524 quia
1587 2451 1757 2525 diligo
1785 2453 2023 2522 Patrem,

420 2548 474 2598 et
504 2541 644 2598 sicut
672 2540 991 2599 mandatum
1020 2540 1172 2597 dedit
1200 2539 1333 2595 mihi
1362 2539 1441 2597 sic
1490 2540 1653 2597 facio.
1690 2564 1711 2589 n
1746 2541 1863 2600 Hoc
1890 2547 2024 2598 sub-

414 2630 551 2703 jecit
583 2629 738 2704 quasi
767 2629 815 2684 ei
847 2629 1126 2686 diceretur
1158 2647 1172 2685 :
1204 2627 1313 2685 Cur
1338 2629 1592 2696 moreris,
1638 2630 1685 2684 si
1713 2647 1824 2686 non
1852 2631 2027 2688 habes

421 2727 710 2792 peccatum
735 2719 764 2774 ’ἒ
794 2717 932 2788 Quia
981 2719 1143 2775 Pater
1181 2717 1482 2774 mandavit.
1534 2719 1851 2775 Notandum
1895 2736 2028 2778 sane

423 2807 557 2882 quia
584 2808 747 2867 Pater
777 2806 997 2863 tradidit
1024 2806 1240 2863 Filium.
1289 2807 1454 2864 Filius
1485 2806 1745 2879 seipsum,
1779 2809 2027 2882 discipu-

424 2896 511 2953 lus
541 2896 894 2969 magiatram,
924 2895 1179 2952 diabolus
1233 2896 1593 2966 Salvatorem,
1634 2896 1808 2954 Judzei
1835 2915 2025 2972 regem

423 3000 580 3041 suum
613 2985 872 3060 gentibus
899 2993 958 3042 et
1003 2985 1172 3042 cruci.
1218 2985 1364 3044 Ecce
1409 3000 1548 3060 opus
1587 2980 1892 3058 commune,
1928 2988 2027 3046 sed

423 3072 731 3138 voluntates
763 3072 928 3130 valde
968 3071 1225 3132 diversae.

688 3208 927 3269 SERMO
964 3209 1042 3266 IN
1077 3209 1199 3266 DIE
1237 3210 1756 3271 PENTECOSTES.

499 3347 524 3373 α
561 3323 740 3381 Verbo
763 3323 982 3381 Domini
1012 3323 1136 3380 οωιὶ
1159 3323 1358 3381 ﬁrmati
1387 3333 1534 3394 sunt,
1565 3335 1621 3383 et
1666 3326 1889 3397 spiritus
1918 3325 2030 3382 oris

423 3414 546 3484 ejus
571 3413 758 3470 omnis
786 3412 963 3468 virtus
991 3429 1182 3470 eorum
1205 3413 1401 3485 (Psal.
1427 3417 1633 3486 χχχιι).
1658 3439 1681 3466 ι
1717 3418 1820 3472 Per
1838 3415 2030 3473 Filium

424 3501 519 3574 qui
547 3509 632 3558 est
655 3500 760 3558 Dei
789 3501 1048 3570 Verbum,
1075 3518 1188 3560 non
1216 3503 1398 3560 solum
1427 3504 1572 3574 caeli,
1617 3505 1718 3562 sed
1759 3513 1814 3561 et
1849 3506 2032 3562 omnia

422 3607 498 3648 ex
525 3590 700 3647 nihilo
729 3599 858 3646 sunt
885 3599 1096 3657 creata,
1128 3600 1182 3648 et
1211 3608 1280 3648 ne
1327 3592 1383 3648 in
1404 3593 1633 3652 nihilum
1660 3593 2028 3663 resolvantur,

424 3679 625 3738 eodem
653 3680 824 3737 verbo
852 3679 1088 3747 timete,
1122 3684 1180 3736 et
1208 3681 1405 3753 spiritu
1433 3683 1548 3738 oris
1572 3683 1689 3753 ejus
1710 3685 1890 3739 omnis
1919 3683 2032 3739 viro

425 3776 516 3824 tus
543 3783 746 3826 eorum
763 3776 974 3826 ornata.
994 3769 1198 3842 Angeli
1217 3785 1437 3843 quoque
1451 3778 1576 3828 sunt
1602 3770 1728 3828 caeli
1747 3771 2030 3845 appellati,

429 3857 560 3932 quia
585 3857 710 3916 aliis
736 3857 1144 3927 eorruentibus,
1170 3875 1268 3930 per
1289 3860 1530 3916 Verbum
1553 3861 1654 3916 Dei
1689 3860 1747 3916 in
1765 3861 2032 3919 eharitate

427 3954 556 4004 sunt
583 3945 807 4013 firmati,
840 3954 896 4003 et
932 3963 1039 4020 per
1083 3947 1346 4018 Spiritum
1393 3949 1514 4019 ejus
1556 3949 1613 4004 in
1641 3950 1791 4007 omni
1837 3951 2032 4008 virtute

427 4035 744 4110 perornati.
783 4036 938 4094 Unde
966 4034 1236 4108 scriptum
1265 4044 1352 4094 est
1395 4054 1411 4093 :
1454 4037 1690 4109 Spiritus
1731 4039 1832 4095 Dei
1862 4039 2032 4097 ccelos

428 4126 651 4183 ornavit
673 4125 790 4191 (Job
817 4127 986 4196 xxvi),
1019 4125 1144 4198 quia
1173 4133 1226 4182 et
1252 4126 1390 4182 istos
1416 4127 1588 4183 ctelos
1619 4128 1804 4196 astris,
1845 4137 1900 4185 et
1927 4144 2032 4185 an-

429 4214 590 4288 gelos
617 4212 908 4269 virtutibus
935 4214 1236 4272 decoravit.
1269 4216 1373 4271 Per
1403 4216 1596 4272 Filium
1625 4217 1825 4289 quippe
1851 4233 2030 4291 ange-

432 4302 526 4360 liei
552 4301 780 4375 spiritus
807 4311 1085 4369 creantur,
1115 4303 1214 4360 sed
1242 4320 1345 4376 per
1375 4305 1635 4377 Spiritum
1663 4315 1914 4362 sanctum
1944 4307 2031 4364 vi-

431 4389 738 4449 viﬁcantur.
761 4391 874 4448 Per
893 4391 1088 4448 Filium
1106 4391 1245 4450 lucis
1263 4393 1576 4450 substantia
1591 4394 1764 4451 eluxit
1777 4416 1794 4464 ;
1809 4397 1910 4452 sed
1933 4414 2033 4469 per

431 4488 698 4561 Spiritum
724 4497 973 4546 sanctum
1001 4489 1270 4562 splendor
1296 4491 1421 4564 ejus
1441 4490 1667 4549 effulsit.
1709 4493 1812 4550 Per
1832 4494 2028 4551 Filium

429 4586 836 4646 ﬁrmamentum
863 4587 1171 4658 formatur;
1201 4589 1299 4646 sed
1345 4607 1445 4663 per
1489 4592 1750 4664 Spiritum
1780 4601 2032 4650 sanctum

433 4685 606 4744 celeri
634 4683 1232 4756 volubilitaterotatur.
1282 4688 1384 4744 Per
1425 4687 1622 4744 Filium
1665 4688 1767 4756 sol,
1801 4696 1852 4746 et
1881 4688 2030 4759 luna,

435 4791 491 4842 et
508 4782 695 4840 sidera
723 4782 1066 4856 temporibus
1085 4781 1488 4856 praeﬁciuntur;
1521 4785 1621 4842 sed
1641 4801 1742 4856 per
1763 4785 2030 4858 Spiritum

431 4888 682 4938 sanctum
711 4880 849 4938 lucis
895 4880 1075 4941 nitore
1115 4881 1514 4954 perpoliuntur.
1560 4883 1662 4939 Per
1701 4883 1898 4940 Filium
1930 4884 2032 4940 ﬂu-

430 4980 586 5040 mina
611 4977 908 5037 funduntur
937 4997 951 5044 ;
982 4980 1086 5038 sed
1114 4995 1216 5052 per
1246 4980 1506 5052 Spiritum
1534 4989 1782 5040 sanctum
1809 4981 2030 5040 labilem

431 5092 654 5136 cursum
685 5077 1010 5135 sortiuntur.
1051 5079 1151 5136 Per
1179 5079 1374 5136 Filium
1423 5088 1568 5136 terra
1597 5079 1897 5148 formatur;
1932 5083 2032 5139 sed

429 5191 536 5249 per
560 5174 824 5248 Spiritum
851 5183 1106 5232 sanctum
1146 5175 1416 5234 fructibus
1462 5186 1515 5235 et
1542 5177 1771 5235 ﬂoribus
1799 5177 2031 5237 decora-

427 5280 536 5331 tur.
569 5274 673 5331 Per
701 5272 896 5330 Filium
924 5273 1142 5332 diversa
1191 5275 1446 5333 animalia
1486 5277 1894 5349 producuntur;
1926 5279 2030 5336 sed

424 5387 530 5443 per
579 5371 840 5445 Spiritum
893 5380 1146 5430 sanctum
1183 5372 1336 5430 vitali
1391 5382 1534 5431 statu
1590 5374 1926 5444 imbuuntur,
1976 5385 2030 5436 et

424 5483 560 5524 aves
588 5467 794 5535 volatu,
825 5467 1012 5540 pisces
1041 5477 1245 5536 natatu,
1281 5469 1489 5538 bestiae,
1533 5470 1764 5542 reptilia,
1800 5487 2029 5545 serpen-

425 5563 504 5619 tia
530 5580 730 5634 gressu
759 5580 864 5638 per
893 5580 1016 5621 eum
1047 5564 1361 5622 fulciuntur.
1395 5565 1499 5622 Per
1535 5566 1731 5624 Filium
1763 5568 1925 5624 homo
1954 5569 2025 5624 ad

420 5658 718 5736 imaginem
746 5663 848 5721 Dei
877 5663 1212 5736 plasmatur;
1245 5667 1345 5724 sed
1363 5683 1465 5740 per
1485 5665 1749 5740 Spiritum
1771 5673 2022 5726 sanctum

417 5756 475 5814 in
501 5760 689 5817 anima
730 5760 1052 5819 vivificatur.
1100 5765 1333 5836 Spiritus
1375 5773 1596 5823 sanctus
1643 5767 1870 5839 inspirat
1929 5769 2019 5823 di-

421 5869 588 5914 versa
613 5857 868 5932 ingenia;
898 5859 1016 5932 ipse
1047 5862 1208 5917 etiam
1237 5863 1332 5918 dat
1377 5863 1600 5920 diversa
1628 5863 1872 5921 artificia.
1905 5865 2022 5922 Per

2059 3296 2109 3362 C

2061 4665 2114 4728 D

2127 655 2447 713 multimoda
2495 657 2717 714 ﬂumina
2789 659 3216 731 Scripturarum.
3291 661 3393 718 Per
3458 662 3714 734 Spiritum

2129 754 2378 803 sanctum
2409 747 2741 826 patriarchae
2771 749 2839 805 de
2887 746 3106 806 Christo
3153 759 3206 806 et
3254 751 3498 826 Ecclesia
3544 751 3714 807 futura

2127 835 2322 908 ﬁguris
2351 836 2717 909 designabant
2747 857 2760 902 ;
2795 855 2894 910 per
2918 839 3094 909 ipsum
3126 840 3402 912 propheta:
3423 840 3585 897 locuti
3614 857 3713 896 ea-

2127 923 2252 980 dem
2295 925 2590 996 Scripturis
2619 928 3124 997 praemonstrabant.
3151 931 3252 984 Per
3279 929 3455 1001 ipsum
3484 929 3718 1001 apostoii

2128 1011 2459 1081 confirmati,
2493 1023 2772 1072 transacta
2799 1016 2990 1072 eadem
3014 1017 3067 1072 in
3088 1017 3291 1073 mundo
3314 1019 3676 1089 praedicabant
3697 1035 3715 1079 :

2127 1119 2226 1175 per
2281 1103 2461 1174 ipsum
2512 1105 2766 1162 doctores
2817 1105 3072 1177 inspirati
3131 1107 3436 1179 Scripturas
3485 1124 3720 1179 expone-

2127 1190 2282 1248 bant.
2315 1193 2418 1248 Per
2447 1193 2646 1248 Filium
2679 1195 2841 1250 homo
2888 1195 3207 1267 redemptus
3250 1213 3281 1251 a
3326 1204 3499 1252 morte
3529 1196 3722 1270 libera.

2127 1287 2214 1336 tur
2245 1299 2258 1345 ;
2290 1281 2387 1337 sed
2416 1298 2515 1352 per
2545 1282 2806 1354 Spiritum
2836 1293 3079 1340 sanctum
3111 1284 3167 1339 in
3197 1285 3518 1356 baptismate
3537 1286 3604 1340 ad
3633 1287 3722 1341 vi-

2129 1377 2237 1424 tam
2292 1379 2682 1444 regeneratur.
2744 1373 2844 1428 Per
2898 1372 3145 1443 spiritum
3202 1382 3449 1430 sanctum
3497 1383 3723 1446 peccata

2130 1458 2481 1527 relaxantur;
2515 1477 2615 1533 per
2635 1459 2814 1534 ipsum
2843 1461 3039 1518 animas
3067 1477 3097 1517 a
3129 1471 3296 1520 morte
3326 1463 3608 1520 criminum
3637 1480 3724 1520 re-

2131 1548 2485 1604 suscitantur.
2546 1550 2649 1606 Per
2699 1549 2960 1622 Spiritum
3015 1559 3257 1607 sanctum
3307 1553 3461 1607 multi
3519 1553 3724 1610 saeculo

2131 1645 2446 1708 contempto
2507 1638 2821 1712 religiosam
2859 1640 3022 1695 vitam
3074 1641 3340 1696 duxerunt
3371 1656 3387 1710 ;
3420 1658 3518 1712 per
3543 1642 3723 1712 ipsum

2130 1725 2352 1798 plurimi
2379 1726 2552 1800 signis
2586 1736 2640 1784 et
2678 1727 2946 1801 prodigiis
2996 1728 3281 1786 fulserunt.
3333 1732 3433 1786 Per
3463 1731 3721 1802 Spiritum

2133 1823 2379 1871 sanctum
2429 1816 2593 1872 etiam
2646 1817 2808 1873 hodie
2863 1817 3109 1891 plerique
3138 1819 3208 1873 ad
3251 1818 3530 1875 meliorem
3562 1821 3721 1876 vitam

2131 1913 2568 1969 convertuntur;
2601 1923 2700 1977 per
2750 1907 2930 1978 ipsum
2987 1907 3338 1981 quamplures
3383 1908 3450 1963 ad
3479 1909 3722 1964 cmiestia

2130 2002 2312 2050 mente
2345 1994 2650 2066 rapiuntur.
2677 1995 2779 2052 Per
2806 1996 3006 2053 Filium
3040 1997 3098 2051 fit
3128 1998 3454 2054 resurrectio
3485 2005 3721 2054 mortuo-

2132 2099 2250 2138 rum
2283 2101 2297 2146 ;
2330 2100 2430 2154 per
2460 2082 2726 2156 Spiritum
2779 2094 3025 2141 sanetum
3072 2083 3130 2141 fit
3174 2085 3477 2142 immutatio
3507 2103 3717 2142 eorum.

2131 2172 2238 2228 Per
2266 2172 2457 2228 Filium
2489 2173 2728 2229 mundus
2777 2173 3054 2242 judicatur
3098 2192 3113 2238 ;
3171 2191 3271 2247 per
3299 2175 3559 2246 Spiritum
3586 2191 3720 2230 san-

2133 2270 2280 2319 ctum
2307 2272 2537 2334 utraque
2566 2279 2696 2335 pars
2723 2267 2867 2333 juste
2925 2273 3327 2322 remuneratur.
3385 2269 3489 2322 Per
3530 2268 3720 2323 Filium

2133 2353 2283 2408 Deus
2313 2353 2471 2409 Pater
2495 2353 2698 2408 cmlum
2746 2369 2948 2409 novum
2996 2362 3050 2410 et
3091 2362 3289 2411 terram
3325 2371 3522 2412 novam
3563 2371 3723 2413 crea~

2134 2440 2236 2506 bit,
2258 2441 2356 2497 sed
2387 2441 2621 2512 Spiritus
2652 2450 2879 2499 sanctus
2920 2443 3176 2499 universa
3206 2444 3260 2498 in
3298 2443 3579 2501 meliorem
3609 2454 3724 2500 sta-

2135 2538 2249 2587 tum
2273 2530 2579 2587 renovabit.
2608 2530 2818 2588 Caelum
2849 2547 3046 2604 nempe
3067 2548 3168 2603 per
3188 2532 3366 2604 ipsum
3387 2533 3518 2589 solis
3545 2534 3726 2606 splen-

2136 2620 2274 2677 dore
2295 2620 2585 2685 induetur;
2619 2636 2718 2692 per
2748 2621 2927 2692 ipsum
2948 2619 3031 2678 sol
3061 2622 3399 2694 septemplici
3419 2621 3618 2679 lumine
3636 2640 3729 2680 ve-

2135 2710 2356 2777 stietur;
2387 2726 2486 2781 per
2511 2709 2689 2780 ipsum
2720 2710 2953 2766 radiabit
2982 2711 3108 2766 luna
3137 2711 3268 2766 solis
3307 2711 3550 2768 claritate
3579 2727 3595 2782 ;
3626 2728 3726 2784 per

2135 2797 2314 2869 ipsum
2344 2799 2592 2854 vernahit
2623 2806 2766 2856 terra
2793 2799 3037 2871 paradisi
3089 2800 3416 2857 alneenitate.
3456 2802 3605 2857 Tunc
3633 2802 3725 2858 Fi-

2136 2886 2242 2944 lius
2299 2887 2370 2943 de
2437 2886 2624 2944 labore
2685 2887 2980 2944 translatos
3036 2888 3196 2946 faciet
3260 2889 3622 2958 discumbere,
3669 2896 3727 2948 et

2137 2978 2404 3033 transiens
2434 2977 2541 3032 illis
2577 2977 2924 3046 ministrabit,
2973 2978 3102 3050 quia
3140 2979 3209 3035 de
3237 2979 3440 3050 judicio
3483 2980 3720 3048 rediens,

2138 3065 2342 3122 electos
2371 3082 2468 3138 pro
2499 3066 2732 3121 diversis
2775 3067 2984 3123 meritis
3022 3067 3075 3122 in
3114 3068 3350 3124 diversis
3379 3068 3535 3124 faciet
3565 3085 3723 3123 man-

2137 3153 2385 3211 sionibus
2429 3155 2793 3227 requiescere,
2843 3164 2899 3211 et
2953 3156 3184 3228 gloriam
3231 3173 3343 3213 sure
3395 3157 3604 3212 dcitatis
3643 3157 3724 3212 eis

2138 3243 2276 3300 facie
2324 3244 2392 3298 ad
2439 3243 2638 3300 faciem
2685 3245 3079 3301 demonstrabit
3127 3237 3141 3312 ;
3214 3246 3450 3318 Spiritus
3505 3254 3724 3305 sanctus

2141 3349 2276 3390 vero
2305 3333 2494 3389 tribuit
2522 3333 2601 3388 eis
2623 3334 2766 3389 velut
2789 3333 2945 3402 jubar
2975 3335 3105 3390 solis
3135 3335 3295 3406 pleno
3318 3335 3515 3407 gaudio
3543 3335 3724 3407 splen-

2139 3423 2386 3491 descere,
2419 3430 2473 3480 et
2511 3419 2830 3482 Trinitatem
2871 3423 2929 3484 in
2978 3423 3184 3483 unitate
3229 3425 3465 3500 perfecte
3509 3439 3723 3498 cogno-

2140 3526 2318 3570 scere.

2817 3671 3056 3717 ωνιειο.

2212 3866 2343 3924 Haec
2371 3866 2640 3924 festivitas
2662 3867 2895 3941 Spiritus
2925 3868 3100 3925 sancti
3129 3885 3228 3942 per
3252 3877 3455 3942 septem
3485 3869 3603 3926 dies
3633 3884 3730 3926 ce—

2141 3953 2404 4023 lebratur,
2437 3957 2561 4029 quia
2590 3958 2708 4029 ipse
2737 3958 2792 4013 in
2823 3966 3034 4029 septem
3077 3959 3233 4015 donis
3278 3969 3587 4026 veneratur,
3619 3959 3728 4014 sic-

2141 4053 2199 4100 ut
2226 4061 2328 4117 per
2355 4047 2676 4117 prOphetam
2723 4048 3116 4118 praenuntiatur
3147 4062 3161 4103 :
3191 4071 3213 4096 α
3250 4047 3478 4119 Spiritus
3510 4049 3730 4118 sapien-

2141 4133 2229 4191 tia:
2259 4142 2312 4190 et
2349 4135 2674 4202 intellectus,
2727 4135 2950 4207 spiritus
2987 4135 3206 4192 consilii
3243 4145 3298 4192 et
3343 4135 3670 4192 fortitudinis
3710 4153 3725 4200 ;

2142 4223 2366 4295 spiritus
2387 4223 2626 4280 scientia:
2655 4232 2709 4280 et
2737 4224 2972 4296 pietatis,
3023 4225 3246 4295 spiritus
3289 4225 3497 4280 timoris
3532 4225 3727 4280 Domi-

2139 4312 2197 4367 ni
2226 4312 2356 4384 (Ira.
2389 4314 2537 4384 1(1).»
2571 4313 2700 4370 Ηίεο
2730 4321 2856 4370 sunt
2883 4322 3092 4384 septem
3123 4314 3392 4380 mulieres,
3426 4331 3546 4387 quae
3563 4331 3728 4370 unum

2140 4401 2313 4458 virum
2355 4403 2831 4473 apprehenderunt
2887 4405 3020 4474 Usa.
3073 4404 3168 4472 ιν),
3213 4404 3337 4476 quia
3377 4413 3582 4474 septem
3627 4405 3728 4460 do-

2139 4507 2208 4546 na
2239 4491 2473 4562 Spiritus
2502 4492 2677 4548 sancti
2706 4492 2881 4547 solum
2908 4491 3184 4547 Christum
3206 4493 3562 4564 corporaliter
3590 4509 3730 4565 pos-

2140 4581 2427 4636 sederunt.
2478 4582 2648 4651 llujus
2687 4581 2925 4652 Spiritus
2973 4582 3116 4638 dona
3171 4581 3414 4637 crelestia
3468 4583 3729 4638 scandent

2145 4686 2337 4726 omnes
2368 4669 2458 4742 qui
2489 4671 2678 4726 timent
2707 4672 2907 4726 Deum.
2949 4672 3052 4727 Per
3083 4676 3262 4745 ipsum
3312 4687 3541 4742 namque
3568 4670 3728 4726 timor

2139 4759 2414 4827 tribuitur,
2448 4759 2538 4832 qui
2567 4760 2621 4815 in
2653 4759 2761 4815 duo
2809 4761 3086 4817 dividitur.
3127 4762 3267 4815 Nam
3310 4768 3392 4814 est
3422 4760 3581 4814 timor
3606 4776 3727 4815 ser-

2140 4849 2264 4905 vilis
2296 4858 2348 4904 et
2374 4857 2456 4904 est
2483 4849 2646 4905 timor
2688 4847 2889 4904 filialis.
2937 4850 3140 4905 Servus
3190 4849 3388 4922 quippe
3433 4849 3580 4903 timet
3623 4849 3727 4904 Do-

2141 4937 2367 5005 minum,
2399 4954 2468 4992 ne
2506 4955 2632 4994 eum
2679 4938 2936 5004 damnet;
2987 4937 3132 4993 filius
3178 4939 3330 4994 timet
3380 4939 3614 5004 Patrem,
3666 4954 3735 4994 ne

2141 5043 2265 5085 cum
2295 5028 2627 5084 exhteredet.
2659 5029 2966 5098 (AUGUST.)
3009 5049 3033 5079 ι
3069 5028 3244 5082 Timet
3274 5027 3520 5083 adultera
3568 5027 3734 5082 mari-

2141 5125 2278 5184 tum,
2319 5133 2390 5172 ne
2428 5117 2656 5183 veniat;
2705 5117 2860 5172 timet
2905 5131 3043 5172 uxor
3083 5125 3253 5183 casta,
3287 5133 3354 5172 ne
3398 5116 3662 5172 discedat.
3703 5137 3730 5165 ι

2141 5207 2277 5263 Cum
2325 5206 2560 5279 Spiritus
2602 5214 2854 5272 sanctus,
2905 5205 2998 5278 qui
3061 5215 3144 5261 est
3190 5206 3450 5272 cbaritas,
3493 5212 3730 5260 mentem

2138 5295 2466 5370 possederit.
2501 5296 2752 5352 servilem
2801 5296 3052 5352 timerem
3091 5294 3238 5350 foras
3286 5295 3492 5350 emittet
3524 5311 3537 5358 ;
3568 5294 3729 5349 timor

2139 5388 2321 5440 autem
2350 5381 2581 5453 Spiritus
2610 5380 2827 5436 Domini
2856 5380 2912 5438 in
2942 5380 3200 5436 saeculum
3221 5380 3406 5436 szeculi
3426 5387 3725 5452 permanet.

2135 5471 2262 5528 Jam
2301 5472 2446 5526 enim
2476 5471 2784 5544 gehennam
2814 5477 2870 5524 ut
2898 5485 3090 5526 servus
3122 5469 3332 5540 peccati
3364 5485 3471 5524 non
3499 5467 3721 5533 timebit,

2137 5561 2264 5633 quia
2293 5559 2504 5614 nullum
2532 5568 2815 5630 peccatum
2846 5558 3186 5613 committere
3226 5558 3439 5629 quaerit.
3480 5558 3593 5612 Deo
3625 5572 3722 5610 au-

2134 5657 2243 5706 tem
2271 5664 2327 5705 ut
2353 5647 2494 5703 filius
2530 5666 2629 5719 per
2671 5648 3090 5703 delectationem
3130 5647 3381 5702 virtutum
3411 5645 3721 5709 adhaerebit,

2131 5761 2186 5809 et
2213 5752 2338 5808 ideo
2366 5752 2485 5821 ejus
2514 5751 2884 5808 hmreditatem
2915 5749 3237 5822 possidebit.
3266 5749 3352 5802 Ab
3386 5747 3556 5820 ipsius
3594 5763 3722 5817 gra-

2130 5859 2201 5915 tia
2222 5860 2566 5917 obtineamUS
2600 5858 2833 5928 orando,
2885 5865 3153 5930 quatenus
3195 5871 3293 5911 nos
3343 5855 3485 5912 s‘er'vi
3525 5844 3723 5908 Domi-

418 5949 680 6026 Spiritum
710 5963 964 6025 sanctum
993 5955 1121 6014 data
1149 5966 1276 6016 sunt
1304 5975 1508 6031 genere
1536 5960 1881 6033 linguarum;
1913 5966 2022 6035 per
2127 5977 2259 6020 num
2285 5965 2465 6021 Deum
2495 5962 2741 6019 ntiStrum
2778 5960 3084 6032 timeamus;
3117 5975 3147 6016 a
3185 5959 3331 6016 malo
3371 5955 3712 6023 declinanda,
