3924 6404
155 449 263 504 985

1164 452 1740 511 DEFLORATlONES
1778 452 1883 510 SS.
1929 453 2226 514 PATRUM.
2255 489 2327 500 —
2361 455 2488 514 LIB.
2529 460 2573 517 ῐ.

3407 454 3508 512 986

155 590 228 630 ne
257 590 365 631 nos
417 591 531 647 per
561 584 951 652 contemptum
999 586 1388 651 praceptorum
1429 595 1646 636 suorum
1701 578 1804 635 ali-
1833 577 1888 640 A
1923 586 2032 637 tum
2062 583 2140 636 eis
2167 582 2358 648 inﬂuit,
2399 584 2543 655 quod
2581 584 2659 639 eis
2687 583 2875 640 notitia
2897 583 3139 639 omnium
3177 596 3353 638 rerum
3403 579 3504 635 tri-

156 665 388 734 quando
421 667 626 736 pinnis
659 667 861 724 subdat
890 682 906 737 ;
935 667 1046 725 imo
1091 669 1238 725 velut
1278 671 1458 725 hostes
1502 669 1605 725 sibi
1634 668 1807 725 rebel-

155 751 238 807 les
264 754 505 809 aeternis
570 756 868 812 tormentis
894 756 1097 828 puniat.
1157 757 1429 830 Rogemus
1455 772 1577 814 eum
1624 764 1682 811 ut
1715 756 1806 811 in-

155 850 270 896 star
295 841 563 899 ﬁliorum
615 844 842 901 Israelis
894 861 1195 912 vereamur,
1244 853 1302 900 ut
1329 853 1555 918 patrem,
1601 844 1806 902 bonum

158 939 449 1009 iaciendo,
491 949 784 1011 quatenus
837 943 1143 999 cohaeredes
1194 942 1289 998 ﬁlii
1335 943 1416 998 sui
1451 943 1619 998 simus
1668 943 1808 1000 facie

159 1028 336 1085 Patris
359 1030 752 1099 perfruendo.
813 1031 938 1087 Post
965 1031 1212 1088 timorem
1259 1032 1352 1089 dat
1406 1032 1633 1104 Spiritus
1685 1033 1806 1103 pie-

158 1124 352 1185 tatem,
394 1126 458 1172 ut
483 1121 674 1175 homo
697 1119 886 1176 factori
913 1136 1012 1176 suo
1034 1120 1225 1176 devote
1241 1121 1456 1188 serviat,
1485 1122 1807 1192 etproximo

158 1224 286 1279 qua:
315 1209 663 1278 praevalent
685 1209 832 1265 bona
849 1209 1147 1280 impendat.
1180 1210 1388 1267 Deinde
1409 1210 1687 1266 scientiam
1715 1210 1806 1265 in-

156 1305 356 1374 spirat,
434 1314 502 1360 ut
567 1307 711 1377 quid
750 1309 912 1364 homo
956 1308 1133 1364 facere
1189 1309 1273 1364 vel
1301 1309 1541 1365 devitarc
1591 1308 1804 1376 debeat,

159 1393 321 1450 sciat.
354 1394 499 1451 Post
529 1396 686 1452 hanc
707 1395 960 1452 fortitudo
1009 1397 1080 1452 ab
1108 1397 1226 1468 ipso
1254 1397 1502 1464 donatur,
1533 1405 1592 1453 ut
1643 1399 1806 1452 homo

163 1498 269 1537 nec
295 1483 562 1550 blandis,
599 1500 709 1540 nec
750 1485 989 1541 adversis
1035 1485 1103 1541 ad
1133 1486 1262 1542 vitia
1283 1485 1541 1542 ﬂectatur.
1601 1485 1809 1542 Deinde

164 1571 475 1628 consilium
541 1572 752 1629 rationi
789 1573 1175 1643 subministrat,
1206 1582 1264 1630 ut
1291 1573 1419 1630 utile
1471 1575 1655 1646 eligat,
1712 1589 1807 1630 no-

165 1683 332 1724 cuum
367 1679 640 1741 respuat.
673 1672 798 1727 Post
826 1673 930 1727 hoc
971 1671 1295 1727 intellectum
1327 1679 1559 1744 praestat,
1599 1680 1656 1726 ut
1683 1671 1807 1727 ani-

165 1774 258 1814 ma
287 1774 392 1831 per
453 1759 714 1816 visibilia
742 1761 1070 1833 sempiterna
1127 1761 1414 1833 intelligat.
1467 1760 1672 1818 Deinde
1725 1775 1807 1814 sa-

1912 668 2046 725 buit.
2092 671 2353 728 lneffabili
2400 674 2635 729 amicitia
2679 674 3013 744 copulantur,
3074 672 3198 743 quia
3245 671 3410 726 aDeo
3442 676 3500 724 ut

1913 759 2030 830 filii,
2088 761 2157 816 ab
2187 763 2394 834 angelis
2427 770 2486 817 ut
2528 764 2715 818 fratres
2753 771 3017 818 amantur.
3059 757 3503 831 lneomparabilis

1913 850 2201 906 concordia
2227 867 2321 907 eos
2358 852 2712 923 conglutinat,
2753 853 2879 922 quia
2906 867 3006 907 nec
3040 852 3203 918 Deus,
3247 865 3346 904 nec
3389 848 3497 903 ali-

1915 947 2034 1016 quis
2061 956 2363 1003 sanctorum
2393 949 2462 1004 ab
2508 949 2746 1019 ipsorum
2786 949 3054 1003 voluntate
3083 947 3369 1015 discrepat.
3403 946 3499 999 ln-

1914 1037 2216 1092 mstimabili
2249 1045 2504 1108 potestate
2533 1037 2904 1105 sublimantur,
2945 1037 3070 1106 quia
3108 1051 3247 1091 novo
3267 1035 3404 1090 ctulo
3448 1042 3502 1090 et

1915 1141 2071 1180 nova:
2102 1134 2254 1181 terrae
2282 1127 2671 1198 principantur.
2710 1125 3058 1183 lnenarrabili
3097 1127 3304 1180 honore
3340 1123 3497 1179 exal-

1916 1221 2109 1283 tantur,
2141 1217 2267 1286 quia
2294 1216 2364 1270 ab
2391 1216 2507 1286 ipso
2536 1217 2650 1272 Deo
2679 1223 2732 1270 et
2757 1215 2826 1270 ab
2853 1214 3114 1270 universis
3154 1214 3362 1286 angelis
3403 1230 3497 1269 ve-

1912 1322 2183 1369 nerantur.
2216 1315 2438 1370 Summa
2466 1315 2744 1370 securitate
2776 1314 2997 1385 pollent,
3030 1313 3154 1383 quia
3182 1329 3340 1368 nemo
3376 1313 3494 1368 hzec

1914 1411 1983 1466 ab
2013 1411 2090 1465 eis
2117 1429 2349 1482 unquam
2384 1413 2547 1467 tollet.
2592 1413 2815 1466 Plenum
2860 1410 3116 1482 gaudium
3160 1410 3213 1464 in
3253 1410 3334 1464 his
3379 1407 3494 1463 siue

1911 1497 2017 1554 ﬁne
2048 1499 2323 1555 habebunt
2353 1515 2366 1568 ;
2398 1517 2586 1556 omnes
2617 1501 2819 1555 amicos
2858 1515 3005 1566 suos,
3067 1514 3200 1568 quos
3241 1497 3495 1568 diligunt,

1913 1587 2103 1643 iisdem
2132 1588 2289 1644 bonis
2320 1589 2419 1644 frui
2439 1596 2694 1660 perpetuo
2719 1587 3049 1660 gaudebunt.
3072 1588 3198 1642 Ilaec
3218 1586 3497 1641 suntdona

1914 1702 2034 1756 quae
2073 1688 2308 1742 Christus
2345 1688 2397 1741 in
2437 1689 2601 1742 altum
2637 1687 2927 1743 ascendens
2973 1684 3281 1740 hominibus
3326 1683 3492 1752 dedit,

1913 1790 2046 1844 quos
2075 1791 2107 1831 a
2161 1775 2378 1832 diabolo
2425 1784 2630 1845 captos,
2688 1775 2756 1831 de
2810 1783 2978 1830 morte
3027 1774 3267 1844 captivos
3322 1771 3493 1840 duxit,

167 1847 449 1919 pientiam
487 1849 750 1922 inspirat,
787 1857 845 1904 ut
870 1849 1146 1907 rationalis
1198 1857 1440 1907 creatura
1493 1849 1805 1906 mutabilem
1831 1928 1876 1937 __
1911 1863 2284 1937 “(figamque
2299 1864 2694 1935 sedibusyicmr
2708 1862 3211 1937 gloriosusinyexii.

169 1953 494 2002 creaturam
562 1946 850 2019 despiciat,
909 1948 1216 2003 Creatorem
1245 1963 1402 2003 suum
1449 1948 1538 2019 qui
1569 1954 1647 2002 est
1692 1947 1800 2002 im-
1830 1928 1883 1990 Β

171 2043 451 2100 mutabile
514 2045 733 2100 bonum
785 2045 996 2118 diligat,
1049 2046 1225 2102 solum
1284 2046 1486 2104 fontem
1529 2045 1806 2120 sapientiai

173 2129 464 2188 Christum
490 2135 552 2189 in
589 2134 797 2206 Spiritu
823 2142 1008 2191 sancto
1027 2135 1226 2207 sapiat.

246 2246 357 2315 Qui
421 2265 533 2320 per
561 2249 940 2321 septiformem
979 2250 1238 2321 Spiritum
1288 2251 1342 2307 in
1390 2252 1472 2307 his
1525 2251 1807 2307 virtutibus

175 2334 484 2402 ﬂorebunt,
552 2354 660 2408 per
695 2339 873 2410 ipsum
923 2347 1130 2410 septem
1186 2355 1409 2397 munera
1450 2340 1504 2395 in
1559 2355 1803 2412 corpore,

175 2432 395 2495 septem
427 2426 591 2482 dona
630 2427 683 2482 in
715 2427 897 2483 anima
949 2428 1284 2495 obtinebunt,
1317 2428 1530 2499 quando
1585 2429 1640 2484 in
1671 2435 1808 2484 terra

183 2536 284 2576 sua
312 2522 576 2594 duplicia
619 2524 990 2596 possidebunt,
1043 2541 1165 2580 cum
1197 2525 1249 2579 in
1279 2541 1501 2596 corpore
1537 2524 1675 2579 sicut
1725 2525 1807 2581 sol

189 2608 512 2682 fulgebunt,
582 2621 636 2668 et
692 2614 744 2668 in
792 2614 971 2668 anima
999 2614 1235 2684 aequales
1288 2614 1495 2685 angelis
1521 2621 1692 2668 erunt.
1723 2613 1806 2669 Ab

187 2697 307 2769 ipso
339 2715 598 2772 namque
645 2701 802 2771 cujus
837 2702 1287 2774 pulchritudinem
1341 2702 1422 2758 sol
1451 2710 1504 2758 et
1522 2703 1647 2757 luna
1698 2702 1808 2756 mi-

189 2797 400 2855 rantur,
436 2790 653 2862 septies
681 2807 792 2862 pra:
819 2791 932 2846 sole
960 2790 1155 2847 clarius
1183 2791 1238 2846 in
1266 2806 1492 2862 corpore
1541 2791 1809 2846 illustran-

192 2891 278 2940 tur
303 2903 316 2940 :
349 2886 612 2943 Christus
641 2887 842 2957 quippe
871 2903 968 2957 per
997 2887 1254 2959 Spiritum
1279 2896 1520 2946 sanctum
1539 2887 1808 2944 reforma-

196 2969 279 3028 bit
315 2990 525 3046 corpus
586 2976 902 3032 humilitatis
933 2992 1094 3041 verte,
1146 2975 1541 3049 conﬁguratum
1598 2977 1810 3046 corpori

196 3061 465 3119 claritatis
482 3081 606 3120 suae
636 3065 908 3138 (Philipp.
950 3066 1051 3128 tu).
1078 3066 1285 3120 Etcum
1313 3065 1382 3121 sit
1433 3082 1626 3138 corpus
1652 3065 1808 3137 spiri-

203 3150 327 3220 tale,
362 3152 458 3208 ille
491 3153 657 3223 cujus
681 3169 858 3209 sermo
887 3153 1146 3211 velociter
1169 3155 1334 3210 currit
1361 3155 1538 3225 (Psal.
1579 3157 1806 3224 cxnvn),

2584 1977 2819 2020 DIVISIO.

1982 2067 2045 2120 In
2077 2072 2215 2119 terra
2243 2063 2429 2135 positis
2464 2063 2725 2118 Dominus
2751 2063 2894 2119 dona
2944 2078 3040 2118 sua
3068 2062 3309 2128 contulit,
3365 2059 3494 2115 dum

1912 2169 2011 2223 per
2041 2154 2360 2210 charismata
2381 2154 2550 2209 sancti
2609 2153 2838 2222 Spiritus
2883 2167 2977 2207 eos
3009 2151 3179 2222 signis
3234 2158 3287 2204 et
3341 2150 3499 2205 novis

1914 2243 2116 2314 linguis
2149 2258 2426 2298 coruscare
2486 2241 2696 2298 tribuit.
2752 2242 2915 2297 Porro
2957 2241 3048 2312 qui
3087 2247 3290 2310 septem
3340 2238 3496 2293 donis

1915 2339 2142 2411 Spiritus
2180 2340 2348 2395 sancti
2403 2339 2556 2395 vacui
2625 2339 2980 2404 inveniuntur,
3036 2345 3166 2408 quot
3213 2337 3296 2391 isti
3339 2336 3497 2391 bonis

1916 2429 2275 2500 perfruuntur,
2309 2435 2386 2485 tot
2439 2429 2514 2483 illi
2555 2431 2728 2500 pinnis
2778 2428 3170 2483 cruciabuntur.
3204 2428 3332 2481 Haec
3376 2432 3499 2480 sunt

1914 2517 2044 2572 olim
2101 2518 2156 2574 in
2203 2519 2323 2590 lege
2355 2517 2691 2589 praeﬁgurata
2722 2536 2737 2584 ;
2769 2519 2885 2572 haec
2915 2533 3010 2588 per
3038 2518 3325 2588 prophetas
3348 2530 3495 2583 prm-

1914 2615 2174 2671 nuntiata.
2207 2617 2285 2671 De
2317 2615 2475 2684 legali
2505 2614 2704 2686 quippe
2733 2613 3057 2669 candelabro
3086 2620 3288 2683 septem
3320 2611 3498 2666 lucer-

1914 2721 2000 2761 nae
2027 2704 2336 2776 preacedunt
2365 2705 2567 2776 (Exod.
2622 2707 2743 2773 xv),
2783 2703 2908 2774 quia
2936 2703 3003 2757 de
3035 2703 3240 2756 Christo
3294 2709 3499 2772 septem

1915 2801 2058 2857 dona
2087 2803 2317 2873 Spiritus
2372 2802 2538 2857 sancti
2583 2799 2834 2856 Ecclesia
2878 2799 3159 2872 prodeunt.
3209 2799 3334 2852 Haec
3379 2803 3501 2850 sunt

1914 2899 2119 2961 septem
2149 2891 2414 2946 columna)
2472 2889 2665 2960 quibus
2699 2888 2892 2944 domus
2945 2886 3236 2958 Sapientiae
3290 2885 3505 2940 fulcitur

1914 2979 2104 3049 (Prov.
2143 2982 2241 3045 ix),
2275 2978 2400 3048 quia
2424 2979 2580 3033 donis
2608 2985 2813 3047 septem
2845 2976 3073 3047 Spiritus
3100 2975 3266 3030 sancti
3306 2972 3501 3028 Eccle-

1915 3067 2014 3135 sia,
2046 3075 2266 3138 quaeest
2288 3067 2483 3120 domus
2509 3066 2628 3133 Dei,
2673 3065 2974 3136 insignitur.
3025 3064 3090 3118 lli
3121 3070 3243 3117 sunt
3298 3069 3503 3132 septem

1916 3165 2080 3233 oculi,
2113 3180 2248 3235 quos
2272 3166 2536 3235 propheta
2588 3163 2641 3216 in
2666 3177 2775 3216 uno
2804 3161 2981 3233 lapide
3010 3161 3160 3214 videt
3184 3159 3375 3227 (Zach.
3399 3158 3502 3227 in),

199 3253 348 3304 tanta
370 3251 512 3307 illud
546 3251 742 3308 vestiet
778 3252 1078 3318 velocitate,
1138 3259 1196 3306 ut
1222 3268 1384 3322 quam
1405 3253 1509 3308 cito
1537 3268 1678 3308 nunc
1732 3253 1812 3308 vi-
1839 3277 1889 3343 ο
1916 3255 2042 3326 quia
2069 3255 2319 3309 videlicet
2349 3261 2498 3324 petra
2527 3252 2766 3307 Christus
2818 3259 3024 3321 septem
3081 3249 3224 3303 dona
3279 3247 3507 3318 Spiritus

201 3352 292 3392 sus
319 3340 535 3397 caelum
555 3341 642 3396 vel
673 3339 941 3414 cogitatus
975 3340 1123 3398 orbis
1147 3349 1448 3398 extremum
1477 3341 1691 3413 attingit
1715 3357 1812 3397 sua
1849 3336 1888 3343 ⁷
1918 3344 2088 3399 sancti
2118 3344 2186 3398 ad
2215 3341 2664 3397 illuminationem
2719 3340 3018 3395 animarum
3047 3337 3293 3392 ﬁdelibus
3332 3336 3500 3390 dedit.

203 3435 474 3505 agilitate,
513 3447 626 3494 tam
654 3439 863 3494 concito
894 3446 1019 3494 tunc
1043 3438 1169 3494 illuc
1204 3438 1402 3495 feratur
1427 3440 1668 3510 corporis
1685 3454 1810 3494 mo-

207 3521 437 3582 bilitate.
461 3528 553 3583 Ab
574 3528 691 3599 ipso
731 3526 893 3583 etiam
923 3527 1012 3597 qui
1028 3535 1106 3582 est
1119 3527 1360 3583 omnium
1384 3527 1653 3597 fortitudo,
1685 3535 1809 3583 tan-

207 3617 260 3666 ta
305 3615 665 3673 roborabitur
693 3615 1022 3682 fortitudine,
1053 3623 1112 3671 ut
1139 3616 1311 3671 moles
1336 3617 1598 3672 montium
1652 3617 1813 3674 facile

213 3711 385 3779 possit
415 3715 562 3784 pede
591 3714 921 3770 subvertere.
954 3713 1043 3768 Ab
1086 3712 1204 3784 ipso
1234 3729 1444 3784 quoque
1475 3714 1564 3784 qui
1596 3713 1696 3769 fuit
1721 3715 1811 3770 in-

213 3803 290 3852 ter
318 3810 572 3858 mortuos
602 3803 741 3858 liber
778 3802 956 3872 (Psal.
1012 3803 1290 3868 Lxxxvu),
1354 3810 1498 3858 tanta
1527 3802 1684 3857 inerit
1735 3802 1813 3858 eis

212 3889 390 3956 gratia
420 3891 711 3958 libertatis,
738 3899 796 3945 ut
824 3890 1000 3946 omnis
1021 3890 1192 3946 solida
1237 3897 1477 3946 creatura
1505 3890 1572 3945 sit
1600 3891 1648 3946 ei
1708 3908 1812 3963 pe-

213 3978 516 4036 netrabilis.
547 3982 609 4035 In
641 3979 794 4051 cujus
833 3979 1039 4037 visione
1079 3979 1258 4052 angeli
1286 3995 1485 4052 magna
1530 3979 1812 4036 dulcedine

213 4071 528 4132 redundant
563 4090 792 4138 ;omnes
832 4075 1000 4130 sancti
1055 4074 1307 4129 maximis
1353 4074 1559 4130 deliciis
1603 4076 1814 4132 exube-

215 4169 352 4227 rant,
385 4164 457 4220 ab
488 4164 612 4234 ipso
642 4161 788 4218 omni
817 4162 1085 4220 afﬂuentia
1113 4163 1402 4233 voluptatis
1448 4164 1810 4233 perfruuntur,

219 4248 346 4304 dum
377 4253 431 4307 in
462 4253 670 4327 gaudio
708 4251 925 4308 Domini
972 4251 1053 4306 sui
1101 4267 1261 4321 super
1290 4252 1473 4307 omnia
1525 4252 1668 4308 bona
1715 4271 1812 4310 sua

221 4349 640 4414 constituuntur,
699 4348 789 4402 ubi
821 4347 1026 4418 Regem
1074 4348 1262 4420 glorias
1290 4348 1442 4402 sicuti
1499 4357 1579 4404 est
1596 4359 1814 4406 cernent

220 4432 274 4487 in
302 4453 397 4492 suo
429 4439 652 4501 decore,
685 4437 736 4490 in
759 4452 917 4506 quem
931 4435 1812 4507 desiderantprospicerc,uhiom-

222 4523 366 4578 nium
398 4527 726 4598 angelorum
759 4532 810 4580 et
837 4532 1141 4580 sanctorum
1171 4525 1400 4596 gloriam
1425 4525 1680 4592 vident,et
1717 4543 1814 4582 sua

1918 3441 2046 3496 Hmc
2074 3447 2198 3496 sunt
2225 3454 2424 3495 cornua
2451 3437 2594 3509 Agni
2621 3444 2840 3508 propter
2867 3452 2965 3491 nos
2983 3433 3143 3490 occisi
3194 3435 3388 3504 (Apoc.
3424 3433 3504 3500 v),

1919 3531 2114 3602 quibus
2140 3528 2417 3584 credentes
2463 3527 2753 3598 proderunt
2792 3524 2970 3595 capita
3013 3530 3218 3594 septem
3255 3521 3504 3576 draconis

1915 3617 2036 3675 ruﬁ.
2066 3618 2218 3675 Unde
2246 3625 2300 3672 et
2325 3616 2494 3670 isdem
2525 3615 2753 3686 Spiritus
2779 3621 2992 3668 sanctus
3008 3627 3172 3682 super
3207 3610 3498 3666 Dominum

1918 3706 2244 3779 baptizatum
2275 3706 2330 3761 in
2357 3705 2623 3761 columbae
2636 3700 3162 3774 speciedescendisse
3182 3700 3506 3770 praedicatur

1917 3814 2139 3876 propter
2163 3812 2368 3875 septem
2399 3810 2614 3858 naturas
2640 3817 2759 3870 que
2777 3799 2834 3854 in
2869 3798 3121 3854 columba
3166 3814 3281 3853 esse
3300 3812 3506 3852 memo-

1918 3903 2120 3961 rantur,
2181 3892 2444 3948 Columba
2490 3891 2545 3944 in
2584 3898 2734 3961 petra
2788 3886 3042 3952 nidiﬁcat,
3103 3886 3228 3956 quia
3274 3885 3504 3954 Spiritus

1918 3991 2134 4038 sanctus
2162 3981 2216 4036 in
2256 3981 2463 4036 Christo
2517 3978 2866 4050 corporaliter
2893 3977 3118 4043 habitat,
3148 3975 3358 4030 alienos
3385 3973 3504 4044 pul-

1919 4072 2001 4128 los
2022 4070 2202 4138 nutrit,
2224 4070 2353 4124 dum
2383 4075 2620 4124 errantes
2638 4085 2672 4122 a
2688 4082 2858 4138 regno
2898 4066 2996 4121 Dei
3027 4065 3230 4120 alienos
3258 4079 3356 4132 per
3381 4078 3506 4134 pos-

1919 4169 2198 4224 nitentiam
2247 4167 2496 4231 reducit;
2539 4181 2672 4235 pura
2723 4179 2892 4235 grana
2920 4163 3089 4234 eligit,
3113 4160 3421 4232 quiahonos
3448 4160 3518 4216 de

1920 4254 2097 4317 malis,
2127 4260 2186 4308 ut
2211 4269 2384 4324 grana
2411 4251 2478 4306 de
2515 4250 2683 4321 paleis
2703 4249 2932 4304 secernit
2961 4265 2978 4310 ;
3010 4247 3134 4301 felle
3181 4253 3344 4310 caret,
3383 4245 3511 4315 quia

1920 4343 2126 4398 malitia
2180 4357 2274 4396 eos
2293 4348 2517 4396 evacuat
2545 4355 2680 4408 quos
2709 4337 2946 4408 possidet
2977 4355 2993 4404 ;
3023 4352 3130 4392 non
3152 4335 3297 4390 laedit
3313 4341 3506 4402 rostro,

1921 4432 2047 4502 quia
2073 4430 2272 4502 Spiritu
2300 4437 2484 4484 sancto
2513 4428 2747 4498 repletus
2763 4442 2871 4482 non
2902 4425 3180 4480 insidiatur
3215 4423 3462 4496 proximo
3487 4442 3500 4479 :

1915 4529 2072 4600 juxta
2118 4529 2315 4582 ﬂuenta
2343 4527 2566 4590 habitat,
2599 4525 2724 4595 quia
2743 4523 2972 4594 Spiritus
2985 4530 3197 4578 sanctus
3223 4522 3277 4575 in
3291 4521 3513 4588 sapien-

221 4614 471 4670 membra
504 4621 697 4669 cuncta
732 4611 1006 4683 perlucida
1037 4612 1176 4666 intus
1203 4620 1424 4667 etcxtra
1480 4613 1764 4684 inspiciunt
1796 4634 1811 4682 ;
1847 4631 1902 4695 ι)
1925 4619 2067 4674 tibus
2121 4616 2326 4672 habitat
2357 4615 2662 4686 ;gregatim
2703 4614 2867 4680 volat,
2911 4612 3036 4682 quia
3068 4609 3408 4681 congregatis
3453 4608 3510 4663 in

223 4697 540 4775 “biiugitcr
568 4701 792 4756 audiunt
838 4715 1089 4756 resonare
1145 4716 1350 4773 organa
1405 4710 1710 4756 sanctorum
1767 4711 1820 4759 et
1926 4707 2145 4764 nomine
2183 4705 2401 4760 Domini
2421 4703 2651 4772 Spiritus
2677 4707 2891 4756 sanctus
2919 4716 3014 4754 sua
3055 4715 3278 4752 munera
3323 4697 3506 4751 donat.

223 4810 517 4856 concentus
562 4799 878 4870 angelorum
911 4815 924 4865 ;
955 4797 1045 4852 ubi
1100 4797 1428 4854 cinnamomi
1485 4806 1537 4854 et
1592 4798 1816 4868 balsami

229 4883 386 4942 odore
435 4887 757 4944 suavissimo
817 4885 1215 4953 recreabuntur,
1271 4885 1406 4941 etin
1451 4895 1666 4957 aspectu
1718 4886 1818 4944 Dei

230 4977 556 5033 exsultantes
584 4976 885 5046 epulantur,
917 4981 971 5030 et
1024 4974 1077 5028 in
1101 4974 1282 5029 laetitia
1335 4974 1681 5043 delectentur,
1741 4985 1819 5033 at-

232 5074 331 5129 que
359 5067 427 5121 ab
467 5065 712 5120 ubertate
733 5063 927 5118 domus
946 5061 1044 5118 Dei
1073 5061 1500 5138 inebriahuntur,
1516 5071 1568 5119 et
1588 5071 1816 5121 torrente

230 5152 527 5225 voluptatis
547 5154 666 5223 ejus
693 5151 1020 5221 potabuntur
1049 5151 1448 5221 (Psal.xxxv).
1469 5152 1550 5207 Ab
1580 5152 1696 5222 ipso
1725 5155 1816 5224 qui

231 5255 307 5301 est
332 5253 478 5307 salus
506 5249 750 5306 omnium
778 5256 924 5304 tanta
969 5249 1193 5304 sanitate
1212 5247 1524 5316 solidantur,
1571 5256 1630 5304 ut
1683 5250 1819 5306 sicut

237 5355 368 5400 nunc
390 5345 581 5402 radius
609 5345 740 5400 solis
780 5345 983 5400 nullam
1041 5343 1353 5409 sectionem,
1409 5342 1483 5399 ita
1533 5343 1636 5415 ipsi
1689 5352 1817 5401 tunc

236 5441 425 5499 nullam
449 5441 696 5513 corporis
732 5441 1039 5510 passionem
1063 5439 1348 5512 patiantur.
1378 5439 1462 5494 Ah
1499 5440 1592 5494 illo
1620 5441 1710 5510 qui
1739 5448 1818 5497 est

235 5527 334 5584 vita
361 5541 589 5595 aeterna,
620 5530 698 5584 sic
719 5530 1060 5602 longaevitate
1079 5527 1629 5598 conﬁrmantur,quod
1684 5546 1818 5584 nun-

237 5630 377 5682 quam
409 5623 465 5675 in
497 5629 759 5674 aeternum
791 5627 960 5674 morte
981 5619 1270 5673 solventur.
1303 5617 1430 5672 Haec
1448 5624 1654 5687 septem
1671 5617 1817 5674 bona

235 5709 497 5773 habebunt
529 5717 585 5770 in
615 5732 840 5784 corpore
853 5723 1167 5787 perseptem
1210 5714 1378 5769 sancti
1407 5714 1635 5783 Spiritus
1651 5713 1812 5770 dona.

232 5806 461 5872 Totidem
492 5815 554 5869 in
583 5813 766 5868 anima
819 5813 1113 5878 habebunt,
1155 5812 1247 5866 ubi
1275 5811 1342 5866 de
1390 5811 1547 5866 bonis
1597 5811 1817 5866 Domini

229 5921 528 5979 Mnniter
552 5915 888 5989 gaudebunt.
919 5915 1059 5971 Nam
1088 5915 1204 5986 ipse
1251 5913 1374 5970 fons
1399 5912 1679 5984 sapientiae
1709 5919 1818 5988 tan:

1925 4791 2077 4847 Unde
2131 4789 2438 4860 propheta:
2487 4810 2509 4834 «
2542 4787 2698 4854 Ecce,
2731 4782 2922 4853 inquit,
2963 4798 3124 4853 quam
3179 4781 3402 4845 bonum,
3461 4786 3517 4835 et

1926 4904 2088 4960 quam
2121 4885 2420 4957 jucundum
2475 4884 2715 4938 habitare
2773 4881 2960 4936 fratres
3011 4880 3066 4934 in
3122 4894 3286 4932 unum
3321 4879 3334 4932 l
3369 4876 3519 4932 Sicut

1923 4989 2258 5056 unguentum
2286 4982 2340 5036 in
2368 4979 2540 5050 capite
2574 4977 2716 5048 quod
2745 4975 3018 5032 descendit
3042 4974 3097 5028 in
3118 4973 3364 5037 barbam,
3397 4970 3518 5026 bar-

1905 5072 2050 5128 ,bam
2070 5075 2266 5135 Aaron,
2299 5069 2442 5140 quod
2471 5065 2746 5121 descendit
2773 5065 2826 5119 in
2854 5079 3006 5120 oram
3051 5061 3350 5118 vestimenti
3396 5059 3516 5130 ejus

1923 5162 2060 5216 sicut
2087 5175 2176 5214 ros
2201 5160 2460 5226 Hermon,
2493 5156 2583 5225 qui
2622 5153 2896 5209 descendit
2951 5152 3006 5206 in
3052 5159 3294 5206 montem
3342 5149 3503 5206 Sion.

1925 5259 2104 5328 (Psal.
2161 5256 2395 5323 cxxxu).
2437 5275 2459 5302 ι»
2496 5253 2704 5307 Fratres
2719 5251 2773 5304 in
2788 5265 2953 5304 unum
2975 5247 3254 5302 unanimes
3269 5261 3389 5300 cum
3414 5246 3513 5315 ju-

1923 5347 2187 5404 cuncitate
2226 5342 2560 5406 habitabant,
2600 5337 2816 5411 quando
2862 5335 3144 5392 multitudo
3181 5333 3510 5390 credentium

1923 5461 2017 5502 cor
2052 5459 2217 5497 unum
2247 5449 2299 5496 et
2327 5439 2562 5495 animam
2590 5451 2752 5492 unam
2785 5435 3070 5496 habebant,
3101 5431 3229 5487 Ideo
3260 5448 3514 5502 unguen-

1923 5541 2034 5590 tum
2065 5531 2132 5586 de
2174 5530 2347 5600 capite
2389 5529 2443 5582 in
2485 5527 2711 5582 barbam
2732 5526 2909 5578 Aaron
2945 5520 3238 5588 descendit,
3280 5519 3407 5589 quia
3442 5519 3510 5576 de

1924 5630 2098 5702 capite
2135 5627 2376 5684 omnium
2415 5627 2530 5682 Deo
2550 5623 2751 5678 scilicet
2787 5620 3014 5692 Spiritus
3049 5626 3280 5682 sanctus,
3321 5617 3513 5687 quiest

1922 5718 2176 5791 spiritalis
2203 5716 2403 5783 unctio,
2463 5714 2518 5768 in
2539 5711 2810 5783 apostolos
2833 5709 2995 5763 venit.
3029 5707 3130 5762 Per
3173 5710 3369 5773 Aaron,
3419 5707 3511 5776 qui

1921 5832 2084 5874 mons
2112 5813 2478 5885 fortitudinis
2509 5811 2718 5878 dicitur,
2763 5807 3001 5863 Christus
3038 5804 3368 5876 intelligitur,
3413 5820 3514 5874 per

1924 5929 2084 5984 quem
2105 5910 2291 5966 ﬁdeles
2317 5916 2502 5966 contra
2530 5907 2660 5967 vitia
2687 5906 2851 5962 fortes
2879 5904 3129 5971 existunt,
3162 5909 3317 5971 atque
3347 5899 3403 5952 in
3432 5898 3510 5952 al-
