3924 6400
424 426 543 490 m
631 390 635 395 ’
1388 470 1391 477 .
1488 453 1519 467 -~
1548 429 1903 491 WERNBRI
1934 426 2645 490 summarum.
2760 442 2763 447 ν
3638 424 3736 490 938

447 566 559 619 tum
589 556 658 614 de
691 557 1241 617 virtute‘invirtutem
1269 556 1443 616 ibunt.
1472 557 1648 630 Hujus
1679 558 1855 616 barba
1896 564 2037 631 apo-
2059 553 2121 620 Ἀ
2149 570 2274 614 suas
2300 572 2400 632 pro
2440 555 2636 616 ovibus
2675 556 2795 614 siblv
2840 554 3160 626 commissis,
3210 556 3401 630 pharii
3424 555 3592 615 duces
3637 564 3738 630 po-

436 647 566 703 stoli
592 654 765 715 erant,
789 647 918 703 dum
939 648 998 704 ei
1026 648 1117 719 qui
1148 655 1228 705 est
1255 665 1317 705 os
1341 648 1512 720 patris
1545 649 1697 720 quasi
1738 648 1914 704 barba
1960 648 2042 704 ori
2138 644 2705 715 ~suerunt.~Postquam
2724 644 2869 700 Deus
2895 644 3079 701 omnia
3107 641 3162 698 in
3180 638 3445 714 principio
3496 657 3593 699 sex
3621 641 3741 698 dia-

448 734 806 795 adhaaserant.
829 738 910 792 De
962 737 1137 796 barba
1161 743 1496 811 unguentum
1553 738 1613 793 in
1665 737 2042 795 vestimentum
2148 732 2253 789 bus
2279 734 2500 803 creavit,
2547 734 2840 804 septimum
2887 732 3257 801 sanctiﬁcavit,
3279 732 3404 804 quia
3430 731 3484 787 in
3514 733 3739 803 ipsere-

449 833 622 902 ﬂuxit,
655 833 784 890 dum
806 834 1034 906 Spiritus
1079 834 1295 892 sanctus
1319 850 1422 906 per
1472 836 1874 908 impositionem
1929 846 2046 889 ma-
2142 831 2437 903 ‘quiescens
2460 832 2535 887 ab‘
2555 844 2719 903 opere
2741 831 3001 888 cessavit.
3036 831 3131 888 Sic
3159 830 3249 902 qui
3278 830 3333 886 in
3351 840 3445 887 sex
3499 829 3741 886 aetatibus

448 938 616 979 nuum
654 924 1026 996 apostolorum
1064 940 1140 980 se
1169 925 1511 982 credentibus
1565 925 1781 981 inludit.
1815 925 1925 981 Roa
1976 923 2046 980 de
2151 929 2339 985 mundi
2394 930 2455 985 in
2501 928 2685 983 donis!
2715 927 2946 1000 Spiritus
2973 929 3143 984 sancti
3174 928 3399 999 operari
3426 926 3653 995 student,
3685 926 3740 981 iu

448 1018 707 1091 Hermon,
732 1022 881 1093 quod
920 1024 1233 1080 anathema
1277 1030 1450 1089 sonat,
1508 1022 1566 1079 in
1620 1030 1863 1079 montem
1890 1018 2045 1091 Sion,
2148 1018 2383 1091 septima
2429 1031 2531 1087 per
2557 1018 2733 1088 ipsum
2790 1017 2862 1073 ab
2889 1018 3045 1073 omni
3060 1016 3243 1073 labore
3270 1017 3621 1089 requiescent.
3652 1014 3741 1072 Sic

447 1110 593 1181 quod
620 1113 851 1185 specula
879 1111 1075 1167 dicitur
1098 1112 1395 1180 descendit,
1424 1112 1554 1168 dum
1584 1124 1818 1184 superna
1872 1111 2047 1185 gratia
2152 1120 2253 1163 nes
2280 1118 2636 1178 quoque'sex
2699 1106 2890 1161 diebus
2918 1106 2972 1161 in
3019 1102 3361 1162 hebdomade
3412 1106 3737 1171 laboramus,

449 1197 517 1254 de
548 1199 849 1274 Synagoga
868 1200 924 1256 in
942 1202 1252 1258 Ecclesiam
1282 1201 1448 1259 venit.
1462 1202 1618 1258 Mons
1643 1200 2047 1270 Hermonjuxta
2150 1197 2206 1252 in
2235 1195 2465 1269 septima
2489 1210 2768 1263 vacamus,
2800 1195 2926 1266 quia
2953 1210 3052 1267 per
3090 1194 3457 1268 septiformem
3484 1193 3741 1266 Spiritum

448 1298 740 1357 Iordanem
786 1307 882 1355 est.
922 1300 1074 1368 situs,
1112 1300 1207 1357 ubi
1261 1299 1526 1356 Dominus
1578 1306 1661 1355 est
1706 1296 2035 1369 baptizatus.

448 1389 558 1446 Ros
583 1402 716 1461 ergo
772 1390 1017 1453 Harmon
1039 1398 1122 1445 est
1174 1390 1405 1460 Spiritus
1457 1398 1691 1458 sanctus,
1746 1388 1839 1459 qui
1885 1404 2048 1460 super

2151 1298 2295 1343 nunc
2346 1284 2506 1340 bonis
2556 1284 2810 1357 operibus
2836 1284 3171 1353 insistimus,
3207 1284 3264 1338 in
3293 1283 3467 1340 futuro
3496 1283 3566 1339 ab
3592 1283 3741 1339 omni

2148 1386 2317 1446 opere
2340 1373 2568 1430 feliciter
2611 1371 3147 1443 requiescimus,ubi'
3165 1387 3263 1444 per
3282 1372 3460 1446 ipsum
3514 1369 3739 1431 vacabi-

448 1477 743 1535 Dominum
771 1477 828 1532 in
862 1478 1251 1548 .baptismoa'd
1277 1478 1440 1535 istum
1494 1486 1741 1535 montem
1763 1478 1929 1545 venit,
1954 1476 2046 1548 qui

2170 1472 2309 1531 nus,
2325 1471 2377 1519 et
2405 1463 2583 1519 Deum
2610 1461 2774 1519 sicuti
2794 1468 2877 1518 est
2901 1461 3224 1519 videbimus.
3273 1490 3279 1495 ~

450 1567 611 1624 hodie
640 1568 698 1623 in
727 1575 967 1625 montem
1023 1569 1238 1625 Sienin
1270 1567 1416 1641 quod
1442 1569 1544 1625 sita
1574 1576 1655 1625 est
1684 1566 2041 1637 Hierusalem,

444 1672 614 1743 super
641 1657 922 1715 credentes
948 1657 1252 1716 descendit.

521 1770 766 1842 Qualiter
791 1779 970 1828 autem
996 1772 1102 1829 hoc
1127 1773 1432 1848 contigerit,
1456 1775 1730 1848 Scriptura
1756 1774 1914 1831 nobis
1939 1776 2045 1831 ho-

2836 1629 3063 1695 nnjtsio.
3094 1690 3099 1697 ‘

2225 1768 2288 1822 In
2325 1762 2529 1823 diluvio
2558 1762 2810 1822 celumba
2836 1776 3045 1822 ramum
3066 1762 3222 1823 olive
3256 1754 3535 1836 reportans
3570 1758 3736 1836 (Gen.

453 1860 542 1916 die
586 1862 801 1917 retulit.
830 1862 972 1917 Dum
1030 1861 1420 1936 quinquaginta
1454 1865 1571 1920 dies
1598 1879 1629 1920 a
1661 1863 2048 1920 resurrectione
2078 1914 2126 1936 Ἀ
2156 1862 2298 1935 Vm),
2322 1862 2540 1919 inclusis
2584 1868 2777 1933 pacem
2823 1860 3105 1933 nuntiavit,
3161 1860 3285 1933 quia
3335 1860 3560 1933 Spiritus
3612 1877 3743 1917 san-

455 1950 647 2007 Christi
670 1950 1001 2023 transissent,
1034 1914 1404 2026 1et.dist;puli,
1460 1962 1520 2010 ut
1555 1970 1700 2026 saepe
1754 1953 2049 2010 ascendens
2077 1914 2130 1984 Β
2159 1914 2401 2026 ctus-iper
2428 1914 2729 2008 Christianus
2766 1914 3105 2008 unctionem,
3130 1914 3410 2007 animabus
3462 1964 3622 2006 carne
3671 1950 3745 2004 in

452 2056 808 2121 praeceperat,
842 2050 898 2104 in
921 2049 1257 2107 Hierusalem
1287 2052 1487 2123 pariter
1502 2052 1843 2117 resedissent,
1872 2052 2049 2108 subito
2156 2041 2318 2099 clusis
2336 2052 2526 2114 pacem
2557 2038 2810 2097 amissam
2840 2039 3146 2097 redonabit.
3209 2038 3308 2095 Hic
3333 2038 3493 2095 etiam
3547 2036 3745 2112 digitus

442 2138 650 2211 ingens
675 2152 841 2195 sonus
878 2144 1135 2211 tanquam
1163 2141 1499 2197 vehetnentis
1514 2143 1662 2199 venti
1691 2142 1908 2198 advenit
1959 2140 2050 2212 qui
2158 2132 2361 2187 dextra:
2389 2131 2488 2187 Dei
2518 2131 2835 2202 appellatur,
2871 2129 2996 2201 quia
3024 2128 3178 2185 sicuti
3208 2136 3398 2184 manus
3426 2142 3523 2199 per
3547 2128 3744 2201 digitos

453 2233 622 2285 totam
676 2226 903 2285 domum
936 2228 1051 2284 subi
1088 2238 1257 2285 erant.
1284 2228 1544 2287 sedentes
1585 2230 1817 2303 replevit
1846 2248 1858 2286 :
1888 2238 2051 2301 atque
2158 2227 2430 2295 Operattn‘,
2463 2220 2553 2278 ita
2591 2219 2833 2283 Christus
2862 2219 2954 2291 qui
2982 2226 3065 2275 est
3088 2218 3315 2289 dextere
3336 2218 3523 2288 PatriS,
3555 2226 3745 2273 t‘uncia

450 2316 851 2390 ignemlinguaa
879 2317 985 2373 illis
1037 2327 1419 2390 apparuerunt,
1466 2320 1662 2389 quibus
1688 2320 1893 2376 incensi
1937 2332 2054 2377 om—
2152 2333 2258 2391 per
2283 2318 2576 2375 divisiones
2618 2318 2925 2390 gratiarum.
2976 2316 3210 2389 Spiritus
3248 2315 3419 2373 sancti
3468 2322 3740 2388 operatur.

453 2406 605 2461 nium
635 2406 880 2478 gentium
917 2407 1118 2480 linguis
1144 2409 1420 2481 magnalia
1437 2409 1539 2467 Dei
1565 2410 1713 2480 loqui
1740 2418 2043 2481 cmperunt.

456 2504 622 2561 Porro
642 2511 863 2576 propter
886 2504 1173 2562 instantem
1220 2505 1567 2563 festivitatem
1594 2507 1766 2564 Judaei
1817 2524 1883 2563 ex
1904 2508 2052 2563 omni

456 2593 676 2651 natione
728 2594 895 2650 totius.
942 2594 1091 2651 orbis
1146 2595 1202 2651 in
1256 2595 1592 2655 Hierusalem
1662 2596 2049 2665 conﬂuxerant,

460 2682 588 2752 quia
616 2681 968 2739 Pentecosten
1021 2683 1249 2756 singulis
1301 2685 1457 2742 annis
1508 2685 1580 2741 ob
1636 2692 1919 2756 acceptam
1958 2686 2052 2744 illo

456 2784 702 2851 tempore
736 2779 917 2852 legem
970 2781 1359 2847 celebrabant;
1393 2784 1483 2853 qui
1540 2784 1645 2839 hoc
1665 2784 1857 2839 audito-
1892 2782 2054 2839 simul

459 2876 842 2935 convenerant,
876 2877 930 2926 et
981 2870 1179 2943 singuli
1206 2871 1455 2944 linguam
1481 2872 1536 2928 in
1565 2887 1673 2943 qua
1697 2872 1806 2928 nati
1834 2879 1958 2928 sunt
1984 2871 2052 2927 de

462 2972 558 3013 ore
586 2971 775 3014 eorum
799 2959 1085 3031 stupefacti
1116 2960 1426 3017 audiebant.
1459 2960 1608 3030 Quos
1635 2963 1821 3017 Petrus
1843 2962 2052 3018 allocu-

463 3054 547 3103 tus
574 3046 712 3103 dixit
737 3048 874 3117 haec,
915 3065 1013 3121 per
1038 3051 1352 3121 prophetas.
1385 3051 1662 3123 praedicta,
1721 3067 1819 3122 per
1868 3052 2053 3113 Iesum

459 3160 590 3203 vero
619 3146 689 3202 ab
719 3145 799 3202 eis
824 3147 1138 3205 cruciﬁxum
1167 3148 1457 3221 completa.
1479 3148 1584 3218 Qui
1603 3150 1922 3222 poenitentia
1942 3149 2052 3205 du-

458 3235 532 3325 cti
558 3234 629 3291 ad
686 3235 787 3291 tria
838 3236 1012 3295 millia
1052 3238 1332 3294 hominum
1386 3238 1645 3311 baptizati
1698 3246 1840 3309 sunt,
1870 3246 1927 3297 et
1952 3238 2080 3325 ipsi:

460 3323 664 3395 Spiritu
683 3333 867 3382 sancto
921 3326 1060 3383 sicut
1110 3327 1203 3384 alii
1228 3328 1421 3398 repleti
1460 3336 1602 3385 sunt.
1627 3328 1748 3385 Alia
1775 3328 1883 3398 die,
1926 3344 2050 3387 cum

459 3413 648 3470 Petrus
673 3422 728 3470 et
753 3415 989 3471 Joannes
1033 3410 1288 3472 claudum
1344 3433 1443 3490 per
1495 3417 1754 3491 Spiritum
1807 3425 2053 3475 sanctum

459 3520 759 3578 sanassent,
790 3513 1030 3585 quinque
1059 3514 1232 3571 millia
1274 3515 1530 3585 baptizati
1558 3523 1700 3582 sunt,
1730 3516 1823 3586 qui
1868 3530 2058 3573 omnes

459 3600 667 3672 Spiritu
689 3610 877 3659 sancto
906 3603 1061 3660 ditati
1090 3611 1232 3673 sunt,
1249 3611 1301 3661 et
1314 3606 1636 3677 sanguinem
1652 3606 1865 3674 Christi,
1896 3622 2057 3676 quem

460 3689 610 3763 prius
666 3690 941 3748 furibundi
989 3692 1262 3761 fuderunt,
1317 3694 1662 3764 postmodum
1718 3689 2061 3754 tremebundi

462 3777 735 3850 biberunt,
792 3797 856 3837 ac
888 3782 1186 3854 perplures
1226 3783 1548 3856 sanguinem
1577 3800 1732 3840 suum
1786 3799 1886 3857 pro
1942 3784 2059 3863 ipso

451 3875 741 3935 fuderunt.
804 3879 1047 3951 Apostoll
1094 3888 1295 3948 autem,
1324 3920 1327 3923 -
1352 3888 1575 3953 accepto
1623 3881 1824 3954 Spiritu
1852 3889 2058 3952 saneto,

462 3973 748 4032 duodecim
778 3990 952 4034 annos
992 3976 1049 4033 in
1103 3977 1440 4034 Hierusalem
1468 3978 1661 4034 eodem
1716 3980 2063 4051 prmcipiente

463 4066 901 4135 commanebant,
923 4080 1045 4137 quas
1071 4066 1125 4122 in
1181 4067 1385 4124 mundo
1403 4067 1613 4124 docturi
1638 4077 1791 4124 erant
1843 4069 2062 4125 insimul

466 4162 838 4231 conferebant,
896 4165 955 4220 in
1007 4164 1233 4223 circuitu
1287 4166 1503 4224 Judeos
1555 4181 1621 4222 ac
1673 4167 1905 4239 gentiles
1956 4165 2063 4223 do-

466 4251 680 4320 cebant,
711 4253 882 4326 signis
929 4264 995 4310 ac
1047 4254 1313 4328 prodigiis
1337 4257 1406 4311 ad
1442 4254 1607 4311 ﬁdem
1636 4256 1898 4328 plurimos
1926 4270 2063 4312 con-

467 4339 769 4396 vertebant.
827 4340 932 4412 Qui
984 4358 1174 4400 omnes
1201 4358 1300 4416 per
1350 4344 1751 4417 impositionem
1807 4358 2064 4401 manuum

471 4439 838 4509 apostolorum
886 4439 1144 4513 Spiritum
1164 4448 1411 4499 sanctum
1456 4443 1813 4515 accipiebant,
1846 4438 1899 4498 et
1949 4443 2066 4501 vir-

473 4529 610 4582 tutes
648 4527 748 4584 Dei
778 4528 936 4585 novis
988 4529 1224 4587 edebant
1258 4531 1478 4605 linguis.
1535 4532 1781 4604 Apostoli
1832 4528 2066 4603 namque

469 4630 571 4686 per
596 4615 855 4689 Spiritum
878 4625 1121 4676 sanctum
1138 4620 1300 4677 caecis
1325 4621 1509 4677 lumen
1533 4618 1912 4691 refundebant,
1942 4636 2068 4676 sur-

470 4714 557 4769 dis
609 4728 767 4770 aures
825 4716 1200 4789 recludebant,
1250 4718 1414 4775 mutis
1467 4719 1711 4792 linguam
1764 4719 2068 4787 solvebant,

471 4802 693 4859 claudos
712 4818 901 4877 gressu
929 4805 1230 4880 erigebant,
1263 4808 1504 4878 leprosos
1539 4806 1892 4875 mundabant,
1951 4807 2071 4864 dae-

472 4900 658 4957 monia
713 4900 786 4957 ab
836 4901 1072 4958 obsessis
1126 4898 1458 4976 effugabant,
1488 4911 1729 4960 mortuos
1782 4905 2074 4962 resuscita-

442 5018 445 5025 -
472 4996 623 5077 bant,
674 4984 893 5070 insuper
941 5014 1041 5069 per
1091 4999 1316 5057 baculus
1342 5002 1430 5058 vel
1461 5016 1559 5074 per
1584 5001 1923 5071 vestimenta,
1946 5000 2071 5073 qui-

474 5087 601 5143 dam
628 5086 844 5144 illorum
900 5088 1062 5165 etiam
1082 5104 1183 5161 per
1212 5090 1460 5147 umbram
1490 5104 1644 5147 suam
1674 5090 1881 5147 debiles
1920 5086 2065 5147 sani-

476 5189 583 5241 tate
610 5183 1002 5242 restaurabant.
1080 5184 1208 5244 Post
1261 5188 1379 5245 hazc
1405 5186 1691 5245 duodecim
1748 5204 1847 5261 per
1902 5196 2071 5245 totum

473 5274 735 5331 mundtim
766 5273 965 5343 diﬂ'usi,
1012 5282 1239 5349 septeno
1286 5290 1509 5333 munere
1574 5277 1809 5348 Spiritus
1861 5285 2077 5334 sanctus

473 5364 695 5433 perfusi,
730 5376 828 5437 per
855 5367 1221 5437 septenarium
1259 5374 1545 5422 uulnerum
1574 5363 1809 5423 duodeni
1839 5366 2074 5423 officium

472 5464 629 5509 suum
680 5462 1024 5527 peregerunt,
1049 5454 1179 5511 dum
1236 5463 1467 5527 quatuor
1484 5463 1666 5526 partes
1692 5456 1879 5511 mundi
1909 5456 1978 5512 ad
2003 5456 2075 5510 ii-

472 5538 599 5603 dem
645 5557 848 5607 sancte
903 5551 1178 5609 Trinitatis
1245 5552 1631 5625 perduxerunt.
1664 5554 1796 5610 Tres
1849 5554 1992 5611 enim
2025 5561 2079 5609 et

475 5653 720 5715 quatuor,
779 5649 923 5718 quod
961 5658 1169 5722 septem
1223 5659 1365 5717 sunt,
1427 5650 1713 5708 duodecim
1760 5650 1912 5708 ﬁunt.
1970 5651 2074 5722 Qui

473 5728 603 5788 boni
632 5735 922 5806 piscatores
971 5754 1176 5810 augens
1204 5737 1327 5795 ﬁdei
1373 5739 1548 5809 pisces
1602 5739 1731 5795 olim
1789 5738 1857 5796 ad
1909 5740 2075 5797 vitam

478 5830 885 5895 pnedestinatos
936 5835 1107 5905 signis
1134 5843 1190 5890 et
1218 5836 1489 5892 miraculis
1517 5835 1584 5892 de
1625 5837 1739 5894 salo
1783 5839 1964 5894 saeculi
2008 5837 2077 5892 ad

479 5919 623 5981 littus
651 5928 778 5984 vitae
811 5937 1204 6000 pertraxerunt,
1235 5940 1290 5988 et
1336 5930 1535 5989 Christi
1564 5934 1817 6004 exemplo
1869 5935 2079 5990 animas

2158 2408 2315 2465 Unde
2348 2406 2503 2480 magi
2525 2406 2617 2477 qui
2646 2404 2816 2478 Moysi
2839 2405 3086 2462 resistere
3129 2420 3238 2462 non
3263 2411 3565 2477 potuerunt,
3604 2403 3746 2477 digi~

2152 2511 2272 2562 tum
2292 2504 2394 2561 Dei
2411 2505 2517 2561 hoc
2542 2519 2659 2559 esse
2688 2503 2940 2560 dixerunt
2987 2501 3347 2573 (Ειτοάητνιιι).
3378 2500 3478 2574 qui
3531 2501 3747 2557 eviden-

2160 2600 2242 2650 ter
2295 2594 2453 2666 signa
2480 2608 2580 2664 per
2602 2591 2866 2663 Spiritum
2899 2600 3144 2648 sanctum
3173 2589 3287 2648 ﬁeri
3334 2594 3744 2662 conspexerunt.

2161 2684 2264 2740 Per
2289 2683 2433 2739 hunc
2469 2688 2557 2739 est
2577 2681 2666 2738 lex
2703 2681 2765 2739 in.
2782 2681 2998 2739 dubus
3032 2680 3251 2739 'tabulis
3300 2679 3584 2750 descripta,
3622 2678 3749 2751 quia

2162 2797 2260 2855 per
2287 2781 2547 2852 Spiritum
2574 2788 2823 2839 sanctum
2848 2781 2905 2836 in
2936 2778 3159 2837 duobus
3186 2778 3466 2852 pmoeptis
3519 2777 3748 2834 obaritas

2161 2881 2543 2951 estdisposita.
2582 2882 2643 2936 In
2682 2881 2787 2936 hoc
2813 2879 2983 2952 digito
3006 2878 3157 2949 ejicit
3171 2878 3441 2934 Dominus
3459 2876 3748 2945 denionia,

2161 2971 2289 3041 quia
2307 2984 2477 3042 opera
2520 2969 2652 3025 Filii.
2694 2976 2751 3025 et
2788 2969 3020 3040 Spiritus
3066 2966 3237 3023 sancti
3265 2973 3418 3022 erunt
3472 2966 3749 3037 insepara-

2160 3057 2311 3116 bilis.
2341 3058 2485 3116 Olim
2523 3072 2699 3133 genus
2747 3059 3043 3113 humanum
3098 3053 3297 3114 habeat
3339 3060 3541 3111 tantum
3595 3055 3751 3109 unius

2160 3148 2367 3222 linguae
2389 3160 2544 3204 usum
2569 3163 2583 3219 ;
2616 3146 2711 3203 sed
2739 3160 2867 3215 an,
2900 3155 2953 3202 et
2978 3144 3087 3202 duo
3115 3146 3363 3219 gigantes
3395 3144 3581 3200 tum'm
3609 3156 3747 3200 con-

2165 3244 2246 3297 tra
2272 3239 2446 3295 Deum
2476 3236 2858 3294 construebant
2886 3251 2903 3305 ;
2933 3235 3067 3292 inde
3087 3234 3323 3291 oﬁ‘ensus
3345 3235 3748 3307 linguaseorum

2084 3278 2131 3351 ο
2154 3278 2903 3397 summam;
2930 3278 3749 3395 simussimus;

2163 3417 2459 3491 telligebat,
2489 3416 2674 3486 sicque
2703 3428 2803 3485 per
2846 3413 3043 3475 orbem
3072 3413 3397 3487 disperserat
3447 3426 3579 3483 quos
3633 3424 3750 3467 em-

2164 3524 2264 3563 nes
2314 3505 2474 3563 hodie
2510 3504 3066 3577 Spiritussanctusin
3092 3503 3350 3561 unitatem
3370 3500 3492 3558 ﬁdei
3522 3516 3619 3573 per
3641 3512 3746 3572 ge-

2165 3607 2297 3648 nera
2347 3591 2652 3663 linguarum
2710 3593 3163 3662 congregaverat.
3229 3587 3487 3645 Hebraea
3539 3600 3751 3655 quoque

2167 3680 2419 3754 populus,
2450 3678 2767 3752 Egyptiaca
2802 3677 3056 3734 servitute
3084 3676 3143 3732 in
3188 3675 3428 3749 paschali
3457 3681 3611 3729 nocte
3654 3688 3750 3746 per

2169 3765 2477 3840 paschalem
2504 3781 2732 3841 agnum
2786 3762 3062 3831 liberatus,
3110 3778 3176 3818 ac
3209 3777 3306 3833 per
3323 3776 3470 3817 mare
3511 3756 3751 3815 Rubrum

2169 3862 2472 3928 translatus,
2531 3860 2631 3929 add
2665 3866 2907 3916 montem
2962 3858 3115 3916 Sinai
3174 3857 3619 3930 quinquagesima
3668 3855 3755 3911 die

2168 3952 2435 4026 pervenit,
2495 3966 2656 4022 quem
2712 3948 2894 4005 fumus
2936 3956 2992 4005 et
3044 3948 3188 4021 ignis
3231 3947 3475 4019 replevit,
3508 3954 3664 4016 atque
3691 3945 3756 3999 de

2169 4041 2351 4099 medio
2407 4039 2552 4113 ignis
2603 4038 2867 4099 Dominus
2922 4038 2971 4093 ei
3014 4038 3195 4111 legem
3219 4034 3427 4092 timoris
3480 4036 3539 4090 in
3567 4034 3759 4099 tabulis

2170 4120 2423 4202 scriptam
2454 4127 2643 4193 dedit.,
2679 4127 2772 4183 Sic
2795 4125 3127 4203 Christianus
3174 4126 3423 4198 populus,
3455 4124 3525 4180 de
3566 4123 3757 4179 diabo-

2170 4219 2277 4276 lica
2333 4215 2681 4290 oppressione
2710 4215 2769 4271 in
2790 4215 3037 4288 paschali
3095 4220 3250 4271 nocte
3306 4229 3403 4286 per
3446 4212 3755 4287 .paschalem

2172 4309 2386 4382 Agnum
2409 4306 2676 4361 (:hristum
2715 4311 2950 4375 ereptus,
2979 4319 3078 4375 per
3105 4302 3432 4375 baptismum
3487 4301 3636 4372 quasi
3665 4316 3760 4372 per

2172 4413 2323 4452 mare
2351 4393 2593 4451 Rubrum
2625 4400 2973 4460 transvectus,
3006 4390 3453 4465 quinquagesimo
3496 4390 3603 4459 die,
3651 4389 3760 4446 sci-

2173 4482 2299 4542 licet
2351 4483 2531 4554 hodie,
2593 4482 2650 4539 in
2687 4482 2815 4556 igne
2870 4480 3050 4554 legem
3083 4480 3284 4537 amoris
3338 4480 3562 4555 accepit,
3603 4495 3760 4550 quam

2174 4589 2298 4630 eum
2328 4571 2593 4628 Dominus
2648 4571 2703 4627 in
2751 4568 2915 4627 corde
2954 4568 3189 4626 scribere
3220 4568 3497 4643 praecepit,
3543 4575 3601 4623 ut
3621 4566 3765 4624 vide-

2093 4634 2147 4703 D
2179 4662 2304 4720 licet
2323 4669 2443 4735 post
2463 4660 2701 4718 facerent
2725 4666 2916 4731 sponte
2947 4658 3047 4716 Dei
3085 4634 3268 4716 amore
3317 4634 3640 4730 quodprius
3691 4655 3766 4712 fe-

2178 4767 2365 4817 cerant
2390 4759 2562 4816 coacti
2593 4758 2810 4815 timore.
2848 4758 2911 4813 In
2938 4757 3063 4831 lege
3091 4757 3254 4817 etiam
3275 4764 3389 4813 erat
3442 4761 3763 4826 praeceptum

2179 4858 2241 4905 ut
2282 4848 2762 4921 quinquagesimus
2815 4863 2987 4905 annus
3041 4842 3302 4918 jubileus,
3362 4844 3418 4900 id
3484 4851 3562 4899 est
3599 4859 3764 4899 annus

2176 4946 2509 5004 remissionis
2553 4952 2853 5014 vocaretur,
2925 4952 3173 5016 totusque
3230 4944 3299 5001 ab
3355 4958 3518 5015 Opere
3586 4939 3762 4996 servili

2178 5045 2478 5113 feriaretur,
2538 5051 2697 5115 atque
2726 5044 2925 5101 amissa
2951 5041 3237 5099 hmreditas
3263 5039 3492 5114 propriis
3535 5037 3763 5096 heredi-

2176 5143 2280 5202 bus
2305 5142 2644 5201 redderetur.
2668 5176 2673 5181 -
2704 5143 2810 5198 Per
2835 5141 2940 5199 hoc
2971 5140 3203 5211 Spiritus
3228 5146 3440 5195 sanctus
3476 5136 3612 5192 illud
3638 5143 3764 5193 tem-

2178 5258 2282 5314 pus
2307 5239 2641 5314 prmﬁgurari
2696 5239 2869 5298 voluit
2919 5239 2976 5295 in
3004 5237 3151 5310 quod
3177 5236 3434 5310 populum
3487 5249 3641 5291 suum
3693 5232 3761 5288 ab

2178 5355 2345 5412 opere
2362 5338 2565 5407 servili,
2597 5337 2653 5395 id
2699 5346 2841 5395 ests
2870 5343 3092 5410 peccato
3137 5350 3332 5393 vacare
3364 5332 3562 5401 docuit,
3612 5331 3763 5401 eique

2177 5437 2432 5494 amissam
2488 5435 2858 5493 hmreditatem
2936 5433 3173 5505 paradisi
3226 5431 3470 5489 restituit.
3526 5428 3767 5499 (Ganeo-

2182 5535 2362 5607 nius.)
2393 5534 2625 5606 Spiritus
2668 5541 2884 5591 sanctus
2919 5533 3004 5588 his
3030 5532 3188 5588 datus
3240 5536 3584 5597 memoratur,
3641 5527 3763 5581 dum

2180 5634 2348 5690 semel
2377 5633 2434 5687 in
2464 5639 2624 5695 terra.
2647 5632 2815 5688 semel
2845 5633 2915 5688 de
2968 5631 3107 5688 coelo
3135 5631 3308 5687 datur.
3339 5630 3399 5684 In
3414 5634 3566 5683 terra
3621 5626 3770 5682 datur

2182 5730 2433 5803 Spiritus,
2491 5738 2551 5786 ut
2596 5730 2852 5803 diligatur
2904 5730 3186 5802 proximus
3243 5747 3256 5784 :
3306 5727 3373 5783 de
3429 5725 3567 5782 caelo
3622 5723 3769 5779 datur

2180 5835 2430 5907 Spiritus,
2460 5844 2521 5892 ut
2547 5835 2804 5909 diligatur
2845 5837 3012 5892 Deus.
3042 5834 3144 5905 Qui
3176 5832 3318 5889 cnim
3348 5832 3518 5888 Deum
3573 5829 3760 5902 diligit,

2182 5948 2489 5991 sermonem
2520 5933 2638 6004 ejus
2665 5935 2901 5991 servabit
2919 5935 3103 6006 (lacn.
3128 5932 3269 6004 xiv).
3318 5930 3472 5986 Hunc
3499 5926 3642 5985 Dens
3660 5924 3759 5983 Pai-
