3924 6442
3536 446 3644 505 990

82 625 106 650 λ
287 582 381 633 ἴθι·
408 578 612 656 diligit
644 593 706 642 et
732 588 990 646 Trinitas
1019 588 1087 646 ad
1114 599 1238 644 eum
1287 585 1491 652 veniet,
1521 590 1580 639 et
1595 580 1935 637 mansionem
1964 579 2020 642 Α
2049 576 2272 632 rismata
2307 576 2389 633 eis
2426 574 2671 632 donavit.
2711 575 2840 632 Hec
2895 573 3218 632 festivitates
3257 579 3309 630 et
3341 572 3552 647 angelis
3583 583 3645 632 et

78 700 116 738 η
304 670 452 742 ιριιά
483 687 618 728 eum
651 675 846 734 τεοίθι,
1299 711 1304 716 .
1553 717 1556 722 ,
2047 665 2360 722 hominibus
2390 671 2516 719 sunt
2564 663 2930 730 venerabiles,
2973 663 3101 732 quia
3149 661 3254 732 ipsi
3297 663 3416 718 Deo
3452 671 3645 725 nostro

382 761 547 828 ideo,
580 711 932 832 eisiis,
961 767 1257 838 diligamus
1286 766 1457 819 Deum
1492 781 1505 826 ς
1540 759 1792 816 mandata
1821 759 1946 828 ejus
2048 762 2172 809 sunt
2203 754 2476 808 celebres.
2525 751 2769 821 Denique
2800 752 2853 805 in
2885 711 3428 816 ηάιῖνίιειξῡοωίηί,
3459 721 3646 818 Domi-

56 499 68 526 .
269 445 378 500 939
1267 454 1864 516 DEFLORATIONES
1911 455 2039 512 ss.»
2077 451 2380 510 PATRUII.
2415 481 2486 493 --
2514 449 2641 505 LIB.
2673 449 2715 504 ι.

327 853 624 918 servando,
674 862 741 908 ut
805 855 932 926 ipse
968 855 1158 928 diligat
1194 869 1296 909 nos
1327 852 1670 906 mansionem
1707 848 1809 902 sibi
1857 845 1946 898 in.

331 949 491 1004 nobis
526 953 1026 1021 praeparandoﬂe
1056 951 1288 1023 hospitio
1317 950 1499 1004 cordis
1531 949 1696 1003 nostri
1727 956 1942 1002 stercus

337 1047 678 1110 peccatorum
723 1055 738 1094 :
808 1041 1128 1111 paenitentia
1191 1049 1244 1095 et
1279 1039 1622 1094 confessione
1678 1046 1940 1106 emerga-

334 1130 480 1194 inus,
509 1128 770 1200 laorymis
833 1131 1028 1185 sordes
1083 1128 1376 1194 diluamus,
1419 1128 1641 1182 ﬂoribus
1674 1126 1940 1180 bonorum

331 1239 568 1296 operum
600 1239 805 1282 ornare
839 1227 1176 1292 studeamns,
1210 1235 1264 1281 ut
1295 1227 1530 1296 Spiritus
1557 1233 1780 1280 sanctus
1836 1223 1940 1276 de-

328 1313 590 1385 signetur
613 1315 934 1381 adventare,
969 1324 1021 1371 et
1051 1316 1275 1388 dignum
1307 1313 1674 1368 habitucalum
1707 1311 1821 1366 sibi
1885 1311 1938 1365 in

327 1403 500 1458 nobis
531 1419 875 1474 praeparare.
907 1405 1006 1460 Hic
1036 1404 1200 1459 etiam
1233 1419 1396 1474 super
1426 1401 1712 1468 Dominum
1743 1401 1800 1454 in
1830 1414 1949 1468 eos

328 1491 543 1546 lumbaa
573 1493 820 1562 speciem
843 1493 1146 1555 descendit,
1169 1493 1290 1564 quia
1308 1509 1431 1546 eum
1454 1492 1748 1544 immunem
1773 1505 1801 1542 a
1820 1504 1937 1553 pec-

326 1589 472 1644 catis
495 1590 752 1645 catendit.
792 1591 970 1661 Super
1000 1590 1298 1661 discipulos
1332 1598 1510 1644 autem
1534 1589 1585 1642 in
1609 1588 1736 1659 igne
1767 1587 1934 1651 venit,

327 1677 467 1748 quia
498 1686 722 1748 peccata
755 1678 808 1732 in
841 1679 920 1733 eis
973 1694 1326 1743 consumens,
1367 1678 1784 1746 chirographum
1809 1691 1936 1746 pec-

326 1767 446 1822 cati
477 1766 699 1822 delevit.
741 1768 902 1824 Unde
941 1777 991 1822 et
1047 1768 1192 1840 ignis
1249 1767 1387 1822 ﬁlios
1430 1766 1602 1832 lsraei
1634 1765 1933 1836 praecessit,
1975 1813 1984 1824 .

328 1871 390 1919 et
427 1864 513 1920 eis
544 1863 649 1920 iter
679 1865 745 1920 ad
780 1865 1011 1936 patriam
1042 1866 1339 1937 suggessit,
1374 1865 1500 1936 quia
1531 1863 1674 1936 ignis
1704 1851 1934 1934 Spiritus

2047 869 2152 908 nus
2181 851 2479 919 majestatis
2507 850 2576 905 de
2626 850 2764 906 solio
2821 849 3009 920 glorise
3067 864 3178 903 sua:
3208 849 3463 912 surrexit,
3495 864 3645 904 arma

2050 941 2248 996 bellica
2294 939 2488 1004 induit,
2523 955 2621 1009 pro
2679 938 2837 993 nobis
2875 945 3218 1009 pugnaturus
3277 938 3330 990 in
3389 936 3642 992 eXsilium

2044 1029 2194 1083 abiit.
2238 1030 2536 1083 Parascevc
2566 1035 2747 1081 autem
2777 1027 2894 1081 dies
2925 1026 3049 1081 belli
3082 1034 3242 1095 atque
3274 1026 3514 1081 victoria:
3545 1043 3644 1080 cx-

2045 1112 2197 1179 stitit,
2231 1130 2351 1168 cum
2383 1111 2646 1167 Dominus
2678 1109 2830 1165 fortis
2865 1119 2916 1165 et
2959 1119 3156 1182 potens
3186 1109 3238 1164 in
3269 1109 3459 1181 praelio
3488 1111 3641 1188 prin-

2047 1211 2223 1284 cipem
2258 1208 2440 1284 mundi
2471 1207 2746 1262 diabolum
2777 1223 2900 1263 cum
2963 1207 3074 1261 suis
3105 1203 3436 1261 satellitibus
3480 1204 3640 1261 devi-

2045 1299 2136 1364 cit,
2165 1283 2553 1370 victoriamquc
2583 1303 2830 1367 potenter
2860 1295 3111 1350 obtinuit.
3185 1295 3315 1350 Dies
3355 1310 3484 1350 vero
3522 1294 3638 1349 Do-

2046 1387 2262 1442 minica:
2293 1385 2716 1464 resurrectionis
2755 1390 2838 1440 est
2893 1383 3008 1439 dies
3065 1399 3172 1455 qua
3219 1389 3439 1455 peracto
3498 1371 3641 1440 bello

2044 1501 2271 1554 regnum
2304 1475 2512 1555 tyranni
2546 1481 2794 1554 vastavit,
2825 1480 3188 1551 captivitatem
3222 1481 3290 1534 ab
3323 1496 3388 1535 eo
3419 1487 3636 1550 captam

2043 1571 2113 1628 ad
2146 1589 2205 1628 se
2236 1570 2613 1644 congregavit.
2650 1571 2776 1625 Dics
2806 1579 2983 1624 autem
3017 1568 3352 1625 ascensionis
3393 1576 3472 1623 est
3499 1567 3635 1638 haec,

2043 1661 2096 1714 in
2129 1677 2237 1732 qua
2267 1677 2386 1716 cum
2419 1660 2585 1715 nobili
2617 1675 2813 1730 pompa
2846 1659 3108 1713 Dominus
3135 1658 3383 1712 virtutum
3415 1673 3638 1730 regres-

2041 1766 2134 1804 sus
2157 1749 2526 1828 triumphavit,
2558 1756 2720 1828 atque
2763 1764 2887 1803 cum
2918 1747 3131 1819 angelis
3161 1746 3317 1801 malis
3347 1755 3637 1816 susceptus

2040 1825 2259 1904 carnem
2290 1825 2531 1908 nostram
2557 1827 2728 1916 super
2789 1846 2994 1901 aethera
3049 1844 3320 1899 exaltavit.
3363 1845 3638 1899 Hodierna

329 1952 514 2008 sancti
541 1968 637 2008 eos
665 1929 943 2024 praecedit,
976 1962 1029 2009 et
1064 1929 1181 2008 ite;
1192 1970 1292 2025 per
1329 1929 1661 2023 rscriptu'ras
1717 1929 1787 2007 ad
1843 1968 1938 2022 pa-
1967 1933 2020 1993 Β
2050 1932 2331 2025 Ῡέῗτφηάίθε
2363 1939 2450 2025 esi
2495 1947 2598 2025 αξιε
2628 1929 2888 2025 minii-lus
2944 1929 3118 2025 5P0“?
3157 1929 3464 2025 δίεῑνίξξιιίίη
3506 1929 3635 2025 gum

328 2041 502 2095 triam
531 2042 769 2112 paradisi
801 2043 1054 2099 ostendit.
1088 2044 1217 2098 Ideo
1247 2058 1390 2098 nunc
1439 2042 1710 2112 baptisma
1737 2042 1934 2113 agitur,

331 2131 466 2200 quia
494 2146 592 2200 per
618 2131 870 2202 Spiritum
902 2140 1147 2186 sanctum
1178 2131 1442 2204 originale
1473 2132 1678 2186 crimen
1744 2130 1935 2185 remit-

332 2227 487 2282 titur.
552 2227 679 2282 ldeo
712 2227 874 2282 etiam
933 2227 1016 2283 his
1059 2227 1252 2283 diebus
1304 2228 1505 2298 jejunia
1565 2228 1932 2298 celebramus,

330 2315 463 2388 quia
503 2333 604 2386 per
634 2315 890 2387 Spiritum
921 2325 1164 2373 sanctum
1196 2318 1408 2373 veniam
1463 2318 1718 2387 accipere
1750 2332 1935 2387 spera-

335 2420 482 2460 mus.
563 2403 666 2473 Qui
695 2406 955 2476 Spiritum
986 2415 1227 2462 sanctum
1274 2405 1743 2477 blasphemavcrit,
1824 2421 1931 2460 non

335 2502 644 2557 remittetur
671 2503 740 2568 ei,
776 2519 952 2575 neque
984 2504 1034 2558 in
1063 2505 1168 2560 hoc
1198 2505 1418 2568 saeculo,
1447 2520 1622 2575 neque
1647 2501 1700 2557 in
1732 2503 1931 2558 futuro.

335 2589 444 2645 Per
475 2589 737 2660 Spiritum
791 2600 1034 2648 sanctum
1067 2591 1226 2648 datur
1265 2591 1517 2648 remissio
1549 2600 1924 2664 peccatorum.

335 2678 441 2748 Qui
471 2680 541 2734 de
572 2679 736 2735 Venia
766 2679 1042 2752 desperat,
1102 2681 1190 2738 hic
1221 2681 1478 2752 Spiritum
1509 2689 1749 2736 sanctum
1780 2679 1931 2736 blas-

335 2776 611 2848 spbemat,
673 2785 839 2850 atque
880 2775 1258 2835 irremissihile
1298 2787 1579 2850 peccatum
1631 2785 1923 2850 perpetrat.

341 2871 840 2942 Quemadmodum,
900 2875 1222 2944 charissimi,
1278 2886 1362 2930 est
1403 2875 1671 2932 Nativitas
1717 2873 1932 2932 Domini

329 2962 587 3033 celebris,
625 2963 706 3021 sic
739 2970 792 3019 et
823 2963 922 3019 ista
955 2961 1218 3020 festivitas
1261 2964 1510 3021 omnibus
1552 2965 1801 3020 ﬁdelibus
1839 2965 1932 3020 dc-

333 3051 423 3107 bet
450 3067 575 3109 esse
609 3051 896 3121 solemnis,
947 3054 1068 3126 quia
1114 3054 1252 3110 sicut
1280 3054 1333 3108 in
1366 3053 1456 3109 illa
1505 3054 1656 3109 Deus
1680 3054 1734 3108 in
1766 3069 1930 3109 carne

329 3150 564 3206 veniens
595 3151 854 3207 homines
885 3151 1138 3216 visitavit,
1174 3151 1252 3208 sic
1281 3151 1334 3205 in
1365 3151 1466 3206 ista
1499 3152 1643 3206 Deus
1671 3149 1726 3206 in
1801 3151 1929 3223 igne

321 3245 646 3316 adveniens,
681 3264 712 3303 a
742 3249 986 3322 peccatis
1016 3249 1262 3305 homines
1292 3266 1560 3323 purgans,
1594 3250 1760 3305 multa
1791 3251 1927 3306 cha-

2048 2020 2302 2076 t'idelibus
2331 2020 2480 2075 varia
2511 2020 2656 2073 dona
2681 2018 2912 2089 Spiritus
2950 2017 3120 2073 sancti
3153 2017 3396 2072 contulit.
3436 2017 3636 2072 Adhuc

2044 2124 2214 2171 restat
2242 2132 2348 2170 una
2377 2115 2496 2171 dies
2526 2131 2634 2188 qua
2663 2131 2919 2186 sponsam
2949 2131 3098 2168 suam
3122 2114 3189 2168 dc
3218 2114 3320 2168 hac
3343 2113 3636 2184 Babylonia

2044 2205 2431 2269 est-ducturus,
2469 2205 2689 2276 quando
2719 2205 2771 2258 in
2836 2203 3026 2258 ultima
3083 2203 3172 2257 die
3224 2202 3522 2257 Ecclesium
3581 2203 3634 2256 in

2042 2294 2245 2349 caelesti
2297 2293 2629 2348 Hierosalem
2657 2297 2742 2347 est
2789 2293 3164 2348 collocatums.
3199 2292 3406 2361 Nempe
3436 2291 3506 2345 de
3551 2291 3636 2345 his

2043 2381 2237 2438 diebus
2293 2381 2574 2452 praecinuit
2635 2397 2734 2452 per
2791 2389 2958 2436 totum
2998 2379 3332 2435 Psalterium
3402 2379 3635 2450 Spiritus

2043 2487 2281 2535 sanctus.
2317 2479 2546 2549 Insuper
2573 2478 2662 2533 lex
2696 2487 2747 2534 et
2776 2491 2967 2532 omnes
2990 2479 3271 2548 propheta:
3297 2475 3637 2548 persultaveu'

2042 2575 2168 2622 runt
2222 2569 2339 2624 haec
2385 2581 2627 2624 consona
2664 2581 2823 2622 voce.
2850 2565 3036 2636 Igitur,
3060 2565 3381 2630 charissimi,
3414 2577 3636 2635 conspe-

2041 2656 2150 2712 ctui
2180 2657 2295 2724 ejus
2323 2655 2376 2710 in
2404 2655 2613 2725 iustitia
2644 2667 2784 2710 nunc
2853 2669 3239 2726 appareamus,
3271 2661 3347 2714 ut,
3379 2669 3503 2708 cum
3531 2665 3633 2724 ap-

2041 2745 2283 2815 paruerit
2322 2744 2504 2817 gtoria
2528 2744 2667 2813 ejus,
2707 2744 2758 2798 in
2792 2743 2993 2813 nuptiis
3050 2742 3168 2811 ejus
3225 2741 3404 2796 satiari
3443 2742 3633 2798 vales-:2

2039 2857 2162 2896 mus
2199 2837 2268 2896 ad
2301 2841 2591 2896 videndum
2620 2840 2674 2895 in
2707 2840 2943 2896 bonitate
2971 2840 3264 2906 electorum
3297 2852 3540 2908 socrum,-
3565 2839 3636 2894 ad

2039 2931 2329 2986 ltetandum
2361 2930 2413 2984 in
2447 2929 2627 2984 lmtitia
2655 2929 2836 3000 gentis
2865 2945 2998 2994 suae,
3069 2928 3123 2982 in
3153 2928 3483 2999 plenitudine
3511 2943 3634 2982 om~

2038 3019 2194 3073 nium
2221 3019 2492 3073 bonorum
2525 3018 2692 3078 (Paci.
2721 3019 2826 3079 ον).
2859 3015 2992 3086 Qua)
3021 3018 3209 3072 oculus
3239 3032 3348 3072 non
3391 3015 3540 3084 vidit,
3580 3023 3635 3071 et

2038 3116 2187 3172 auria
2216 3131 2325 3172 non
2357 3115 2565 3171 audivit
2593 3116 2642 3186 (Ι
2667 3115 2788 3171 Cor.
2824 3118 2904 3185 ιι).

1333 3579 1780 3691 FERIA
1889 3583 2371 3694 SECUN
2402 3590 2631 3698 DA.

1570 3777 1962 3844 Secundum
2029 3777 2396 3851 Joannem.

397 3970 419 3996 ιι
456 3946 552 4004 Sic
584 3942 734 4001 enim
761 3941 956 4000 dilexit
984 3943 1132 4000 Deus
1160 3944 1440 4010 mundum,
1473 3951 1533 4000 ut
1557 3940 1746 4000 Filium
1770 3959 1926 4000 suum
1960 3939 2008 4002 C
2038 3949 2212 4005 credit
2245 3965 2352 4006 non
2382 3953 2562 4009 veniet
2590 3953 2642 4009 in
2670 3947 2955 4023 judicium,
2990 3956 3045 4008 et
3074 3949 3166 4007 ille
3196 3949 3285 4024 qui
3315 3963 3424 4005 non
3459 3945 3633 4028 credit

320 4033 672 4108 unigenitum
701 4033 882 4096 daret,
931 4039 987 4088 ut
1011 4033 1188 4089 omnis
1234 4034 1324 4106 qui
1384 4035 1556 4089 credit
1585 4034 1640 4088 in
1671 4049 1792 4089 eum
1824 4047 1932 4090 non

323 4133 544 4195 pereat,
585 4123 684 4178 sed
717 4123 919 4178 habeat
975 4121 1140 4178 vitam
1194 4131 1456 4177 mternam
1507 4124 1690 4190 (locu.
1750 4122 1860 4192 ill).
1904 4143 1926 4171 ι

327 4213 522 4283 Aperit
549 4225 780 4268 causam
810 4212 1066 4266 hutnana':
1096 4211 1304 4276 salutis,
1339 4211 1684 4266 dilectionem
1724 4211 1930 4267 scilicet

328 4301 434 4356 Dei
472 4300 643 4355 Patris
669 4313 735 4354 ax
761 4311 872 4372 quo
900 4307 982 4355 est
1009 4301 1190 4355 omnis
1255 4299 1570 4355 restauratio
1598 4299 1682 4354 vel
1712 4298 1930 4355 institu-

333 4398 413 4453 tio
443 4410 549 4468 per
577 4397 772 4452 Filium
804 4407 961 4452 suum
1017 4397 1070 4452 in
1130 4397 1336 4468 Spiritu
1366 4403 1579 4452 sancto.
1620 4397 1768 4452 Idem
1800 4395 1932 4453 dicit

334 4507 407 4552 ex
439 4493 579 4550 Filio
609 4491 706 4550 Dei
738 4489 886 4567 quod
919 4508 1084 4566 supra
1104 4509 1167 4550 ex
1199 4492 1310 4550 tilio
1348 4493 1583 4550 hominis
1623 4494 1928 4562 credentes,

333 4582 623 4655 consequi,
670 4587 725 4638 ut
773 4597 872 4654 per
922 4597 1085 4653 quem
1131 4583 1187 4637 in
1227 4583 1428 4639 deitate
1470 4583 1674 4640 conditi
1747 4599 1932 4638 sumus

331 4697 440 4754 per
468 4680 720 4736 eumdem
743 4679 798 4734 in
829 4680 1053 4736 homine
1084 4686 1484 4737 restauremur.

414 4791 439 4817 α
463 4764 586 4824 Non
617 4769 761 4824 enim
793 4769 940 4824 mistt
979 4767 1125 4823 Deus
1157 4768 1350 4824 Filium
1380 4783 1534 4824 suum
1579 4765 1632 4825 in
1673 4769 1928 4824 mundum

333 4865 393 4917 ut
437 4857 653 4932 judicet
705 4857 989 4924 mundum,
1038 4858 1133 4913 sed
1178 4865 1233 4913 ut
1275 4857 1511 4912 mundus
1551 4859 1789 4914 salvetur
1835 4875 1933 4930 per

333 4948 542 5021 ipsum.
576 4970 597 4995 υ
629 4945 792 5002 Venit
831 4946 1094 5014 Salvator,
1146 4953 1202 5001 at
1246 4947 1439 5014 salvet,
1485 4959 1594 5002 non
1627 4954 1680 5001 ut
1699 4947 1926 5018 judicet,

327 5043 392 5099 id
429 5051 510 5099 est
558 5042 801 5108 damnet,
854 5041 950 5098 sed
999 5041 1044 5097 si
1080 5043 1352 5113 judicatur
1389 5042 1574 5112 homo,
1615 5059 1681 5099 ex
1728 5057 1787 5100 se
1836 5045 1933 5100 ha-

326 5131 474 5197 buit,
511 5129 638 5203 quia
668 5127 919 5186 credidit.

414 5243 438 5268 .
473 5219 579 5289 Qui
605 5218 780 5276 credit
811 5219 866 5274 in
909 5233 1055 5287 eum,
1102 5232 1208 5275 non
1243 5219 1526 5290 judicatur
1558 5239 1571 5288 ;
1623 5221 1714 5293 qui
1751 5229 1926 5278 autem

2033 4037 2147 4107 jam
2173 4039 2455 4107 judicatus
2497 4051 2600 4108 est,
2655 4043 2748 4098 ubi
2799 4047 2929 4098 sunt
2975 4057 3113 4114 quos
3157 4041 3497 4110 judicaturus
3550 4031 3634 4094 est

2041 4126 2304 4182 Dominus
2331 4128 2385 4183 in
2417 4125 2505 4186 die
2519 4130 2714 4200 judicii
2738 4134 2765 4186 ?
2793 4129 2911 4187 Non
2946 4129 3264 4202 intelligitur
3309 4127 3630 4198 praeteritum

2041 4221 2261 4286 tempus
2291 4219 2418 4288 poni
2449 4235 2546 4290 pro
2578 4219 2777 4276 futuro.
2811 4219 2945 4275 Nam
2971 4219 3249 4289 judicatus
3276 4225 3375 4285 est,
3427 4215 3632 4272 dicitur

2039 4311 2328 4369 damnatus
2358 4326 2439 4372 est
2470 4319 2569 4373 Del
2600 4317 2960 4390 praescicntia,
2995 4319 3086 4390 qui
3116 4317 3265 4374 novit
3287 4313 3416 4390 quid
3464 4311 3634 4370 immi-

2035 4410 2165 4457 neat
2196 4417 2303 4458 non
2351 4405 2742 4472 credentibus;
2783 4413 2833 4462 et
2854 4405 2948 4461 ubi
2986 4405 3157 4462 dicit:
3205 4417 3312 4460 non
3362 4406 3541 4459 veniet
3563 4401 3633 4459 ad

2034 4490 2325 4560 judicium,
2362 4495 2431 4547 ita
2466 4494 2878 4568 intelligendum
2913 4504 3030 4552 est:
3066 4508 3173 4551 non
3204 4492 3353 4549 venit
3373 4492 3443 4548 ad
3473 4492 3629 4547 dami-

2039 4581 2333 4652 nationem,
2792 4587 2798 4598 ‘
3527 4595 3530 4598 ί

2116 4691 2138 4717 η
2172 4670 2286 4725 Hoc
2316 4679 2398 4725 est
2429 4677 2608 4726 autem
2636 4671 2924 4742 judicium,
2958 4671 3083 4744 quia
3113 4671 3202 4727 lux
3227 4672 3370 4728 venit
3401 4671 3453 4726 in
3484 4673 3630 4725 mun-

2038 4757 2166 4812 dum
2199 4775 2213 4812 :
2246 4766 2298 4814 et
2327 4757 2636 4815 dilexerunt
2669 4761 2914 4816 homines
2957 4761 3136 4833 magis
3165 4762 3418 4816 tenebras
3447 4762 3630 4831 quam

2037 4845 2241 4902 lucem.
2276 4848 2438 4902 Erant
2471 4849 2616 4904 enim
2647 4865 2832 4904 eorum
2862 4857 3025 4920 opera
3050 4850 3212 4904 mala.
3261 4847 3453 4905 Omnis
3484 4849 3630 4903 enim

2040 4946 2137 5018 qui
2169 4945 2308 5001 male
2350 4945 2465 5018 agit
2493 4947 2607 5002 odit
2636 4947 2809 5003 lucem
2835 4967 2850 5012 ;
2882 4955 3066 5007 etnon.
3082 4947 3231 5002 venit
3257 4947 3542 5011 adlucem,
3574 4955 3631 5001 ut

2041 5050 2148 5090 non
2177 5042 2475 5107 arguantur
2495 5051 2671 5106 opera
2699 5052 2836 5105 ejus.
2872 5058 2894 5084 ι»
2927 5035 3202 5091 Judicium
3226 5036 3628 5091 dicitteternam

2039 5123 2466 5189 damnationem,
2500 5124 2643 5196 quod
2673 5125 2776 5180 erit
2805 5140 2913 5180 non
2939 5140 3278 5198 cognoscere
3299 5126 3492 5191 Deum,
3523 5123 3632 5180 sic-

2043 5219 2122 5274 uti
2151 5227 2352 5274 aeterna
2381 5218 2490 5274 vita
2518 5229 2602 5275 est
2631 5235 2968 5293 cognoscere
2995 5237 3143 5280 eum.
3177 5220 3316 5289 Quia
3346 5221 3440 5276 lux
3463 5221 3628 5286 venit.

333 5331 445 5377 non
477 5287 672 5384 credit,
708 5319 821 5387 jam
846 5315 1118 5386 judicatus
1170 5287 1274 5383 est,
1328 5319 1455 5390 qui.
1498 5287 1605 5375 ησῃ
1642 5287 1834 5377 ὀι-εδει
1873 5323 1927 5378 in
1959 5287 2016 5350 D
2050 5307 2284 5363 Verbum
2312 5303 2524 5365 scilicet
2549 5308 2608 5364 in
2633 5287 2816 5375 carne,
2851 5316 2904 5365 et
2932 5309 3126 5366 excitat
3173 5287 3227 5364 et
3257 5317 3440 5366 monet
3469 5310 3639 5368 homi-

331 5407 557 5466 nomine
580 5403 848 5479 unigeniti
886 5403 1128 5462 FliiDel.
1174 5428 1197 5455 ι
1247 5407 1503 5463 Nondum
1544 5411 1799 5480 apparuit
1841 5413 1933 5480 ju-

332 5496 556 5564 dicium,
587 5495 686 5552 sed
708 5493 818 5564 jam
853 5494 1058 5550 factum
1089 5501 1195 5551 cst.
1233 5519 1256 5545 η
1289 5495 1452 5552 Novit
1482 5498 1624 5552 enim
1668 5499 1930 5556 Domitios

331 5587 424 5660 qui
457 5593 580 5642 sunt
610 5585 731 5655 ejus
755 5584 830 5654 (11
859 5583 1007 5640 Time
1028 5585 1111 5654 ιι).
1149 5605 1170 5633 η
1207 5585 1375 5640 Novit
1413 5587 1558 5640 enim
1589 5587 1679 5658 qui
1711 5599 1934 5658 perma-

328 5691 492 5744 neant
519 5685 590 5743 ad
622 5695 908 5750 coronam,
941 5683 1035 5755 qni
1058 5683 1127 5738 ad
1157 5683 1450 5738 ﬂammam.
1493 5684 1656 5740 Novit
1696 5685 1749 5739 in
1797 5697 1930 5742 arca

325 5792 423 5834 sua
451 5775 720 5840 triticum,
753 5771 906 5826 novit
932 5772 1167 5842 paleam,
1201 5774 1351 5828 novit
1379 5780 1644 5845 segetem,
1666 5775 1819 5829 novit
1864 5775 1932 5829 ai-

320 5869 505 5925 zania.
540 5865 674 5922 Non
704 5877 806 5917 eos
847 5861 1133 5917 audiamus
1185 5862 1277 5933 qui
1313 5870 1520 5934 negant
1559 5879 1625 5918 ex
1667 5863 1770 5918 hoc
1807 5862 1928 5918 loco

313 5959 460 6019 diem
486 5949 691 6028 judicii
724 5948 992 6027 futurum.
1028 5949 1227 6006 Dicunt
1255 5951 1401 6006 enim
1435 5968 1448 6005 :
1482 5951 1539 6008 Si
1588 5958 1642 6006 et
1695 5949 1788 6005 ille
1834 5951 1926 6021 qui

2040 5412 2139 5452 nes
2168 5411 2501 5469 cognoscere
2530 5413 2631 5452 sua
2682 5398 2845 5467 mala,
2906 5398 2962 5452 in
2990 5398 3189 5470 quibus
3245 5413 3436 5453 omnes
3465 5405 3592 5458 sum
3616 5426 3631 5473 ;

2039 5493 2277 5565 profecto
2306 5495 2705 5565 illijudicantur
2734 5496 2826 5567 qui
2853 5495 3088 5551 oderunt
3135 5495 3516 5552 admonentem
3537 5495 3630 5549 lu-

2033 5607 2172 5660 cem,
2200 5602 2257 5648 et
2285 5592 2471 5665 fugant
2501 5610 2575 5650 ne
2603 5604 2902 5666 arguantur
2919 5595 3062 5650 mala
3094 5610 3282 5650 eorum
3327 5611 3448 5665 quae
3499 5593 3632 5653 sunt

2035 5687 2305 5757 impietas,
2330 5687 2699 5754 incredulitas,
2726 5689 2912 5743 odium
2932 5688 3339 5753 aeternaelucis,
3376 5696 3430 5744 et
3479 5689 3630 5746 nolle

2036 5791 2154 5832 eam
2183 5777 2447 5846 aspicere,
2481 5777 2584 5832 sed
2617 5777 2760 5832 velle
2788 5777 2842 5831 in
2865 5777 3104 5832 tenebris
3137 5786 3492 5846 peccatorum
3536 5787 3628 5832 re-

2036 5880 2283 5920 manere.
2318 5866 2516 5937 Utiqne
2545 5867 2722 5922 omnis
2751 5866 2842 5936 qui
2893 5873 2980 5920 est
3015 5866 3068 5920 in
3101 5866 3396 5922 intentione
3425 5865 3550 5919 mali
3576 5873 3630 5920 et

2035 5971 2158 6012 cum
2211 5970 2419 6012 amore
2469 5955 2641 6026 ipsius
2695 5953 2825 6009 mali
2886 5962 3186 6025 operatur,
3239 5954 3353 6009 odit
3425 5953 3623 6016 lucem,
