3924 6406
415 407 516 467 991

1547 403 1902 462 WERNERI
1938 404 2233 464 ABBATIS
2266 405 2327 464 S.
2367 407 2592 467 BLASII

3618 406 3724 467 99d

420 533 546 607 quia
573 532 782 608 detegit
822 532 987 599 mala,
1032 538 1090 589 et
1124 531 1200 588 ita
1239 547 1352 589 non
1399 529 1555 587 venit
1589 530 1661 586 ad
1704 530 1905 601 lucem,
1952 538 2012 588 ut
2042 532 2097 598 Λ,
2125 539 2273 600 neat,
2307 532 2406 589 sed
2434 533 2605 590 etiam
2631 546 2666 589 a
2692 530 3004 591 minoribus
3018 531 3621 593 veramcomessionem
3639 532 3722 590 fa-

418 624 472 682 ei
492 624 755 698 jungatur
785 642 801 692 ;
831 622 933 680 sed
962 621 1118 698 l‘ugat
1146 637 1218 680 ne
1246 621 1390 679 mala
1418 636 1540 695 quas
1567 618 1750 695 diligit
1777 636 2021 695 arguan-

423 728 531 778 tur.

498 849 521 875 α
556 826 659 897 Qui
675 838 854 887 autem
870 830 997 888 facit
1014 829 1306 887 veritatem
1325 826 1474 885 venit
1502 825 1574 883 ad
1593 825 1792 894 lucem,
1824 830 1882 879 ut
1912 837 2024 878 ma-

422 916 753 976 nifestentur
780 936 943 992 opera
975 919 1117 990 ejus,
1152 919 1278 990 quia
1325 919 1385 974 in
1407 919 1573 974 domo
1610 923 1739 972 sunt
1788 914 1950 970 facta.
1988 936 2011 962 ιι

423 1013 564 1085 Quia
591 1016 800 1073 initium
831 1017 959 1074 boni
988 1026 1071 1074 est
1101 1017 1378 1075 accusatio
1417 1014 1572 1085 mali,
1618 1013 1900 1072 veritatem
1928 1012 2015 1067 fa-

421 1114 512 1198 cit,
546 1115 600 1170 id
630 1124 714 1171 est
743 1132 946 1191 eaquae
974 1116 1179 1173 veritas
1202 1115 1386 1188 jubet.
1425 1112 1750 1185 Quicunque
1781 1107 2024 1166 admoni-

418 1210 506 1259 tus
532 1219 636 1275 per
656 1205 833 1262 lucem
864 1223 965 1263 sua
993 1205 1139 1262 mala
1167 1212 1410 1269 accusat,
1444 1211 1503 1259 nt
1555 1204 1673 1258 llaec
1701 1201 1825 1271 ejus
1852 1215 2019 1256 accn-

420 1293 559 1349 satio
587 1303 642 1348 et
670 1296 776 1350 alia
807 1294 949 1351 bona
977 1312 1102 1368 quae
1147 1293 1275 1351 fecit
1302 1293 1721 1349 manifestentur
1772 1289 1918 1360 quod
1947 1286 2022 1342 il-

2124 621 2252 690 ciat,
2295 622 2554 693 quoniam
2584 621 2745 693 plura
2772 622 2983 678 minuta
3037 630 3284 694 peccata.
3324 621 3374 679 si
3428 621 3723 695 negligan-

2126 718 2236 781 ων,
2260 711 2547 770 occidunt.
2592 711 2732 766 Nam
2760 710 2987 768 minutae
3013 719 3183 784 guttae
3241 710 3446 771 ﬁumen
3472 711 3719 784 implent,

2126 808 2182 856 et
2209 800 2413 856 minuta
2466 814 2643 874 grana
2705 815 2893 856 arena
2922 799 2972 857 si
3024 799 3196 857 multa
3237 809 3361 857 sunt
3410 800 3725 873 opprimunt

2125 912 2348 954 navem.
2394 896 2465 953 Et
2499 898 2605 953 hoc
2637 895 2770 953 facit
2799 898 3018 953 sentina
3059 895 3327 970 neglecta,
3357 898 3501 968 quod
3528 896 3727 954 ﬂuctus

2124 985 2357 1042 irruens.
2429 986 2689 1043 Paulatim
2725 985 2888 1043 intrat
2914 999 3060 1058 aqua
3120 1002 3221 1058 per
3275 986 3585 1055 sentinam;
3624 986 3726 1043 sed

2125 1075 2220 1132 diu
2247 1075 2499 1132 intrando
2528 1083 2583 1132 et
2609 1092 2721 1132 non
2758 1075 3133 1133 exhauriendo
3160 1076 3363 1150 mergit
3386 1091 3610 1133 navem.
3654 1077 3727 1133 Et

2125 1173 2250 1246 quia
2278 1174 2430 1230 Deus
2493 1180 2815 1245 peccatores
2876 1172 3118 1246 ﬂagellat
3178 1173 3237 1230 in
3272 1174 3374 1231 hoc
3412 1171 3612 1232 seculo
3654 1174 3725 1229 ad

2124 1261 2588 1329 emendationem,
2621 1261 2762 1319 ferto
2789 1270 3002 1335 patrem
3030 1262 3401 1332 erudientem,
3430 1278 3503 1320 ne
3520 1260 3727 1321 sentias

418 1380 774 1439 luminatione
801 1383 982 1440 divina
996 1351 1137 1440 'sunt
1167 1383 1336 1440 facta.
1369 1381 1476 1453 Qui
1507 1380 1624 1437 vult
1669 1351 1804 1453 ergo
1831 1378 2023 1434 venire
2120 1351 2363 1426 iudicem
2388 1351 2726 1427 Ριιηίθοωιῐιο

418 1482 488 1542 ad
517 1482 719 1552 lucem,
758 1498 870 1539 non
908 1489 1119 1539 tantum
1159 1496 1191 1538 ιι
1227 1479 1533 1556 grandibus
1572 1479 1815 1556 peccatis
1844 1476 2021 1534 absti-

1491 1765 1958 1873 FERIA
2032 1765 2657 1872 TERTIA.

1675 1985 2077 2056 Secundum
2129 1986 2472 2056 Joannem

494 2176 517 2203 α
553 2155 754 2222 Amen,
830 2168 993 2212 amen
1032 2154 1158 2213 dico
1194 2153 1371 2219 vobis,
1440 2152 1532 2226 qui
1563 2167 1675 2209 non
1703 2149 1877 2207 intrat
1928 2165 2028 2221 per
2055 2146 2111 2208 Β
2142 2155 2444 2223 sequuntur
2471 2162 2801 2221 quocunque
2829 2145 2971 2214 ierit,
3006 2141 3418 2220 perseverando
3458 2157 3638 2212 usque
3674 2141 3730 2198 in

424 2244 620 2301 ostium
656 2243 712 2298 in
738 2244 884 2301 ovile
922 2244 1129 2311 ovium,
1168 2244 1269 2301 sed
1307 2243 1556 2299 ascendit
1617 2240 1859 2306 aliunde,
1935 2239 2029 2295 ille

424 2329 514 2389 fur
540 2338 698 2388 estet
724 2331 871 2388 latro
898 2332 1089 2403 (Joan.
1124 2335 1212 2403 χ).
1255 2354 1279 2381 η
1316 2330 1454 2401 Quia
1468 2329 1723 2403 pharisaei
1748 2327 2029 2397 jactahant

427 2436 489 2479 se
518 2420 706 2477 videre
731 2420 898 2493 (quod
921 2422 1140 2493 quidem
1171 2429 1397 2493 possent
1422 2420 1473 2477 si
1540 2435 1674 2477 oves
1703 2417 1903 2476 Christi
1933 2432 2029 2473 es-

430 2518 577 2590 sent)
614 2518 880 2574 Dominus
947 2520 1019 2576 ob
1056 2535 1247 2577 eorum
1319 2518 1690 2590 arrogantiam
1746 2515 2032 2589 propmuit

433 2606 577 2664 hanc
604 2607 1013 2667 similitudinem
1045 2650 1061 2666 .
1094 2607 1348 2666 Ostendit
1377 2607 1559 2680 itaque
1586 2606 1712 2680 quia
1739 2621 1918 2676 neque
1947 2620 2026 2660 sa-

434 2695 661 2768 pientia,
701 2712 879 2767 neque
908 2697 1233 2755 observatio
1262 2697 1422 2770 legis,
1453 2712 1557 2756 nec
1586 2696 1729 2752 bona
1752 2695 1862 2752 vita
1892 2711 2034 2768 qum-

436 2807 650 2863 cunque
688 2793 832 2851 valet
892 2794 999 2850 nisi
1036 2811 1138 2867 per
1199 2811 1353 2853 eum.
1401 2795 1529 2852 Sive
1590 2794 1738 2851 enim
1809 2793 2034 2850 Iudaeus

434 2897 533 2939 seu
566 2882 899 2952 Phariaene,
932 2901 1027 2941 seu
1058 2885 1299 2956 gentilis,
1332 2901 1430 2941 seu
1469 2886 1635 2942 etiam
1672 2882 2034 2956 philosophus

432 2971 632 3031 doceat
661 2973 800 3029 bene
832 2974 1034 3040 vivere,
1067 2974 1155 3031 vel
1186 2975 1479 3030 haereticus
1508 2973 1612 3030 sub
1633 2973 1851 3030 nomine
1880 2972 2036 3029 Chri-

435 3063 525 3128 sti,
566 3078 670 3119 nec
698 3071 881 3119 tamen
912 3062 967 3118 in
1017 3065 1233 3120 Christo
1260 3080 1375 3135 prae
1394 3064 1569 3120 licans
1592 3079 1793 3119 omnes
1820 3061 1939 3118 sine
1968 3077 2035 3119 eo

436 3159 651 3230 rapiunt
713 3168 766 3216 et
792 3159 1070 3217 occidunt.
1120 3159 1277 3217 Ovile
1334 3169 1418 3215 est
1450 3159 1724 3217 Ecclesia.
1774 3160 1832 3214 lu
1872 3174 2037 3232 quam

432 3252 736 3322 quicunque
763 3249 878 3305 vult
904 3249 1122 3314 intrare,
1155 3266 1253 3322 per
1317 3249 1590 3304 Christum
1621 3249 1804 3314 intret,
1837 3247 2038 3304 Christi

2138 2235 2327 2294 ﬁnem.
2364 2237 2481 2294 Nec
2511 2235 2654 2292 enim
2684 2236 2824 2293 bene
2856 2235 3036 2291 vivere
3065 2232 3280 2290 dicendi
3307 2240 3431 2289 sunt
3450 2232 3540 2303 qui
3567 2230 3731 2286 linem

2137 2326 2278 2383 bene
2310 2326 2526 2382 vivendi
2559 2326 2646 2383 vel
2699 2324 2942 2384 caecitate
2996 2320 3266 2392 nesciunt,
3313 2319 3402 2379 vel
3453 2318 3730 2379 inﬂatione

2137 2424 2510 2473 contemnunt.

2215 2550 2239 2581 ι
2268 2529 2521 2585 Alienum
2551 2532 2738 2585 autem
2758 2544 2869 2586 non
2897 2533 3224 2601 sequuntur,
3254 2524 3353 2582 sed
3407 2523 3627 2598 fugiunt
3653 2524 3724 2580 ab

2140 2635 2229 2687 eo,
2253 2617 2382 2691 quia
2411 2634 2522 2674 non
2550 2627 2821 2675 noverunt
2850 2633 3042 2675 vocem
3088 2616 3418 2672 alienorum.
3455 2615 3568 2670 Hoc
3597 2629 3735 2687 pro-

2140 2708 2388 2765 verbium
2418 2708 2552 2763 dixit
2581 2708 2662 2764 eis
2681 2708 2856 2763 Jesus.
2888 2707 2972 2763 Illi
3000 2714 3179 2762 autem
3208 2720 3320 2762 non
3362 2710 3734 2776 cognoverunt

2140 2807 2271 2880 quid
2294 2807 2614 2879 loqueretur
2638 2806 2745 2865 eis.
2814 2829 2838 2856 ι
2871 2807 2933 2861 In
2988 2805 3134 2861 bono
3165 2802 3556 2862 convincuntur
3610 2818 3732 2860 esse

2141 2897 2293 2954 caeci.
2327 2898 2561 2952 Interest
2590 2896 2735 2953 enim
2765 2895 2905 2951 inter
2933 2893 3059 2950 illos
3088 2901 3141 2951 et
3169 2909 3269 2949 nos
3313 2900 3601 2965 antequam
3630 2890 3733 2946 ista

2141 2987 2312 3044 verba
2344 3002 2768 3060 cognoscamus,
2802 2983 3054 3056 quoniam
3083 2982 3372 3057 pulsamus
3392 2989 3446 3038 et
3464 2980 3738 3055 aperietur

2142 3076 2322 3141 nobis,
2353 3075 2432 3131 illi
2463 3082 2642 3131 autem
2674 3091 2804 3131 non.

2220 3197 2242 3222 α
2278 3173 2420 3229 Dixit
2451 3188 2585 3245 ergo
2615 3172 2695 3228 eis
2724 3172 2925 3227 iterum
2972 3171 3129 3227 Jesns
3162 3187 3176 3227 :
3209 3171 3379 3226 Amen
3422 3182 3579 3224 amen
3609 3166 3735 3223 dico

2144 3262 2324 3329 vobis,
2381 3260 2505 3334 quia
2534 3277 2641 3333 ego
2670 3277 2791 3315 sum
2818 3259 3017 3316 ostium
3047 3259 3253 3316 ovium.
3308 3281 3331 3307 ι
3390 3257 3539 3314 Sicut
3566 3254 3737 3310 Filius

433 3336 672 3410 gloriam
724 3353 996 3408 quaerens,
1036 3354 1147 3394 non
1212 3353 1397 3394 suam.
1443 3338 1675 3393 Humilis
1706 3336 1876 3408 janna
1949 3341 2037 3392 est

2148 3368 2246 3426 per
2274 3367 2334 3406 se
2363 3350 2518 3407 novit
2547 3352 2782 3416 Patrem,
2805 3365 2909 3405 nos
2926 3357 3106 3404 autem
3134 3363 3237 3421 per
3273 3347 3442 3413 illum,
3474 3344 3554 3402 sic
3581 3344 3739 3402 intrat

435 3433 701 3490 Christus.
746 3436 895 3508 Ergo
909 3435 1001 3506 qui
1030 3435 1198 3490 intrat
1241 3451 1301 3490 se
1333 3435 1597 3505 humiliet,
1630 3451 1700 3491 ne
1729 3434 2037 3491 ascendens

2148 3447 2199 3504 in
2229 3447 2392 3514 ovile,
2414 3447 2469 3502 id
2504 3454 2588 3502 est
2631 3447 2698 3501 ad
2730 3446 2901 3503 corda
2955 3444 3137 3500 svium
3167 3460 3267 3517 per
3322 3459 3382 3500 se
3413 3450 3470 3499 et
3500 3458 3600 3498 nos
3642 3456 3740 3512 per

435 3539 534 3597 per
564 3524 877 3591 maceriam,
909 3525 1037 3580 dum
1069 3526 1339 3581 exaltatur
1361 3526 1545 3582 cadat.
1594 3525 1835 3582 Aliunde
1858 3526 2040 3596 itaque
2062 3510 2115 3597 β
2140 3536 2346 3619 ipsum,
2377 3510 2580 3593 Oculus
2609 3535 2793 3596 canis
2824 3551 2884 3590 se
2913 3534 3100 3591 videre
3158 3510 3266 3590 ξιοη
3296 3540 3492 3605 potest,
3523 3531 3628 3586 ana
3645 3510 3738 3585 ﬁ-

435 3613 700 3680 ascendit,
732 3614 822 3686 qui
853 3616 1128 3687 quomodo
1158 3624 1380 3687 pr0pter
1406 3614 1674 3672 Christum
1720 3614 1907 3684 intrat,
1952 3613 2040 3669 vel
2062 3626 2075 3653 ι

438 3718 546 3760 non
574 3703 644 3760 de
672 3719 739 3760 eo
769 3703 911 3760 bene
942 3704 1247 3772 sentiendo,
1280 3705 1366 3761 vel
1390 3721 1499 3761 non
1521 3705 1640 3776 ejus
1661 3704 1914 3776 gloriam,
1939 3703 2039 3762 sed

439 3818 594 3858 suam
623 3803 952 3874 quaerendo.
991 3803 1101 3859 Fur
1128 3819 1264 3877 ergo
1314 3812 1400 3860 est
1437 3804 1530 3877 qui
1568 3804 1708 3859 male
1758 3804 1943 3871 intrat,
1986 3810 2041 3859 et

436 3892 583 3966 quod
607 3892 848 3948 alienum
876 3899 964 3950 est
1009 3909 1166 3949 suum
1195 3893 1345 3975 dicit,
1393 3894 1448 3949 id
1477 3900 1563 3951 est
1597 3909 1731 3951 oves
1759 3893 1858 3952 Dei
1909 3908 2041 3951 snas

439 3980 589 4040 facit.
619 3982 784 4039 Latro
814 3991 918 4049 est,
950 3984 1073 4054 quia
1119 3982 1266 4055 quod
1294 3982 1503 4039 furatus
1532 3991 1617 4041 est
1657 3983 1876 4048 occidit,
1910 3982 2042 4038 dum

440 4077 589 4134 malo
642 4078 903 4150 exemplo
940 4095 1039 4135 seu
1095 4094 1355 4151 perverse
1402 4080 1653 4136 docendo
1683 4095 1820 4137 oves
1849 4094 2043 4136 vocem

441 4167 559 4237 ejus
588 4168 837 4224 audiunt.
884 4169 944 4223 In
976 4184 1083 4239 quo
1111 4183 1238 4225 cum
1258 4172 1419 4224 sonet
1447 4184 1559 4225 vox
1588 4169 1742 4226 verbi
1766 4169 1869 4226 Dei
1897 4185 2043 4241 prm-

443 4256 701 4314 destinati
721 4257 790 4313 ad
820 4257 984 4313 vitam
1014 4258 1249 4313 audiunt
1276 4257 1606 4316 obediendo.
1650 4260 1720 4315 Et
1748 4259 2045 4315 notandum

442 4344 593 4420 quod
622 4361 731 4401 non
760 4345 938 4402 omnis
1002 4346 1094 4417 qui
1120 4346 1287 4403 intrat
1314 4364 1415 4419 per
1445 4346 1666 4414 Ostium,
1724 4357 1914 4419 pastor
1940 4356 2046 4416 est,

450 4444 578 4517 quia
606 4452 820 4503 etoves
847 4445 1075 4501 intrant.
1122 4446 1512 4502 Verumtamen
1585 4446 1767 4502 unitas
1822 4447 2048 4505 univer-

446 4532 621 4589 sitatis
649 4533 910 4591 Ecclesias
939 4534 1109 4591 verbo
1147 4543 1202 4591 et
1230 4535 1481 4607 exemplo
1535 4535 1779 4609 quotidie
1834 4536 2041 4608 pascit.

448 4622 718 4681 Ostiarins
749 4633 832 4679 est
887 4624 1155 4692 Christus,
1232 4625 1417 4697 quise
1469 4625 1647 4699 ipsum
1704 4625 1904 4694 aperit,
1963 4627 2053 4686 vel

447 4720 730 4795 Scriptura
758 4738 878 4792 quae
905 4722 1054 4780 ducit
1080 4724 1151 4779 ad
1195 4723 1497 4793 Christum,
1546 4724 1634 4782 vel
1660 4724 1895 4797 Spiritus
1924 4739 2052 4782 san-

447 4818 572 4870 ctus
600 4811 670 4867 ad
698 4826 919 4869 omnem
947 4812 1253 4871 veritatem.

527 4959 553 4987 α
582 4938 652 4993 Ει
679 4938 931 5010 proprias
977 4954 1112 4995 over
1158 4948 1319 4997 vocat
1365 4940 1714 5008 nominatim,
1765 4948 1819 4997 et
1866 4941 2051 4998 educit

451 5038 573 5083 eas.
608 5028 673 5083 Et
698 5044 822 5083 cum
854 5029 1104 5101 proprias
1130 5045 1266 5086 oves
1294 5031 1559 5096 emiserit,
1592 5041 1719 5088 ante
1747 5047 1841 5087 eas
1878 5032 2050 5097 vadit,

451 5124 506 5174 et
533 5132 668 5175 oves
695 5116 850 5173 illum
879 5127 1205 5192 sequuntur,
1238 5120 1368 5193 quia
1397 5120 1577 5177 sciunt
1618 5136 1809 5178 Vocem
1839 5120 1981 5191 ejus.
2025 5144 2049 5171 ιι

2146 3627 2240 3683 det
2270 3641 2285 3695 ;
2319 3626 2416 3683 sed
2447 3625 2754 3683 intellectus
2784 3631 2838 3681 et
2867 3640 2928 3679 se
2958 3632 3010 3680 et
3038 3622 3149 3679 alia
3176 3621 3449 3696 intelligit.
3480 3620 3568 3676 Sic
3595 3618 3741 3675 Chri-

2147 3724 2264 3774 stus
2295 3724 2349 3773 et
2376 3716 2449 3772 ad
2474 3731 2558 3783 se,
2589 3727 2640 3770 et
2668 3714 2737 3769 ad
2767 3722 2820 3770 te
2872 3721 2927 3769 et
2972 3712 3042 3770 ad
3073 3714 3290 3768 Patrem
3337 3727 3439 3783 per
3460 3726 3521 3766 se
3547 3710 3731 3766 intrat.

2126 3806 2285 3868 'Nam
2316 3822 2367 3868 et
2398 3804 2505 3886 per
2526 3811 2757 3868 verbum
2829 3810 2936 3867 alia
3000 3810 3256 3866 dicuntur
3282 3824 3402 3881 quae
3455 3822 3565 3863 non
3621 3815 3740 3861 sunt

2146 3898 2401 3966 verbum,
2433 3906 2483 3955 et
2504 3897 2694 3969 ipsum
2736 3896 2987 3967 verbum.
3035 3893 3191 3952 Multi
3234 3901 3361 3950 sunt
3388 3900 3634 3966 pastores
3685 3892 3741 3945 ιιι

2149 3988 2281 4045 boni
2308 3988 2557 4060 episcopi
2588 4005 2603 4052 ;
2636 3986 2836 4044 ostium
2865 4000 2997 4043 vero
3028 3999 3190 4042 nemo
3210 3991 3314 4051 est,
3344 3982 3450 4039 nisi
3479 3980 3738 4038 Christus.

2149 4090 2214 4144 In
2243 4086 2578 4159 Apocalypsi
2605 4085 2859 4143 dicuntur
2901 4084 3098 4152 sancti,
3168 4090 3283 4140 non
3352 4080 3572 4148 ostium,
3644 4078 3740 4136 sed

2149 4185 2323 4250 portas
2350 4193 2447 4248 per
2472 4190 2610 4247 quas
2630 4174 2951 4246 pervenitur
2976 4172 3049 4230 ad
3076 4172 3296 4231 ostium.
3326 4169 3535 4228 Omnes
3580 4176 3741 4242 quot-

2153 4274 2289 4339 quot
2316 4274 2583 4322 venerunt
2608 4264 2761 4321 fures
2789 4272 2916 4319 sunt
2947 4271 3002 4320 et
3027 4263 3287 4328 latrones,
3342 4260 3442 4317 sed
3485 4274 3595 4316 non
3644 4274 3743 4313 au-

2153 4355 2373 4412 dierunt
2399 4370 2496 4415 eos
2524 4370 2683 4411 oves.
2723 4352 2828 4424 Qui
2857 4359 3126 4409 venerunt
3178 4366 3287 4407 non
3323 4348 3418 4423 qui
3444 4346 3597 4405 missi
3621 4352 3744 4402 sunt

2154 4442 2394 4501 fuerunt.
2430 4441 2585 4501 Unde
2613 4442 2670 4497 in
2699 4443 2969 4515 propheta
3003 4459 3079 4497 :.«
3110 4438 3416 4515 ‘Veniebant
3436 4445 3490 4493 et
3513 4450 3620 4509 ego
3637 4449 3744 4491 non

2155 4543 2430 4600 mittebam
2455 4558 2551 4600 eos
2580 4544 2717 4613 (lar.
2749 4541 2934 4611 χχιιι).
2977 4564 3000 4589 ι
3030 4540 3088 4596 In
3120 4536 3459 4596 venientibus
3487 4550 3744 4608 praesum-

2155 4633 2270 4705 ptio
2309 4632 2647 4696 temeritatis,
2700 4631 2757 4685 in
2831 4629 3012 4685 missis
3083 4625 3406 4701 obsequium
3477 4623 3743 4682 servitutis

2157 4731 2260 4780 est.
2296 4722 2393 4779 Vel
2434 4721 2558 4778 ita:
2602 4719 2880 4793 Quotquot
2919 4724 3206 4789 venerunt,
3280 4715 3487 4773 scilicet
3549 4720 3745 4785 praeter

2160 4837 2277 4890 me,
2309 4819 2527 4877 fuerunt
2554 4817 2814 4875 latrones.
2856 4818 3144 4872 l’rsecones
3168 4811 3417 4869 veritatis
3442 4825 3552 4867 non
3580 4824 3744 4865 vene-

2074 4871 2133 4938 D
2164 4871 2291 4968 runt
2319 4918 2524 4982 prmter
2554 4924 2701 4975 eum,
2741 4906 2836 4980 qui
2874 4913 2958 4963 est
2996 4904 3216 4971 veritas,
3246 4902 3374 4975 quia
3400 4900 3479 4957 sic
3505 4897 3747 4955 credide-

2161 5000 2227 5056 rit
2257 5000 2313 5056 in
2352 5015 2479 5055 eum
2531 5007 2844 5062 venturum,
2911 4993 3189 5067 quomodo
3252 5006 3354 5048 nos
3390 4987 3658 5046 credimus
3693 4986 3746 5043 in

2161 5106 2291 5146 eum
2323 5089 2415 5161 qui
2446 5087 2619 5144 venit.
2665 5086 2939 5156 Tempora
2977 5081 3182 5161 variata
3236 5088 3382 5147 sunt,
3440 5093 3548 5134 non
3584 5074 3740 5132 ﬁdes.

2165 5188 2316 5245 Unus
2344 5200 2521 5242 canon
2554 5183 3080 5255 Scripturarum'est
3107 5177 3291 5235 omnia
3317 5175 3533 5247 nonad
3585 5182 3750 5229 totum

2102 5288 2110 5295 '
2167 5276 2381 5341 referri,
2414 5274 2513 5330 sed
2543 5273 2613 5330 ad
2637 5281 2857 5344 partem
2888 5269 3203 5335 maximam,
3232 5274 3291 5323 nt
3341 5262 3413 5322 ibi
3439 5280 3456 5321 :
3498 5285 3522 5313 ιι
3554 5260 3752 5320 Omnes

2169 5365 2608 5430 declinaverunt,
2637 5359 2798 5416 simul
2828 5359 3045 5416 inutiles
3064 5357 3189 5417 facti
3209 5363 3334 5412 sunt
3355 5353 3529 5426 (Ps-al.
3561 5350 3693 5421 xui).
3726 5373 3747 5399 ι

2174 5464 2439 5522 Similiter
2496 5460 2633 5517 hic:
2678 5482 2701 5507 α
2768 5457 2989 5514 Omnes
3027 5455 3118 5530 qui
3156 5462 3425 5512 venerunt
3456 5459 3582 5509 ante
3650 5463 3751 5514 me,

452 5214 601 5274 Oves
653 5224 814 5273 vocat
896 5217 1217 5274 nominatim
1264 5218 1359 5292 qui
1403 5219 1475 5274 ait
1525 5219 1810 5291 discipulis
1866 5219 1981 5275 suis
2039 5236 2055 5274 :

458 5328 482 5356 α
509 5306 777 5375 Gaudete,
800 5306 926 5379 quia
955 5307 1175 5363 nomina
1204 5316 1389 5365 vestra
1417 5308 1623 5380 scripta
1677 5316 1802 5365 sunt
1831 5309 1885 5364 in
1915 5307 2060 5365 coelo

455 5394 612 5466 (Luc.
647 5399 732 5466 χ).
774 5418 799 5445 ο
833 5396 987 5454 Unde
1017 5397 1185 5453 alibi:
1225 5420 1248 5446 ι
1308 5397 1473 5455 Novit
1523 5397 1790 5454 Dominus
1817 5398 1909 5471 qui
1939 5405 2064 5453 sunt

458 5490 577 5560 ejus
604 5492 682 5562 (Il
714 5493 854 5549 Tim.
886 5494 964 5564 ιι).
1003 5516 1026 5544 υ
1063 5494 1257 5551 Edncit
1305 5511 1399 5552 eas
1424 5495 1553 5553 hinc
1607 5495 1678 5552 ad
1710 5497 1871 5554 vitam
1895 5500 2037 5553 ueteri

2174 5490 2438 5522 Duutuwr
2496 5490 2589 5517 usu
2619 5490 2633 5516 ι
2678 5490 2701 5507 ιι
2768 5490 2989 5514 Utuuca
3027 5490 3118 5530 ιιιυι
3163 5490 3314 5512 "auu-
3331 5490 3425 5508 uu-
3456 5490 3582 5509 ,ιιι-»ν
3652 5490 3688 5504 .-

2181 5551 2204 5564 ρ
2380 5561 2387 5564 .
2436 5551 2456 5564 ι
2678 5558 2689 5564 -
2734 5548 2747 5564 I
2792 5556 2802 5564 ι
2926 5562 2971 5564 κγ
3109 5545 3168 5564 Π.
3211 5543 3404 5564 n_-_l---
3467 5541 3528 5564 ,Δ
3569 5538 3688 5564 n-_:

463 5540 576 5560 η--
606 5540 672 5562 κ--
886 5540 964 5564 -.,.
1004 5540 1022 5544 ν-
1064 5540 1256 5551 .........-
1306 5540 1399 5552 ...-
1425 5540 1552 5553 ......,
1608 5540 1678 5552 .....
1895 5540 2019 5553 νυ...

457 5593 607 5647 nam,
636 5582 832 5637 emittit
858 5597 953 5638 eas
980 5584 1320 5641 absolvenda
1348 5600 1382 5641 a
1436 5585 1666 5643 vinculis
1719 5595 2037 5659 peccatorum

2176 5551 2393 5610 fuerunt
2434 5551 2585 5607 [ures
2642 5558 2696 5605 et
2733 5548 2996 5605 latrones.
3042 5569 3067 5594 ιι
3107 5545 3171 5601 Ει
3211 5543 3407 5599 Paulus
3464 5541 3533 5597 ad
3569 5540 3756 5595 Corin-

458 5674 513 5722 et
542 5670 806 5739 praecedit
833 5686 928 5725 eas
958 5688 1196 5744 surgens
1225 5688 1258 5728 a
1287 5674 1536 5730 mortuis.
1556 5641 1927 5732 Aliter-educit
1942 5691 2037 5733 ove

2180 5652 2324 5709 thios
2356 5665 2371 5706 :
2410 5674 2433 5700 «
2468 5648 2762 5715 Omnibus,
2826 5645 3024 5718 inquit,
3064 5642 3248 5701 omnia
3303 5641 3476 5698 iactus
3510 5654 3649 5703 sum,
3706 5642 3760 5692 ut

458 5753 529 5810 de
559 5757 806 5813 tenebris
836 5760 904 5813 ad
935 5760 1113 5817 lucem
1141 5762 1424 5828 doctrinae,
1459 5772 1513 5819 et
1541 5774 1667 5819 ante
1689 5780 1785 5819 eas
1808 5763 1889 5821 sic
1911 5765 2077 5820 emis-
2184 5773 2383 5817 omnes
2427 5756 2809 5813 lncrifacerem
2839 5753 2887 5823 (ι
2920 5753 3048 5810 Cor.
3075 5750 3176 5821 ix).
3213 5772 3236 5799 ι
3271 5748 3338 5804 Et
3367 5747 3437 5803 ad
3468 5744 3765 5816 Philippen-

463 5863 553 5905 sas
572 5851 732 5923 quasi
763 5852 833 5908 de
861 5856 1095 5927 Egypto
1145 5857 1297 5912 vadit
1326 5858 1473 5915 velut
1525 5859 1582 5914 in
1609 5860 1864 5916 columna
1919 5861 2084 5922 nubis
2191 5872 2281 5912 ses
2310 5873 2325 5911 :
2355 5878 2379 5903 ι
2413 5854 2622 5911 Omnes
2650 5851 2797 5910 enim
2819 5867 2942 5923 quae
2971 5861 3073 5905 sua
3094 5853 3224 5903 sunt
3246 5849 3514 5917 quaerunt,
3571 5856 3682 5897 non
3707 5854 3767 5894 ea

462 5945 518 5993 et
544 5940 710 6013 ignis,
744 5926 1283 6013 exemploiindicans
1311 5946 1458 6017 quod
1487 5945 1693 6005 docuit:
1752 5947 1903 6007 Oves
1931 5949 2086 6005 illum
2194 5961 2318 6018 quae
2346 5951 2469 6000 sunt
2493 5940 2694 5999 Christi
2719 5941 2847 5998 Iesu
2880 5940 2901 6012 (
2932 5936 3180 6011 Philipp.
3207 5933 3286 6000 ιι).
3320 5955 3346 5986 ι»
3403 5932 3485 5990 ita
3512 5939 3599 5990 est
3648 5926 3769 5987 illud
