3924 6396
181 419 280 476 993

179 543 344 600 Patris
373 541 447 598 ad
513 540 720 600 Filium

178 641 291 709 xv).
343 663 367 688 ι
430 640 746 697 Sciendum
806 647 890 696 est
943 639 1068 712 quia
1114 655 1222 696 non
1288 653 1480 695 omnes
1536 638 1627 710 qui
1683 652 1787 694 au-

181 729 394 785 dierunt
440 744 651 786 vocem
696 728 936 801 pastoris
986 743 1120 784 oves
1180 727 1420 794 fuerunt,
1481 737 1538 783 ut
1584 727 1778 784 ludas.

180 818 287 875 Sub
314 817 480 874 ovina
511 818 666 890 pelle
689 819 921 874 audiens
943 825 1241 888 pastorem,
1267 817 1426 887 lupus
1447 823 1561 872 erat
1583 815 1787 888 pastori

179 907 463 964 insidians.
491 906 688 979 Aliqui
711 922 900 962 eorum
941 906 1035 977 qui
1071 905 1340 960 Christum
1383 904 1785 970 cruciﬁxerunt,

175 1019 283 1062 non
311 1003 651 1070 audiebant,
684 1012 740 1061 et
767 1020 900 1060 oves
925 1011 1104 1059 erant.
1150 1003 1231 1058 De
1281 1002 1481 1074 quibus
1526 1003 1788 1059 Dominus

177 1095 301 1149 ait:
358 1115 381 1141 α
450 1093 600 1149 Cum
661 1091 1041 1150 exaltareritis
1098 1092 1289 1147 Filium
1346 1091 1604 1155 hominis,
1662 1099 1788 1148 tunc

176 1184 531 1256 cOgnoscetis
563 1182 708 1254 quia
737 1197 844 1253 ego
872 1197 996 1236 sum
1031 1182 1214 1248 (Joan.
1238 1179 1380 1248 vni).
1409 1203 1431 1227 ιι
1455 1180 1570 1236 lloc
1590 1179 1788 1251 aliquis

175 1271 244 1326 ita
273 1271 436 1327 solvit
471 1290 485 1326 :
525 1294 551 1320 ει
589 1270 828 1339 Quando
869 1285 978 1325 non
1030 1269 1353 1336 audiebant,
1400 1267 1588 1325 adhuc
1635 1276 1789 1324 erant

174 1366 336 1435 lupi;
392 1367 500 1423 sed
559 1368 792 1440 quando
849 1365 979 1422 facti
1037 1373 1164 1421 sunt
1217 1380 1372 1431 oves,
1451 1365 1777 1420 audierunt.

175 1458 477 1529 Utcumque
507 1464 702 1528 potest
731 1455 858 1522 dici,
885 1455 986 1510 sed
1017 1469 1113 1525 per
1140 1453 1481 1510 Ezechielem
1525 1453 1789 1509 Dominus

174 1545 528 1618 objurganda
546 1555 812 1616 pastores
835 1543 962 1599 dicit
984 1544 1054 1599 de
1076 1543 1361 1598 omnibus:
1392 1566 1414 1589 α
1433 1544 1499 1598 Et
1516 1552 1787 1598 errantem

175 1650 281 1689 non
302 1631 865 1705 revocastia(Ezech.
898 1633 1078 1700 xxxiv)
1139 1652 1162 1681 ι
1216 1632 1504 1686 Errantem
1558 1631 1690 1686 dicit
1736 1639 1787 1686 et

175 1745 330 1786 ovem
391 1730 676 1801 appellat.
753 1729 811 1784 Si
876 1729 1096 1784 errabat
1159 1728 1376 1800 quando
1441 1726 1561 1783 ovis
1625 1735 1784 1796 crat,

173 1818 360 1890 procul
399 1819 579 1874 dubio
633 1833 747 1873 non
805 1817 1058 1888 pastoris,
1121 1816 1219 1872 sed
1273 1815 1407 1870 furis
1459 1824 1513 1871 et
1561 1815 1787 1872 latronis

1143 407 1728 472 DEFLORATIONES
1767 410 1866 473 SS.
1902 410 2211 473 PATRUM.
2249 447 2321 458 -—
2359 413 2483 471 LIB.
2526 414 2567 471 Ι.

3380 419 3481 478 91η

779 559 794 600 :
833 565 856 592 ι-
891 539 1084 599 Omnia
1136 556 1260 596 mea
1312 549 1405 597 tua
1458 549 1585 597 sunt
1640 542 1774 607 (Luc
1803 542 1858 606 Α
1888 541 2027 596 Nam
2059 540 2149 614 qui
2181 541 2606 612 prmdestinatus
2648 549 2734 598 est
2781 549 2832 598 et
2867 541 3156 615 prmscitus
3189 542 3260 601 ad
3299 545 3481 617 vitam,

1892 637 2020 694 licet
2048 638 2119 694 ad
2144 646 2358 710 tempus
2385 644 2551 707 erret,
2585 638 2801 694 tandem
2829 640 2966 696 redit
2994 650 3048 697 et
3073 650 3410 712 perseverat.

1971 750 1993 776 ι
2028 727 2149 799 Ego
2170 744 2289 782 sum
2312 728 2507 783 ostium
2538 745 2550 794 ;
2577 744 2672 799 per
2692 744 2777 784 me
2799 728 2845 783 si
2868 729 2989 802 quis
3015 730 3279 786 introierit
3307 731 3486 788 salva-

1896 815 2060 882 bitur,
2093 824 2144 871 et
2173 817 2530 889 ingredietur,
2562 825 2616 873 et
2645 818 2976 889 egredietur,
3008 826 3062 873 et
3092 835 3296 892 pascua
3327 820 3475 877 inve-

1896 905 2026 962 niet.
2067 928 2088 952 ι
2121 907 2350 961 Exercet
2379 907 2646 973 obscuris,
2684 906 2858 978 pascit
2899 908 3196 963 manifestis
3229 909 3488 980 Magister

1896 1002 2158 1059 veritatis.
2178 1002 2414 1071 Quilibet
2448 1018 2553 1058 non
2587 1002 2765 1072 fictus,
2808 1020 2906 1073 per
2938 1004 3237 1061 claritatem
3262 1006 3488 1078 sapien-

1896 1091 1984 1146 tire
2014 1091 2111 1146 Dei
2155 1092 2366 1146 intrans
2421 1091 2743 1148 catholicam
2799 1092 3120 1164 Ecclesium,
3184 1094 3490 1150 salvabitur

1896 1180 2314 1250 perseverando,
2348 1187 2404 1235 et
2435 1181 2593 1234 etiam
2637 1180 2787 1250 prius
2829 1190 2945 1236 erat
2987 1181 3040 1236 in
3088 1181 3218 1237 ovili
3265 1183 3484 1253 praede-

1897 1268 2194 1324 stinatione
2222 1268 2424 1324 divina.
2459 1269 2800 1341 lngredietur
2829 1269 2974 1325 intus
3014 1269 3156 1326 bene
3197 1271 3488 1343 cogitando

1896 1373 2138 1422 sanctum
2173 1365 2490 1436 Apostolum
2518 1365 2787 1422 dicentem
2810 1366 3052 1422 habitare
3082 1367 3357 1422 Christum
3387 1383 3490 1439 per

1896 1453 2057 1509 ﬁdem
2089 1453 2144 1509 in
2173 1454 2430 1509 cordibus
2459 1455 2656 1510 nostris
2699 1454 2928 1523 (Ep/tes.
2977 1458 3080 1526 ut).
3141 1457 3485 1528 Egredietur,

1897 1551 2050 1598 extra
2065 1543 2340 1613 operando
2363 1543 2665 1598 secundum
2693 1543 3068 1600 Psalmistam:
3099 1567 3120 1592 α
3137 1544 3298 1599 Exiet
3318 1546 3488 1603 homo

1897 1632 1963 1686 ad
1997 1647 2133 1702 Opus
2155 1648 2311 1686 suum
2342 1633 2516 1702 (Ρεαι.
2549 1635 2684 1697 ctu).
2709 1658 2734 1690 ρ
2765 1631 2975 1687 Aliter:
3010 1633 3354 1705 lngredictur
3373 1627 3487 1691 cre-

1896 1728 2100 1792 dendo.
2155 1729 2429 1800 Operando
2486 1729 2799 1800 egredietur
2853 1730 2921 1785 ad
2986 1746 3227 1801 pugnam
3294 1740 3487 1787 contra

1896 1816 2198 1872 haereticos.
2223 1818 2468 1889 Amplius
2503 1835 2516 1872 :
2565 1818 2907 1890 Ingredietur
2952 1818 3253 1874 Ecclesium
3298 1828 3357 1874 ut
3399 1818 3487 1876 hic

176 1923 360 1963 vocem
379 1907 672 1962 audiebat.
697 1906 806 1962 Sed
840 1905 1100 1961 Dominus
1120 1905 1196 1960 ait
1219 1922 1231 1958 :
1261 1928 1283 1952 α
1313 1903 1591 1974 Quotquot
1615 1921 1778 1960 vene-
1814 1893 1868 1952 Β
1899 1904 2167 1975 perﬁdem
2201 1905 2363 1970 vivat,
2387 1905 2513 1976 quia
2537 1906 2757 1974 «justus
2779 1923 2842 1961 ex
2865 1905 2971 1961 fide
2992 1908 3117 1960 vivit
3140 1909 3319 1975 (Hebr.
3347 1909 3426 1976 x).
3455 1931 3479 1956 η

175 2003 302 2052 runt
331 2005 540 2067 praeter
593 2011 686 2050 me
735 1994 886 2050 iures
932 2002 1058 2049 sunt
1119 2001 1176 2048 et
1221 1993 1486 2060 latrones,
1535 1993 1634 2049 sed
1679 2009 1787 2050 non

175 2097 471 2151 audierunt
493 2111 596 2151 eos
617 2109 780 2151 oves.
809 2117 832 2141 υ
859 2094 1006 2166 Ergo
1043 2093 1346 2148 secundum
1387 2092 1786 2163 pmscientiam

177 2186 277 2240 Dei
306 2185 552 2241 videntis
583 2185 680 2256 qui
712 2190 837 2238 sunt
864 2182 1004 2250 ejus,
1053 2182 1236 2236 multae
1284 2197 1418 2237 oves
1459 2190 1585 2236 sunt
1629 2181 1784 2249 foris,

177 2283 226 2329 et
263 2274 426 2328 multi
487 2273 610 2343 lupi
667 2274 842 2327 intus.
909 2271 1060 2325 Multi
1116 2286 1353 2342 namque
1410 2269 1786 2341 blasphemant

179 2363 478 2428 Christum,
514 2361 783 2419 credituri
815 2360 868 2414 in
915 2375 1060 2425 eum,
1107 2359 1203 2431 qui
1250 2367 1376 2413 sunt
1424 2375 1557 2414 oves
1602 2358 1782 2428 foris;

181 2461 274 2516 sed
307 2462 494 2516 adhuc
539 2459 784 2515 alienam
830 2473 1022 2514 vocem
1074 2464 1394 2530 sequuntur.
1445 2457 1573 2513 ltem
1630 2455 1786 2511 multi

177 2548 328 2605 intus
386 2549 626 2604 laudant
673 2546 1125 2618 blasphematuri,
1177 2548 1273 2600 sed
1318 2546 1784 2619 tamenquandiu

183 2647 329 2694 recte
359 2638 610 2709 sapiunt,
640 2652 832 2692 vocem
862 2634 1058 2691 Christi
1088 2634 1334 2689 audiunt.
1365 2634 1473 2689 Sed
1504 2643 1586 2689 est
1628 2651 1784 2706 qua:-

181 2726 308 2782 dam
339 2728 633 2798 prtecipua
663 2741 765 2782 vox
792 2724 1045 2796 pastoris,
1096 2723 1152 2777 in
1200 2739 1308 2794 qua
1349 2738 1479 2778 oves
1523 2738 1632 2778 non
1678 2739 1784 2778 au-

181 2824 332 2880 diunt
361 2824 605 2888 alienos,
653 2829 706 2878 et
761 2822 815 2876 in
872 2835 980 2891 qua
1037 2836 1147 2876 non
1203 2835 1338 2876 oves
1393 2835 1501 2874 non
1554 2820 1786 2875 audiunt

181 2913 473 2968 Christum.
510 2913 651 2980 Qua:
680 2917 763 2965 est
791 2909 881 2965 illa
911 2925 1013 2965 vox
1045 2909 1074 2962 ‘I
1120 2929 1142 2960 ι
1195 2908 1300 2977 Qui
1352 2909 1785 2980 perseveraverit

181 3017 349 3073 usque
377 3001 434 3056 in
467 3000 663 3066 finem,
695 2998 782 3054 hic
811 2997 998 3054 salvus
1029 2997 1133 3053 erit
1162 2998 1384 3069 (Matth.
1418 2999 1495 3067 χ).
1550 3020 1572 3045 n
1625 2998 1784 3054 Hanc

183 3106 373 3149 vocem
402 3107 521 3148 non
571 3087 804 3160 negligit
847 3088 1129 3161 prOprius,
1181 3102 1292 3143 non
1335 3087 1484 3142 audit
1536 3086 1774 3144 alienus.

1897 1994 1965 2048 Et
1994 1995 2304 2065 egredietur
2334 1995 2494 2050 etiam
2527 2011 2626 2066 per
2653 1995 2852 2050 ostium
2885 1995 3009 2050 fidei
3041 1995 3236 2051 Christi
3268 1997 3334 2052 de
3385 1999 3486 2054 hac

1897 2091 2029 2152 vita,
2056 2100 2113 2146 ut
2139 2091 2192 2146 in
2225 2099 2490 2147 aeternum
2545 2091 2718 2146 vivat.
2785 2091 2887 2148 Ubi
2946 2094 3090 2148 enim
3147 2093 3482 2165 subjungit:

1898 2202 1920 2231 α
1958 2182 2072 2251 Ego
2107 2180 2250 2247 veni,
2283 2189 2338 2234 ut
2369 2181 2531 2235 vitam
2564 2180 2814 2245 habeant,
2871 2203 2892 2230 ε
2921 2181 3130 2236 videtur
3169 2182 3374 2248 dicere,
3427 2191 3486 2238 ut

1893 2269 2058 2342 vitam
2092 2269 2326 2324 habeant
2355 2269 2755 2340 ingredientes,
2790 2277 2843 2324 et
2871 2269 3232 2325 abundantius
3255 2271 3484 2328 habeant

1893 2358 2266 2430 egredientes.
2307 2359 2492 2428 itaque
2550 2373 2749 2428 pascua
2798 2358 3041 2432 intellige
3088 2359 3286 2431 gaudia
3334 2375 3484 2415 sem-

1892 2457 2108 2530 pilerna
2138 2457 2400 2528 paradisi,
2434 2464 2760 2527 prmsentem
2795 2457 2894 2512 Dei
2933 2457 3161 2524 vultum,
3211 2457 3302 2529 qui
3347 2458 3482 2514 dum

1894 2546 2012 2601 sine
2042 2545 2259 2602 defectu
2291 2544 2648 2616 conspicitur,
2687 2545 2806 2602 sine
2848 2545 2954 2602 tine
2993 2563 3146 2602 mens
3191 2546 3314 2604 vita:
3360 2547 3484 2605 cibo

1896 2633 2150 2690 satiatur.

1968 2754 1990 2779 ι
2027 2730 2131 2785 Fur
2159 2747 2267 2786 non
2299 2732 2464 2800 venit,
2498 2731 2600 2788 nisi
2632 2741 2687 2789 ut
2718 2731 2944 2801 furatur,
2979 2739 3031 2788 et
3052 2740 3269 2800 mactet,
3295 2739 3484 2805 etper-

1891 2818 2008 2874 dat.
2048 2820 2166 2891 Ego
2199 2821 2323 2876 veni
2369 2830 2425 2876 ut
2476 2822 2639 2877 vitam
2693 2822 2950 2888 habeant,
3011 2830 3064 2876 et
3118 2820 3486 2877 abundantius

1889 2907 2150 2963 habeant.
2195 2932 2217 2956 ιι
2253 2907 2360 2964 Fur
2397 2909 2544 2965 venit
2581 2917 2640 2964 ut
2678 2909 2897 2974 furatur,
2939 2909 3172 2965 alienam
3213 2925 3324 2965 rem
3377 2909 3484 2964 sibi

1890 2995 2202 3066 usurpando
2236 3013 2249 3059 ;
2283 3005 2502 3062 mactet,
2534 3013 2568 3053 a
2611 2997 2716 3054 tide
2765 2998 3097 3056 retrahendo
3130 3013 3143 3068 ;
3187 2997 3384 3071 perdat
3426 2999 3482 3053 in

1889 3092 2144 3140 azternam
2175 3083 2600 3142 damnationem.

673 3375 1289 3482 DOMINICA
1349 3373 1476 3480 IN
1535 3372 2054 3479 OCTAVA
2121 3371 3026 3483 PENTECOSTES

1452 3592 1848 3661 Secundum
1887 3593 2229 3659 Joannem

265 3811 287 3837 ιι
320 3785 458 3844 Erat
485 3787 666 3845 homo
697 3797 770 3842 ex
816 3780 1127 3852 Pharisaeis,
1176 3781 1510 3842 Nicodamus
1547 3779 1785 3850 nomine,
1821 3786 1871 3850 Ο
1900 3779 2124 3854 notavit,
2154 3780 2224 3838 de
2253 3781 2495 3839 secunda
2521 3781 2808 3839 nativitate
2857 3795 2923 3840 ac
2978 3780 3048 3839 de
3095 3781 3308 3840 creteris
3355 3782 3486 3841 ﬁdei

189 3879 450 3950 princeps
481 3877 835 3932 Judzeorum.
873 3874 972 3931 Hic
1001 3873 1152 3930 venit
1182 3873 1252 3929 ad
1280 3874 1464 3929 Jesum
1509 3879 1690 3937 nocte,
1740 3877 1792 3926 et

191 3967 322 4022 dixit
351 3969 402 4024 ei
435 3985 451 4021 :
485 3966 690 4031 Babbi,
717 3965 918 4020 scimus
961 3962 1087 4036 quia
1131 3977 1165 4018 a
1215 3963 1332 4018 Deo
1379 3961 1574 4018 venisti
1621 3959 1793 4033 magi-

194 4069 324 4118 ster.
345 4063 531 4119 Nemo
547 4061 691 4117 enim
712 4067 886 4132 potest
910 4060 1026 4114 haec
1046 4058 1204 4130 signa
1226 4058 1404 4114 facere
1424 4074 1544 4128 qua:
1561 4066 1617 4112 tu
1638 4057 1791 4123 facis,

192 4150 295 4206 nisi
325 4151 488 4207 fuerit
525 4150 675 4205 Deus
703 4165 826 4204 eum
872 4164 938 4204 eo
997 4149 1179 4220 (Joan.
1239 4146 1346 4217 ιη.)
1379 4167 1403 4196 ι
1461 4145 1794 4202 Nicodemus

191 4240 338 4296 venit
375 4240 448 4296 ad
487 4240 681 4294 Jesum
719 4246 898 4302 nocte.
947 4236 1033 4292 vel
1095 4235 1219 4308 quia
1267 4234 1460 4291 metuit
1515 4233 1795 4290 offendere

195 4337 476 4409 populum,
519 4351 646 4391 cum
675 4341 823 4390 esset
850 4349 990 4389 unus
1016 4331 1085 4388 de
1114 4329 1454 4403 principibus
1486 4345 1500 4401 ;
1532 4330 1624 4386 vel
1672 4329 1796 4402 quia

194 4426 458 4500 magister
504 4431 623 4480 erat
673 4422 729 4478 in
794 4421 988 4488 Israel,
1041 4421 1222 4492 palam
1285 4419 1495 4476 discere
1561 4419 1796 4475 erubuit.

197 4515 312 4571 Nox
340 4516 535 4588 itaque
564 4511 834 4585 significat
863 4510 1098 4566 litteram
1129 4506 1292 4582 legis,
1323 4507 1409 4565 vel
1430 4507 1798 4582 ignorantiam

198 4612 394 4680 cordis,
426 4609 526 4668 vel
553 4608 825 4664 timorem.
856 4607 1198 4664 Nicodemus
1218 4621 1370 4674 vero,
1403 4622 1545 4661 unus
1595 4622 1665 4662 ex
1715 4604 1800 4660 his

200 4700 289 4771 qni
315 4717 418 4772 per
445 4698 616 4772 signa
644 4695 1012 4762 crediderant,
1038 4695 1210 4766 ﬁgura
1253 4703 1336 4750 est
1373 4695 1800 4751 catechumeno-

201 4803 348 4844 rum.
377 4790 529 4845 Nam
547 4786 677 4843 licet
694 4785 943 4852 credant,
967 4785 1204 4857 quadam
1224 4791 1406 4840 tamen
1427 4791 1587 4840 nocte
1608 4798 1803 4838 sacra-

203 4896 520 4944 mentorum
551 4883 622 4940 ad
653 4883 977 4955 baptismum
1008 4881 1361 4953 perveniunt,
1407 4879 1500 4936 ubi
1548 4882 1617 4938 de
1654 4880 1801 4937 invio

203 4976 559 5032 tenebrarum
589 4973 660 5028 ad
686 4973 830 5029 viam
859 4970 1098 5028 caelestis
1128 4968 1348 5026 luminis
1394 4970 1570 5026 renati
1615 4976 1801 5025 trans-

207 5073 357 5120 eunt.
395 5066 456 5120 Si
493 5062 637 5118 enim
666 5069 870 5117 tantum
899 5058 1062 5116 valuit
1110 5058 1448 5130 baptismatis
1499 5057 1692 5129 ﬁgura,
1742 5063 1804 5114 ut

205 5177 303 5234 per
329 5164 580 5234 llloysem
613 5157 871 5230 baptizati
901 5158 953 5212 in
984 5157 1127 5212 nube
1157 5165 1208 5212 et
1238 5156 1290 5210 in
1324 5155 1465 5211 mari
1487 5156 1556 5210 ad
1597 5172 1802 5211 manna
1829 5153 1883 5214 D

206 5251 660 5322 perducerentur,
695 5264 873 5303 nonne
894 5263 994 5318 per
1016 5261 1206 5301 verum
1248 5245 1519 5316 baptisma
1552 5245 1619 5300 ad
1660 5247 1803 5301 idem

205 5337 494 5407 pervenire
520 5332 718 5405 poterit
747 5337 770 5388 1?
797 5331 941 5400 Quid
971 5338 1054 5386 est
1084 5346 1277 5385 manna
1304 5333 1333 5383 *Ρ

283 5483 305 5512 α
340 5462 464 5536 Ego
495 5475 638 5525 sum,
669 5457 862 5529 inquit,
897 5455 1055 5528 panis
1085 5455 1247 5511 vivus
1270 5454 1360 5528 qui
1399 5455 1468 5510 de
1515 5455 1653 5512 cmlo
1701 5455 1803 5511 de-

213 5552 420 5608 scendi.
458 5547 762 5619 Respondit
789 5545 954 5601 Jesus
981 5553 1032 5600 et
1061 5545 1194 5599 dixit
1224 5543 1272 5600 ei
1301 5561 1314 5599 :
1354 5567 1376 5591 κ
1411 5545 1610 5611 Amen,
1643 5561 1805 5600 amen

213 5640 336 5697 dico
367 5640 486 5706 tibi,
529 5637 639 5693 nisi
678 5636 800 5708 quis
837 5643 999 5690 natus
1037 5633 1200 5689 fuerit
1237 5634 1438 5701 denuo,
1479 5649 1588 5690 non
1628 5641 1806 5705 potest

215 5735 396 5792 videre
427 5749 662 5808 regnum
694 5731 813 5798 Dei,
852 5754 874 5778 π
906 5730 962 5785 id
993 5736 1075 5785 est
1105 5744 1215 5784 non
1244 5736 1422 5799 potest
1458 5745 1547 5784 me
1594 5745 1804 5800 cogno-

217 5839 383 5892 scere,
417 5826 510 5898 qui
539 5838 662 5878 sum
693 5836 926 5894 regnum
956 5819 1153 5887 Patris,
1189 5818 1282 5889 qui
1311 5833 1433 5872 sum
1464 5817 1602 5874 visio
1647 5819 1805 5872 Veri—

215 5914 357 5970 tatis.
422 5912 561 5982 Quia
628 5909 962 5968 Nicodemus
1017 5913 1208 5980 aperta
1271 5904 1431 5979 signa
1507 5906 1806 5978 prudenter

1901 3871 2179 3942 mysteriis
2210 3870 2425 3942 plenius
2449 3871 2636 3928 doceri
2667 3870 2886 3927 meruit.

1981 4019 2003 4045 α
2039 3996 2183 4054 Dicit
2202 3997 2270 4052 ad
2293 4013 2416 4053 eum
2436 3995 2771 4053 Nicodemus
2793 4014 2807 4052 :
2829 3995 3116 4066 Quomodo
3136 4003 3314 4070 potest
3334 3996 3489 4055 nasci

1904 4085 2086 4154 homo,
2120 4100 2246 4142 cum
2275 4087 2343 4142 sit
2375 4101 2542 4142 senex
2569 4089 2598 4141 ‘?
2627 4086 2889 4158 Nunquid
2926 4094 3104 4158 potest
3148 4088 3206 4142 in
3250 4095 3492 4143 ventrem

1904 4174 2092 4229 matris
2130 4190 2245 4230 sure
2283 4175 2475 4232 iterum
2515 4175 2760 4237 introire.
2801 4179 2861 4230 et
2915 4175 3065 4232 nasci
3107 4177 3137 4230 ?
3188 4197 3210 4224 η
3267 4175 3498 4248 Spiritus

1907 4271 1955 4326 ei
1984 4271 2228 4342 loquitur
2257 4280 2311 4328 et
2337 4271 2454 4343 ipse
2485 4287 2704 4329 carnem
2736 4272 2878 4344 sapit
2908 4288 3083 4341 suam,
3115 4287 3224 4328 non
3266 4273 3495 4342 Christi,

1908 4360 2046 4416 sicut
2073 4360 2148 4414 illi
2180 4361 2272 4432 qui
2314 4369 2640 4432 putaverunt
2677 4359 2972 4418 Dominum
3020 4377 3184 4434 posse
3241 4378 3500 4434 coquere,

1909 4456 1964 4506 et
2027 4449 2360 4506 manducare
2414 4449 2722 4518 concisum,
2788 4451 2924 4507 sicut
2985 4467 3207 4522 agnum,
3284 4451 3502 4524 quando

1910 4545 2172 4601 Dominus
2209 4545 2344 4600 dixit
2376 4563 2389 4600 :
2427 4568 2448 4593 α
2485 4545 2602 4601 Nisi
2651 4545 2772 4619 quis
2816 4547 3230 4604 manducaverit
3275 4563 3500 4604 carnem

1908 4649 2088 4690 meam
2117 4643 2172 4690 et
2217 4633 2413 4691 biberit
2468 4635 2794 4708 sanguinem
2850 4651 3055 4704 meum,
3111 4652 3221 4692 non
3275 4635 3500 4692 habebit

1909 4723 2080 4780 vitam
2112 4723 2166 4778 in
2199 4739 2259 4780 se
2288 4725 2471 4795 (Joan.
2504 4725 2601 4796 vt),
2637 4743 2659 4774 ι
2695 4730 2750 4781 et
2796 4725 2976 4779 statim
3022 4723 3343 4781 recedentes
3391 4741 3500 4781 non

1911 4818 2144 4891 amplius
2176 4827 2299 4876 sunt
2327 4836 2450 4876 eum
2480 4819 2683 4876 secuti.
2726 4820 2994 4876 Dominus
3023 4828 3209 4878 autem
3256 4822 3361 4877 hoc
3405 4838 3504 4877 re-

1912 4908 2264 4964 manentibus
2291 4907 2562 4980 exposuit,
2593 4908 2820 4964 dicens:
2856 4909 3090 4980 Spiritus
3148 4917 3234 4966 est
3286 4917 3339 4966 et
3393 4910 3502 4967 vita

1915 4993 2060 5070 quod
2090 4996 2221 5053 dixi.
2250 4998 2388 5052 Nam
2420 4997 2638 5069 spiritus
2669 4997 2927 5065 viviﬁcat,
2957 5013 3089 5054 caro
3141 5006 3317 5054 autem
3367 4997 3504 5054 nihil

1913 5094 2138 5164 prodest
2169 5094 2377 5165 (ibid.),
2417 5117 2441 5143 π
2493 5110 2564 5149 ne
2609 5095 2905 5150 carnaliter
2945 5093 3309 5166 intelligerent
3355 5094 3504 5167 quod

1914 5183 2142 5239 dixerat.
2169 5183 2253 5237 lta
2294 5183 2631 5240 Nicodemus
2681 5183 2923 5239 nondum
2973 5191 3202 5240 noverat
3243 5193 3504 5254 parentes

1913 5271 2006 5345 qui
2033 5279 2302 5344 generant
2331 5271 2402 5326 ad
2432 5271 2616 5327 vitam.
2645 5272 2762 5328 Una
2787 5271 2932 5327 enim
2962 5272 3248 5344 generatio
3267 5280 3351 5327 est
3383 5288 3506 5327 car-

1912 5369 2074 5436 nalis,
2098 5368 2272 5425 altera
2318 5368 2608 5439 spiritalis.
2659 5367 2949 5424 Sciendum
2995 5369 3268 5440 quomodo
3323 5376 3510 5424 uterus

1912 5474 2021 5514 non
2054 5466 2232 5528 potest
2262 5457 2457 5528 repeti,
2490 5457 2574 5511 sic
2605 5472 2706 5513 nec
2735 5457 3052 5528 baptismus.
3096 5456 3203 5526 Qui
3263 5458 3508 5514 nascitur

1893 5547 1982 5610 .de
2011 5547 2274 5604 catholica
2301 5545 2570 5612 Ecclesia,
2601 5553 2863 5617 tanquam
2908 5546 2978 5601 de
3027 5547 3162 5602 Sara
3211 5547 3498 5618 nascitur;

1916 5643 2008 5716 qui
2036 5652 2219 5700 autem
2249 5644 2318 5700 de
2349 5643 2568 5710 haeresi,
2600 5650 2856 5715 tanquam
2885 5643 2955 5700 de
2984 5644 3182 5701 ancilla
3207 5645 3368 5715 (Gen.
3393 5661 3505 5711 xxi;

1916 5732 2071 5788 Psal.
2102 5734 2202 5802 IV).
2235 5734 2467 5789 Adverte
2495 5747 2593 5789 cur
2621 5732 2889 5788 Dominus
2916 5733 3061 5788 dicat
3093 5749 3106 5788 :
3146 5757 3168 5781 «
3217 5735 3340 5807 Ego
3386 5752 3511 5791 sum

1915 5822 2062 5876 Deus
2091 5823 2386 5887 Abraham,
2418 5829 2471 5878 et
2498 5823 2656 5878 Isaac
2684 5830 2738 5878 et
2758 5822 2930 5878 Iacob
2946 5824 3147 5892 (Exod.
3173 5826 3278 5893 nt),
3307 5847 3328 5871 η
3350 5823 3512 5894 quasi

1912 5910 2052 5978 Noe,
2085 5910 2176 5982 qui
2205 5919 2331 5969 ante
2360 5911 2497 5968 istos
2527 5909 2647 5983 fuit,
2679 5917 2733 5969 et
2760 5913 2984 5984 Moyses
3013 5912 3106 5984 qui
3145 5919 3294 5983 post,
3343 5912 3516 5967 sancti
