3924 6392
434 425 541 486 995

1549 384 2332 463 WERNERIVABBATIS'S.
2377 388 2635 452 ausu.
2673 403 2676 406 ο
2717 426 2721 431 ι
2769 383 2776 399 τ

3633 391 3745 452 ’996

437 523 763 628 patriarchae
777 520 892 602 non
924 528 1127 600 essent.
1151 543 1210 596 In
1229 536 1356 595 istis
1381 535 1583 610 quippe
1603 531 1847 605 patribus
1874 529 2034 584 inve-
2065 519 2121 586 Α
2155 531 2158 534 ’
2284 520 2590 628 RespOndit’
2612 521 2816 628 Iesus:
2851 511 3043 588 Amen,
3079 511 3404 628 amea‘dico
3459 520 3578 588 tibi,
3625 515 3746 577 nisi

439 641 621 708 nimus
650 648 852 702 liberas
882 651 932 699 et
960 640 1191 698 ancillas
1225 658 1237 694 :
1273 635 1418 710 quod
1451 641 1623 689 totum
1656 629 1829 702 ﬁgura
1859 633 1962 693 est,
1985 631 2041 679 ut

439 742 511 798 ait
540 735 838 810 Apostolus
871 749 884 788 :
922 753 944 784 ‹
983 731 1111 786 Haec
1143 735 1326 783 autem
1357 724 1410 779 in
1435 721 1615 796 figura
1650 715 2042 787 contingebant

439 831 546 888 illis
576 829 724 900 (Cor.
747 830 824 896 χ).
861 821 962 876 ~Et
986 819 1118 874 illud
1143 835 1156 871 :
1185 841 1208 865 «ι
1237 815 1450 886 Scripta
1469 818 1595 866 sunt
1617 817 1796 864 autem
1818 811 2045 876 propter

435 910 560 996 nos,
593 928 648 983 in
679 939 816 996 quos
847 919 989 976 ﬁnes
1019 913 1343 972 saeculorum
1384 909 1724 967 devenerunt
1771 903 1972 975 (ibid.).
2013 921 2035 950 ι

437 1019 499 1075 In
531 993 980 1091 generationibus
1029 1013 1210 1061 autem
1258 1003 1556 1057 liberarum
1605 1003 1658 1091 et
1715 993 2041 1091 ancillarum

441 1079 668 1180 qua‘luor
693 1108 820 1156 sunt
850 1110 1056 1170 genera
1082 1091 1392 1157 hominum,
1423 1089 1479 1144 in
1531 1085 1734 1174 quibus
1787 1079 2039 1152 comple-

441 1175 526 1262 tur
555 1201 729 1259 forma
759 1199 926 1254 totius
955 1186 1400 1250 Christianitatis;
1448 1175 1694 1242 Ancillas
1739 1178 2037 1250 accipimus

436 1295 492 1350 in
523 1290 701 1356 malis,
735 1288 937 1342 liberas
965 1283 1021 1338 in
1051 1271 1237 1336 bonis.
1289 1280 1395 1332 Aut
1415 1275 1584 1346 igitur
1611 1270 1802 1326 libera:
1818 1267 2040 1339 pariunt

432 1371 638 1447 'bonos,
672 1381 729 1434 ut
777 1377 930 1440 Sara,
992 1373 1189 1432 Isaac;
1249 1374 1342 1422 aut
1396 1364 1570 1419 malos
1623 1368 1675 1416 et
1730 1359 1926 1422 bonos,
1979 1361 2042 1409 ut

437 1460 710 1546 Rebecca,
737 1476 882 1535 Esau
913 1480 966 1526 et
984 1468 1155 1526 Iacob
1185 1485 1200 1540 ς
1235 1473 1326 1521 aut
1366 1462 1499 1519 mali
1545 1459 1742 1524 malos,
1783 1455 2041 1546 utiAgar

434 1551 637 1628 lsmael
671 1542 813 1632 {aut
844 1560 975 1618 mali
1007 1560 1183 1614 bonos
1213 1563 1265 1612 et
1295 1553 1488 1619 malos,
1520 1557 1578 1606 ut
1606 1546 1820 1604 ancillae
1846 1542 2034 1599 Iacob.

435 1652 518 1718 Ad
548 1660 695 1713 hanc
722 1649 1130 1709 similitudinem
1173 1651 1268 1702 aut
1324 1641 1454 1699 boni
1508 1638 1785 1710 baptizant
1842 1633 2036 1698 bonos,

436 1765 495 1815 ut
525 1754 764 1812 Ananias
794 1748 1061 1816 Paulum;
1097 1751 1191 1800 aut
1220 1742 1412 1808 malos,
1446 1746 1506 1794 ut
1544 1735 1824 1806 Philippus
1853 1730 2038 1787 Simo-

436 1863 563 1902 nem
595 1857 857 1915 magum;
890 1845 982 1894 aut
1009 1834 1137 1892 mali
1167 1834 1342 1889 bonos
1374 1838 1426 1885 et
1455 1826 1648 1892 malos,
1689 1819 2032 1915 utpraedice-

435 1945 588 2011 tores
617 1909 871 2006 quidam,
904 1941 1043 2001 quos
1072 1923 1201 1979 dicit
1223 1918 1522 1992 Apostolus
1538 1931 1647 1971 non
1664 1921 1815 1971 caste
1857 1909 2039 1966 solere

439 2008 761 2090 annuntiare
809 2023 1192 2096 Evangelium,
1245 2019 1484 2074 tolerans
1529 2029 1624 2070 eos
1674 2011 1728 2066 in
1776 2008 2040 2096 societate

437 2121 770 2183 Christiana,
805 2093 996 2172 dicens
1031 2129 1044 2166 :
1082 2133 1104 2158 α
1139 2107 1281 2178 Quid
1312 2106 1458 2162 enim
1508 2104 1638 2157 dum
1679 2093 1831 2156 omni
1876 2095 2038 2150 modo

437 2220 553 2282 sive
583 2215 876 2276 occasione
905 2211 1022 2266 sive
1063 2208 1297 2265 veritate
1352 2203 1594 2260 Christus
1639 2197 1990 2254 annuntietur
2022 2191 2036 2246 Ι

437 2326 491 2387 9t
519 2318 576 2374 in
605 2317 710 2372 hoc
732 2310 954 2386 gaudeo
986 2306 1262 2378 (Philipp.
1302 2303 1362 2373 ι).
1400 2321 1422 2351 ι
1472 2299 1596 2387 Non
1654 2293 1841 2387 alieno
1893 2289 2041 2345 malo

437 2381 864 2484 “gaudebat,vsed
897 2398 1024 2470 quia
1073 2409 1260 2484 verum
1308 2381 1844 2484 praedicabatur."5i
1903 2393 2042 2484 q‘uos

437 2468 532 2552 isti
589 2468 799 2548 similes
866 2468 951 2543 sui
1018 2481 1382 2554 baptizabant,
1447 2485 1578 2532 tunc
1644 2470 1776 2527 mali
1840 2468 2039 2523 malos.

439 2569 496 2648 Si
527 2607 664 2664 quos
696 2602 827 2645 vero
856 2584 998 2640 tales
1028 2579 1221 2652 quales
1268 2577 1528 2634 admonet
1573 2570 1882 2664 Dominus,_
1918 2579 2041 2622 cum

438 2655 600 2748 dicit:
629 2703 651 2728 ι
677 2677 814 2748 Quae
832 2674 1016 2734 dicunt
1044 2669 1203 2726 facite
1227 2686 1242 2734 ;
1263 2683 1385 2744 quae
1405 2672 1581 2719 autem
1607 2660 1834 2748 faciunt,
1858 2655 2042 2748 facere

435 2744 603 2838 nolite
634 2744 858 2839 (Matth.
891 2761 1072 2831 χχιιι),
1106 2783 1126 2807 ι
1187 2765 1318 2814 tunc
1374 2751 1506 2808 mali
1556 2751 1732 2805 bonos
1786 2744 2037 2818 baptiza-

438 2869 588 2932 bant.
621 2860 910 2936 Quomodo
940 2873 1078 2932 ergo
1110 2856 1164 2912 in
1195 2853 1322 2920 ﬁliis
1351 2850 1527 2908 Jacob
1555 2863 1665 2904 non
1695 2843 1870 2901 obfuit
1910 2840 2040 2909 illis,

437 2957 529 3032 qui
561 2955 674 3012 nati
704 2959 834 3007 sunt
862 2951 931 3006 de
959 2946 1199 3010 ancillis,
1233 2941 1527 3017 quominus
1560 2941 1811 3032 tenereut
1841 2940 2041 3006 terram

437 3023 886 3118 repromissionis
914 3053 1042 3094 cum
1074 3034 1337 3090 fratribus
1367 3047 1432 3086 ex
1461 3042 1640 3101 aequo,
1675 3023 1773 3080 sed
1821 3029 2042 3116 praeva-

435 3145 536 3201 luit
565 3157 753 3198 semen
786 3145 1078 3210 paternum
1130 3150 1144 3187 :
1199 3131 1286 3187 sic
1341 3128 1652 3200 quicunque
1708 3137 1811 3194 per
1865 3113 2044 3173 malos

434 3232 796 3305 baptizantur,
830 3238 1143 3299 quanquam
1173 3237 1240 3310 es
1282 3217 1442 3310 malis
1464 3213 1614 3310 -nati
1670 3211 1797 3309 sint,
1851 3216 2038 3310 tamen

436 3295 566 3396 quia
593 3337 660 3376 ex
690 3295 900 3374 semine
931 3311 1096 3370 Verbi
1125 3309 1246 3376 Dei,
1278 3306 1427 3379 quod
1458 3303 1723 3378 figuratur
1751 3299 1808 3372 in
1840 3295 2042 3378 Jacob,

435 3421 548 3477 nati
575 3427 720 3486 sunt,
753 3416 799 3472 si
829 3409 958 3470 boni
987 3411 1114 3469 ease
1143 3407 1433 3476 voluerint,
1483 3401 1862 3466 hereditatem
1915 3409 2042 3486 cum

436 3509 703 3566 fratribus
732 3503 1118 3577 possidebunt.
1161 3498 1287 3555 Sive
1316 3511 1450 3568 ergo
1473 3488 1880 3554 schismaticus,
1925 3485 2042 3539 sive

436 3608 789 3666 facinorosus
804 3601 1036 3675 quisque
1057 3599 1112 3654 in
1140 3595 1489 3654 confessione
1528 3596 1738 3646 sanctae
1761 3581 2044 3643 Trinitatis

437 3705 696 3777 baptizet,
744 3715 852 3756 non
907 3699 1054 3755 valet
1108 3694 1201 3749 ille
1251 3686 1578 3762 rebaptizari
1632 3681 2038 3777 a‘Catholicis,

436 3771 815 3852 ria-confessio
844 3787 933 3845 vel
973 3782 1246 3841 invocatio
1299 3779 1437 3837 tanti
1497 3773 1736 3832 nominis
1791 3771 2042 3830 videatur
2108 3810 2110 3813 .

435 3881 726 3941 annullari.
759 3880 828 3935 Et
857 3877 913 3932 in
945 3885 1101 3931 utero
1130 3870 1382 3929 Ecclesia
1409 3881 1614 3939 magna
1665 3863 1891 3920 luctatio
1951 3865 2040 3916 est

434 4075 636 4132 bantur
666 4069 840 4142 (Gen.
886 4067 1002 4136 xv),
1065 4070 1120 4120 et
1176 4073 1395 4132 semper
1451 4053 1582 4110 mali
1636 4055 2042 4142 persequuritur

433 4165 632 4228 bonos,
663 4137 724 4214 ut
752 4155 950 4213 lsmael
987 4155 1165 4210 Isaac.
1227 4149 1360 4206 Ideo
1414 4157 1659 4216 namque
1713 4138 1846 4195 dixit
1904 4137 2042 4194 Sara

433 4261 672 4330 Abrahae
696 4275 709 4311 :
732 4278 758 4310 ι
779 4255 928 4324 Ejice
947 4251 1204 4310 ancillam
1223 4255 1278 4306 et
1295 4245 1468 4316 tilium
1495 4244 1612 4312 ejus
1636 4241 1798 4330 (Gen.
1832 4235 1965 4308 xxx),
1990 4257 2034 4330 ,υ

435 4323 561 4424 quia
613 4323 928 4406 illusionem
983 4341 1120 4402 vidit
1181 4339 1246 4394 in-
1293 4336 1498 4399 lusum,
1567 4345 1680 4424 non
1732 4327 1858 4383 ideo
1905 4323 2040 4424 quia

432 4413 654 4500 ludebat
684 4433 887 4492 Ismael
939 4445 1065 4488 cum
1122 4425 1233 4484 ﬁlio
1289 4439 1419 4481 suo.
1485 4419 1644 4483 Unde
1703 4413 2035 4488 apostolus:

437 4563 460 4592 σι
495 4538 647 4595 Sicut
675 4544 805 4590 tunc
833 4530 946 4597 ille,
979 4527 1075 4602 qui
1107 4524 1410 4582 secundum
1459 4534 1686 4578 carnem
1714 4523 1873 4575 natus
1895 4519 2036 4579 erat,

430 4624 865 4703 persequebatur
895 4635 1020 4676 eum
1050 4616 1141 4690 qui
1169 4612 1472 4680 secundum
1515 4607 1762 4683 spiritum
1792 4624 1843 4703 -,.
1868 4603 1938 4664 ita
1985 4608 2039 4658 et
2065 4607 2118 4669 D

431 4694 579 4780 nunc
618 4694 779 4787 (Gal.
835 4712 940 4774 ivi.
983 4731 1005 4758 ι
1065 4704 1382 4764 Secundum
1445 4714 1671 4772 carnem
1734 4694 1848 4752 nati
1913 4698 2038 4748 sunt

428 4818 721 4875 dilectores
781 4807 994 4874 mundi,
1053 4801 1367 4860 secundum
1431 4797 1678 4870 spiritum
1762 4799 2036 4850 amatores

428 4905 649 4968 Christi.
688 4903 815 4960 Plus
845 4913 980 4972 ergo
1011 4911 1118 4958 nos
1146 4897 1553 4966 persequuntur
1609 4883 1704 4960 qui
1758 4899 1863 4940 nos
1917 4880 2036 4972 illu-

426 4997 608 5058 dendo
636 4969 935 5058 seducunt;
960 4987 1037 5044 ita
1061 5003 1080 5040 .:
1120 5007 1142 5036 α
1177 4980 1338 5050 Veni,
1369 4977 1516 5046 veni,
1566 4974 1844 5048 baptizare
1875 4987 1892 5030 ξ
1943 4969 2035 5028 hic

425 5095 602 5156 habes
631 5104 821 5150 verum
849 5083 1144 5158 baptisma.
1182 5104 1203 5130 »δ
1238 5077 1446 5140 Ismael
1483 5088 1619 5152 ergo
1649 5087 1760 5129 non
1788 5069 1912 5130 ideo
1933 5065 2036 5124 fuit

424 5181 863 5244 axhacreditatus,
895 5176 1026 5247 quia
1053 5189 1122 5230 ex
1150 5169 1352 5228 ancilla
1383 5173 1566 5231 natus,
1595 5162 1694 5220 sed
1751 5159 1882 5234 quia
1933 5174 2031 5247 suf-

421 5275 630 5348 perbus
658 5269 785 5329 fuit.
820 5245 962 5324 Nam
991 5263 1039 5322 si
1068 5268 1219 5319 esset
1244 5259 1370 5315 ideo
1426 5252 1880 5317 ethreditatus,
1934 5245 2030 5304 lilii

421 5375 591 5433 Iacob
623 5388 735 5430 non
763 5367 1180 5428 admitterentur
1205 5360 1276 5418 ad
1307 5356 1711 5414 hereditatem.
1768 5348 1930 5421 Quod
1979 5354 2032 5404 et

424 5467 564 5522 Sara
593 5460 783 5532 aﬂligit
811 5455 1069 5514 ancillam
1099 5454 1268 5523 Agar,
1317 5464 1428 5505 non
1475 5444 1672 5502 dicitur
1693 5438 2026 5532 persecutio,

423 5554 524 5616 sed
549 5527 855 5609 correctio.
896 5546 1051 5602 Unde
1083 5543 1250 5602 etiam
1281 5536 1516 5611 angelus
1555 5530 1787 5606 fugienti
1847 5527 1979 5586 dicit
2015 5544 2028 5582 :

428 5674 452 5708 ς
485 5653 799 5715 Revertere,
830 5653 882 5702 et
909 5640 1195 5698 humiliore
1247 5636 1348 5693 sub
1401 5648 1569 5692 manu
1628 5629 1865 5687 dominae
1921 5635 2028 5682 tuac

425 5740 589 5810 (Gen.
623 5738 754 5803 rm).
793 5754 816 5784 ι
837 5734 945 5790 ‘Sic
977 5731 1106 5788 boni
1131 5727 1406 5800 principes
1437 5720 1726 5779 haereticos
1758 5727 1811 5774 et
1855 5732 2028 5789 quos-

423 5835 558 5892 libet
586 5831 924 5907 perniciosos
953 5827 1224 5886 Ecclesiae
1247 5824 1460 5880 exsiliis
1488 5829 1544 5880 et
1586 5818 1710 5876 aliis
1756 5815 2030 5889 legalibus

423 5925 605 5996 ptenis
627 5922 774 5993 justo
804 5919 1078 5990 adﬁgunt.

2143 621 2270 695 quis
2296 627 2519 676 renatus
2546 617 2705 673 fuerit
2725 632 2796 672 ex
2845 627 2989 688 aqua
3041 624 3098 672 et
3141 618 3356 690 spiritu,
3393 633 3517 674 non
3561 625 3747 690 potest

2152 711 2381 767 introire
2417 711 2478 764 in
2506 721 2739 780 regnum
2787 707 2904 762 Dei.
2941 729 2965 756 ιν
3025 705 3234 765 Sensus
3278 715 3418 763 est:
3475 702 3742 781 Quisquis

2144 791 2364 856 renasci
2392 797 2806 868 contempserit,
2837 811 2950 852 non
2978 796 3205 852 habebit
3231 790 3416 864 vitam,
3467 797 3589 868 quia
3632 812 3745 853 non

2147 897 2311 954 iherit
2341 903 2562 951 renatus
2591 910 2656 950 ex
2684 909 2828 966 aqua
2857 893 3148 965 etspiritu,
3181 892 3237 948 id
3261 901 3344 949 est
3359 885 3421 949 ex
3437 893 3542 950 ﬁde
3571 901 3627 949 et
3654 893 3747 950 di-

2148 988 2405 1044 lectione.
2440 983 2732 1053 Quomodo
2759 998 2904 1054 aqua
2959 991 3362 1040 sacramentum
3409 983 3539 1039 fidei
3598 991 3686 1040 est
3714 985 3746 1040 τ

2149 1080 2321 1148 Aquae
2376 1075 2598 1131 nomine
2652 1072 2978 1145 intelligitur
3028 1072 3187 1128 fides.
3253 1072 3481 1144 Spiritus
3557 1081 3746 1129 autem

2148 1169 2404 1227 diﬂundit
2455 1163 2859 1224 charitatem'in
2914 1166 3178 1223 cordibus
3249 1165 3481 1224 nostris.
3529 1166 3745 1238 "Itaque

2148 1258 2370 1334 parvuli
2410 1273 2534 1315 cum
2573 1273 2674 1328 per
2739 1255 3068 1328 baptismum
3128 1254 3391 1310 uniuntur
3453 1254 3740 1321 Ecclesia,

2148 1357 2445 1405 nascuntur
2472 1347 2543 1402 ad
2573 1343 3008 1412 vitam,‘ex‘iide
3063 1352 3118 1400 et
3164 1343 3460 1401 dilectione
3513 1354 3743 1402 sancto.

2147 1461 2287 1515 nim,
2313 1460 2552 1517 quarum
2576 1459 2718 1500 nexu
2737 1439 3250 1514 Ecclesiajungitur
3266 1441 3406 1510 Deo,
3441 1453 3506 1496 ex
3536 1441 3743 1497 visibili

2148 1542 2496 1592 sacramento
2523 1547 2678 1605 aque
2707 1539 2760 1588 et
2791 1530 3002 1603 Spiritu
3032 1537 3243 1595 sancto,
3275 1533 3332 1586 et
3375 1530 3428 1584 in
3472 1529 3618 1588 bono
3637 1545 3742 1586 ne-

2148 1625 2410 1698 glectosi
2439 1623 2602 1679 vitam
2632 1621 2847 1687 ﬁnierit,
2880 1635 2913 1676 ι
2941 1633 3116 1693 regno
3172 1619 3274 1675 Dei
3319 1619 3375 1674 in
3419 1626 3743 1691 perpetuum

2145 1723 2406 1780 exclusus
2436 1721 2562 1776 erit.
2594 1719 2920 1790 Quicunque
2949 1733 3082 1774 vero
3113 1731 3221 1773 non
3262 1725 3519 1790 percepto
3572 1731 3745 1789 τεςεά

2145 1813 2418 1868 neratoris
2445 1812 2660 1867 lavacro
2689 1823 2790 1881 pro
2835 1807 3035 1865 Christi
3086 1806 3437 1864 confessione
3492 1810 3740 1864 moriun-

2065 1885 2122 1946 ‘B
2152 1909 2259 1968 tur‘,
2328 1909 2506 1957 tamen
2567 1899 2648 1956 eis
2731 1898 2876 1954 valet
2960 1897 3032 1953 ad
3106 1896 3420 1954 dimittenda
3491 1900 3737 1968 peccata,

2148 1999 2407 2072 quantum
2439 1999 2504 2054 si
2538 1997 2892 2054 abluerentur
2947 2010 3102 2052 sacro
3149 1994 3308 2052 fonte
3365 1993 3732 2066 baptismatis.

2149 2089 2253 2158 Qui
2283 2087 2593 2144 enim'dixit
2625 2103 2640 2142 :
2677 2109 2700 2135 ο
2733 2086 2851 2140 Nisi
2881 2085 3007 2156 quis
3033 2093 3254 2140 renatus
3295 2084 3450 2141 fuerit
3491 2101 3554 2140 ex
3596 2100 3740 2158 aqua

2149 2187 2203 2235 et
2231 2177 2453 2250 spiritu,
2490 2193 2599 2233 non
2626 2174 2851 2230 intrabit
2899 2175 2954 2229 in
3009 2190 3243 2247 regnum
3293 2174 3575 2240 caelorum,
3609 2198 3631 2223 ι
3687 2182 3742 2232 et

2148 2272 2252 2328 alia
2282 2271 2549 2328 sententia
2582 2270 2706 2327 fecit
2735 2270 2872 2326 istos
2901 2275 3187 2340 exceptos,
3247 2269 3341 2324 ubi
3396 2285 3504 2326 non
3560 2270 3739 2344 minus

2149 2359 2483 2434 generaliter
2509 2360 2584 2415 ait
2625 2375 2636 2412 :
2677 2381 2699 2408 α
2735 2357 2840 2427 Qui
2868 2374 2956 2414 me
2999 2357 3287 2414 confessus
3341 2357 3501 2414 fuerit
3555 2375 3741 2416 coram

2149 2451 2488 2519 hominibus,
2521 2447 2830 2505 confitebor
2857 2456 2910 2504 et
2943 2463 3050 2520 ego
3083 2463 3206 2504 eum
3229 2462 3410 2504 coram
3443 2448 3602 2504 Patre
3617 2463 3740 2506 meo

2151 2550 2309 2618 (Luc.
2343 2547 2470 2619 xu).
2517 2570 2538 2595 η
2575 2545 2844 2618 Equidem
2871 2545 3100 2618 sanguis
3129 2553 3184 2602 et
3209 2561 3369 2618 aqua,
3403 2547 3491 2618 qui
3516 2546 3741 2604 vulnere

2151 2637 2341 2693 lateris
2395 2636 2599 2691 Christi
2633 2634 2879 2707 percussi
2909 2635 3207 2702 exiverunt,
3268 2631 3456 2708 typum
3505 2636 3741 2708 martyrii

2153 2734 2207 2783 et
2238 2725 2491 2797 baptismi
2522 2742 2631 2798 quo
2656 2725 2769 2780 itur
2797 2724 2866 2780 ad
2894 2724 3091 2781 coelum
3123 2725 3327 2797 pariter
3369 2727 3732 2797 protulerunt.

2152 2824 2403 2898 Denique
2435 2823 2484 2880 si
2514 2841 2651 2897 quos
2673 2823 2728 2878 in
2774 2821 2884 2880 ﬁde
2913 2823 3112 2880 Christi
3143 2832 3196 2905 et
3227 2822 3281 2878 in
3329 2823 3592 2881 charitate
3631 2840 3741 2882 non

2152 2912 2278 2970 ficta
2307 2913 2584 2970 radicatos
2633 2910 2883 2985 excludat
2937 2911 3194 2969 articulus
3240 2910 3428 2969 mortis
3482 2929 3511 2968 a
3548 2929 3741 2972 sacra-

2151 3011 2337 3059 mento
2371 3003 2646 3074 baptismi,
2679 3010 2892 3060 constat
2917 3002 3046 3074 quia
3075 3018 3185 3058 non
3215 3001 3575 3059 excluduntur
3602 3019 3630 3058 a
3652 3019 3742 3059 sa-

2150 3099 2283 3156 lute.
2318 3101 2580 3174 Martyres
2606 3100 2754 3156 enim
2779 3108 2905 3157 sunt
2928 3116 3117 3157 coram
3156 3101 3293 3169 Deo,
3326 3101 3372 3157 si
3407 3115 3543 3172 puro
3569 3100 3741 3158 corde

2151 3191 2412 3263 martyrio
2441 3191 2610 3261 parati
2640 3199 2796 3246 erant
2835 3199 2890 3246 et
2939 3190 3191 3262 baptizati
3228 3189 3285 3244 in
3321 3189 3450 3263 igne
3494 3189 3580 3246 vel
3623 3189 3742 3262 spi-

2151 3279 2273 3348 ritu,
2301 3280 2456 3349 juxta
2488 3279 2633 3352 quod
2650 3278 2917 3335 Dominus
2947 3279 3079 3334 dixit
3108 3279 3369 3350 apostolis
3400 3294 3414 3334 :
3451 3302 3473 3328 ι
3511 3279 3618 3335 Vos
3641 3293 3738 3334 an-

2149 3367 2261 3460 tem
2291 3365 2702 3450 baptizabimini
2734 3365 2936 3452 Spiritu
2974 3385 3182 3446 sancto,
3226 3393 3334 3460 non
3378 3385 3500 3448 post
3539 3377 3740 3433 multos

2150 3458 2252 3521 hos
2281 3466 2400 3522 dies
2431 3467 2591 3537 (Act.
2625 3469 2688 3538 ι).
2728 3491 2749 3515 η
2785 3466 2922 3523 Hinc
2951 3475 3035 3522 est
3064 3467 3209 3538 quod
3224 3458 3297 3522 ait
3323 3465 3644 3522 Ambrosius
3673 3465 3740 3522 de

2152 3553 2538 3620 Valentiniano
2571 3573 2585 3610 :
2626 3578 2646 3604 α
2681 3556 2942 3612 Ventrem
2971 3571 3160 3611 meum
3189 3556 3369 3624 doleo,
3402 3563 3460 3611 ut
3501 3556 3740 3628 prOpbe-

2149 3654 2262 3710 tico
2291 3662 2413 3708 utar
2439 3639 2714 3724 exemplo,
2747 3653 2870 3725 quia
2931 3670 3094 3726 quem
3151 3661 3511 3726 regeneratus
3565 3668 3735 3720 eram,

2149 3742 2329 3804 amisi.
2361 3767 2387 3800 ι
2420 3743 2520 3800 Ille
2551 3751 2736 3802 tamen
2763 3742 3000 3822 gratiam
3031 3758 3205 3816 quam.
3257 3750 3582 3818 poposcerat
3632 3759 3739 3804 non

2148 3832 2391 3912 admisit.
2457 3833 2788 3904 Auguﬁinus
2817 3873 2834 3900 ,
2889 3832 2945 3888 in
2991 3831 3120 3912 lib.
3164 3849 3218 3890 ιν
3281 3833 3366 3890 De
3430 3833 3735 3904 baptismo:

2153 3953 2185 3982 α,
2233 3930 2602 3994 Considerans
2653 3930 2922 3992 latronem
2973 3929 3064 3988 cui
3113 3929 3318 4002 dictum
3369 3938 3452 3988 est
3501 3949 3512 3985 :
3567 3930 3736 3990 Hodie

2146 4036 2360 4078 mecum
2393 4020 2500 4076 eris
2526 4020 2581 4075 in
2614 4020 2890 4092 paradiso,
2920 4018 3142 4076 invenio
3188 4035 3296 4077 non
3335 4027 3572 4095 tantqu
3608 4036 3734 4093 pas-

2148 4109 2360 4166 sionem
2388 4125 2489 4181 pro
2519 4109 2738 4174 nomine
2769 4108 2972 4168 Christi
3027 4108 3082 4165 id
3113 4096 3116 4099 ’
3148 4109 3294 4181 quod
3349 4124 3421 4166 ex
3473 4109 3734 4182 baptismo

2147 4206 2309 4272 deest
2337 4205 2598 4278 supplere
2625 4205 2944 4280 posse,.sed
2975 4213 3027 4262 et
3053 4204 3220 4266 ﬁdem
3249 4207 3734 4266 conversationem-

2147 4312 2256 4368 que
2287 4295 2488 4364 cordis,
2531 4295 2584 4353 si
2644 4295 2781 4352 forte
2843 4295 2913 4356 ad
2976 4294 3364 4359 celebrandum
3423 4296 3733 4370 mysterium

2148 4384 2403 4460 baptismi
2440 4385 2496 4448 in
2533 4385 2801 4459 angustiis
2827 4392 3132 4456 temporum
3169 4385 3419 4452 succurri
3470 4401 3580 4448 non
3632 4402 3731 4458 po-

2144 4492 2270 4542 test.
2305 4509 2330 4535 ιι
2373 4483 2650 4555 Quantum
2685 4484 2874 4556 itaque
2914 4482 3096 4544 valeat
3137 4483 3304 4544 etiam
3368 4482 3580 4540 avisibili
3633 4483 3729 4540 ba-

2143 4573 2344 4648 ptismi,
2374 4581 2720 4630 sacramento
2750 4571 2900 4646 quod
2952 4572 3029 4629 ait
3081 4573 3418 4644 Apostolus:
3478 4595 3502 4625 ς
3559 4572 3732 4632 Corde

2148 4664 2397 4730 creditur
2425 4664 2498 4724 ad
2518 4663 2810 4736 justitiam,
2841 4678 2939 4718 ore
2985 4669 3173 4718 autem
3228 4661 3497 4721 confessio
3554 4661 3615 4718 fit
3666 4662 3731 4724 ad

2142 4761 2376 4822 salutem
2393 4763 2570 4834 (Rom.
2594 4766 2654 4834 κ)
2683 4784 2704 4811 α
2730 4778 2744 4826 ;
2774 4769 2905 4820 tunc
2933 4759 3190 4832 impletur
3224 4760 3581 4830 invisibiliter,
3613 4776 3729 4817 cum

2143 4851 2472 4925 mysterium
2527 4850 2784 4926 baptismi
2849 4865 2962 4907 non
3027 4856 3375 4922 contemptus
3433 4850 3725 4923 religionis,

2143 4941 2243 5005 sed
2267 4941 2532 4998 articulus
2558 4931 2915 5006 necessitatis
2942 4939 3216 5008 excludit.
3253 4939 3550 5000 Sciendum
3586 4939 3722 5014 quod

2142 5040 2488 5115 Augustinus
2526 5039 2672 5098 hanc
2708 5039 3038 5105 sententiam
3100 5053 3220 5096 non,
3274 5039 3612 5106 retractavit,
3673 5045 3725 5095 ut

2097 5157 2102 5162 -
2142 5130 2367 5203 quidam
2395 5129 2535 5186 falso
2574 5136 2788 5202 putant,
2836 5127 2936 5186 sed
2991 5127 3123 5184 illud
3179 5129 3328 5203 quod
3377 5129 3436 5186 in
3486 5127 3723 5200 exemplo

2141 5219 2633 5298 dixeratlatronem
2649 5235 2759 5275 non
2775 5216 2949 5274 fuisse
2961 5217 3310 5291 baptizatum,
3333 5217 3458 5290 quia
3473 5217 3722 5275 incertum

2142 5327 2224 5376 est
2250 5327 2427 5375 utrum
2448 5317 2611 5375 fuerit
2640 5317 2948 5388 baptizatus
2975 5333 3046 5372 an
3085 5331 3215 5373 non.
3250 5315 3410 5386 Quod
3440 5332 3573 5390 ergo
3600 5315 3718 5374 alibi

2141 5410 2724 5468 ait:Cathecumenum
2749 5407 2894 5462 enim
2927 5406 3175 5481 quamvis
3202 5422 3256 5460 in
3291 5405 3448 5461 bonis
3477 5405 3716 5481 Oper-ibus

2139 5498 2454 5554 defunctum
2485 5499 2647 5554 vitam
2681 5497 2876 5552 habere
2907 5513 3015 5552 non
3048 5495 3339 5563 credimus,
3375 5511 3483 5550 non
3527 5505 3718 5568 martyr

2139 5598 2318 5656 fuerit.
2356 5599 2484 5655 Haec
2515 5606 2567 5652 et
2599 5597 2686 5651 his
2716 5596 2911 5652 similia
2938 5595 3006 5652 de
3036 5595 3508 5656 contemnentibus
3539 5610 3715 5652 sacra-

2138 5697 2322 5744 menta
2353 5687 2613 5760 baptismi
2643 5687 2789 5743 dicta
2835 5693 2988 5743 sunt.

2215 5839 2237 5863 «
2281 5813 2440 5884 Quod
2475 5823 2661 5872 natum
2693 5821 2777 5870 est
2807 5829 2872 5871 ex
2903 5828 3092 5881 carne,
3123 5827 3254 5870 caro
3284 5818 3369 5870 est
3399 5829 3413 5880 ;
3472 5819 3526 5868 et
3576 5809 3717 5884 quod

2137 5909 2332 5962 natum
2368 5911 2454 5962 est
2489 5919 2558 5961 ex
2612 5901 2833 5976 spiritu,
2887 5900 3112 5976 spiritus
3168 5908 3276 5959 est.
3341 5924 3362 5950 υ
3422 5899 3718 5974 Spiritalem
