3956 6444
110 377 228 429 213

111 512 306 578 becca,
336 526 475 567 cum
514 509 663 567 inter
702 508 904 566 talium
934 509 1137 565 turbas
1160 507 1490 579 jurgiorum
1521 506 1826 563 desudanti
1867 509 1907 561 A
1941 506 2106 564 ﬁcere
2160 508 2348 576 stude,
2418 515 2484 564 ut
2542 507 2655 564 illis
2719 507 3056 564 assimileris
3110 508 3438 579 animabus,

108 600 422 656 fastidium
454 598 741 656 incutitur
779 596 1084 668 patientia.
1116 597 1242 663 Quae
1290 603 1484 651 tamen
1532 594 1833 665 praterita

109 688 474 745 suﬁerentia
535 688 749 744 damna
796 700 1021 754 verens,
1094 684 1398 756 pramium
1452 685 1677 741 caeleste
1731 698 1832 753 pro

110 778 309 848 legato
334 776 604 843 etmittit,
650 789 747 847 per
793 776 901 831 hoc
937 774 1099 845 pium
1132 774 1450 844 appetitum
1478 775 1549 829 ad
1599 788 1660 829 se
1693 788 1829 829 con-

109 866 320 933 trahit,
369 873 427 922 et
473 873 674 921 contra
716 863 1071 920 imminentis
1114 862 1463 919 ferocitatem
1515 861 1830 918 carnalita-

112 956 190 1011 tis
236 955 452 1011 munit.
512 953 871 1023 Obtempera,
929 952 1140 1023 inquit,
1202 951 1516 1007 tolerantia
1581 950 1831 1007 coelestia

110 1043 502 1113 promittenti,
573 1050 628 1098 et
684 1042 755 1097 ab
820 1040 1034 1096 inﬁmis
1089 1053 1444 1110 consurgens
1509 1038 1825 1107 desideriis,

111 1130 429 1186 sacularia
456 1133 608 1198 fuge,
644 1130 885 1186 tendens
913 1128 1177 1184 videlicet
1211 1128 1284 1183 ad
1325 1127 1668 1199 {candorerm
1715 1127 1828 1183 imo

108 1218 187 1273 ad
257 1218 636 1274 candidatum
690 1216 957 1273 Ecclesia
1024 1214 1267 1272 caelestis
1333 1215 1676 1282 exercitum,
1725 1214 1826 1284 qui

109 1306 224 1363 sub
262 1314 425 1377 patre
456 1307 572 1362 Deo
607 1304 783 1361 frater
811 1310 1003 1360 noster
1036 1310 1139 1368 est,
1169 1316 1363 1374 quem,
1411 1303 1550 1357 dum
1581 1301 1824 1370 advivis,

110 1403 319 1451 sancte
347 1402 402 1451 et
431 1394 608 1451 electe
638 1393 881 1465 agendo,
925 1392 1093 1463 quasi
1120 1392 1178 1447 in
1208 1393 1368 1448 Arau
1400 1391 1658 1461 degendo
1694 1391 1824 1447 imi-

113 1485 225 1540 tari
263 1492 319 1540 te
340 1484 518 1550 decet,
552 1482 956 1552 habitahisque
1001 1495 1135 1537 cum
1163 1495 1247 1548 eo,
1281 1480 1397 1536 tuis
1448 1480 1657 1549 ineptis
1708 1481 1825 1535 uti-

110 1588 232 1643 que
265 1571 660 1629 dominaberis
710 1571 962 1627 motibus
1000 1569 1072 1625 ad
1119 1569 1449 1639 exemplum
1494 1568 1643 1639 ejus,
1686 1568 1826 1640 quia

110 1662 225 1718 hoc
252 1661 475 1731 expetit
511 1660 772 1730 paucitas
800 1658 1025 1715 dierum
1074 1658 1266 1715 saculi
1319 1657 1516 1728 hujus,
1560 1665 1624 1713 ut
1663 1658 1824 1727 pravi

112 1751 286 1806 furor
324 1750 741 1820 comprimatur
788 1746 1046 1816 allectus,
1094 1755 1151 1803 et
1205 1746 1393 1818 gratia
1435 1746 1677 1803 rationis
1718 1746 1821 1802 de-

118 1840 369 1905 briatus,
422 1838 628 1909 prioris
670 1837 921 1894 lascivia
968 1850 1088 1907 qua
1136 1836 1442 1892 fraudatus
1481 1843 1566 1891 est
1611 1834 1825 1891 oblivi—

111 1936 334 1985 scatur.
366 1928 567 1984 Laban
586 1934 780 1983 autem
799 1925 1068 1981 candidus
1092 1925 1305 1982 dicitur
1324 1941 1339 1995 ;
1366 1925 1583 1992 Haran,
1603 1926 1822 1992 electus,

111 2018 200 2075 vel
226 2018 411 2075 etiam
455 2020 712 2085 irascens,
761 2016 997 2072 forsitan
1029 2016 1277 2071 innuens
1324 2014 1478 2085 quod
1536 2013 1659 2070 ﬁeri
1710 2028 1824 2070 non

114 2107 299 2178 possis
310 2106 548 2172 electus,
572 2104 679 2161 nisi
703 2103 1099 2175 corporalibus
1120 2103 1402 2159 illecebris
1422 2116 1644 2172 semper
1665 2102 1823 2158 inve-

113 2196 297 2252 niaris
331 2197 535 2252 iratus.
571 2196 910 2261 Irascimini,
943 2198 995 2248 et
1016 2195 1183 2249 nolite
1209 2208 1429 2262 peccare
1449 2191 1622 2263 (Psal.
1644 2206 1722 2258 tv,
1747 2190 1820 2260 5).

181 2286 362 2341 Vsus.
396 2285 486 2339 45.
542 2313 603 2324 -—
656 2285 843 2338 Postea
884 2286 1121 2346 mittam,
1179 2286 1231 2335 et
1283 2281 1556 2335 adducam
1598 2286 1648 2336 te
1697 2280 1823 2334 inde

111 2374 235 2429 huc.
272 2374 420 2429 Inde
450 2380 576 2442 post
606 2372 855 2442 sopitum
897 2372 1054 2426 Esau
1097 2371 1350 2426 furorem
1378 2369 1553 2425 Jacob
1582 2368 1821 2425 adduci-

118 2472 227 2531 tur,
259 2477 400 2520 cum
432 2462 502 2518 de
525 2460 768 2517 victoria
807 2460 1160 2531 passionum,
1212 2473 1278 2514 ac
1320 2459 1367 2514 si
1416 2459 1485 2514 de
1524 2459 1739 2524 Haran,
1768 2465 1823 2514 et

115 2552 312 2622 gloria
379 2550 620 2607 caelestis
659 2548 944 2615 contuitu,
994 2547 1151 2619 quod
1212 2555 1297 2604 est
1343 2546 1412 2603 de
1465 2547 1684 2611 Laban,
1745 2548 1817 2603 ad

116 2640 291 2697 nostri
325 2637 866 2700 considerationem.
913 2636 1115 2708 quales
1144 2636 1459 2707 aliquando
1514 2635 1815 2702 fuerimus,

114 2729 392 2785 redimus.
451 2728 621 2785 Mittit
674 2740 808 2783 vero
868 2726 1139 2792 Rebecca,
1202 2732 1266 2782 ut
1321 2725 1494 2781 Jacob
1554 2725 1813 2792 reducat,

115 2832 242 2873 cum
288 2815 536 2873 rationis
577 2816 782 2872 nuntio
824 2821 1136 2885 praeunte,
1193 2814 1464 2883 patientia
1512 2813 1677 2869 bona
1712 2828 1816 2869 vo-

114 2904 318 2961 luntati
390 2918 464 2959 ne
526 2903 668 2973 quid
730 2916 1010 2974 magnum
1067 2902 1136 2957 de
1201 2915 1261 2957 se
1316 2902 1577 2967 astimet,
1645 2902 1718 2957 ad
1756 2916 1815 2956 se

116 2993 477 3049 redeundum
535 2992 809 3048 insinuat.
881 2992 989 3046 Cur
1038 2995 1267 3060 utroque
1304 2990 1535 3045 orbabor
1586 2992 1701 3060 ﬁlio
1755 2993 1813 3045 in

1293 370 1659 429 MORALIUM
1697 373 1767 427 ΙΝ
1806 373 2102 428 GENESIN
2145 372 2275 429 LIB.
2309 373 2456 429 VIII.

3542 378 3647 431 214

3514 525 3647 582 qua

1942 595 2126 653 nitore
2153 597 2423 667 puritatis
2452 612 2567 653 non
2599 597 2769 654 ﬁuxu
2805 596 3064 653 libidinis
3095 598 3225 655 ﬁlia
3262 608 3397 656 sunt
3427 600 3645 655 cando-

1942 686 2022 742 ris
2071 687 2291 749 aterni,
2320 686 2391 742 ad
2440 686 2611 757 cujus
2666 686 3106 757 germanitatem
3159 702 3260 757 per
3316 689 3647 745 tolerantias

1940 774 2188 844 suspiro.
2225 775 2381 829 Vade
2409 788 2546 845 ergo
2574 777 2635 827 in
2659 776 3101 844 Mesopotamiam
3137 776 3331 843 Syria,
3362 776 3643 833 elevatam

1938 863 2151 919 scilicet
2189 863 2261 918 ab
2304 863 2433 918 imis
2478 862 2893 932 cupiditatibus
2944 864 3323 925 vocationem.
3375 866 3530 935 quod
3560 874 3646 922 est

1940 951 2369 1008 abrenuntiatio
2402 951 2618 1018 saculi,
2665 952 3000 1023 aggredere,
3054 952 3209 1008 unde
3240 953 3504 1009 sublimis
3546 969 3646 1024 per

1938 1039 2478 1109 contemplationem
2518 1040 2712 1095 valeas
2749 1042 3017 1095 eminere.
3047 1041 3455 1111 Mesopotamia
3489 1041 3644 1097 enim

1937 1131 2143 1184 elevata
2173 1132 2397 1196 vacatio,
2444 1127 2617 1199 Syria
2654 1130 2903 1184 sublimis
2942 1130 3171 1186 dicitur.
3210 1131 3432 1187 Dicitur
3468 1131 3643 1186 etiam

1936 1217 2128 1273 Graec
2177 1217 2601 1287 Mesopotamia,
2636 1219 2792 1289 quod
2852 1219 2922 1275 sit
2976 1219 3156 1273 media
3206 1222 3347 1273 inter
3390 1222 3639 1287 ﬂumina,

1938 1306 2094 1376 quod
2118 1305 2283 1362 valde
2313 1306 2584 1377 congruit
2615 1308 2822 1363 anima
2862 1307 3146 1364 laboranti
3178 1308 3324 1364 inter
3371 1309 3643 1365 tentatio-

1937 1409 2080 1450 num
2107 1394 2618 1459 discrimina,‘hae
2653 1405 2844 1452 tamen
2873 1412 2977 1452 nos
2995 1398 3252 1453 evehunt
3281 1397 3354 1453 ad
3392 1398 3640 1468 Syriam,

1938 1484 1995 1538 id
2051 1491 2135 1539 est
2188 1484 2260 1538 ad
2315 1483 2607 1540 sublimia.
2668 1486 2733 1540 In
2791 1484 2878 1540 his
2934 1486 3283 1541 sublimibus
3324 1486 3532 1542 domus
3559 1494 3642 1543 est

1939 1571 2200 1638 Bathuel,
2251 1571 2464 1627 scilicet
2515 1572 2757 1643 virginis
2794 1573 2914 1640 Dei,
2950 1574 3215 1629 Ecclesia
3262 1588 3400 1629 sane
3430 1589 3642 1645 super-

1936 1661 2178 1717 calestis
2250 1674 2479 1731 rugam,
2539 1668 2595 1716 et
2670 1661 2957 1716 maculam
3030 1676 3269 1731 prorsus
3333 1663 3454 1733 jam
3524 1678 3640 1718 non

1936 1749 2200 1806 habentis
2249 1748 2467 1820 (Ephes.
2516 1765 2571 1816 v,
2613 1752 2727 1817 27),
2776 1764 2895 1819 qua
2933 1748 3014 1804 nil
3046 1750 3329 1806 sincerius
3381 1752 3503 1820 jam
3534 1755 3638 1806 est.

1933 1840 1990 1896 Is
2020 1838 2258 1895 Bathuel
2292 1838 2465 1894 frater
2494 1845 2579 1894 est
2608 1838 2807 1894 matris
2838 1846 3065 1903 nostra,
3100 1838 3241 1909 quia
3271 1838 3522 1909 populus
3548 1839 3642 1896 ille

1933 1928 2177 1985 calestis
2230 1941 2507 1998 germana
2571 1926 2853 1983 afﬁnitate
2926 1927 3310 1999 coujungitur
3377 1927 3641 1984 Ecclesia

1934 2018 2105 2074 matri
2141 2024 2370 2084 nostra,
2400 2030 2532 2086 qua
2558 2024 2642 2071 est
2672 2015 2729 2070 in
2755 2015 2939 2071 terris.

2010 2106 2174 2164 Vnus.
2209 2109 2261 2169 3,
2293 2106 2346 2159 4.
2391 2135 2454 2145 -
2504 2106 2832 2173 Multiplicet
2879 2110 2946 2171 te,
2999 2104 3187 2175 inquit
3235 2104 3534 2171 Dominus,
3580 2109 3641 2159 ut

1930 2197 1982 2249 si
2030 2196 2091 2249 in
2159 2194 2345 2248 turbas
2402 2195 2748 2263 populorum,
2816 2200 2865 2248 et
2926 2194 3016 2248 det
3082 2194 3185 2247 tibi
3250 2193 3639 2247 benedictiones

1931 2283 2190 2349 Abraha,
2240 2288 2291 2338 et
2341 2285 2536 2336 semini
2565 2288 2654 2337 tuo
2697 2288 2822 2351 post
2879 2288 2946 2343 te.
3002 2286 3064 2336 ut
3103 2282 3384 2352 possideas
3433 2288 3635 2336 terram

1929 2374 2386 2442 peregrinationis
2454 2377 2576 2437 tua,
2643 2386 2809 2440 quam
2865 2372 3144 2441 pollicitus
3209 2380 3287 2426 est
3352 2388 3452 2425 avo
3519 2374 3630 2426 tuo.

1927 2460 2086 2528 Quod
2114 2468 2197 2516 est
2228 2459 2417 2516 dicere
2449 2476 2461 2514 :
2502 2461 2686 2516 Tanta
2726 2469 2778 2516 te
2816 2462 2966 2516 Deus
3003 2460 3182 2515 animi
3236 2460 3450 2516 virtute
3498 2475 3631 2516 con-

1927 2550 2129 2606 solidet
2154 2555 2218 2604 ut
2256 2549 2351 2613 sis,
2409 2550 2462 2603 id
2510 2557 2595 2604 est
2644 2549 2926 2605 subsistas
2978 2549 3165 2605 valide
3213 2549 3363 2605 inter
3421 2549 3635 2605 turbu-

1926 2638 2132 2695 lentias
2188 2637 2483 2705 vitiorum,
2558 2644 2612 2693 et
2693 2639 2954 2705 Abraha,
3028 2638 3340 2694 intellectui
3422 2638 3635 2694 scilicet

1925 2727 2175 2784 seientia
2202 2741 2419 2783 munus
2450 2726 2778 2797 ampliﬁcet,
2833 2732 2884 2781 et
2922 2729 3137 2793 semini,
3190 2727 3246 2782 id
3291 2734 3373 2783 est
3422 2728 3628 2783 merito

1923 2823 2023 2872 tuo
2055 2824 2180 2886 post
2206 2817 2429 2907 pbitum
2477 2830 2628 2871 vera
2675 2816 3089 2872 benedictionis
3131 2817 3284 2872 dona
3349 2824 3628 2886 repenset,

1922 2910 1983 2960 ut
2009 2904 2288 2974 possideas
2329 2910 2537 2961 terram
2574 2905 2828 2975 corporis
2870 2905 2926 2960 in
2973 2920 3090 2975 quo
3132 2904 3538 2976 peregrinatus
3573 2921 3633 2961 es

1930 3001 1959 3049 1
1981 3000 2072 3049 re
2104 2993 2458 3065 resurgendo
2486 2993 2746 3058 feliciter.
2772 2994 2927 3064 quod
2952 2993 3239 3064 pollicitus
3259 3000 3343 3050 est
3368 3008 3469 3064 per
3510 3008 3633 3064 pro-

116 3097 219 3135 una
243 3081 383 3136 die?
412 3081 547 3148 Cur,
600 3080 807 3150 inquit,
856 3079 1273 3136 momentaneis
1324 3087 1379 3135 et
1425 3079 1597 3149 quasi
1634 3080 1812 3136 unius
1853 3103 1893 3159 ρ
1925 3084 2122 3154 phetas
2151 3081 2396 3148 Christo,
2447 3081 2791 3138 universalis
2833 3081 3033 3137 matris
3081 3082 3347 3138 Ecclesia
3382 3082 3532 3152 patri
3575 3090 3629 3137 et

116 3170 218 3225 diei
255 3169 509 3241 gaudiis,
537 3177 593 3226 et
624 3168 853 3225 ﬂuxum
886 3169 1200 3239 appetitum
1228 3168 1501 3225 brevibus
1530 3168 1813 3224 illecebris

117 3259 455 3329 expendam,
479 3268 534 3314 et
556 3257 710 3328 quod
734 3256 873 3313 mihi
902 3264 1161 3326 superest
1194 3256 1356 3313 bona
1380 3256 1697 3312 voluntatis
1722 3257 1810 3312 in-

118 3347 418 3403 terimam?
476 3347 667 3418 (Vnus.
699 3348 809 3413 46.)
834 3345 1015 3400 Taedet
1031 3362 1112 3400 me
1130 3348 1254 3399 vita
1274 3361 1400 3400 mea
1415 3351 1638 3415 propter
1665 3347 1812 3415 ﬁlias

117 3436 284 3503 Heth,
318 3436 461 3490 dicit
486 3435 559 3489 ad
586 3437 739 3489 Isaac
778 3434 1024 3490 Rebecca.
1058 3433 1204 3490 Dum
1239 3434 1532 3503 patientia,
1584 3435 1812 3505 gaudiis

117 3527 437 3583 coelestibus
467 3527 690 3591 innixa,
727 3540 861 3582 cum
911 3525 1000 3580 his
1042 3538 1109 3581 ac
1148 3525 1194 3581 si
1244 3540 1377 3581 cum
1412 3539 1520 3581 suo
1550 3525 1713 3581 Isaac
1744 3526 1812 3581 de

117 3615 384 3672 vitiorum
438 3614 776 3671 difﬁcultate
842 3614 1129 3685 taedioque
1183 3614 1585 3684 conqueritur.
1632 3616 1812 3670 Filias

120 3702 289 3759 ﬁuida
320 3703 624 3767 desideria,
660 3703 833 3770 Heth,
889 3710 1202 3772 stuporem,
1238 3703 1547 3772 reprobum
1600 3702 1813 3758 scilicet

120 3806 344 3848 sensum
404 3792 548 3848 satis
596 3791 873 3848 diximus.
936 3794 997 3847 Si
1051 3794 1319 3860 acceperit
1371 3792 1533 3847 Jacob
1589 3807 1814 3846 uxorem

121 3879 182 3932 de
231 3883 401 3949 stirpe
458 3880 623 3949 hujus
671 3885 844 3946 terra,
882 3880 1003 3933 nolo
1040 3882 1239 3935 vivere.
1290 3880 1344 3935 Si
1402 3880 1496 3950 pia
1544 3880 1814 3936 voluntas

124 3967 406 4024 desideriis
459 3969 701 4024 terrenis
777 3968 1085 4036 inhaserit,
1147 3969 1477 4039 patentibus
1558 3977 1814 4025 monstro

125 4054 337 4111 indiciis
366 4070 456 4111 me
504 4063 745 4111 mortem
785 4063 1058 4112 aternam
1101 4056 1329 4127 eligere.
1388 4057 1566 4112 Taedet
1619 4066 1810 4114 autem

125 4151 176 4199 et
203 4143 354 4200 illam
382 4145 517 4200 vita
546 4158 685 4209 sua,
721 4144 860 4200 dum
886 4145 1079 4200 cultus
1116 4144 1339 4215 pietatis
1372 4161 1504 4216 qua
1532 4161 1666 4202 vere
1695 4147 1815 4202 vita

127 4240 221 4299 est,
251 4233 504 4290 molestia
534 4232 821 4289 malorum
853 4232 1200 4290 irruentium
1241 4234 1545 4305 ingruente
1588 4235 1815 4305 patien-

130 4321 259 4378 tiam
288 4321 482 4392 incipit
511 4336 585 4378 ex
612 4322 870 4378 humana
895 4322 1280 4379 imbecillitate
1312 4323 1537 4379 taedere.

695 4464 925 4521 CAPUT
964 4466 1228 4523 XXVIII.

197 4589 361 4646 Vsus.
418 4594 470 4658 l,
526 4592 580 4644 2.
640 4621 709 4630 —
775 4593 1001 4647 Vocavit
1038 4594 1225 4663 itaque
1290 4594 1446 4648 Isaac
1508 4594 1692 4658 Jacob,
1763 4600 1814 4649 et

133 4674 394 4732 benedixit
440 4680 506 4732 ei.
566 4680 929 4749 Pracepitque
983 4682 1034 4734 ei
1083 4681 1266 4736 dicens
1317 4698 1331 4736 :
1392 4682 1517 4739 Noti
1574 4681 1815 4752 accipere

133 4762 392 4833 conjugem
426 4766 493 4820 de
516 4780 707 4834 genere
735 4768 1027 4835 Chanaan;
1071 4768 1166 4823 sed
1214 4768 1370 4834 vade,
1405 4775 1454 4824 et
1478 4770 1816 4840 proﬁciscere

133 4853 186 4905 in
234 4855 672 4925 Mesopotamiam
717 4857 894 4927 Syria
932 4858 1005 4911 ad
1040 4856 1256 4911 domum
1303 4859 1533 4912 Bathuel
1576 4860 1815 4925 fratrem

134 4945 309 4997 matris
360 4948 484 5010 tua,
542 4949 594 4997 et
639 4944 826 5015 accipe
878 4945 981 4999 tibi
1026 4945 1155 5000 inde
1206 4961 1431 5001 umorem
1474 4946 1540 5001 de
1593 4946 1815 5003 ﬁliabus

139 5028 307 5085 Laban
335 5034 593 5087 avunculi
636 5036 739 5088 tui.
769 5035 929 5090 Isaac
974 5035 1137 5089 Iacob
1175 5034 1436 5102 advocat,
1475 5049 1610 5091 cum
1649 5035 1815 5091 cale-

140 5124 211 5173 ste
248 5120 539 5191 suspirans
596 5122 875 5192 gaudium
934 5122 1145 5180 bonam
1212 5124 1285 5179 ad
1333 5139 1392 5180 se
1463 5124 1817 5181 voluntatem

142 5204 301 5264 ﬁdelis
346 5210 544 5267 anima
584 5212 851 5268 concitat.
905 5212 1192 5270 Benedicit
1236 5215 1303 5277 ei,
1349 5228 1483 5269 cum
1543 5214 1817 5270 virtutem

140 5294 250 5363 ejus
301 5298 503 5355 nititur
566 5300 858 5371 adaugere
924 5303 1150 5358 virtuti.
1221 5303 1513 5359 Dictorum
1583 5306 1711 5373 ejus
1771 5303 1819 5358 is

142 5396 322 5441 sensus
360 5396 461 5443 est.
514 5387 643 5444 Noli
691 5389 986 5445 adharere
1036 5390 1315 5447 illecebris
1344 5391 1710 5462 voluptatum
1749 5393 1819 5447 de

148 5485 324 5540 genere
344 5474 640 5543 Chanaan,
675 5476 730 5532 id
778 5485 862 5533 est
891 5479 1335 5550 negotiatorum.
1379 5480 1436 5534 in
1470 5494 1588 5550 quo
1618 5480 1818 5549 procul

148 5559 298 5618 dubio
330 5564 707 5622 conformeris
751 5567 834 5622 eis
880 5568 980 5637 qui
1031 5567 1199 5623 ﬁdem
1224 5582 1292 5624 ac
1324 5569 1474 5624 bona
1502 5582 1676 5639 opera
1716 5583 1820 5639 pro

152 5651 455 5713 carnalitate
481 5654 856 5724 exsequenda
892 5655 1252 5727 expendunt,
1288 5656 1384 5713 sed
1415 5657 1485 5713 ad
1534 5658 1639 5714 hoc
1683 5671 1819 5727 pro-

1920 3171 2162 3240 auctori,
2208 3179 2262 3227 et
2318 3171 2451 3227 inde
2507 3175 2603 3225 tuo
2658 3171 2908 3226 ﬁliorum
2968 3171 3229 3227 videlicet
3279 3170 3465 3240 ipsius
3517 3172 3625 3225 Ec-

1919 3260 2108 3316 clesia
2140 3275 2258 3314 avo.
2312 3259 2508 3327 (VERS.
2562 3259 2638 3328 5.)
2671 3260 2908 3327 Cumque
2951 3258 3248 3312 dimisisset
3291 3274 3411 3312 eum
3439 3260 3626 3323 Isaac,

1919 3351 2193 3417 profectus
2219 3349 2361 3401 venit
2382 3351 2440 3401 in
2488 3349 2954 3416 Mesopotamiam,
2986 3354 3119 3413 etc.,
3172 3361 3304 3417 qua
3356 3347 3628 3416 superius

1920 3444 2164 3494 tractata
2229 3436 2493 3492 sufﬁcere
2554 3443 2796 3506 queunt.
2859 3435 3147 3491 Dimittere
3202 3442 3393 3491 tamen
3464 3436 3628 3489 Isaac

1919 3527 1999 3583 nil
2058 3527 2217 3582 aliud
2266 3535 2349 3583 est
2402 3541 2581 3597 quam
2630 3540 2703 3581 ex
2761 3526 3006 3582 calestis
3061 3525 3258 3596 gaudii
3314 3525 3629 3605 intentione

1921 3616 2085 3673 bona
2130 3614 2444 3671 voluntatis
2491 3614 2755 3671 effectum
2812 3615 3080 3686 dirigere.
3134 3615 3332 3684 (Vsus.
3394 3614 3471 3683 6.)
3530 3617 3629 3669 Vi-

1921 3706 2051 3760 dens
2125 3711 2304 3760 autem
2369 3705 2543 3772 Esau,
2611 3704 2757 3774 quod
2832 3704 3193 3759 benedimisset
3265 3710 3425 3773 pater
3497 3719 3627 3759 suus

1918 3795 2104 3861 Iacob,
2146 3800 2197 3849 et
2244 3797 2479 3849 misisset
2534 3797 2593 3848 in
2643 3796 3088 3864 Mesopotamiam
3137 3794 3333 3864 Syria,
3382 3798 3442 3847 ut
3502 3793 3629 3846 inde

1920 3900 2144 3939 umorem
2184 3884 2421 3949 duceret,
2452 3888 2501 3937 et
2534 3883 2678 3953 quod
2713 3887 2835 3952 post
2862 3883 3290 3952 benedictionem
3336 3885 3623 3951 praecepis-

1920 3978 2001 4027 set
2028 3975 2095 4041 ei,
2132 3973 2318 4028 dicens
2348 3989 2360 4028 :
2392 3974 2510 4028 Non
2560 3974 2789 4043 accipies
2825 3972 2890 4025 de
2925 3971 3146 4040 ﬁliabus
3178 3972 3459 4027 Chanaan.
3507 3971 3627 4026 Hoc

1921 4070 2105 4119 totum
2134 4062 2454 4117 secundum
2500 4061 2652 4131 quod
2704 4061 2970 4130 superius
3017 4059 3397 4116 disseruimus
3446 4067 3620 4129 patet.

1921 4166 1955 4206 a
2026 4151 2196 4206 modo
2245 4150 2562 4206 videamus.
2612 4149 2807 4218 (Vnus.
2860 4150 2937 4218 8.)
2990 4148 3234 4203 Probans
3286 4151 3432 4203 Esau
3478 4148 3625 4218 quod

1921 4256 2027 4295 non
2094 4241 2321 4294 libenter
2384 4242 2649 4308 aspiceret
2702 4239 2845 4307 ﬁlias
2922 4239 3184 4294 Chanaan
3249 4243 3412 4307 pater
3470 4251 3620 4303 suus,

1923 4336 2229 4400 postquam
2262 4329 2464 4399 utique
2500 4327 2751 4383 carnalis
2784 4325 3022 4382 aﬁ‘ectus
3051 4340 3123 4381 ex
3158 4326 3319 4381 bona
3348 4325 3624 4381 volunta-

1857 4408 1998 4473 Dtis
2059 4424 2391 4488 augmento,
2449 4424 2503 4471 et
2558 4415 2925 4471 exsecutione
2983 4415 3213 4471 virtutis
3285 4429 3618 4477 concussus,

1922 4506 2202 4561 adversus
2277 4503 2544 4574 spiritum
2607 4503 2930 4560 coelestibus
3000 4504 3317 4559 inhiantem
3384 4503 3625 4574 gravius

1922 4593 2307 4658 excandescit,
2352 4607 2419 4649 ca
2460 4593 2661 4649 mundi
2694 4592 2995 4658 desideria,
3044 4607 3176 4663 qua
3224 4592 3369 4648 ratio
3421 4591 3626 4647 fortius

1924 4684 2118 4739 horret
2147 4682 2408 4738 crebrius
2436 4681 2652 4752 objicit,
2686 4681 2863 4752 (Vnus
2910 4681 2984 4751 9),
3038 4681 3191 4737 unde
3236 4688 3291 4737 et
3329 4680 3404 4734 ad
3444 4682 3625 4735 Isma-

1923 4774 2053 4825 clem
2096 4771 2158 4838 it,
2214 4771 2285 4827 ad
2335 4769 2828 4839 saculi;profecto
2880 4769 3374 4838 concupiscentias
3424 4768 3623 4832 tendit,

1925 4860 2143 4931 quibus
2197 4874 2313 4914 non
2368 4860 2502 4925 Deo,
2555 4857 2652 4913 sed
2701 4857 2807 4913 sibi
2860 4856 3112 4926 quisque.
3156 4855 3366 4910 obedit.
3423 4855 3626 4911 Ismael

1923 4948 2077 5005 enim
2103 4947 2314 5003 dicitur
2342 4947 2591 5001 obediens
2640 4946 2766 5000 sibi.
2804 4945 2874 5000 Et
2911 4944 3164 5013 exceptis
3195 4943 3284 4999 his
3316 4943 3620 5011 uxoribus,

1924 5036 2131 5093 mundi
2184 5036 2388 5106 utique
2428 5035 2585 5091 curis
2632 5048 2700 5091 ac
2732 5033 3257 5090 necessitudinibus
3298 5032 3514 5103 quibus
3546 5034 3627 5090 illi

1926 5124 2379 5196 astringebatur,
2424 5124 2605 5194 ﬁliam
2671 5126 2885 5187 Ismael,
2958 5122 3254 5178 lasciviam
3317 5123 3628 5194 voluptatis

1932 5228 2220 5285 corporea
2258 5212 2643 5283 amplectitur.
2703 5212 2803 5269 Sed
2847 5212 3168 5268 notandum
3213 5211 3369 5283 quod
3424 5212 3628 5268 Ismael

1928 5304 2081 5360 ﬁlius
2112 5303 2405 5359 Abraham
2454 5302 2686 5369 dicitur,
2770 5302 2911 5373 quia
2966 5315 3040 5358 ex
3113 5314 3328 5372 magna
3390 5302 3632 5357 rationis

1927 5392 2142 5448 virtute
2174 5391 2379 5462 ingens
2397 5391 2746 5461 cupiditatis,
2779 5398 2881 5447 aut
2908 5389 3255 5457 cenodoxia,
3298 5404 3403 5446 nec
3427 5405 3541 5447 non
3577 5400 3631 5447 et

1928 5481 2178 5539 carnalis
2222 5481 2527 5551 aliquoties
2584 5480 3081 5551 concupiscentia,
3140 5486 3194 5535 et
3235 5478 3407 5535 etiam
3446 5480 3632 5536 acrior

1928 5569 2190 5626 exoritur
2236 5576 2446 5635 motus,
2499 5569 2663 5640 quasi
2721 5569 2959 5640 quidam
3002 5581 3254 5639 nequam
3287 5581 3355 5623 ac
3385 5567 3633 5638 degener

1934 5657 2115 5724 ﬁlius;
2176 5657 2299 5729 ipsa
2353 5664 2547 5714 autem
2613 5657 2751 5725 ﬁlia,
2813 5656 3085 5714 voluntas
3138 5654 3397 5712 videlicet
3452 5655 3630 5717 ﬂuxa.
