3924 6400
162 409 226 461 99
1097 403 1688 462 DEFLORATIONES'
1715 403 1774 463 εξ

1886 403 2170 462 μλτιισιίς
2200 434 2270 450 -
2298 401 2426 460 LIB.
2469 405 2512 458 Ι.

3349 415 3451 466 998

156 529 490 594 nativitatem
517 531 815 604 distinguit
841 548 874 591 a
915 531 1144 591 carnali.
1202 533 1290 590 Ex
1337 532 1536 602 Spiritu
1568 536 1759 588 sancto
1788 506 1841 570 Α
1870 533 2095 590 P0“sum
2125 519 2391 578 ευδοίιιη
2419 518 2694 589 deiectum
2734 535 2766 574 ⁸
2795 520 2975 587 “bis:
3001 523 3147 593 φιοά
3177 530 3455 580 laminam

156 617 374 690 spiritus
403 628 623 688 noster,
658 620 717 680 id
739 628 821 680 est
839 620 1038 688 anima,
1061 619 1306 676 nascitur
1334 619 1389 674 in
1411 621 1542 686 Dao,
1569 635 1694 676 cum
1708 619 1760 676 ei

156 731 253 787 per
279 717 545 788 gratiam,
583 733 716 787 quas
736 718 966 788 Spiritus
993 725 1216 773 sanctus
1263 717 1601 788 intelligitur,
1639 732 1768 789 pec-

154 812 267 862 cata
295 803 674 875 remittuntur,
721 821 790 861 ne
818 809 1105 878 prOpterea
1135 805 1494 860 damnationis
1546 819 1765 876 poenam

156 888 416 946 incurrat.
454 890 589 946 Non
649 889 793 948 enim
847 905 998 958 caro,
1055 889 1154 946 sed
1210 890 1394 946 anima
1447 898 1626 961 potest
1678 889 1766 947 vel

159 976 364 1050 puniri.
411 1000 435 1026 ι»

234 1097 258 1126 ι
289 1074 418 1130 Non
450 1074 678 1135 mireris
709 1075 832 1150 quia
851 1075 968 1132 dixi
997 1075 1094 1132 tibi
1127 1090 1142 1130 ε
1176 1074 1406 1147 Oportet
1460 1091 1559 1132 vos
1612 1074 1767 1132 nasci

164 1162 361 1222 denuo.
395 1164 649 1235 Spiritus
677 1165 775 1226 ubi
805 1165 917 1224 vult
939 1164 1128 1234 spirat,
1153 1172 1206 1222 et
1226 1180 1422 1222 vocem
1443 1165 1560 1236 ejus
1588 1165 1766 1232 audis,

165 1260 352 1310 etnon
385 1251 501 1308 scis
524 1253 680 1310 unde
725 1252 912 1312 veniat
969 1261 1019 1310 et
1079 1268 1186 1324 quo
1242 1253 1434 1310 vadat.
1471 1276 1496 1302 ι
1546 1253 1635 1309 Sic
1687 1261 1772 1309 est

163 1348 338 1412 omnis
368 1348 464 1420 qui
497 1358 670 1408 natus
697 1357 782 1410 est
811 1365 877 1410 ex
909 1349 1119 1419 spiritu.
1161 1348 1393 1419 Spiritus
1448 1357 1768 1420 potestatem

161 1438 563 1512 habetquibus
617 1438 736 1494 vult
792 1439 1029 1511 gratiam
1083 1438 1420 1494 remissionis
1466 1438 1772 1508 impertire,

164 1534 215 1587 et
250 1541 444 1584 vocem
507 1527 636 1595 ejus
692 1526 1036 1598 corporalem
1089 1527 1248 1582 audis
1293 1543 1362 1584 eo
1409 1526 1663 1598 loquente
1714 1527 1772 1584 in

166 1614 368 1672 sanctis
399 1616 886 1688 praedicatoribus,
910 1616 1059 1684 juxta
1088 1615 1221 1672 illud
1248 1631 1260 1669 ε
1290 1638 1312 1664 «ι
1347 1616 1468 1671 Non
1497 1615 1642 1670 enim
1673 1630 1771 1671 vos

159 1705 307 1770 estis,
344 1704 442 1777 qui
474 1703 789 1775 loquimini,
835 1707 932 1762 sed
963 1703 1197 1774 Spiritus
1243 1704 1415 1762 Patris
1470 1703 1636 1760 vestri
1679 1703 1772 1776 qui

159 1799 402 1872 loquitur
431 1802 494 1856 in
527 1801 695 1860 vobis
724 1801 946 1871 (Matth.
977 1804 1057 1874 χ.)
1096 1827 1118 1853 ι
1158 1804 1547 1859 Verumtamen
1604 1803 1770 1874 igno-

1869 615 1972 673 est,
2025 608 2298 678 quomodo
2345 606 2567 664 creditis
2625 607 2752 678 quia
2785 625 2886 679 per
2930 609 3178 680 spiritum
3226 620 3464 682 possunt

1871 695 2119 756 homines
2138 696 2447 767 regenerari
2478 697 2506 750 ‘1.
2533 695 2686 754 Nunc
2708 703 2898 752 tamen
2919 715 3019 768 per
3037 699 3460 771 increpationem

1870 793 2144 848 invitatum
2177 793 2244 849 ad
2288 793 2638 849 humilitatem
2678 793 2898 852 instruit
2939 796 3116 853 adhuc
3164 797 3234 852 de
3277 797 3463 853 divina

1874 889 1929 938 et
1955 883 2192 940 humana
2229 881 2312 938 sui
2341 881 2638 947 nativitate,
2668 883 2736 940 de
2763 884 3017 953 passione
3059 893 3115 941 et
3139 885 3464 942 ascensione

1874 979 1926 1026 et
1953 970 2075 1026 aliis
2103 970 2370 1044 pluribus.
2402 970 2557 1028 Unde
2605 970 2843 1042 sequitur
2875 989 2888 1026 :
2924 995 2948 1022 ι
2984 973 3045 1028 Et
3075 988 3236 1030 nemo
3263 989 3463 1030 ascen-

1875 1067 1953 1124 dit
1980 1069 2038 1124 in
2069 1069 2285 1135 coelum,
2313 1069 2422 1125 nisi
2451 1070 2542 1141 qui
2568 1069 2638 1125 de
2659 1070 2796 1127 cmlc
2828 1071 3112 1128 descendit
3155 1073 3326 1130 Filius
3355 1076 3462 1130 bo-

1877 1157 2041 1218 minis
2079 1158 2170 1228 qui
2220 1166 2303 1216 est
2361 1157 2417 1214 in
2462 1159 2626 1225 ccelo,
2672 1179 2695 1210 ι
2759 1160 2936 1216 Nemo
2979 1161 3244 1228 ascendit,
3283 1161 3338 1216 id
3379 1170 3465 1218 est

1877 1246 2181 1306 ascendere
2208 1245 2357 1311 facit,
2387 1247 2456 1304 ad
2480 1247 2833 1303 eminentiam
2885 1265 3139 1320 superum
3175 1249 3316 1316 vitm,
3356 1250 3465 1306 nisi

1876 1343 1968 1414 qui
1996 1342 2121 1398 inde
2150 1342 2434 1398 descendit
2463 1343 2795 1398 bumiliando
2824 1359 2904 1411 se,
2953 1343 3007 1399 id
3036 1355 3119 1401 est
3149 1345 3312 1401 Filius
3341 1347 3462 1413 Dei,

1879 1431 1972 1501 qui
1999 1436 2083 1486 est
2117 1431 2356 1486 Verbum
2404 1433 2599 1498 Patris,
2650 1439 2892 1488 nostram
2936 1436 3264 1490 assumendo
3306 1434 3464 1490 inﬁr-

1879 1520 2141 1584 mitatem,
2203 1520 2503 1575 secundum
2573 1536 2735 1591 quam
2788 1521 2969 1578 minor
3033 1522 3230 1578 dicitur
3284 1523 3461 1579 Patre.

1879 1607 2196 1674 Descendit,
2225 1607 2466 1679 inquam,
2500 1623 2598 1678 per
2627 1610 2730 1665 hoc
2760 1607 2909 1664 ﬁlius
2938 1609 3172 1666 hominis
3214 1610 3462 1679 eﬁ‘ectus,

1879 1695 1971 1767 qui
1992 1703 2171 1751 tamen
2200 1696 2253 1750 in
2285 1696 2422 1754 cmlo
2468 1705 2571 1762 est,
2631 1697 2739 1754 boc
2791 1705 2874 1754 est
2920 1697 2974 1753 in
3021 1699 3110 1753 illa
3155 1699 3466 1770 aequalitate

1882 1784 2055 1840 Patris
2086 1801 2246 1856 quam
2274 1792 2436 1840 antea
2465 1785 2666 1842 habuit.
2699 1788 3008 1842 Assumens
3064 1787 3270 1858 quippe
3319 1789 3468 1861 quod

159 1858 276 1948 ras-ﬁ
300 1905 373 1946 au
434 1858 548 1948 illa.
597 1906 702 1948 vox
731 1858 859 1961 \per
911 1858 1324 1964 intelligentiam
1381 1893 1450 1948 ad
1505 1858 1770 1964 quosdam
1801 1858 1853 1922 Β
1883 1897 1992 1938 non
2021 1890 2159 1950 erat,
2194 1898 2302 1936 non
2321 1881 2501 1938 amisit
2522 1883 2667 1953 quod
2713 1891 2860 1938 erat.
2899 1883 3069 1940 Aliter
3101 1900 3113 1939 :
3147 1885 3295 1940 Deus
3322 1858 3468 1941 divi-

159 1978 361 2045 veniat,
395 1978 456 2034 id
486 1987 577 2034 est
607 1979 678 2036 de
708 1994 818 2050 qua
845 1994 1011 2040 causa
1040 1980 1233 2036 eodem
1290 1979 1497 2050 Spiritu
1549 1988 1771 2052 agente,

163 2075 380 2144 quidam
412 2075 665 2134 fortasse
696 2074 876 2131 minus
902 2077 1099 2132 eruditi
1143 2092 1336 2133 vocem
1365 2077 1515 2132 illam
1570 2076 1775 2131 intelli-

163 2172 309 2237 gant,
327 2172 545 2236 etquo,
571 2163 628 2220 id
651 2171 734 2220 est
743 2179 840 2236 pro
857 2181 970 2238 quo
988 2165 1171 2234 modo,
1192 2166 1356 2222 vadat
1371 2166 1440 2222 ab
1471 2165 1591 2222 aliis
1619 2180 1775 2237 neque

163 2252 585 2323 paenitentibus,
616 2253 726 2310 hoc
753 2261 840 2310 est
867 2253 992 2310 sine
1018 2253 1380 2325 intelligentia
1407 2263 1649 2312 transeat
1703 2255 1775 2310 ab

165 2348 298 2406 illis.
333 2350 420 2412 Ad
447 2352 604 2410 hunc
631 2350 856 2406 modum
883 2349 1055 2408 ﬁtilla
1097 2351 1352 2408 nativitas
1405 2369 1528 2424 quae
1581 2359 1664 2406 est
1708 2367 1776 2407 ex

166 2439 384 2508 spiritu,
421 2447 478 2498 te
509 2438 776 2498 videlicet
820 2439 1121 2506 nesciente,
1178 2440 1450 2496 discutere
1503 2440 1777 2512 quomodo

166 2527 220 2601 id
250 2527 496 2600 Spiritus
520 2527 870 2584 invisibiliter
899 2537 1050 2601 agat,
1083 2528 1202 2584 nbit
1231 2529 1350 2600 ipse
1385 2529 1519 2586 nihil
1571 2545 1776 2599 corpo-

167 2617 357 2674 raliter
387 2625 678 2688 operatur.
710 2617 792 2672 Ne
831 2617 1048 2673 mireris
1075 2633 1211 2689 ergo
1264 2618 1336 2674 de
1389 2618 1512 2684 hoc,
1571 2618 1778 2678 scilicet

167 2714 312 2786 quod
345 2715 544 2787 agitur
570 2713 766 2784 spiritu
792 2714 846 2772 in
874 2715 967 2770 illa
1004 2715 1378 2787 generatione,
1438 2715 1487 2770 si
1540 2715 1772 2771 nescias.

167 2802 353 2861 Yelita
390 2817 404 2860 :
439 2803 687 2874 Spiritus
715 2802 767 2858 in
808 2811 1080 2873 potestate
1122 2804 1283 2858 habet
1333 2811 1394 2860 ut
1439 2802 1595 2872 cujus
1643 2803 1775 2870 vult,

167 2905 260 2951 cor
288 2891 553 2962 illustret,
588 2900 642 2948 et
671 2890 739 2957 si,
771 2899 825 2948 te
854 2892 1174 2962 pasnitente,
1193 2891 1502 2964 quempiam
1533 2892 1779 2950 adhoma

170 2986 492 3057 repleverit,
529 3002 728 3043 vocem
760 2987 982 3058 quidem
1004 2989 1122 3057 ejus
1171 2990 1392 3059 spiritus
1446 2988 1623 3052 audis,
1676 2987 1775 3042 sed

169 3090 272 3132 non
299 3076 412 3134 seis
429 3075 582 3132 unde
605 3075 786 3134 veniat
807 3084 861 3132 et
879 3092 990 3147 quo
1011 3077 1190 3146 vadat,
1216 3077 1268 3132 id
1287 3086 1372 3133 est
1386 3076 1659 3149 quomodo
1680 3092 1779 3132 cor

1881 1969 2104 2034 nitatem
2153 1986 2310 2027 suam
2374 1986 2483 2026 non
2531 1970 2816 2041 indignam
2847 1972 3057 2028 censuit
3104 1973 3322 2029 nomine
3372 1973 3470 2030 ﬁlii

1880 2057 2134 2124 hominis,
2185 2059 2323 2114 sicut
2364 2073 2590 2116 carnem
2632 2075 2788 2116 suam
2829 2060 3084 2130 dignatus
3130 2069 3213 2118 est
3249 2063 3470 2119 nomine

1883 2145 2005 2208 Filii
2034 2147 2158 2214 Dei,
2191 2163 2259 2202 ne
2295 2147 2451 2219 quasi
2482 2146 2591 2204 duo
2621 2148 2820 2204 Christi
2851 2147 3151 2206 diceretur.
3184 2151 3248 2205 Et
3278 2150 3348 2207 ita
3370 2166 3472 2224 per

1880 2242 2191 2298 distantiam
2205 2243 2502 2300 divinitatis
2525 2252 2576 2300 et
2592 2243 2942 2310 inﬁrmitatis,
2989 2245 3155 2302 Filius
3171 2247 3270 2304 Dei
3292 2263 3474 2304 mana-

1881 2329 1972 2388 bat
1995 2330 2052 2384 in
2080 2331 2238 2397 casio,
2273 2330 2416 2388 ﬁlius
2449 2331 2687 2388 hominis
2730 2335 2982 2390 manebat
3034 2333 3090 2390 in
3146 2341 3326 2392 terra.
3365 2337 3470 2393 Per

1883 2427 2142 2486 unitatem
2172 2444 2299 2484 vero
2329 2445 2598 2499 personae,
2624 2445 2748 2501 quas
2772 2431 2829 2484 in
2859 2429 3072 2486 duabus
3094 2431 3296 2487 naturis
3329 2449 3472 2488 unus

1883 2523 2129 2582 Christus
2155 2533 2256 2591 est,
2291 2535 2344 2580 et
2364 2525 2531 2581 Filius
2561 2525 2659 2582 Dei
2715 2527 3030 2582 ambulabat
3070 2527 3126 2583 in
3163 2537 3309 2584 terra
3343 2547 3358 2592 ;
3413 2537 3472 2586 at

1877 2611 2024 2670 idem
2044 2612 2162 2684 ipse
2179 2614 2344 2669 Filius
2365 2615 2619 2672 hominus
2630 2614 2827 2670 dicitur
2839 2616 3196 2673 descendisse
3207 2617 3276 2673 de
3304 2617 3468 2684 cmlo,

1882 2709 1935 2757 et
1965 2711 2090 2760 ante
2138 2704 2445 2773 passionem
2472 2704 2640 2760 fuisse
2659 2705 2713 2759 in
2741 2703 2902 2760 casio.
2926 2705 3133 2760 Sensus
3161 2723 3296 2778 ergo
3350 2717 3433 2763 est
3456 2723 3474 2767 :

1881 2795 2058 2852 Nemo
2077 2797 2324 2854 ascendit
2354 2799 2408 2853 in
2438 2798 2659 2866 celum,
2713 2798 2799 2856 nsi
2847 2799 3096 2855 Christus
3142 2801 3200 2854 in
3239 2817 3476 2873 corpora

1883 2909 2005 2960 suo,
2024 2894 2170 2966 quod
2200 2903 2283 2950 est
2309 2894 2585 2952 Ecclesia.
2617 2897 2916 2968 Propterea
2935 2913 3165 2970 namque
3192 2898 3478 2958 descendit

1881 2989 1939 3037 ut
1959 2983 2014 3037 in
2043 2982 2181 3038 cisio
2211 2991 2265 3038 et
2292 2999 2420 3039 cum
2442 2983 2537 3040 illo
2567 3000 2734 3039 unum
2791 2994 2977 3040 essent
3025 2987 3116 3058 qui
3171 3003 3272 3058 per
3323 2988 3476 3043 illum

1881 3070 2165 3127 ascensuri
2215 3079 2391 3126 erant.
2426 3072 2696 3128 Dominus
2733 3073 2980 3128 ascendit
3010 3088 3024 3142 ;
3057 3090 3258 3145 corpus
3297 3084 3476 3132 autem

170 3161 310 3219 illius
332 3164 652 3232 intraverit,
685 3163 772 3220 vel
801 3165 1076 3237 quomodo
1106 3166 1346 3222 redierit.
1387 3167 1602 3222 Natura
1632 3166 1776 3221 enim
1807 3210 1854 3237 η
1885 3175 1994 3223 non
2024 3160 2291 3224 ascendit,
2324 3160 2421 3218 sed
2447 3161 2682 3218 levatum
2713 3170 2795 3218 est
2822 3161 2877 3217 in
2906 3162 3101 3220 coelum
3132 3163 3225 3219 illo
3260 3163 3479 3222 levante

178 3251 475 3308 invisibilis
512 3261 619 3310 est.
654 3253 746 3312 Sic
770 3254 1118 3310 invisibiliter
1144 3255 1330 3326 incipit
1385 3263 1604 3314 renatus
1651 3271 1776 3312 esse

171 3361 372 3425 agente
455 3353 689 3424 Spiritu,
747 3353 893 3426 quod
948 3368 1058 3410 non
1115 3361 1249 3418 erat,
1306 3352 1382 3408 ita
1432 3361 1492 3407 ut
1542 3350 1776 3408 inﬁdelis

169 3442 374 3504 nesciat
404 3442 559 3498 unde
593 3441 791 3507 veniat,
823 3449 876 3500 et
930 3457 1036 3513 quo
1090 3442 1275 3509 vadat,
1325 3441 1382 3496 in
1438 3458 1544 3513 qua
1600 3440 1777 3514 gratia

168 3519 346 3588 veniat
377 3530 432 3592 in
459 3530 813 3601 adoptionem
845 3528 1082 3586 ﬁliorum
1111 3530 1230 3597 Dei,
1263 3537 1318 3587 et
1347 3530 1506 3588 vadat
1535 3529 1590 3587 in
1645 3545 1776 3602 per-

165 3617 478 3700 captionem
509 3626 756 3684 cmlestis
786 3626 963 3699 regni.
995 3626 1130 3696 Qum
1159 3625 1288 3700 quia
1343 3625 1624 3698 incognita
1651 3633 1784 3686 sunt

166 3716 396 3786 carnali,
428 3716 637 3776 iterum
667 3715 883 3790 quarit.

234 3846 256 3872 α
289 3820 610 3894 Respondit
648 3820 1002 3889 Nicodamu,
1057 3829 1111 3878 et
1154 3821 1288 3880 dixit
1333 3821 1383 3878 ei
1425 3839 1440 3877 :
1491 3821 1778 3892 Quomodo

167 3918 404 3981 possunt
431 3911 558 3967 hinc
590 3908 710 3966 ﬁeri
739 3911 766 3962 ‘l
797 3909 1097 3980 Respondit
1123 3911 1301 3977 Jesus,
1334 3919 1387 3968 et
1413 3909 1546 3966 dixit
1578 3911 1628 3966 ei
1661 3911 1778 3968 :Ttt

170 4015 228 4060 es
258 4000 543 4072 magister
573 3999 628 4053 in
661 3998 849 4068 Israel,
881 4006 936 4054 et
967 3999 1083 4056 haec
1108 3999 1332 4070 ignoras
1351 4001 1379 4052 ‘l
1406 4022 1427 4049 ι
1454 3999 1597 4068 Quid
1618 3999 1776 4070 quasi

172 4086 463 4152 insnitabat
486 4086 757 4148 Dominus
787 4087 1048 4159 magistro
1068 4090 1095 4143 ‘2
1116 4087 1344 4144 Volebat
1363 4088 1514 4150 illum
1546 4088 1695 4144 nasci
1711 4105 1779 4144 ex

173 4186 363 4258 spiritu
399 4203 412 4243 :
441 4185 597 4260 quod
626 4186 832 4258 nequit,
865 4186 972 4242 nisi
1004 4187 1244 4248 humilis.
1281 4187 1374 4244 Ille
1401 4195 1581 4244 autem
1611 4186 1776 4243 iulia-

175 4291 258 4340 tus
287 4292 424 4352 erat,
460 4291 522 4342 et
549 4283 782 4352 alicujus
830 4283 1090 4340 momenti
1136 4283 1240 4340 sibi
1276 4300 1414 4340 esse
1469 4285 1776 4352 videbatur,

175 4372 295 4444 quia
325 4375 532 4430 doctor
560 4379 675 4428 erat
694 4372 1030 4428 Judworum.

251 4503 274 4530 tl
307 4482 514 4546 Amen,
547 4493 709 4536 amen
737 4478 864 4534 dico
893 4479 1011 4541 tibi,
1035 4477 1164 4550 quia
1183 4477 1330 4551 quod
1360 4478 1565 4536 scimus
1595 4478 1781 4552 loqui-

1806 3210 1858 3282 Ci

1887 3258 1978 3329 qui
2009 3258 2278 3314 ascendit.
2343 3258 2401 3314 Si
2446 3259 2566 3328 quis
2605 3259 2747 3314 enim
2787 3259 3089 3324 descendit,
3121 3261 3273 3316 verbi
3303 3263 3480 3334 gratia

1883 3347 1954 3402 de
1981 3356 2170 3402 monte
2200 3348 2385 3402 nudus
2415 3365 2430 3411 ;
2471 3363 2594 3402 cum
2622 3355 2806 3404 autem
2833 3348 3162 3416 ascenderit,
3194 3351 3388 3405 vestiat
3417 3366 3481 3408 se

1885 3443 2076 3492 recte:
2119 3436 2303 3507 utique
2351 3435 2582 3493 dicimus
2627 3451 2790 3492 nemo
2841 3437 3089 3492 ascendit
3117 3437 3225 3493 nisi
3255 3438 3348 3510 qui
3375 3439 3482 3495 de—

1886 3533 2100 3590 scendit
2130 3551 2144 3596 ς
2178 3549 2281 3589 nec
2310 3541 2516 3589 vestem
2544 3534 2960 3590 consideramus
2989 3549 3151 3606 quam
3180 3551 3368 3591 secum
3407 3535 3486 3592 le.

1886 3623 2050 3688 vavit,
2093 3622 2198 3677 sed
2233 3621 2413 3693 ipsum
2487 3623 2578 3695 qui
2615 3624 2844 3679 vestitus
2916 3632 2998 3680 est
3035 3628 3210 3680 solum
3248 3624 3485 3684 dicimus

1885 3710 2222 3768 «audisse.

1965 3839 1986 3865 ε.
2021 3817 2086 3878 Et
2115 3817 2254 3872 sicut
2273 3817 2490 3889 Moyses
2518 3817 2778 3878 exaltavit
2814 3822 3128 3890 serpentem
3159 3819 3216 3875 in
3234 3819 3479 3890 deserto,

1888 3913 1965 3969 ita
1995 3913 2220 3969 exaltari
2274 3923 2490 3985 Oportet
2553 3915 2743 3970 Filium
2784 3917 3036 3985 hominis,
3078 3925 3136 3972 ut
3174 3917 3351 3973 omnis
3389 3919 3484 3990 qui

1889 4002 2066 4060 credit
2094 4002 2152 4057 in
2182 4003 2382 4073 ipsum,
2414 4019 2526 4060 non
2549 4013 2754 4074 pereat,
2787 4005 2888 4060 sed
2915 4006 3110 4061 habeat
3136 4006 3304 4062 vitam
3335 4015 3484 4063 aiter-

1887 4107 2034 4150 nam.
2060 4113 2081 4140 υ
2129 4093 2398 4148 Pertaesus
2425 4091 2478 4148 in
2507 4109 2695 4149 eremo
2724 4092 2878 4166 longi
2903 4093 3113 4149 laboris
3137 4095 3370 4165 populus
3385 4095 3488 4152 Dei

1889 4189 2241 4243 murmuravit
2305 4197 2491 4246 contra
2530 4190 2820 4246 Dominum
2863 4199 2916 4247 et
2953 4193 3202 4263 Moysen.
3243 4193 3488 4265 Ideoque

1892 4277 2160 4334 Dominus
2193 4277 2417 4334 immisit
2480 4278 2535 4334 in
2573 4279 2724 4336 illum
2760 4279 2966 4351 ignitos
3003 4289 3306 4352 serpentes.
3350 4282 3488 4338 Cum

1890 4364 2056 4438 igitur
2085 4367 2300 4436 Moyses
2362 4375 2595 4430 orasset.
2628 4367 2789 4436 jussit
2839 4384 2964 4424 eum
3003 4370 3266 4425 Dominus
3305 4369 3492 4428 facere

1893 4463 2204 4526 serpentem
2234 4471 2466 4522 evneum,
2495 4464 2550 4512 et
2586 4455 2767 4528 plagis
2802 4472 3100 4528 percussos
3152 4459 3402 4529 aspicere
3430 4460 3488 4514 in

172 4584 310 4637 mur,
346 4577 402 4624 et
432 4567 590 4640 quod
620 4566 852 4623 \idimus
881 4573 1166 4636 testamur,
1199 4577 1253 4622 et
1283 4568 1655 4624 testimonium
1687 4585 1786 4624 no-
1812 4566 1872 4636 D
1893 4568 2039 4620 eum»
2079 4561 2138 4608 υι
2175 4553 2445 4609 νίνθνθηι·
2494 4552 2601 4622 Ωυί
2639 4561 2768 4608 sum
2804 4564 3085 4626 serpentes
3123 4556 3489 4612 mordent“?

172 4674 339 4722 atrum
364 4683 477 4721 non
515 4663 791 4736 accipitis.
833 4687 854 4714 ι»
893 4665 949 4721 Si
979 4673 1165 4721 essent
1197 4665 1428 4722 humiles
1459 4685 1531 4723 ex
1581 4667 1777 4738 spiritu

172 4756 304 4822 nati,
335 4755 636 4816 crederent
664 4770 728 4808 ea
767 4770 890 4823 quin
932 4755 1200 4812 Dominus
1243 4771 1370 4812 eum
1417 4757 1702 4828 prophetis
1725 4764 1781 4811 et

172 4843 437 4914 apostolis
467 4850 699 4897 testatur
727 4842 861 4898 foris
891 4845 1096 4899 mundo
1123 4843 1196 4899 de
1225 4845 1309 4899 his
1347 4862 1469 4916 quae
1518 4846 1781 4901 videntur

172 4931 225 4986 in
255 4930 588 4992 abscondito
617 4930 734 4986 Dei.
769 4931 1129 5003 Evangelista
1168 4933 1408 4990 Joannes
1438 4934 1492 4988 in
1539 4949 1778 4990 consue-

172 5020 356 5082 tudine
383 5021 556 5078 habet
585 5020 872 5092 geminare
917 5022 1093 5077 Amen
1121 5020 1176 5076 in
1234 5021 1644 5079 conﬁrmatione
1690 5023 1779 5078 dio

173 5118 418 5174 vinorum
467 5117 768 5186 verborun,
799 5117 930 5172 illud
978 5118 1268 5174 attendens
1322 5120 1468 5191 quod
1515 5121 1780 5176 Dominus

174 5206 278 5261 ait:
307 5230 330 5257 αι
357 5208 441 5264 Sit
456 5221 649 5262 sermo
671 5215 856 5261 vester
878 5205 1003 5261 :Est
1022 5213 1123 5273 est,
1153 5229 1174 5254 η
1201 5208 1306 5264 hoc
1327 5216 1410 5263 est
1432 5225 1533 5280 per
1551 5208 1781 5281 duplici-

175 5304 336 5352 tatem
357 5296 501 5351 nihil
529 5294 745 5361 dicatis,
778 5294 877 5350 sed
906 5295 1045 5352 sicut
1074 5295 1274 5364 dicitis,
1333 5296 1628 5368 proferatis
1658 5313 1776 5364 ore,

174 5394 407 5450 credatis
439 5393 635 5449 corde.
665 5391 793 5448 Tale
822 5400 907 5448 est
945 5408 1079 5464 ergo
1127 5397 1322 5461 Amen,
1379 5409 1563 5462 amen,
1612 5410 1677 5452 ac
1733 5395 1780 5450 si

173 5481 380 5538 diceret
413 5500 427 5539 :
459 5481 738 5546 Geminat,
772 5481 828 5536 id
851 5489 936 5537 est
965 5481 1248 5538 veritatem
1279 5491 1388 5538 tam
1444 5485 1553 5540 oris
1613 5499 1776 5556 quam

177 5573 359 5627 cordis
388 5570 726 5644 pronuntiat.

243 5683 265 5710 ε
300 5661 356 5717 Si
387 5668 612 5717 terrena
641 5659 752 5716 dixi
781 5659 955 5728 vobis,
988 5669 1045 5717 et
1072 5677 1184 5716 non
1214 5661 1476 5718 creditis:
1501 5662 1776 5733 quomodo

177 5754 221 5808 si
251 5756 442 5812 dixero
471 5755 638 5818 vobis
667 5755 930 5823 coelestia,
961 5759 1194 5816 credetis
1216 5760 1244 5812 ?
1278 5783 1299 5806 η
1325 5761 1530 5814 Sensus
1558 5767 1641 5813 est
1678 5777 1690 5812 :
1717 5759 1775 5814 Si

179 5859 286 5902 non
328 5845 577 5913 creditis,
636 5860 739 5903 nec
782 5845 944 5904 etiam
984 5847 1294 5920 intelligitis
1339 5847 1467 5920 quia
1508 5847 1770 5918 templum

1890 4650 2143 4704 Peocata.
2186 4648 2320 4717 Quis
2342 4664 2570 4719 serpens
2592 4648 2858 4703 exaltatus
2887 4649 2915 4702 τ
2948 4650 3190 4705 Mortuus
3221 4651 3488 4706 Dominus

1887 4737 1951 4796 in
1976 4753 2162 4803 cruce,
2205 4737 2297 4809 qui
2337 4753 2437 4808 per
2472 4735 2704 4808 eﬁigiem
2727 4738 2999 4808 serpentis
3038 4737 3315 4809 ﬁguratur,
3359 4739 3488 4811 quia

1889 4853 1922 4892 a
1960 4843 2210 4907 serpente
2248 4851 2419 4890 mors.
2461 4835 2783 4890 Liberantur
2819 4849 2954 4907 ergo
2993 4836 3084 4906 qui
3122 4851 3244 4890 eum
3283 4836 3340 4892 in
3379 4837 3488 4894 ﬁde

1887 4925 2164 4986 intuentur
2190 4940 2220 4978 a
2248 4923 2426 4996 plagis
2470 4923 2767 4996 ignitorum
2808 4924 3161 4995 serpentium,
3204 4924 3258 4980 id
3299 4933 3382 4982 est
3417 4926 3486 4980 ab

1887 5013 2180 5072 ineentivis
2210 5013 2478 5078 vitiorum,
2521 5028 2643 5084 qua:
2679 5012 2919 5068 animam
2960 5020 3207 5085 pungunt
3235 5013 3294 5074 in
3329 5023 3486 5071 mor-

1891 5110 2024 5160 tem.

1893 5216 2040 5286 Quid
2055 5217 2130 5274 sit
2143 5216 2480 5292 baptismus,
2502 5221 2558 5273 et
2600 5233 2773 5291 quare
2805 5221 3232 5277 sacramentum
3248 5220 3486 5280 ἰηειὶειια

2420 5310 2543 5362 tum
2573 5305 2654 5362 sit
2675 5305 2964 5376 baptismi.
3506 5313 3508 5318 '

1971 5418 1993 5444 α
2027 5394 2296 5465 Quaeritur
2310 5411 2343 5451 a
2371 5393 2650 5451 nonnullis
2667 5393 2795 5468 quid
2818 5396 2886 5450 sit
2907 5394 3227 5468 baptismus,
3243 5400 3299 5452 et
3315 5414 3488 5470 quare

1887 5493 2191 5550 institutum
2261 5494 2330 5548 sit
2371 5501 2770 5550 sacramentum
2826 5493 3101 5566 baptismi.
3177 5495 3488 5567 Baptismus

1887 5583 2073 5655 itaque
2111 5592 2197 5639 est
2271 5599 2408 5656 aqua
2446 5582 2720 5638 diluendis
2795 5582 3112 5638 criminibus
3159 5584 3490 5642 sanctiﬁcata

1886 5689 1989 5746 per
2011 5672 2240 5728 verbum
2273 5672 2396 5726 Dei.
2429 5673 2856 5741 (AUGUSTINUS).
2890 5673 3044 5743 Aqua
3071 5672 3217 5726 enim
3247 5675 3359 5729 sola
3381 5676 3492 5730 ele-

1887 5768 2137 5816 mentum
2166 5776 2292 5816 esse
2319 5767 2537 5831 potest;
2571 5768 2967 5815 sacramentum
2999 5776 3122 5816 esse
3147 5777 3258 5816 non
3285 5771 3486 5833 potest,

1887 5850 2066 5907 donec
2093 5849 2328 5910 accedat
2353 5848 2584 5905 verbum
2611 5849 2684 5914 ad
2712 5848 3062 5916 elementum,
3090 5856 3149 5904 ut
3186 5848 3258 5905 sit
3293 5865 3502 5906 sacras.
