3924 6394
458 383 562 440 99ῢ

1587 376 1931 436 WERNERI
1966 374 2264 437 ABBATIS
2299 378 2363 436 S.
2411 377 2635 438 BLASII

3621 379 3761 440 1000

462 514 732 564 montum.
814 502 1084 576 Queritur
1159 519 1324 578 quare
1396 502 1695 561 institutum
1767 504 1837 561 sit
1870 504 2060 576 bapti-
2082 488 2142 567 Al
2169 504 2297 563 dum
2323 508 2428 565 hoc
2459 527 2473 565 :
2510 530 2535 559 α
2567 507 2718 567 Sicut
2744 523 2887 581 aqua
2912 506 3201 583 exstinguit
3266 507 3470 583 ignem,
3503 507 3577 565 ita
3606 509 3763 566 elec-

462 596 565 653 smi
628 600 1050 663 sacaamentum,
1128 603 1181 651 et
1266 608 1434 666 quare
1504 593 1860 665 circumcisio,
1936 610 2061 666 quas

465 687 588 743 loco
612 686 757 742 illius
785 684 957 758 posita
994 684 1158 739 fuisse
1204 691 1441 754 putatur,
1516 684 1836 742 succedente
1871 684 2058 757 bapti-

463 792 582 834 smo
616 776 796 832 ablata
831 775 918 843 sit,
957 774 1046 831 vel
1106 781 1336 830 mutata.
1382 774 1523 830 Nam
1561 775 1607 829 si
1644 774 1775 830 olim
1814 790 1913 847 per
1948 774 2061 830 cir-

465 874 869 940 cumcisionem,
891 871 1139 927 similiter
1162 880 1222 928 ut
1247 888 1389 928 nunc
1415 889 1513 945 per
1540 872 1889 945 baptismum,
1922 888 2061 944 pec-

466 972 584 1021 cata
620 962 1045 1028 dimittebautur,
1086 961 1215 1032 quid
1279 978 1496 1019 necesse
1562 963 1663 1018 fuit
1698 970 1756 1018 ut
1796 964 1913 1034 ipsa
1948 963 2059 1019 cir-

465 1052 744 1122 cumcisio,
775 1051 1091 1107 succedente
1128 1049 1385 1123 baptismi
1429 1060 1787 1121 sacramento,
1818 1059 2061 1108 mutare-

460 1159 546 1207 tur
570 1152 598 1206 ‘2
628 1151 736 1206 Cur
761 1156 940 1205 autem
969 1157 1191 1222 accepta
1227 1150 1405 1204 minus
1451 1148 1717 1221 profuisse
1792 1150 2059 1219 credatur,

463 1240 554 1311 qui
581 1240 829 1312 neglecta
856 1255 967 1295 non
1001 1238 1182 1293 minus
1214 1239 1457 1295 necuim
1506 1238 1802 1295 afﬁrmatur
1843 1239 1873 1294 τ
1912 1239 2064 1295 Sicut

464 1329 607 1391 enim
639 1345 782 1385 nunc
810 1345 908 1400 per
932 1326 1291 1400 Evangelium
1321 1327 1515 1383 dicitur
1546 1347 1560 1383 :
1596 1351 1620 1377 ι
1653 1328 1770 1383 Nisi
1809 1328 1930 1398 quis
1967 1344 2060 1384 re-

464 1427 621 1477 natus
650 1418 809 1474 fuerit
862 1434 930 1472 ex
968 1432 1110 1487 aqua
1136 1423 1191 1473 et
1240 1416 1442 1489 Spiritu
1470 1424 1675 1486 sancto,
1706 1432 1815 1473 non
1844 1416 2065 1473 intrabit

471 1517 526 1573 in
555 1533 788 1589 regnum
820 1516 923 1571 Dei
949 1515 1136 1586 (Joan.
1168 1514 1289 1585 tu);
1328 1538 1350 1565 ιι
1384 1515 1456 1571 ita
1471 1516 1598 1571 olim
1616 1515 1902 1588 perlegam
1919 1516 2064 1572 dice-

464 1608 623 1665 batur
655 1624 668 1661 :
703 1628 726 1655 ι
761 1606 1033 1661 Masculus
1094 1604 1245 1673 cujus
1290 1620 1417 1660 caro
1472 1605 1719 1676 pra’putii
1747 1604 2063 1660 circumcisa

465 1713 573 1754 non
604 1696 781 1759 fuerit,
824 1693 1024 1764 peribit
1051 1693 1234 1749 anima
1261 1692 1353 1748 illa
1392 1693 1459 1749 de
1500 1694 1703 1766 p0pulo
1740 1708 1838 1750 suo
1873 1694 2052 1765 (Gen.

464 1790 621 1857 xvu),
659 1809 681 1833 ιι
714 1784 816 1840 nisi
844 1784 979 1838 forte
1009 1783 1063 1836 in
1084 1783 1189 1839 hoc
1217 1781 1361 1853 quod
1393 1782 1480 1837 ille
1512 1783 1602 1853 qui
1632 1799 1740 1838 non
1769 1790 1849 1839 est
1877 1783 2061 1856 bapti-

2166 612 2392 670 mosyna
2420 598 2714 673 exstinguit
2766 606 3044 672 peccatum
3106 600 3302 666 (Eccli.
3324 600 3438 671 Am).
3470 619 3495 648 ο
3532 597 3759 669 Quarta,

2166 686 2411 757 profusio
2433 688 2815 761 lacrymarum,
2836 688 3077 745 Domino
3104 688 3348 745 dicente:
3385 712 3407 739 (ι
3442 688 3581 759 Quia
3609 688 3768 746 ﬂevit

2166 775 2224 832 in
2251 784 2541 849 conspectu
2568 793 2714 848 meo,
2734 786 2792 835 et
2818 778 3116 835 ambulavit
3134 777 3487 835 tristiscoram
3507 793 3614 844 me,
3649 792 3765 833 non

2167 873 2420 931 inducam
2450 877 2594 933 mala
2627 876 2683 932 in
2712 875 2904 933 diebus
2932 876 3038 933 illis
3064 877 3166 945 (III
3180 878 3306 950 Reg.
3328 879 3466 948 nt).
3492 901 3514 926 ιι
3538 874 3764 946 Quinta,

2168 964 2454 1020 criminum
2525 966 2814 1032 confessio,
2880 966 3161 1023 Psalmista
3213 966 3467 1023 dicente:
3513 990 3536 1015 α
3568 966 3699 1021 Dixi
3746 982 3764 1022 :

2169 1051 2467 1110 conﬁtebor
2493 1054 2783 1126 injustitias
2798 1055 3216 1132 measDomino,
3239 1062 3357 1111 ettu
3376 1046 3627 1111 rémisisti
3652 1056 3769 1109 im-

2169 1151 2423 1225 pietatem
2454 1153 2658 1226 peccati
2686 1154 2795 1211 mei
2834 1156 3011 1227 (Psal.
3033 1154 3205 1227 xm).
3234 1174 3259 1206 ι
3293 1154 3455 1211 Sexta
3482 1161 3562 1211 est
3590 1153 3771 1211 cordis

2168 1250 2221 1297 et
2247 1243 2488 1315 corporis
2520 1243 2757 1314 atﬂictio,
2804 1245 3070 1317 Apostolo
3143 1244 3447 1301 consolante
3488 1263 3502 1300 :
3545 1266 3568 1293 ι
3628 1241 3769 1300 Dedi

2167 1330 2477 1403 hujusmodi
2506 1333 2785 1389 hominem
2841 1334 3076 1403 Satane,
3106 1341 3167 1390 ut
3228 1333 3436 1406 Spritus
3461 1333 3640 1389 salvus
3673 1332 3772 1389 ﬁat

2167 1426 2223 1482 in
2251 1426 2338 1483 die
2367 1430 2587 1485 Domini
2616 1430 2669 1502 (ι
2697 1431 2824 1489 Cor.
2862 1432 2920 1502 v)
2948 1447 2963 1499 ;
3002 1452 3025 1480 ι
3059 1430 3289 1504 septima
3317 1437 3395 1487 est
3441 1429 3587 1485 enim
3618 1429 3770 1485 datio

2167 1530 2401 1584 morum,
2433 1519 2539 1574 hoc
2582 1526 2665 1574 est
2722 1519 3116 1577 abrenuntiatio
3180 1525 3537 1591 peccatorum,
3576 1518 3769 1575 Evan-

2167 1605 2315 1677 gelio
2344 1614 2674 1663 contestante
2706 1627 2719 1663 :
2758 1630 2782 1657 σε
2815 1608 2942 1664 Jam
2972 1624 3133 1665 sanus
3171 1608 3341 1663 factus
3367 1623 3444 1676 es,
3467 1607 3575 1663 noli
3629 1608 3771 1663 ultra

2168 1710 2409 1766 peccare,
2432 1712 2499 1752 ne
2531 1696 2660 1768 quid
2690 1697 2783 1753 tibi
2810 1696 3043 1754 deterius
3069 1696 3345 1770 contingat
3380 1698 3567 1768 (locu.
3603 1697 3688 1768 v).
3739 1719 3763 1747 ι

2175 1790 2383 1849 Octava
2412 1802 2494 1849 est
2522 1793 2833 1853 intercessio
2862 1803 3188 1853 sanctorum.
3252 1794 3404 1861 Unde
3434 1793 3563 1850 illud
3598 1812 3613 1850 :
3649 1817 3673 1843 ι
3708 1792 3771 1851 Si

466 1893 632 1951 satus,
665 1900 699 1939 a
726 1895 898 1954 regno
959 1879 1060 1935 Dei
1118 1880 1484 1936 excludendus
1521 1881 1732 1952 dicitur,
1809 1881 1899 1937 ille
1937 1896 2067 1940 vero
2095 1859 2148 1922 Β
2179 1878 2297 1948 quis
2324 1878 2643 1947 inﬁrmatur,
2675 1880 2978 1938 introducat
3040 1859 3378 1953 presbyteros
3403 1879 3675 1949 Ecclesia),
3716 1885 3771 1934 et

464 1975 556 2047 qui
629 1989 739 2029 non
798 1978 880 2026 est
941 1969 1306 2038 circumcisus,
1382 1970 1650 2041 periturus
1703 1978 2058 2028 memoratur.

464 2063 598 2134 Quis
634 2061 764 2117 velit
799 2058 1101 2131 intelligere
1174 2067 1459 2131 propterea
1496 2059 1824 2131 baptismum
1863 2059 2067 2131 aliquid

463 2162 694 2235 amplius
757 2157 1021 2227 conferre,
1053 2172 1215 2227 quam
1270 2157 1759 2231 circumcisionem,
1793 2157 1919 2228 quia
1954 2156 2067 2213 cir-

463 2250 721 2309 cumcisio
749 2253 995 2319 suscepta
1024 2261 1056 2301 a
1084 2244 1384 2317 perditione
1427 2252 1632 2302 tantum
1694 2246 1866 2318 potuit
1923 2245 2067 2303 libe-

470 2357 589 2398 rare
622 2359 638 2408 ;
670 2337 972 2408 baptismus
997 2350 1127 2391 vero
1155 2342 1371 2391 renatos
1399 2336 1560 2391 etiam
1591 2334 1660 2391 ad
1686 2334 1916 2409 gloriam
1948 2351 2070 2407 per-

467 2430 663 2487 ducere
690 2433 889 2500 potest.
935 2425 1077 2480 Nam
1130 2424 1210 2479 illi
1246 2424 1453 2494 antiqui
1507 2426 1709 2493 Patres,
1751 2428 1842 2495 qui
1879 2440 2068 2481 sacra-

465 2526 633 2584 menti
684 2522 1107 2581 circumcisionis
1171 2520 1609 2591 justiﬁcationem
1675 2529 2065 2594 praeceperant,

469 2634 503 2674 a
535 2613 835 2688 perditione
874 2610 1091 2681 quidem
1164 2610 1536 2679 servabantur,
1595 2611 1692 2667 sed
1727 2610 1798 2667 ad
1834 2612 2065 2685 gloriam

469 2705 623 2778 regni
660 2718 773 2758 non
843 2699 1194 2769 ducebantur,
1235 2699 1409 2756 donec
1445 2700 1653 2757 veniret
1689 2700 1781 2757 ille
1817 2702 1907 2772 qui
1934 2717 2068 2757 san-

469 2802 634 2876 guine
682 2813 782 2854 suo
856 2797 1117 2852 frameam
1186 2795 1405 2868 igneam
1478 2796 1822 2869 extinguens,
1863 2798 2067 2854 aditum

468 2888 705 2965 paradisi
742 2903 953 2943 rursum
1028 2884 1376 2957 patefaceret,
1416 2892 1470 2942 et
1540 2886 1881 2942 credentibus
1916 2887 1972 2942 in
2008 2903 2069 2943 se

466 2980 719 3040 omnibus
745 2976 897 3048 regni
926 2974 1160 3031 cmlestis
1180 2974 1402 3044 januam
1432 2974 1547 3044 ipse
1609 2975 1922 3046 praecedens
1949 2975 2069 3049 pri-

466 3086 588 3126 mus
614 3066 871 3140 aperiret.
911 3062 1019 3122 Sed
1046 3063 1322 3120 sciendum
1369 3063 1514 3135 quod
1577 3065 1755 3121 nullus
1793 3081 2068 3137 nunquam

466 3170 536 3227 ab
562 3168 715 3226 initio
743 3167 812 3222 sit
868 3165 1123 3233 salvatus,
1154 3163 1255 3219 nisi
1319 3162 1502 3235 aliquo
1543 3164 1709 3222 modo
1746 3164 2066 3237 baptizatus.

463 3257 641 3331 Aliqui
672 3271 905 3327 namque
932 3253 1187 3326 baptizati
1216 3260 1358 3323 sunt,
1425 3260 1485 3309 ut
1538 3254 1676 3310 Abel
1704 3254 1759 3310 in
1787 3254 2070 3328 sanguinis

465 3347 765 3413 etfusione;
793 3343 1015 3415 plurimi
1043 3342 1099 3398 in
1128 3341 1321 3415 ﬁgura,
1353 3349 1412 3399 ut
1467 3342 1587 3402 Noe
1612 3343 1670 3398 in
1706 3342 1896 3401 diluvii
1924 3341 2068 3400 eﬂ'u-

464 3446 653 3509 sione;
686 3442 929 3516 plerique
958 3440 1015 3496 in
1043 3439 1224 3513 signo,
1257 3446 1320 3496 ut
1367 3439 1643 3496 Abraham
1673 3447 1729 3497 et
1753 3456 1851 3497 sua
1879 3447 2071 3514 poste-

462 3537 634 3599 ritas;
692 3529 851 3589 multi
919 3529 976 3585 in
1048 3528 1252 3601 Spiritu
1321 3536 1528 3599 sancto,
1566 3535 1627 3585 ut
1690 3529 1975 3587 Christiani
2012 3531 2071 3587 in

463 3640 619 3697 aqua:
655 3619 1022 3677 immersione.
1063 3619 1127 3672 In
1164 3619 1269 3674 hoc
1322 3616 1625 3690 baptismus
1661 3618 1895 3691 amplius
1929 3633 2068 3676 cou-

467 3715 585 3785 fert,
620 3710 747 3784 quia
775 3715 992 3766 renatos
1017 3706 1144 3763 hinc
1212 3714 1491 3775 exeuntes,
1521 3707 1700 3791 statim
1732 3707 1802 3764 ad
1837 3723 2068 3782 regnum

463 3811 627 3881 mittit
654 3827 670 3866 :
711 3806 857 3881 quod
888 3814 1070 3863 tamen
1096 3820 1166 3861 ex
1223 3804 1417 3863 virtute
1444 3804 1725 3878 sanguinis
1760 3804 1864 3862 fusi
1892 3805 2068 3879 ipsam

463 3917 658 3974 aquam
686 3894 1067 3956 sanctiﬁcantis
1094 3893 1453 3951 condonatur.

533 4010 593 4067 Si
630 4006 796 4081 igitur
822 4003 943 4076 quis
965 4001 1146 4059 dicere
1186 4001 1316 4059 velit
1341 4001 1544 4060 idcirco
1601 4001 2067 4061 circumcisionem

458 4106 730 4181 baptismo
802 4107 1063 4158 mutatam
1119 4107 1181 4156 ut
1251 4099 1307 4155 in
1378 4099 1651 4173 baptismo
1724 4100 2070 4174 perﬁceretur

462 4192 607 4265 quod
634 4186 970 4246 circumcisio
998 4185 1225 4258 implere
1254 4200 1363 4241 non
1392 4186 1586 4256 potuit,
1636 4186 1877 4244 fortassis
1904 4187 2065 4245 vide-

461 4282 608 4339 bitur
642 4276 1025 4335 convenienter
1086 4274 1164 4329 illi
1200 4275 1514 4346 responderi
1552 4290 1734 4345 posse,
1800 4275 1927 4346 quia
1962 4278 2069 4334 hoc

467 4377 613 4451 quod
686 4372 922 4446 amplius
956 4386 1068 4427 non
1132 4378 1214 4426 est
1249 4371 1307 4426 in
1342 4371 1633 4444 baptismo,
1673 4389 1742 4427 ex
1795 4372 2075 4446 baptismo-

462 4483 571 4525 non
599 4472 698 4529 est,
729 4459 825 4517 sed
854 4476 921 4516 ex
949 4459 1200 4531 passione
1265 4460 1462 4515 Christi
1492 4461 1819 4532 baptismum
1858 4463 2064 4519 sancti-

452 4558 648 4615 ﬁcante
674 4552 977 4624 impletum.
1037 4549 1185 4604 Idem
1215 4566 1344 4607 vero
1372 4550 1835 4608 circumcisiouem
1882 4552 2063 4609 facere
2088 4584 2144 4647 D

456 4644 714 4722 potuisse,
788 4640 834 4695 si
864 4639 940 4695 illi
977 4638 1157 4710 passio
1233 4637 1436 4695 Christi
1491 4639 1550 4695 in
1619 4641 2056 4713 cooperationem

458 4740 895 4806 sanctiﬁcationis
958 4738 1214 4810 adjuncta
1243 4739 1447 4797 fuisset.
1481 4740 1624 4796 Nam
1675 4740 1732 4796 in
1762 4740 2051 4815 baptismo,

458 4842 717 4912 quantum
762 4829 967 4888 scilicet
1026 4834 1233 4901 spectat
1268 4828 1339 4885 ad
1375 4829 1625 4889 virtutem
1662 4829 1936 4902 baptism,
1974 4831 2056 4888 εί-

455 4926 656 4985 militer
680 4928 739 4979 ut
768 4920 822 4975 in
875 4917 1305 4988 circumcisione,
1352 4918 1598 4975 remissio
1630 4926 1841 4977 tuorum
1872 4920 2054 4993 perci-

453 5026 599 5098 pitur
659 5025 1023 5094 peccatorum,
1054 5015 1182 5086 quia
1242 5015 1379 5073 sicut
1405 5016 1606 5074 dictum
1670 5024 1750 5073 est
1780 5019 1924 5090 quod
1954 5018 2053 5090 ju-

455 5112 694 5173 stiﬁcatis
730 5114 920 5180 postea
993 5105 1168 5161 aditus
1205 5105 1397 5177 patrias
1469 5106 1702 5163 caelestis
1773 5107 2046 5180 panditur,

454 5219 611 5262 cruce
632 5197 825 5256 Christi
854 5193 1209 5251 condonatur.
1242 5193 1376 5265 Quae
1429 5196 1675 5252 remissio
1702 5204 2047 5267 peccatorum

451 5274 742 5349 duodecies
777 5283 890 5341 ﬁeri
921 5299 1078 5356 posse
1108 5299 1142 5339 a
1202 5281 1514 5340 doctoribus
1559 5282 1819 5341 innuitur.
1868 5285 2048 5343 Prima

451 5390 715 5462 siquidem
744 5383 990 5441 remissio
1018 5389 1097 5438 est
1159 5398 1266 5453 qua
1292 5381 1630 5455 haptizamur
1656 5384 1712 5440 in
1760 5401 1921 5457 aqua,
1951 5402 2045 5441 se-

451 5480 685 5536 cundum
716 5474 845 5530 illud
878 5492 889 5529 :
927 5496 949 5521 ι
981 5471 1095 5528 Nisi
1127 5472 1247 5541 quis
1302 5480 1518 5529 renatus
1544 5473 1705 5529 fuerit
1730 5491 1797 5530 ex
1826 5491 1968 5546 aqua
1994 5483 2050 5532 et

453 5567 653 5639 Spiritu
681 5567 887 5631 sancto,
920 5577 1028 5617 non
1056 5567 1232 5632 potest
1254 5561 1437 5617 videre
1460 5580 1689 5636 regnum
1718 5563 1815 5620 Dei
1847 5567 2040 5635 (Joan.

468 5665 552 5734 ll).
582 5658 890 5727 aSecunda,
918 5656 1195 5714 charitatis
1224 5657 1456 5726 aﬂ'ectio,
1476 5667 1536 5715 ut
1562 5668 1641 5715 est
1669 5661 1802 5717 illud
1834 5681 1846 5718 :
1886 5684 1907 5709 ι
1932 5663 2046 5719 Re-

452 5752 731 5808 mittuntur
767 5748 816 5802 ei
886 5752 1110 5817 peccata
1146 5748 1333 5816 multa,
1407 5750 1531 5819 quia
1594 5750 1782 5806 dilexit
1818 5752 2044 5808 multum

453 5858 606 5928 (Luc.
638 5855 757 5927 vn).
792 5876 815 5901 ιι
846 5851 1046 5921 Tertia,
1072 5852 1313 5910 elcemos
1325 5870 1550 5929 ynarum
1583 5856 1804 5929 fructus,
1844 5874 2045 5918 secun-

2178 1975 2332 2024 oreut
2360 1983 2459 2040 pro
2533 1984 2618 2026 eo.
2660 1969 2885 2026 Multum
2950 1970 3094 2027 enim
3132 1970 3276 2027 valet
3310 1968 3613 2040 deprecatio
3634 1967 3769 2040 justi

2177 2055 2393 2114 assidua
2420 2059 2560 2129 (Jac.
2577 2059 2655 2131 v).
2681 2080 2705 2109 ιο
2730 2059 2890 2116 Nona
2899 2066 2979 2116 est
2993 2058 3376 2124 misericordia,
3395 2074 3458 2114 ac
3475 2056 3599 2114 ﬁdei
3611 2057 3773 2113 meﬁ-

2176 2161 2291 2211 tum
2324 2174 2341 2224 ς
2369 2156 2513 2214 unde
2542 2166 2623 2215 est
2650 2159 2757 2216 hoc
2783 2177 2797 2215 :
2832 2181 2857 2209 α
2890 2158 3037 2216 Beati
3092 2157 3482 2224 misericordes,
3512 2155 3767 2228 quoniam

2176 2244 2284 2315 ipsi
2315 2245 2744 2304 misericordium
2775 2255 3170 2319 consequentur
3192 2248 3417 2321 (Matth.
3454 2246 3530 2318 v).
3556 2267 3580 2294 ι
3602 2244 3769 2301 Deci-

2177 2350 2267 2391 ma
2297 2342 2379 2391 est
2436 2337 2774 2394 conversatio
2813 2344 2867 2393 et
2919 2337 3168 2395 salutatio
3220 2337 3534 2402 alienorum,
3563 2334 3767 2391 Jacobo

2174 2422 2525 2482 confirmante
2559 2444 2572 2482 :
2611 2447 2635 2476 ιι
2667 2425 2773 2496 Qui
2799 2427 3040 2484 converti
3086 2425 3273 2484 fecerit
3326 2432 3657 2498 peccatorem
3695 2422 3767 2479 ab

2176 2537 2360 2579 errore
2386 2523 2491 2581 vite
2519 2539 2651 2591 suae,
2668 2524 2899 2581 salvabit
2925 2523 3160 2581 animam
3188 2524 3301 2593 ejus
3319 2540 3352 2580 a
3378 2531 3567 2591 morte,
3603 2543 3627 2574 ι
3659 2530 3766 2579 etc.

2175 2611 2319 2684 (Jac.
2333 2614 2431 2684 v.).
2454 2612 2564 2668 Sed
2584 2613 2777 2669 melius
2792 2612 2886 2670 tibi
2900 2621 2980 2669 est
2994 2612 3397 2678 utiuﬁrmussis,
3412 2619 3462 2670 et
3477 2611 3765 2669 solitariam

2175 2700 2343 2759 vitam
2372 2701 2591 2770 ducere,
2622 2717 2785 2773 quam
2814 2718 2937 2759 cum
2968 2702 3212 2775 plurimis
3238 2702 3433 2775 perire.
3473 2701 3766 2760 Undecima

2176 2804 2259 2853 est
2316 2797 2653 2871 indulgentia
2688 2806 2745 2855 et
2809 2798 3057 2856 remissio
3110 2806 3310 2867 nostra,
3349 2798 3568 2855 veritate
3605 2796 3765 2853 Chri-

2175 2894 2258 2942 sto
2284 2887 2623 2959 permittente
2654 2895 2708 2943 et
2762 2886 2971 2946 dicente
3004 2907 3017 2944 :
3056 2910 3080 2938 α
3129 2887 3413 2953 Dimittite,
3448 2893 3502 2943 et
3527 2886 3768 2942 dimitte-

2180 2981 2265 3030 tur
2290 2976 2446 3033 vobis
2498 2977 2661 3049 (Luc.
2699 2977 2805 3049 v1).
2849 2997 2874 3029 ι
2920 2977 3256 3035 Duodecima
3290 2984 3371 3033 est
3404 2976 3581 3047 passio
3617 2991 3769 3032 mar-

2178 3072 2374 3136 tyrum,
2403 3082 2529 3138 spes
2582 3066 2743 3123 unica
2786 3066 2973 3123 salutis
3026 3066 3374 3140 indulgentia
3401 3064 3651 3121 cruciﬁxo
3680 3064 3768 3120 la-

2179 3162 2341 3231 troni,
2408 3161 2644 3221 Domino
2709 3162 2956 3221 dicente:
2995 3185 3017 3214 α
3073 3165 3267 3232 Amen,
3299 3178 3457 3220 amen
3493 3160 3610 3219 dico
3648 3160 3764 3230 tibi,

2179 3252 2340 3309 hodie
2374 3267 2589 3310 mecum
2621 3253 2727 3310 eris
2756 3253 2812 3309 in
2838 3252 3092 3325 paradiso
3120 3254 3275 3326 (Luc.
3306 3251 3482 3323 χχιιι).

2245 3358 2445 3418 Omnia
2520 3359 2700 3433 itaque
2770 3368 3109 3419 sacramenta
3180 3358 3427 3434 quaedam
3464 3375 3578 3416 esse
3613 3357 3767 3433 signa

2174 3456 2293 3528 ejus
2321 3472 2443 3530 qua:
2506 3473 2605 3531 per
2631 3458 2727 3514 illa
2789 3455 2947 3513 datur
2970 3455 3160 3531 gratim
3220 3455 3505 3528 spiritualis
3529 3461 3758 3513 constat.

2175 3546 2403 3619 Oportet
2431 3554 2609 3603 autem
2640 3554 2718 3615 ut,
2766 3545 3063 3604 secundum
3094 3562 3400 3620 processum
3445 3552 3763 3617 temporum,

2172 3635 2532 3706 spiritualium
2596 3636 2890 3711 gratiarum
2920 3636 3078 3711 signa
3127 3635 3305 3710 magis
3331 3651 3395 3692 ac
3422 3635 3596 3709 magis
3617 3650 3764 3690 sem-

2172 3741 2272 3799 per
2298 3724 2573 3783 evidentia
2608 3742 2674 3783 ac
2744 3724 3068 3782 declaranda
3105 3725 3481 3795 formarentur,
3548 3729 3606 3780 ut
3641 3737 3761 3781 cum

2172 3820 2365 3882 eﬁ'ectu
2411 3823 2598 3881 salutis
2669 3830 2933 3881 cresceret
2969 3821 3207 3898 cognitio
3276 3821 3535 3880 veritatis.
3582 3823 3761 3893 Itaque

2171 3911 2273 3970 sub
2311 3914 2433 3987 lege
2496 3913 2725 3969 naturali
2789 3912 3022 3986 primum
3060 3912 3188 3970 data
3256 3920 3381 3969 sunt
3413 3917 3758 3978 sacramenta,

2172 4001 2578 4069 decimationcs,
2624 4000 2907 4069 sacriﬁcia,
2947 4012 3004 4058 et
3037 4001 3356 4072 oblationes,
3396 4007 3451 4058 ut
3488 4001 3541 4056 in
3612 3998 3760 4056 deci-

2170 4099 2409 4157 matioue
2438 4097 2658 4171 quidem
2697 4106 3040 4171 peccatorum
3103 4097 3371 4167 remissio,
3410 4097 3465 4153 iu
3491 4093 3759 4153 sacriﬁciis

2168 4204 2299 4246 vero
2362 4187 2542 4245 carnis
2609 4187 2970 4259 mortiﬁcatio,
3010 4186 3067 4243 in
3119 4187 3389 4245 oblatione
3426 4193 3599 4242 autem
3635 4185 3756 4241 doni

2168 4276 2350 4348 operis
2367 4276 2632 4334 exhibitio
2658 4278 2986 4350 signaretur.
3033 4276 3143 4334 Sed
3195 4284 3311 4333 erat
3337 4275 3561 4333 obscura
3586 4275 3756 4348 signi-

2169 4372 2349 4431 ﬁcatio
2378 4376 2496 4431 haec
2558 4373 2614 4429 in
2669 4380 3007 4431 sacramento
3042 4371 3431 4441 decimationis,
3477 4371 3567 4427 ubi
3598 4372 3754 4427 homo

2167 4463 2236 4518 de
2265 4463 2349 4519 his
2376 4480 2497 4533 quae
2526 4462 2853 4534 possidebat.
2904 4469 3110 4534 partem
3156 4461 3367 4530 obtulit,
3398 4468 3597 4532 partem
3624 4459 3751 4515 reti-

2171 4552 2307 4618 nuit,
2338 4560 2398 4608 ut
2427 4552 2495 4609 ad
2524 4553 2667 4609 hunc
2708 4552 2935 4608 modum
2964 4551 3022 4607 in
3050 4567 3115 4608 eo
3142 4549 3287 4622 quod
3332 4557 3444 4605 erat
3468 4549 3610 4620 quod
3645 4549 3748 4603 im-

2168 4641 2518 4712 perfectiouis
2582 4649 2636 4698 et
2671 4640 2913 4697 defectus
2984 4640 3086 4696 fuit
3120 4639 3224 4707 sibi
3279 4639 3572 4709 tribueret;
3613 4636 3747 4709 quod

2164 4754 2294 4797 vero
2334 4739 2407 4796 ad
2442 4739 2741 4796 bonitatem
2777 4738 3074 4812 spectabat,
3113 4738 3228 4796 Deo
3264 4737 3566 4809 imputaret.
3638 4736 3747 4792 Hoc

2162 4826 2266 4885 sibi
2297 4829 2584 4887 voluerunt
2645 4844 2805 4886 novae
2840 4835 3022 4899 partes
3085 4833 3325 4895 retentas,
3356 4825 3483 4897 quia
3509 4839 3741 4881 novena-

2160 4918 2273 4974 rius
2297 4916 2514 4992 signum
2553 4924 2635 4975 est
2696 4916 3135 4990 imperfectionis,
3190 4932 3225 4973 a
3251 4915 3469 4972 denario
3514 4914 3741 4986 perfecto

2161 5015 2439 5074 deﬁciens.
2488 5016 2780 5090 Propterea
2806 5023 2986 5073 autem
3050 5014 3179 5087 quia
3227 5015 3508 5071 obscurum
3535 5011 3737 5085 signum

2158 5105 2262 5162 fuit
2288 5105 2681 5163 emendationis
2737 5106 2791 5161 in
2821 5105 3199 5174 decimatione,
3265 5104 3390 5160 data
3417 5110 3496 5159 est
3523 5102 3737 5158 cirwm-

2155 5194 2308 5265 cisio,
2369 5203 2429 5250 ut
2455 5196 2706 5253 virtutem
2764 5193 3160 5266 justiﬁcationis
3195 5193 3490 5253 evidentius
3515 5191 3735 5247 demou-

2151 5289 2363 5355 straret,
2403 5284 2620 5355 quando
2699 5284 2901 5341 dictum
2970 5291 3052 5340 est
3087 5282 3294 5340 homini
3329 5290 3385 5338 ut
3447 5279 3731 5353 portionem

2154 5381 2328 5439 carnis
2353 5398 2466 5439 sua;
2494 5397 2603 5438 non
2649 5381 2868 5453 quidem
2903 5380 3250 5453 superfluam,
3305 5378 3398 5435 sed
3427 5379 3564 5433 illius
3599 5376 3728 5447 quod

2152 5470 2480 5542 superﬂuum
2511 5470 2707 5527 eratin
2738 5470 2957 5527 homine
3011 5469 3229 5543 signum
3274 5468 3523 5531 auferret,
3564 5474 3621 5521 ut
3644 5482 3730 5536 pa

2154 5561 2259 5617 hoc
2281 5567 2600 5633 agnosceret
2636 5559 2762 5630 quia
2797 5559 3012 5631 culpam
3051 5574 3212 5630 quam
3250 5564 3437 5614 natura
3462 5571 3560 5626 per
3594 5555 3726 5610 illam

2154 5666 2363 5732 partem
2414 5656 2658 5730 corporis
2692 5659 2945 5727 traheret,
2996 5658 3171 5731 gratia
3223 5670 3321 5729 per
3353 5658 3726 5711 sacramentum

2154 5765 2578 5823 circumcisionis
2606 5765 2940 5821 emundaret.
2975 5764 3082 5821 Sed
3112 5760 3603 5835 quia’circumcisio
3618 5768 3728 5816 tau-

2153 5869 2266 5920 tum
2297 5878 2419 5934 quin
2483 5862 2614 5919 foris
2655 5870 2775 5919 sunt
2839 5863 3184 5920 enormitates
3233 5866 3508 5934 amputare
3546 5863 3727 5934 potest,
