3924 6400
484 407 626 470 1007

1624 403 1970 465 WERNERI
2007 404 2294 468 ABBATIS
2317 395 2396 468 ε.
2441 407 2666 470 BLASll

3647 409 3780 470 ίοοε

481 533 614 590 dere
669 536 930 590 renuunt.
996 527 1111 588 Iste
1166 525 1322 589 dives
1375 525 1659 590 Iudaicum
1707 529 1968 606 populum
2007 530 2082 590 si-
2108 534 2166 598 Α
2195 529 2488 603 aftlnxerit,
2511 532 2753 610 quotidie
2784 531 3062 594 solemnes
3091 531 3284 610 epulas
3302 531 3542 606 duxerit,
3561 534 3782 610 pauperi

481 619 724 696 gnificat,
760 620 855 693 qui
881 620 1081 678 cultum
1103 619 1228 677 vitae
1256 620 1500 678 exterius
1529 619 1736 690 habuit,
1771 628 2082 694 etacceptae

480 711 624 784 legis
651 709 865 768 deliciis
917 709 1176 766 inutiliter
1202 727 1335 766 usus
1382 710 1498 766 fuit.
1532 711 1765 767 Lazarus
1802 711 2081 768 ulceribus

444 840 448 842 -
479 807 675 878 plenus
704 805 927 879 gentilis
983 813 1071 862 est
1107 805 1365 877 populus,
1397 807 1489 879 qui
1519 807 1649 862 dum
1680 823 1979 864 conversus
2009 807 2080 862 ad

477 896 652 951 Deum
709 903 932 967 peccata
1011 895 1533 962 conﬁtetur,'virus
1610 896 1757 969 quod
1795 894 1939 951 intus
1993 895 2079 953 la-

475 992 625 1046 tebat
655 991 812 1062 quasi
843 999 998 1062 rupta
1028 1000 1152 1048 cute
1185 992 1334 1048 foras
1360 993 1580 1049 emittit.
1629 995 1861 1049 Lazarus
1886 993 2078 1066 cupie-

448 1080 570 1135 bat
597 1081 766 1136 micas
795 1080 1004 1146 divitis,
1065 1088 1119 1136 et
1141 1097 1302 1137 nemo
1333 1081 1412 1137 illi
1454 1083 1638 1149 dabat,
1670 1083 1794 1153 quia
1817 1083 2077 1155 gentilem

472 1169 732 1240 populum
755 1170 1029 1240 superbus
1058 1171 1230 1225 Israel
1287 1171 1652 1242 despiciebat.
1683 1171 1792 1241 Qui
1849 1173 1977 1228 dum
2008 1171 2078 1228 de

471 1258 723 1314 doctrina
774 1257 915 1331 legis
965 1259 1122 1331 quasi
1178 1259 1250 1316 de
1305 1261 1543 1331 acceptis
1600 1261 1799 1332 Opibus
1860 1261 2073 1330 tumuit,

472 1347 644 1404 verba
673 1347 914 1404 ﬂuebant
942 1348 993 1403 ei
1023 1348 1092 1404 de
1148 1348 1377 1404 scientia
1405 1349 1563 1420 quasi
1618 1350 1777 1406 micae
1816 1351 2077 1406 cadentes

445 1503 452 1506 _
481 1444 550 1501 de
575 1460 788 1500 mensa.
823 1444 1006 1500 Canes
1037 1444 1091 1501 in
1143 1461 1303 1502 sacro
1333 1447 1555 1518 eloquio
1608 1447 1789 1504 solent
1842 1447 2076 1520 intelligi

481 1534 896 1606 praedicatores,
929 1534 1165 1607 quidum
1196 1545 1422 1606 peccata
1453 1536 2074 1606 confitentesinstruunt,

479 1623 636 1695 quasi
667 1623 871 1679 vulnus
894 1623 1094 1679 mentis
1121 1641 1223 1695 per
1270 1625 1512 1697 linguam
1537 1634 1791 1698 tangunt.
1850 1628 1916 1681 Et
1945 1626 2076 1681 dum

475 1720 756 1792 loquendo
785 1738 817 1775 ιι
837 1721 1078 1792 peccatis
1100 1722 1424 1793 corripiunt,
1449 1724 1518 1778 ad
1539 1724 1768 1779 salutem
1786 1723 2073 1791 reducunt,

471 1809 614 1866 sicut
629 1818 1002 1866 canescurant
1043 1811 1284 1876 vulnera,
1319 1811 1447 1866 dum
1479 1829 1546 1869 ea
1593 1821 1823 1881 tangunt
1851 1812 2066 1883 lingua.

2192 624 2419 693 Lazaro,
2456 624 2682 698 insuper
2711 623 2979 692 ulceroso,
3011 625 3184 683 micas
3212 627 3280 683 de
3311 641 3497 683 mensa
3527 627 3784 684 cadentes

2190 714 2568 788 denegaverit.
2593 713 2698 785 Qui
2725 722 2977 772 mei-tuus
3019 713 3234 772 inferno
3262 716 3618 788 mancipatur.
3675 715 3780 773 La-

2190 827 2348 867 zarus
2377 826 2506 868 vero
2536 811 2588 868 in
2621 812 2747 868 sinu
2777 813 3007 868 Abrahae
3061 812 3382 869 collocatur.
3446 813 3615 870 Dives
3645 830 3779 886 ergo

2189 899 2318 955 dum
2351 917 2412 957 se
2441 903 2690 973 graviter
2743 901 2977 956 ﬂammis
3033 902 3280 969 cruciari,
3324 902 3580 958 Lazarum
3647 919 3777 959 vero

2188 998 2445 1046 cerneret
2498 990 2708 1061 gremio
2765 991 3008 1046 Abrahae
3062 989 3250 1057 laetari,
3338 1006 3534 1063 magno
3577 990 3775 1061 ejulatu

2187 1087 2462 1142 Abraham
2501 1087 2740 1158 postulat
2787 1095 2846 1143 ut
2901 1089 3159 1144 Lazarum
3187 1089 3359 1143 mittat
3409 1089 3500 1161 qui
3551 1089 3772 1146 minimo

2186 1175 2364 1247 digito
2393 1185 2601 1249 guttam
2632 1177 3047 1247 aquminstillat,
3081 1185 3131 1233 et
3160 1177 3397 1250 linguam
3427 1177 3546 1248 ejus
3575 1177 3771 1233 arden-

2159 1272 2297 1320 tem
2325 1265 2634 1338 refrigeret.
2669 1265 2779 1322 Sed
2805 1267 2927 1337 quia
2947 1266 3034 1322 hic
3047 1266 3297 1323 mendico
3313 1266 3597 1337 denegavit
3617 1269 3770 1336 panis

2160 1435 2163 1437 _
2187 1362 2406 1430 micam,
2437 1362 2512 1418 ibi
2533 1363 2656 1436 ipse
2674 1363 2961 1421 mendicus
2989 1381 3097 1420 non
3127 1364 3322 1420 meruit
3349 1381 3501 1437 aquae
3538 1369 3767 1437 guttam.

2185 1451 2486 1524 Postquam
2519 1468 2653 1509 vero
2681 1452 2751 1508 de
2781 1468 2840 1508 se
2867 1453 3198 1525 desperavit,
3230 1469 3330 1526 pro
3359 1453 3526 1508 salute
3543 1453 3768 1509 fratrum

2155 1551 2158 1553 Α
2184 1551 2433 1621 rogavit.
2473 1548 2623 1620 Quos
2652 1552 2929 1606 Abraham
2962 1551 3163 1622 scripta
3191 1551 3363 1622 Moysi
3393 1559 3444 1606 et
3473 1553 3769 1623 propheta-

2184 1656 2303 1694 rum
2337 1640 2545 1695 habere
2578 1639 2861 1705 indicavit,
2894 1641 3090 1712 quibus
3121 1641 3165 1695 si
3192 1656 3300 1696 non
3345 1641 3645 1705 crederent,
3669 1656 3769 1696 nec

2183 1727 2435 1794 mortuis,
2461 1727 2506 1782 si
2528 1728 2597 1783 ad
2625 1743 2721 1783 eos
2747 1728 2908 1795 irent,
2941 1729 3248 1784 credituros
3278 1728 3564 1806 afﬁrmavit
3596 1730 3759 1799 (Luc.

2181 1818 2319 1887 xvi).
2346 1818 2444 1872 Hic
2464 1818 2627 1872 homo
2657 1833 2755 1872 rex
2801 1817 2969 1872 fuisse
2997 1817 3318 1884 insinuatur,
3362 1833 3480 1874 cum
3529 1833 3766 1889 purpura

467 1899 626 1956 Unde
653 1898 793 1954 bene
825 1898 1070 1954 Lazarus
1112 1899 1504 1972 interpretatur
1531 1902 1789 1975 adjutus,
1812 1902 1937 1974 quia
1991 1901 2069 1956 illi
2096 1913 2152 1976 Β
2184 1905 2415 1962 vestitus
2458 1914 2807 1969 memoratur,
2850 1905 2978 1979 quia
3015 1906 3143 1963 olim
3188 1906 3289 1962 soli
3322 1922 3478 1978 reges
3530 1923 3767 1978 purpura

467 1995 702 2070 gentiles
733 1996 1017 2066 adjuvant,
1050 1997 1142 2068 qui
1159 2014 1346 2055 eorum
1366 1999 1599 2055 vulnera
1616 2015 1716 2071 per
1732 1999 1935 2071 lingua:
1951 2015 2076 2056 cor-
2182 1995 2496 2050 utebantur.
2521 1995 2628 2050 Sed
2641 1994 2768 2066 quia
2788 2011 2882 2050 rex
2902 2011 2933 2050 a
2966 1995 3210 2068 regendo
3239 1995 3416 2050 dictus
3436 2000 3537 2062 est,
3568 2003 3621 2050 et
3648 1995 3765 2066 ipse

467 2085 767 2142 rectionem
791 2095 1010 2142 curant.
1049 2087 1237 2142 Potest
1295 2088 1457 2143 etiam
1487 2105 1585 2160 per
1613 2088 1935 2145 linctionem
1985 2104 2074 2145 ca-
2182 2107 2377 2148 servus
2406 2091 2613 2163 peccati
2643 2092 2790 2148 vitiis
2821 2101 2938 2148 erat
2952 2093 3369 2162 subjectus,non
3388 2109 3478 2147 rex
3496 2092 3590 2147 sed
3604 2092 3762 2147 homo

468 2190 601 2229 num
630 2173 822 2242 lingua
853 2174 1062 2248 signari
1092 2175 1451 2241 adulantium,
1484 2177 1577 2250 qui
1595 2177 1817 2234 vulnera
1838 2177 2070 2249 lingunt,
2181 2181 2516 2252 appellatur,
2574 2183 2704 2253 quia
2751 2182 3036 2238 voracitati
3081 2191 3284 2237 tantum
3334 2190 3384 2237 et
3425 2181 3652 2248 libidini,
3705 2190 3761 2236 ut

467 2263 604 2319 dum
639 2265 787 2319 mala
815 2273 1004 2320 nostra
1037 2265 1288 2336 improbo
1317 2266 1508 2323 favore
1535 2267 1810 2323 attollunt.
1834 2267 2071 2323 Abrahae
2178 2271 2386 2325 animal
2415 2269 2731 2326 irrationale
2778 2270 3164 2327 famulabatur.
3229 2271 3390 2340 Cujus
3418 2285 3612 2325 nomen
3670 2270 3760 2325 illo

469 2360 625 2416 sinus
655 2360 932 2434 significat
956 2362 1218 2419 caelorum
1249 2363 1513 2434 requiem,
1537 2364 1592 2419 in
1623 2365 2069 2436 quarecumbunt
2176 2375 2286 2415 non
2315 2360 2677 2431 exprimitur,
2727 2360 2856 2432 quia
2910 2359 3052 2416 libro
3080 2361 3377 2417 viventium
3433 2375 3553 2415 cum
3599 2359 3760 2429 justis

466 2450 754 2505 venientes
784 2450 856 2506 ab
883 2451 1094 2506 oriente
1131 2462 1187 2508 et
1217 2451 1503 2509 occidente
1554 2468 1677 2510 cum
1709 2454 1983 2510 Abraham
2013 2462 2066 2510 et

461 2536 619 2595 Isaac
639 2547 694 2594 et
721 2539 908 2606 Jacob,
940 2540 1038 2595 sed
1056 2538 1151 2595 ﬁlii
1178 2542 1336 2612 regni
1367 2541 1528 2611 hujus
1556 2558 1802 2613 purpura
1831 2544 2065 2614 etbysso

463 2633 640 2689 induti
670 2634 817 2690 foras
832 2635 1145 2704 ejicientur.
1177 2636 1422 2692 lnﬁdelis
1444 2638 1872 2711 papuluslegem
1899 2639 1953 2693 in
1967 2655 2062 2695 ore

457 2723 650 2789 tenuit,
681 2722 776 2778 sed
807 2738 976 2795 opere
1005 2741 1234 2781 servare
1262 2727 1610 2798 contempsit,
1629 2734 1681 2783 et
1707 2726 1800 2783 illo
1827 2728 2062 2799 amplius

2176 2474 2284 2514 non
2316 2459 2597 2515 scribitur.
2649 2461 2881 2515 Lazarus
2929 2467 3108 2515 autem
3167 2473 3376 2530 pauper
3429 2458 3756 2525 nominatur,

2173 2548 2311 2620 quia
2339 2563 2538 2604 nomen
2569 2549 2692 2619 ejus
2743 2549 2799 2604 in
2831 2548 2970 2604 crelo
3027 2549 3290 2620 scriptum
3346 2547 3748 2602 inveniebatur.

2171 2637 2339 2693 Dives
2359 2638 2417 2692 in
2445 2638 2659 2694 inferno
2693 2638 2940 2710 sepultus
2965 2637 3183 2710 legitur,
3204 2636 3331 2707 quia
3384 2634 3623 2691 infernus
3654 2635 3754 2690 sub

2172 2741 2320 2789 terra
2349 2751 2474 2791 esse
2504 2735 2694 2802 fertur,
2736 2743 2790 2790 et
2819 2734 2911 2807 qui
2940 2734 3015 2789 ibi
3045 2734 3331 2806 mergitur,
3363 2741 3504 2788 terra
3550 2747 3752 2803 coope-

2169 2822 2321 2890 ritur,
2345 2824 2487 2880 sicut
2517 2840 2718 2895 corpus
2771 2824 3019 2894 pulvere,
3049 2839 3176 2880 cum
3206 2821 3260 2876 in
3290 2821 3493 2878 tumulo
3545 2819 3746 2891 sepeli-

2167 2920 2275 2967 tur.
2308 2914 2473 2969 Sinus
2502 2921 2680 2970 autem
2713 2913 2944 2969 Abrahae
2973 2920 3088 2968 erat
3116 2911 3268 2968 locus
3301 2927 3335 2965 a
3364 2911 3535 2982 pinnis
3589 2909 3748 2980 quie-

2167 3009 2272 3069 lus,
2305 3001 2358 3056 in
2382 3019 2490 3074 quo
2521 3002 2793 3059 Christum
2824 3001 3172 3074 exspectabat
3191 3009 3499 3057 sanctorum
3549 3003 3742 3055 ccetus.

454 2819 690 2877 ardebit.
724 2820 890 2878 Dives
917 2821 969 2876 in
988 2822 1090 2880 hac
1111 2822 1223 2878 vita
1253 2831 1461 2896 guttam
1487 2839 1642 2897 aqua:
1667 2825 2059 2882 mendicansin

453 2909 628 2965 altera
649 2909 781 2966 dicit
798 2927 860 2966 se
878 2911 1078 2966 habere
1121 2913 1360 2984 quinque
1377 2914 1594 2980 fratres,
1623 2913 1747 2986 quia
1799 2914 2058 2971 Judaicus

450 2997 692 3070 populus
717 3015 788 3054 ex
806 3015 1006 3072 magna
1029 3001 1144 3069 jam
1166 3010 1322 3072 parte
1339 3001 1655 3068 damnatus,
1686 3003 2054 3075 novitsequa-

448 3103 544 3144 ces
573 3102 703 3142 suos
733 3103 902 3160 super
930 3096 1140 3145 terram
1171 3089 1412 3158 relictos,
1432 3091 1850 3164 quinquelibris
1879 3093 2054 3164 Moysi
2161 3105 2300 3156 Ante
2323 3099 2519 3156 Christi
2549 3107 2751 3173 quippe
2779 3100 3078 3156 adventum
3115 3113 3305 3155 omnes
3349 3096 3749 3154 descenderunt

446 3175 744 3231 carnaliter
775 3176 1072 3234 intellectis
1099 3178 1186 3234 vel
1240 3179 1479 3252 quinque
1521 3181 1774 3236 sensibus
1803 3181 2057 3261 corporis,
2159 3187 2230 3244 ad
2256 3189 2547 3246 infernum,
2584 3191 2650 3246 Ει
2677 3190 2724 3245 si
2754 3190 3033 3246 Abraham
3079 3203 3204 3244 cum
3247 3187 3453 3244 Lazaro
3481 3185 3624 3257 apud
3661 3185 3748 3239 in-

446 3263 1197 3341 deditOS-QUOMOdOtergoin
1213 3269 1456 3341 quinque
1472 3269 1918 3343 virginibus,etin
1933 3286 2052 3326 cen-
2078 3273 2127 3338 C
2163 3279 2310 3338 feros
2351 3279 2472 3346 fuit,
2501 3279 2761 3352 quaeritur
2791 3279 3066 3349 quomodo
3104 3277 3258 3333 dives
3310 3275 3535 3332 elevatis
3575 3272 3746 3330 oculis

445 3369 560 3421 tum
584 3361 979 3436 quinquaginta
996 3363 1172 3418 tribus
1187 3364 1728 3436 piscibusinnumera
1767 3366 2052 3422 multitudo

445 3459 758 3508 sanctorum
784 3451 1129 3524 intelligitur,
1161 3452 1234 3508 ita
1249 3452 1302 3507 in
1327 3452 1567 3525 quinque
1587 3454 1850 3518 fratribus
1862 3455 2051 3510 divitis

441 3539 615 3596 multa
648 3542 815 3597 millia
846 3540 1033 3612 populi
1056 3541 1374 3598 Judaeorum
1403 3540 1805 3616 intelliguntur,
1827 3560 1966 3617 quos
1983 3545 2054 3600 ad

443 3629 746 3701 spiritalem
781 3628 1192 3702 intelligentiam
1227 3647 1330 3686 non
1355 3647 1649 3704 assurgere
1679 3635 1868 3704 gemit.
1889 3632 2053 3704 Optat

443 3718 613 3792 igitur
642 3719 710 3774 ad
731 3735 827 3776 eos
844 3717 982 3773 mitti
1010 3719 1295 3787 Lazarum,
1329 3719 1445 3775 sive
1461 3719 1625 3776 alium
1652 3720 1721 3776 de
1747 3719 2002 3778 fidelibus
2034 3741 2049 3791 ;

443 3817 541 3872 sed
560 3831 669 3872 non
694 3817 746 3872 ei
776 3816 1003 3872 credent
1040 3817 1086 3870 si
1107 3817 1332 3888 Moysen
1362 3825 1415 3872 et
1445 3817 1746 3889 prophetas
1805 3836 1916 3875 non
1947 3837 2052 3876 au-

447 3912 621 3969 diunt.
645 3914 727 3970 Ex
757 3913 992 3970 mortuis
1025 3915 1293 3970 Dominus
1323 3916 1643 3982 resurrexit,
1668 3917 1767 3972 sed
1797 3917 2052 3974 Iudaicus

445 4001 702 4074 papulas,
737 4002 866 4073 quia
895 4003 1066 4075 Moysi
1098 4018 1208 4059 non
1261 4003 1510 4070 credidit,
1533 4005 1767 4061 Domino
1825 4007 2054 4063 credere

439 4091 792 4163 contempsit.
837 4093 1083 4164 Cumque
1100 4093 1304 4163 Moysis
1328 4093 1494 4148 verba
1524 4092 2053 4165 spiritualiterintel-

439 4177 614 4252 ligare
646 4179 847 4246 renuit,
873 4180 946 4236 ad
986 4197 1112 4236 eum
1140 4196 1304 4253 quem
1336 4182 1558 4253 Moyses
1586 4182 1913 4254 praedixerat
1941 4199 2054 4240 non

440 4268 716 4340 pervenit.
767 4268 926 4326 Unde
979 4269 1195 4326 Veritas
1255 4287 1270 4326 :
1343 4293 1367 4318 ι
1420 4270 1476 4326 Si
1503 4271 1826 4340 crederetis,
1855 4273 2049 4346 inquit,

441 4355 640 4429 Moysi,
669 4357 985 4414 crederetis
1013 4358 1203 4431 utique
1233 4365 1287 4414 et
1312 4358 1447 4414 mihi
1476 4360 1662 4432 (Joan.
1695 4363 1774 4433 v).
1811 4385 1832 4411 υ

917 4490 1210 4564 Expositio
1248 4492 1315 4550 de
1353 4493 1570 4551 eodem.

471 4563 476 4566 Ι
516 4630 540 4657 ε
573 4604 728 4698 Μαιιί
756 4604 944 4664 dicunt
976 4605 1161 4676 :Quis
1176 4609 1584 4667 ostenditnobis
1597 4610 1784 4667 bona?
1810 4613 2036 4684 .(Psal.
2075 4637 2128 4698 D

440 4700 548 4770 tv.)
590 4697 822 4760 Revera,
877 4698 1211 4762 charissimi,
1273 4699 1429 4754 multi
1475 4699 1647 4756 verba
1704 4701 1807 4757 Dei
1859 4703 2046 4759 audire

440 4787 690 4860 cupiunt,
722 4785 842 4854 sed,
874 4786 981 4842 heu
1017 4787 1029 4842 l
1063 4786 1157 4859 qui
1187 4787 1544 4858 dicantpauci
1573 4797 1719 4857 sunt,
1741 4790 1853 4847 imo
1873 4793 2052 4864 (quod

441 4876 664 4951 gravius
693 4876 798 4946 est)
828 4875 1074 4949 plerique
1105 4878 1236 4932 dum
1260 4877 1490 4934 verbum
1527 4878 1655 4936 vitae
1687 4880 1940 4951 proferre
1958 4896 2052 4937 no.

439 4973 559 5030 lunt
577 4982 665 5030 aut
688 4973 957 5039 nesciunt,
1017 4989 1113 5029 eos
1143 4973 1285 5029 odiis
1344 4983 1755 5046 persequuntur
1788 4977 1878 5050 qui
1908 4978 2050 5034 bona

441 5063 636 5120 dicunt
663 5061 751 5119 vel
771 5061 992 5118 faciunt.
1052 5061 1122 5116 Hi
1149 5061 1206 5118 in
1237 5071 1452 5119 tantum
1508 5064 1792 5122 veritatem
1851 5067 2052 5123 Christi

441 5160 844 5228 abominantur,
876 5158 1021 5231 quod
1047 5159 1214 5216 etiam
1270 5159 1340 5217 de
1371 5177 1438 5218 eo
1466 5161 1615 5234 loqui
1637 5164 1830 5221 audire
1887 5165 2054 5222 dedi-

437 5265 698 5320 gnantur.
727 5250 798 5306 Et
827 5249 956 5321 quia
989 5264 1087 5306 eos
1125 5249 1360 5306 verbum
1408 5250 1538 5308 vitae
1565 5252 1793 5320 cruciat,
1853 5255 2050 5328 utique

443 5338 684 5397 Verbum
719 5337 824 5395 Dei
879 5338 1151 5406 Christus,
1209 5355 1309 5396 eos
1359 5347 1570 5396 tantum
1626 5357 1661 5397 a
1714 5359 1892 5415 regno
1947 5360 2051 5402 suo

441 5447 704 5511 quantum
730 5435 996 5493 tenebras
1023 5451 1058 5493 a
1085 5435 1210 5494 luce
1238 5436 1557 5512 disgregat.
1597 5439 1806 5498 Etcum
1823 5457 1858 5498 ι
1875 5457 2050 5516 regno

441 5525 544 5584 Dei
567 5525 948 5593 excludantur,
981 5541 1212 5584 necesse
1242 5534 1337 5583 est
1366 5543 1466 5599 per
1492 5527 1685 5585 omnia
1708 5539 1768 5586 ut
1801 5538 2046 5592 tartareo

439 5639 662 5682 carcere
688 5639 813 5679 cum
840 5621 1065 5680 diabolo
1092 5632 1319 5681 auctore
1345 5624 1564 5682 invidiae
1588 5626 1962 5687 includantur.
1988 5631 2048 5689 Si

441 5721 592 5778 nulla
619 5720 898 5791 Scriptura
927 5729 1093 5791 esset,
1155 5721 1259 5778 nisi
1292 5722 1622 5780 hodiernum
1685 5727 2047 5801 Evangelium

445 5818 725 5877 sufficeret
753 5815 1006 5873 fidelibus
1034 5818 1104 5873 ad
1122 5819 1246 5876 vitae
1272 5821 1603 5892 exemplum.
1636 5823 1826 5881 Refert
1877 5843 2049 5884 nam-

445 5931 552 5988 que
605 5914 873 5979 Dominus
921 5915 1080 5987 quod
1110 5916 1336 5990 quidam
1363 5917 1530 5977 homo
1575 5921 1791 5996 magnis
1843 5923 2047 5986 divitiis

2159 3392 2256 3432 eos
2275 3390 2304 3430 a
2334 3375 2501 3448 longe
2529 3375 2728 3430 viderit
2755 3373 2966 3446 (ibid.).
2992 3375 3110 3429 Duo
3139 3370 3338 3428 inferni
3369 3371 3635 3441 leguntur,
3665 3370 3747 3423 in-

2159 3465 2326 3521 ferior
2353 3473 2408 3520 et
2437 3465 2710 3537 superior.
2744 3463 2973 3518 Inferior
3009 3464 3064 3517 in
3096 3477 3202 3534 quo
3230 3461 3423 3516 animae
3477 3459 3744 3530 reprobo-

2161 3571 2277 3610 rum
2333 3554 2744 3627 torquebantur,
2804 3552 3056 3622 superior
3083 3551 3136 3606 in
3156 3566 3264 3622 quo
3287 3549 3441 3606 electi
3471 3548 3744 3604 Christum

2158 3643 2628 3715 praestolabantur.
2691 3643 2768 3697 De
2814 3640 3056 3696 inferiori
3111 3639 3367 3696 scribitur
3424 3655 3439 3692 :
3494 3660 3514 3687 σι
3547 3635 3744 3691 Eruisti

2157 3735 2396 3787 animam
2429 3748 2609 3788 meam
2634 3748 2706 3786 ex
2735 3728 3404 3799 inferuoinferiori(Psal.
3436 3741 3688 3792 Lxxxv);
3714 3748 3736 3774 ι

2160 3833 2230 3888 de
2252 3830 2526 3902 superiori
2578 3839 2756 3886 autem
2821 3845 2836 3883 :
2899 3852 2921 3879 ι
2965 3829 3116 3884 Educ
3143 3828 3212 3883 de
3247 3827 3457 3882 inferno
3513 3825 3744 3880 animam

2159 3937 2337 3976 meam
2365 3920 2436 3974 ad
2465 3918 2834 3977 confitendum
2888 3927 2980 3974 tuo
3022 3915 3235 3973 nomini
3290 3916 3465 3987 (Paul.
3508 3914 3676 3985 cxu).
3717 3935 3738 3962 ιι

2161 4013 2220 4066 In
2253 4009 2518 4076 inferiori,
2550 4025 2748 4066 novem
2783 4007 3050 4080 speciales
3099 4022 3274 4077 pretia:
3303 4021 3430 4061 esse
3484 4003 3741 4070 feruntur,

2160 4108 2370 4164 scilicet
2398 4107 2544 4181 ignis
2572 4105 3053 4178 inexstinguibilis,
3085 4105 3282 4160 horror
3311 4101 3743 4174 frigorisincom-

2160 4196 2436 4270 parabilis,
2500 4212 2714 4252 vermes
2747 4193 3114 4261 immortales,
3170 4193 3310 4249 fetor
3363 4189 3740 4256 intolerabilis,

2160 4287 2344 4343 mallei
2381 4286 2773 4358 percutientes,
2831 4284 3072 4340 tenebrae
3117 4280 3443 4355 palpabiles,
3493 4277 3737 4335 confusio

2160 4393 2538 4456 peccatorum.
2623 4382 2762 4441 visio
2815 4381 3147 4448 dmmonum,
3223 4387 3278 4435 et
3329 4377 3531 4434 auditio
3585 4375 3745 4431 insul-

2159 4482 2407 4553 tantium,
2463 4480 2628 4554 ignea
2679 4479 2894 4538 vincula
2959 4477 3298 4552 singulorum
3349 4473 3739 4531 membrorum.

2159 4580 2419 4653 Superior
2464 4589 2647 4636 autem
2691 4577 2936 4634 infernus
2988 4584 3104 4632 erat
3151 4573 3348 4644 ultima
3383 4589 3512 4644 pars
3565 4579 3743 4638 terraz,

2157 4679 2312 4737 locus
2393 4677 2609 4734 inferno
2712 4675 2946 4744 vicinus,
3031 4673 3132 4729 sed
3185 4688 3220 4728 a
3298 4671 3473 4743 panis
3533 4668 3744 4740 disjun-

2158 4773 2299 4836 ctus,
2383 4768 2439 4823 in
2498 4783 2606 4840 quo
2653 4765 2790 4837 justi
2862 4771 3155 4838 potuerunt
3197 4777 3232 4817 a
3283 4760 3446 4816 malis
3503 4755 3740 4828 conspici

2159 4865 2432 4937 quierant
2467 4865 2522 4920 in
2553 4863 2819 4920 inferiori.
2871 4861 3103 4932 Quidam
3152 4859 3396 4915 dubitant
3449 4860 3627 4912 utrum
3680 4869 3739 4910 se

2158 4964 2355 5020 animae
2386 4964 2441 5018 in
2469 4963 2563 5019 illa
2588 4963 2691 5018 vita
2709 4967 3065 5033 cognoscant.
3099 4957 3208 5014 Sed
3237 4973 3356 5013 cum
3385 4955 3535 5011 dives
3564 4953 3739 5008 Abra-

2159 5063 2286 5118 ham
2319 5061 2647 5134 cognoverit
2703 5076 2872 5132 quem
2903 5073 3178 5130 nunquam
3207 5062 3331 5110 ante
3351 5053 3575 5118 viderat,
3607 5064 3739 5108 con-

2159 5161 2264 5208 stat
2319 5153 2464 5224 quod
2521 5149 2654 5206 mali
2698 5151 2873 5206 bonos
2927 5147 3003 5203 ibi
3056 5151 3376 5217 agnoscant.
3423 5143 3560 5198 Cum
3613 5153 3740 5194 vero

2161 5242 2442 5298 Abraham
2464 5240 2688 5297 divitem
2707 5238 2781 5294 ibi
2793 5236 3141 5311 cognoverit,
3163 5249 3324 5307 quem
3337 5239 3460 5287 ante
3473 5243 3739 5301 nunquam

2159 5341 2393 5407 viderat,
2427 5347 2577 5411 patet
2603 5337 2751 5411 quod
2781 5335 2944 5393 etiam
2977 5332 3104 5392 boni
3121 5332 3294 5388 malos
3321 5330 3396 5385 ibi
3427 5334 3735 5401 agnoscant.

2158 5431 2394 5488 Rursum
2426 5428 2692 5502 quaeritur
2725 5425 3188 5496 utrumjustorum
3219 5420 3415 5478 animm
3452 5416 3737 5490 quidquam

2158 5528 2228 5585 de
2258 5527 2566 5586 viventibus
2598 5525 2926 5598 intelligant,
2980 5521 3069 5579 vel
3099 5520 3296 5578 animm
3320 5532 3603 5590 pravorum
3652 5513 3744 5568 ali-

2156 5627 2287 5701 quid
2316 5626 2385 5683 de
2414 5626 2554 5683 vivis
2584 5621 2957 5682 sentiant.Sed
2977 5634 3102 5678 cum
3119 5618 3390 5674 Abraham
3411 5614 3574 5683 dicat,
3598 5636 3619 5662 σε
3654 5612 3742 5668 Re-

2155 5725 2346 5798 cepisti
2399 5725 2543 5780 bona
2575 5724 2630 5780 in
2675 5724 2789 5779 vita
2818 5729 2912 5776 tua
2939 5727 2993 5776 et
3021 5719 3256 5774 Lazarus
3276 5713 3442 5780 mala,
3477 5735 3498 5760 ιι
3534 5712 3735 5768 constat

2155 5825 2302 5898 quod
2321 5823 2447 5880 boni
2477 5823 2731 5880 homines
2761 5830 2914 5878 actus
2962 5807 3258 5876 viventium
3287 5810 3570 5885 aspiciant,
3601 5823 3737 5880 prai-

2153 5929 2343 5990 sertim
2387 5945 2510 5989 cum
2566 5945 2629 5990 se
2654 5911 3038 5988 invocantibus
3110 5920 3370 5982 continuo
3395 5913 3737 5976 subveniunt.
