3924 6406
80 409 224 471 1009
1046 410 1631 482 DEFLOMTIONES
1667 413 1776 476 SS.

1818 414 2122 479 PATRUM.
2160 453 2230 469 —
2266 422 2394 484 LIB.
2428 425 2500 487 Ῑῐ.
3297 442 3466 500 101ολ

80 537 224 592 Cum
254 553 400 595 vero
432 538 616 599 dives
648 557 754 616 pro
780 539 1036 599 fratribus
1063 541 1206 600 male
1233 542 1539 600 viventibus
1591 559 1728 616 pre-
1755 542 1814 607 Α
1840 542 1970 600 dam
2025 563 2156 606 vero
2209 550 2427 622 divites,
2457 563 2520 612 ut
2553 557 2850 628 Cenchres,
2874 559 3135 621 Pharaon
3165 571 3216 623 et
3243 567 3436 624 Nabu-

81 642 178 684 ces
197 625 431 695 fundat,
471 639 652 702 patet
667 633 818 704 quod
857 631 1100 700 damnati
1129 631 1383 703 quedam
1413 648 1522 690 non
1551 638 1735 690 tamen

83 716 276 771 omnia
318 717 397 776 de
428 719 594 775 vivis
629 721 828 778 sciant.
858 723 995 776 Ante
1017 720 1283 790 judicium
1327 727 1506 776 autem
1538 737 1734 792 repro-

85 802 143 860 bi
170 804 394 863 electos
425 807 490 862 in
557 808 778 880 gaudio
816 809 1160 881 conspiciunt
1197 817 1255 865 ut
1280 809 1460 883 magis
1514 810 1736 867 doleant

90 902 241 972 quod
273 905 392 961 hoc
444 907 698 977 assequi
743 906 1123 980 neglexerunt,
1183 906 1449 978 aspiciunt
1483 907 1642 964 electi
1678 915 1734 964 et

89 990 368 1063 reprobos
399 992 464 1048 in
499 995 810 1066 supplicio,
835 995 1142 1066 utamplius
1159 995 1432 1066 gaudeant
1457 996 1603 1068 quod
1628 997 1734 1052 hoc

89 1079 191 1134 Dei
222 1081 420 1152 gratia
453 1083 770 1154 adjuvante
799 1091 1111 1140 evaserunt.
1142 1084 1267 1141 Post
1307 1083 1577 1154 judicium
1604 1099 1734 1142 vero

92 1167 223 1224 boni
237 1184 487 1241 semper
501 1171 740 1245 quidem
754 1173 924 1228 malos
935 1172 1202 1228 videbunt
1220 1191 1234 1236 ;
1257 1173 1386 1230 mali
1402 1181 1585 1230 autem
1597 1190 1734 1230 nun-

87 1281 254 1336 quam
290 1266 493 1324 bonos
518 1268 1127 1326 videbunt.Notandum
1148 1286 1281 1327 vero
1299 1271 1444 1342 quod
1467 1270 1513 1326 is
1531 1271 1734 1342 lingua
1763 1307 1768 1310 -

89 1355 427 1424 specialiter
459 1358 614 1428 petit
641 1358 995 1430 refrigerium
1048 1361 1210 1427 (Lac.
1251 1360 1398 1430 xw),
1459 1376 1622 1432 quem
1676 1360 1733 1416 in

90 1452 361 1507 omnibus
406 1455 698 1512 membris
752 1455 1022 1527 coquebat
1076 1457 1415 1513 incendium.
1480 1459 1586 1513 Per
1638 1457 1740 1514 hoc

91 1541 258 1596 datur
317 1541 586 1616 intelligi
644 1545 942 1616 quemlibet
992 1545 1049 1600 in
1104 1562 1173 1601 eo
1204 1547 1449 1602 membro
1503 1545 1738 1617 amplius

89 1646 380 1694 tormenta
413 1657 749 1711 passurum,
791 1642 847 1697 in
875 1658 984 1711 quo
1027 1644 1302 1714 majorem
1332 1644 1583 1700 exercuit
1603 1661 1736 1715 pec-

91 1727 260 1782 candi
294 1744 506 1784 usum.
555 1731 626 1785 Et
657 1730 783 1802 quia
831 1730 920 1788 hic
956 1731 1175 1788 deditur
1194 1732 1474 1800 edacitati,
1525 1733 1738 1806 jugiter

94 1824 467 1881 inserviebat
533 1826 873 1900 loquacitati,
923 1829 1068 1898 justo
1099 1830 1276 1886 dictur
1305 1830 1360 1885 in
1401 1830 1590 1904 lingua
1609 1831 1732 1904 plus

93 1913 342 1970 cruciari
383 1932 570 1986 quam
601 1933 823 1988 semper
858 1917 1083 1974 laxabat
1108 1919 1292 1974 inania
1327 1918 1449 1974 fari.

163 2011 235 2066 Et
268 2012 602 2069 notandum
631 2014 777 2086 quod
805 2013 938 2070 nulli
967 2015 1171 2088 legitur
1201 2015 1495 2088 quidquam
1511 2016 1737 2089 rapuis-

103 2113 186 2165 se,
217 2099 324 2155 sed
359 2103 766 2160 tantummodo
803 2105 1022 2174 prepria
1052 2120 1161 2160 non
1181 2104 1467 2162 tribuisse.
1496 2107 1562 2161 Et
1590 2106 1640 2164 si
1665 2106 1734 2173 is,

95 2186 334 2255 fratres,
392 2198 566 2246 tanto
603 2191 871 2263 supplicio
899 2191 1153 2264 plectitur
1206 2194 1297 2266 qui
1325 2194 1542 2266 propria
1570 2194 1736 2250 mini-

100 2292 190 2332 me
224 2277 512 2349 largitur,
544 2280 675 2352 quid
712 2280 781 2336 de
821 2281 904 2336 his
925 2289 1010 2337 est
1036 2282 1380 2338 sentiendum
1404 2282 1498 2355 qui
1516 2298 1736 2355 semper

107 2375 291 2445 parati
324 2385 468 2431 sunt
491 2377 569 2432 ad
597 2378 920 2449 rapiendum
942 2379 972 2432 Ἰ
1001 2378 1142 2435 Dicit
1160 2378 1435 2451 Scriptura
1463 2378 1533 2435 de
1559 2379 1735 2436 otiose

104 2479 602 2537 comedentibus:
658 2503 680 2528 ιι
743 2481 890 2538 Sulci
948 2482 1270 2538 clamabunt
1315 2483 1581 2540 adversus
1637 2499 1734 2539 eos

105 2567 223 2635 (Job
271 2570 460 2639 xxxi),
529 2591 554 2618 ο
619 2569 690 2625 de
736 2570 946 2626 furibus
1001 2578 1184 2627 autem
1241 2579 1294 2628 et
1373 2573 1666 2644 rapacibus
1716 2591 1730 2630 :

109 2674 133 2704 ι
169 2655 351 2711 Terra
382 2666 754 2714 convertatur
765 2659 845 2714 eis
874 2659 927 2714 in
941 2659 1119 2731 picem
1133 2661 1422 2717 ardentem
1441 2661 1735 2734 etsulphur

110 2751 288 2822 (Ipsa.
335 2759 581 2825 xxxiv).
629 2777 654 2806 ι
689 2755 788 2811 llic
817 2755 972 2810 dives
991 2755 1178 2827 aliqua
1208 2756 1468 2828 bonapro
1496 2759 1734 2814 humana

109 2844 272 2904 laude
304 2850 464 2917 fecit,
513 2860 566 2908 et
599 2851 800 2907 bonam
849 2853 1157 2909 mercedem
1183 2855 1382 2910 horum
1447 2872 1551 2928 pro
1590 2856 1733 2914 bona

109 2940 444 3008 temporalia
481 2942 695 3012 recepit
727 2955 742 3008 ;
776 2941 1012 2996 Lazarus
1055 2958 1186 2998 vero
1215 2943 1398 3016 aliqua
1429 2947 1571 3002 mala
1600 2964 1732 3019 ges-

109 3043 280 3100 serat,
315 3053 448 3108 qua
483 3038 578 3094 hic
605 3036 792 3094 dolore
821 3038 1071 3109 corporis
1097 3039 1293 3096 luerat.
1327 3043 1732 3116 (GRBGORIUS.)

113 3118 384 3191 Pensate,
421 3141 642 3198 quaso,
667 3127 999 3193 charissimi,
1041 3145 1199 3200 quam
1231 3129 1482 3188 districta
1511 3136 1735 3204 suntju-

107 3218 245 3275 dicia
268 3222 402 3278 Dei.
446 3225 600 3280 Ecce
629 3233 841 3298 guttam
875 3239 1032 3296 aqua
1069 3228 1220 3298 petit,
1246 3227 1335 3300 qui
1367 3230 1538 3286 micas
1569 3232 1726 3303 panis
1754 3251 1805 3315 ρ

110 3321 218 3361 non
248 3308 437 3367 dedit.
480 3313 551 3367 Et
591 3312 718 3383 quia
747 3315 917 3368 micas
941 3315 1178 3384 negavit,
1227 3324 1432 3388 guttam
1463 3333 1572 3374 non
1604 3319 1720 3375 im-

109 3398 378 3465 petravit.
423 3399 588 3456 Unde
623 3417 746 3468 vos,
779 3402 982 3458 domini
1015 3404 1140 3468 mei,
1181 3405 1378 3476 quibus
1401 3407 1557 3463 Deus
1587 3423 1721 3466 con-

114 3493 281 3549 cessit
308 3495 546 3553 divitias
577 3499 738 3569 hujus
768 3499 975 3566 saculi,
1007 3509 1198 3557 cavete
1215 3519 1282 3558 ne
1317 3520 1413 3559 vos
1433 3505 1632 3562 divitia
1661 3517 1720 3562 ut

111 3595 305 3638 servos
333 3586 682 3656 possideant,
714 3595 767 3642 et
796 3602 829 3642 a
866 3589 1016 3644 veris
1043 3590 1242 3645 divitiis
1279 3608 1485 3648 vacuos
1519 3594 1584 3649 ad
1607 3604 1716 3651 tar-

111 3675 223 3724 tara
246 3677 602 3743 pertrabant.
637 3675 919 3732 Possidete
942 3693 1040 3733 vos
1059 3679 1274 3735 divitias
1304 3682 1496 3754 egenis
1525 3683 1714 3740 distri-

112 3764 350 3836 huendo,
382 3779 439 3826 et
473 3787 636 3828 veras
685 3771 904 3829 divitias
935 3789 1035 3845 per
1087 3776 1190 3832 has
1246 3775 1473 3836 fallaces
1518 3782 1714 3854 acqui-

112 3865 304 3921 rendo.
332 3867 467 3924 Non
499 3877 583 3926 est
635 3870 832 3925 malum
863 3870 1080 3928 divitias
1123 3874 1348 3944 habere,
1403 3876 1502 3933 sed
1557 3878 1713 3956 valde

113 3978 278 4033 grave
317 3977 404 4023 est
445 3986 543 4025 eas
567 3970 619 4025 in
660 3987 893 4043 pravum
916 3990 1076 4029 usum
1113 3985 1499 4049 contorquere.
1537 3978 1713 4036 David

117 4051 256 4107 enim
295 4065 350 4111 et
371 4058 652 4115 Ezechias
682 4069 843 4132 atque
871 4061 1065 4130 Josias,
1097 4071 1154 4118 ut
1184 4074 1315 4135 puta
1343 4083 1528 4139 reges,
1583 4069 1710 4123 alii-

117 4163 218 4218 que
249 4168 443 4212 eorum
478 4157 706 4224 similes,
739 4159 938 4213 multas
962 4160 1180 4215 divitias
1195 4163 1580 4233 possederunt,
1611 4163 1709 4220 sed

117 4251 210 4306 per
239 4258 334 4298 eas
365 4244 748 4303 indeﬁcientes
776 4247 879 4302 sibi
908 4259 1396 4319 comparaverunt.
1452 4253 1626 4323 Cyrus
1656 4261 1710 4310 et

117 4335 406 4397 Antiochus
444 4343 659 4416 illisque
684 4345 998 4402 consimiles
1028 4346 1128 4402 viri
1183 4348 1498 4404 divitiarum
1527 4359 1704 4416 erant,

121 4424 241 4492 quia
268 4445 363 4484 eas
395 4431 469 4486 ad
502 4427 812 4502 superbiam
852 4443 906 4488 et
934 4435 1195 4491 luxuriam
1213 4446 1616 4494 converterunt.
1639 4440 1707 4494 Et

119 4513 239 4583 quia
264 4517 350 4574 hic
379 4537 542 4574 suum
574 4537 806 4594 regnum
827 4522 1088 4578 caelorum
1121 4525 1442 4592 habuerunt,
1491 4531 1703 4584 obeun-

118 4613 197 4663 tes
224 4613 358 4672 nihil
379 4618 438 4672 in
460 4619 708 4673 manibus
757 4619 875 4675 suis
904 4620 1248 4687 invenerunt,
1298 4624 1394 4678 sed
1425 4641 1547 4679 cum
1603 4626 1699 4684 illo

123 4695 280 4757 divite
313 4703 368 4760 in
410 4716 609 4762 acterna
641 4715 889 4778 egestate
915 4709 1200 4764 dolehunt.
1240 4712 1319 4767 De
1350 4713 1546 4768 talibus
1571 4714 1705 4772 dici-

120 4789 201 4839 tur
231 4808 243 4844 :
279 4815 299 4838 ει
339 4794 579 4851 Facilius
610 4804 694 4851 est
717 4797 993 4872 ‘camelum
1023 4798 1377 4870 perforamen
1391 4817 1521 4857 acus
1536 4811 1704 4858 trans-

122 4876 376 4956 ire,quam
401 4891 624 4946 divitem
645 4892 853 4949 intrare
873 4893 927 4948 in
949 4911 1177 4964 regnum
1197 4897 1458 4953 calorum
1477 4899 1698 4968 (Matth.

124 4971 253 5040 xix).
284 4998 305 5023 »
339 4979 543 5035 Narrat
570 4981 832 5036 Dominus
890 4983 1106 5037 cuidam
1166 4985 1432 5056 plurimas
1487 4988 1706 5043 divitias

127 5055 410 5134 effluxisse,
443 5069 694 5140 huncque
723 5070 1016 5126 destructis
1059 5073 1270 5128 horreis
1313 5076 1516 5146 majora
1571 5092 1705 5132 con-

127 5152 396 5223 struxisse,
429 5164 600 5228 atque
631 5156 742 5213 illic
762 5158 1014 5213 omnibus
1046 5160 1204 5216 bouis
1232 5161 1476 5219 collectis
1507 5165 1705 5223 anima

131 5255 231 5301 sua:
256 5249 459 5309 dixisse
489 5260 546 5308 ut
569 5253 907 5324 epularetur,
939 5255 1232 5324 lataretur,
1257 5260 1380 5331 quia
1399 5262 1596 5318 multos
1610 5279 1706 5318 an-

131 5343 221 5386 nos
249 5339 485 5397 victurus
513 5351 684 5408 esset,
705 5343 831 5398 etin
861 5343 946 5399 his
984 5346 1311 5403 bonislatos
1329 5349 1452 5406 dies
1489 5351 1705 5408 deliciis
1735 5395 1741 5404 .

134 5413 604 5484 ducturus.Eadem
626 5439 786 5490 nocte
800 5431 986 5487 infelix
1005 5443 1248 5490 mortuus
1265 5437 1457 5492 alienis
1484 5439 1704 5495 divitias

139 5520 252 5565 suas
294 5518 506 5589 reliquit
539 5517 696 5589 ;ipse
762 5520 878 5576 sola
933 5531 1162 5591 peccata
1217 5540 1403 5579 secum
1461 5536 1704 5596 poi-lana,

135 5599 313 5682 tartara
358 5605 561 5661 subivit
617 5608 771 5676 (Luc.
805 5611 922 5677 xit).
942 5608 1082 5677 Quid
1099 5611 1224 5666 huic
1241 5613 1561 5682 profuerunt
1577 5617 1713 5672 divi-

136 5681 213 5739 ῑὶεέ
238 5693 321 5761 qui
344 5695 431 5749 his
462 5693 764 5766 neglexerit
785 5705 1016 5752 aternas
1045 5681 1329 5770 acquirere
1359 5701 1386 5755 τ

194 5774 250 5829 In
268 5793 496 5852 quatuor
541 5793 722 5839 autem
760 5784 974 5856 species
1030 5787 1346 5844 dividuntur
1401 5790 1652 5848 homines
1688 5808 1703 5849 :

138 5853 335 5926 Quidam
361 5871 584 5941 divites,
606 5881 662 5928 at
686 5853 964 5928 Abraham
995 5882 1046 5930 et
1073 5874 1196 5945 Job,
1221 5876 1510 5934 salvantur
1543 5896 1557 5943 ;
1589 5880 1708 5952 qui-

1726 4600 1780 4666 D

1841 633 2204 705 cbodonosor,
2237 640 2565 702 damnantur
2587 663 2603 710 ;
2640 647 2857 720 quidam
2875 664 3168 723 pauperes,
3190 657 3437 713 utLasa-

1845 736 1944 778 rus
1972 732 2023 780 et
2043 729 2314 798 monachi,
2336 731 2650 790 ditabuntur
2671 754 2686 804 ;
2705 737 2929 810 quidam
2949 749 3157 809 autem,
3179 751 3239 799 ut
3259 745 3436 803 Judas

1848 813 2053 888 aliique
2083 818 2432 893 fraudulenti,
2479 827 2716 884 miseriis
2740 831 2960 888 atemis
2987 837 3293 894 traduntur.
3332 839 3435 895 Di-

1850 926 1948 970 ves
1969 915 2150 976 etiam.
2183 918 2276 989 qui
2305 936 2542 993 purpura
2572 932 2626 980 et
2650 925 2817 999 bysso
2846 928 3190 999 induebatur,
3233 943 3317 991 est
3337 937 3436 992 Ju-

1851 1001 2043 1097 d-ai-cus
2076 1007 2330 1097 populus,
2364 1011 2456 1082 qui
2504 1029 2678 1085 regno
2723 1023 2778 1071 et
2797 1020 3101 1078 sacerdotio
3154 1023 3293 1096 legis
3323 1025 3437 1097 glo-

1849 1091 2113 1150 riabatur.
2140 1095 2239 1152 Per
2263 1113 2556 1170 purpuram
2585 1103 2791 1176 quippe
2811 1121 3066 1180 regnum,
3097 1127 3197 1183 per
3211 1091 3435 1184 byssum

1844 1186 2170 1282 designatur
2184 1195 2545 1253 sacerdotium
2559 1239 2572 1254 .
2613 1201 2714 1258 Hic
2735 1203 2978 1274 quotidie
3006 1207 3292 1278 splendide
3311 1225 3439 1282 epu-

1845 1274 2085 1345 labatur,
2109 1280 2238 1336 dum
2269 1283 2324 1337 in
2379 1286 2640 1343 exteriori
2667 1289 2814 1344 cultu
2843 1291 2912 1347 de
2933 1274 3157 1350 ferculis
3211 1274 3358 1370 legis
3381 1305 3440 1355 et

1847 1367 2236 1438 prophetarum
2266 1373 2641 1444 saginabatur.
2677 1378 2779 1434 Per
2807 1395 3102 1452 pauperem
3132 1367 3439 1459 vero'gen-

1847 1453 1959 1509 tilia
1987 1457 2226 1528 populus
2271 1460 2674 1533 prafiguratur,
2734 1467 2826 1538 qui
2865 1469 3139 1527 ulceribus
3195 1453 3438 1545 peccato-

1847 1558 1967 1600 rum
2000 1547 2368 1605 sauciabatur.
2402 1551 2502 1608 Hic
2531 1552 2702 1609 micas
2729 1556 2799 1612 de
2822 1573 3015 1615 mensa
3042 1561 3301 1618 cadentes
3328 1579 3439 1621 non

1849 1641 2166 1712 accipiebat,
2198 1647 2328 1717 quia
2355 1662 2459 1705 nec
2489 1650 2773 1706 minimam
2830 1656 3154 1712 sententiam
3186 1657 3256 1715 de
3284 1675 3440 1717 sacra

1846 1729 2129 1802 Scriptura
2157 1734 2443 1792 audiebat.
2482 1738 2660 1795 Canes
2690 1749 2870 1798 autem
2925 1745 3214 1802 venientes
3257 1748 3442 1806 ulcera

1848 1827 1968 1896 ejus
1994 1828 2296 1903 lingebant,
2318 1833 2445 1906 quia
2471 1837 2706 1906 apostoli
2735 1855 2899 1896 canes
2919 1841 3040 1909 Dei,
3073 1860 3196 1899 eum
3218 1845 3442 1917 cepiosc

1763 1899 1820 1962 Β
1847 1914 2030 1987 legem
2062 1899 2159 1974 Dei
2183 1899 2546 1990 instruebani,
2603 1926 2787 1983 ulcera
2817 1899 3162 1999 peccatorum

1844 2004 1991 2062 mine
2013 2009 2344 2077 pauitantia
2366 2010 2720 2072 claudebant.
2754 2016 2854 2073 Hic
2881 2027 3124 2076 mortuus
3153 2021 3207 2077 in
3264 2022 3441 2080 sinum

1843 2093 2074 2153 Abraha
2119 2105 2384 2168 portatur,
2420 2099 2575 2156 dives
2603 2102 2659 2157 in
2689 2104 2904 2162 inferno
2959 2108 3275 2177 tumulatur,
3317 2111 3445 2185 quia

1849 2209 1870 2243 σ
1895 2193 2048 2248 multi
2077 2192 2268 2251 fideles
2290 2196 2359 2253 ab
2387 2197 2594 2254 oriente
2615 2201 2834 2257 venient
2860 2211 2911 2260 et
2937 2205 3445 2276 occidente,etcum

1844 2279 2126 2336 Abraham
2157 2291 2206 2338 et
2240 2283 2397 2341 Isaac
2424 2292 2478 2340 et
2505 2286 2736 2343 Jacobin
2751 2305 2926 2363 regno
2954 2293 3216 2351 calorum
3232 2313 3444 2354 recum-

1843 2368 2314 2439 bent;ﬁliiautem
2343 2374 2519 2447 regni,
2545 2398 2567 2422 ο
2591 2376 2798 2434 scilicet
2823 2379 3012 2451 perﬁdi
3039 2381 3235 2452 Judai,
3274 2408 3296 2434 α
3347 2385 3444 2456 eji-

1843 2466 2052 2521 cientur
2078 2467 2132 2522 in
2164 2470 2418 2526 tenebras
2430 2472 2734 2530 exteriores
2756 2477 2979 2548 (Matth.
3001 2487 3142 2549 vui),
3175 2483 3302 2554 quia
3321 2498 3433 2538 non

1843 2551 2196 2608 crediderunt
2224 2556 2394 2626 Moysi
2417 2572 2518 2611 nec
2571 2561 2888 2630 prophetis,
2909 2578 3010 2618 nec
3026 2551 3243 2620 Christo
3261 2582 3443 2623 resur-

1842 2639 1995 2710 genti
2013 2655 2045 2694 a
2075 2642 2302 2697 mortuis
2315 2684 2328 2698 .
2340 2645 2498 2700 Nunc
2511 2661 2726 2718 quoque
2746 2649 2886 2705 bella
2908 2649 3161 2723 leguntur
3179 2670 3368 2728 regum
3385 2664 3442 2711 et

1843 2729 2090 2785 victoria
2124 2729 2363 2797 illorum,
2396 2742 2454 2789 ut
2483 2751 2579 2806 per
2601 2735 2717 2792 hac
2735 2737 3072 2796 instruamur
3089 2749 3316 2813 peccata
3342 2743 3441 2802 de-

1842 2816 2075 2884 bellare,
2107 2825 2159 2873 et
2189 2819 2420 2878 victores
2437 2823 2672 2881 existere
2703 2825 2982 2883 vitiorum.
3010 2829 3235 2902 Legitur
3254 2839 3439 2889 autem

1841 2913 1985 2985 quod
2009 2913 2227 2984 quidam
2259 2915 2344 2970 vir
2360 2917 2495 2973 duas
2526 2934 2724 2976 uxores
2755 2923 3024 2993 habuerit,
3059 2944 3286 2999 quarum
3329 2945 3437 2986 una

1841 3001 2097 3070 fecunda,
2131 3003 2298 3058 altera
2328 3007 2529 3061 sterilis
2557 3007 2739 3076 fuerit,
2773 3019 2827 3066 et
2856 3013 3078 3069 tandem
3108 3017 3309 3072 sterilis
3339 3017 3437 3074 Sa-

1840 3091 2072 3145 muelem
2105 3093 2362 3163 genuerit
2385 3096 2569 3167 (Meg.
2594 3099 2678 3166 v).
2709 3097 2811 3168 Qui
2831 3101 3437 3171 Heliaacerdotio,Sauc

1841 3178 1947 3235 lem
1965 3179 2237 3236 abdicavit
2265 3196 2298 3235 a
2325 3197 2499 3254 regno
2530 3184 2704 3240 David
2720 3203 2931 3258 ungens
2951 3190 3094 3254 oleo.
3115 3192 3431 3250 sublimavit
3463 3215 3469 3224 ’

1835 3282 2079 3344 sceptro.
2111 3275 2215 3345 Qui
2247 3277 2419 3332 David
2475 3279 2690 3335 Golith
2721 3281 2912 3339 fertem
2952 3285 3123 3342 funda
3165 3296 3217 3344 et
3249 3287 3427 3361 lapide

1826 3363 2032 3430 stravit,
2062 3365 2287 3434 proprio
2316 3381 2448 3422 ense
2495 3378 2660 3440 caput
2697 3373 3016 3443 amputavit.
3049 3374 3296 3446 plurimis
3318 3378 3423 3434 de~

1826 3452 2053 3515 sudavit,
2085 3453 2315 3508 devictis
2347 3455 2596 3512 hostibus
2626 3460 2910 3530 egregium
2963 3462 3200 3520 Domino
3229 3465 3420 3523 taber-

1825 3549 2077 3606 naculum
2110 3553 2638 3624 praparavit;cujus
2684 3553 2824 3612 filius
2845 3557 3099 3616 Salomon
3149 3563 3419 3636 templum

1823 3645 1942 3693 toto
1971 3639 2102 3694 orbe
2131 3637 2395 3695 famosum
2427 3643 2724 3710 constituit,
2757 3662 2952 3718 pacem
2982 3649 3237 3707 omnibus
3267 3669 3416 3726 gen-

1823 3727 1992 3782 tibus.
2047 3727 2142 3781 Vir
2169 3729 2258 3798 qui
2286 3729 2388 3784 sibi
2426 3730 2561 3786 duas
2591 3749 2791 3789 uxores
2819 3736 3110 3807 copulavit,
3129 3749 3212 3796 est
3242 3741 3413 3810 Deus,

1821 3822 1913 3895 qui
1945 3822 2292 3898 Synagogsm
2323 3835 2375 3882 et
2404 3827 2709 3885 Ecclesiam
2753 3831 2855 3888 sibi
2887 3834 3267 3907 desponsavit.
3322 3837 3415 3898 Ex

1820 3911 2016 3982 quibus
2047 3913 2342 3986 Synagoga
2362 3915 2590 3973 fecunda
2639 3918 2757 3988 fuit,
2814 3921 2936 3996 quia
2964 3923 3246 3983 Judaicum
3303 3944 3412 4000 po-
3457 3929 3462 3932 ’

1821 4000 2028 4071 pulum,
2060 4001 2127 4056 ad
2149 4003 2398 4059 carnales
2418 4009 2778 4065 caremonias
2801 4012 3082 4082 generavit
3115 4030 3129 4078 ;
3157 4015 3409 4075 Ecclesia

1819 4096 2003 4144 autem
2058 4089 2151 4146 diu
2228 4093 2432 4148 sterilis
2496 4093 2688 4166 filium,
2773 4097 2986 4156 scilicet
3040 4101 3436 4162 Christianum'

1819 4178 2081 4249 pepulum
2119 4179 2187 4234 ad
2219 4181 2524 4252 spirituales
2552 4185 2929 4243 observantiae
2958 4193 3262 4264 generavit,
3313 4195 3408 4269 qui

1817 4276 1934 4330 lleli
1964 4291 1994 4331 a
2028 4278 2352 4347 sacerdotio,
2412 4288 2465 4336 et
2520 4281 2645 4338 Saul
2675 4299 2707 4339 a
2735 4302 2911 4359 regno
2957 4289 3405 4361 repudiaverunt.

1815 4372 1937 4444 quia
1968 4373 2243 4430 Iudaicum
2303 4373 2642 4436 incredulum
2699 4384 2956 4454 populum
2987 4402 3018 4441 a
3052 4387 3258 4445 Christi
3311 4407 3407 4446 sa-

1813 4460 2056 4517 cerdotio
2085 4470 2137 4516 et
2165 4462 2432 4550 gentilem
2465 4469 2720 4537 populum
2755 4472 2951 4529 fideles
2985 4487 3407 4550 persequentem

1814 4564 1846 4602 a
1877 4563 2046 4621 regno
2083 4550 2182 4605 Dei
2203 4543 2402 4608 alienat
2433 4572 2447 4620 ;
2482 4555 2677 4625 David,
2736 4568 2917 4616 autem
2975 4543 3180 4619 verum.
3196 4567 3406 4626 scilicet

1809 4637 2227 4694 desiderabilem
2261 4641 2554 4710 Christum,
2606 4659 2640 4700 a
2695 4646 2857 4704 Patre
2886 4650 3011 4705 oleo
3058 4651 3259 4710 latitia
3285 4673 3403 4727 pra

1807 4726 2062 4781 omnibus
2090 4729 2440 4785 consortibus
2488 4742 2708 4790 unctum
2756 4752 2948 4808 regem
2995 4737 3125 4795 olim
3177 4726 3392 4800 adorat.

1811 4823 1906 4878 llic
1929 4824 2122 4879 fortem
2155 4825 2372 4882 Guliath
2401 4828 2564 4884 funda
2619 4831 2818 4900 dejecit
2847 4835 2898 4906 (1
2915 4837 3048 4907 Reg.
3087 4839 3215 4910 vri),
3266 4843 3399 4898 dum

1807 4920 2006 4976 fortem
2028 4922 2302 4978 diabolum
2333 4941 2433 4980 sua
2471 4927 2804 4987 humanitate
2852 4933 3143 5005 confregit.
3208 4936 3399 4995 Funda

1808 5027 2014 5100 quippe
2059 5036 2172 5085 erat
2220 5031 2556 5089 circumdata
2586 5034 2785 5091 Christi
2815 5037 3148 5109 humanitas,
3179 5044 3398 5114 passio-

1808 5123 1967 5178 nihus
1998 5123 2401 5182 circumrotata.
2435 5128 2592 5201 Lapis
2623 5131 2710 5200 qui
2743 5131 2974 5189 frontem
2993 5134 3210 5192 Goliath
3229 5155 3401 5212 pene-

1809 5223 1994 5285 travit,
2029 5231 2140 5278 erat
2167 5222 2443 5292 divinitas,
2469 5243 2588 5298 qua
2617 5229 2890 5284 maxillam
2913 5232 3218 5290 Leviathan
3263 5252 3400 5309 per-

1812 5317 2034 5374 foravit.
2076 5320 2253 5376 Porro
2305 5339 2567 5380 mucrone
2597 5335 2758 5398 caput
2785 5327 2906 5399 ejus
2948 5329 3212 5398 desecuit.
3269 5333 3440 5394 dum.

1809 5423 1910 5478 per
1949 5424 2108 5480 reges
2125 5419 2176 5464 et
2205 5409 2580 5483 philosophos,
2602 5415 2789 5487 utique
2818 5432 2970 5472 arma
3000 5418 3210 5488 ejus,ad
3234 5420 3402 5481 ﬁdem

1811 5511 2108 5552 conversos
2139 5497 2341 5553 diaboli
2370 5498 2516 5555 vires
2547 5518 2818 5558 enervans
2845 5506 2916 5561 ab
2945 5506 3244 5564 idololatria
3299 5511 3405 5569 de-

1813 5591 1969 5661 pulit.
2004 5593 2103 5649 I-lic
2135 5593 2306 5649 David
2339 5595 2504 5651 multa
2543 5597 2686 5653 bella
2715 5601 3016 5669 constituit,
3049 5603 3179 5660 dum
3204 5605 3405 5666 milites

1814 5704 1942 5744 suos
1971 5691 2252 5760 apostolos
2291 5699 2344 5747 et
2375 5703 2651 5766 martyres
2689 5696 2968 5754 debellare
2997 5700 3412 5778 Jud,aoa,paga-

1812 5802 1911 5842 nos
1934 5795 1986 5843 et
2015 5787 2301 5846 hareticos
2333 5791 2580 5848 instituit.
2637 5794 2928 5853 Prostratis
2948 5797 3220 5868 hostibus,
3273 5801 3412 5860 fecit

1815 5882 2048 5940 Domino
2080 5885 2516 5946 tabernaculum.
2549 5889 2610 5944 In
2637 5891 2794 5961 cujus
2819 5893 2967 5965 regis
3023 5895 3236 5962 militia,
3267 5897 3372 5953 cha
