3924 6428
60 409 225 502 m3

59 569 234 655 enim
265 563 656 632 secundum
699 591 926 654 corpus,
955 579 1001 636 si
1029 579 1290 654 ponderis
1321 579 1405 637 sui
1433 577 1686 637 ordinem
1719 587 1795 642 te-

61 676 281 736 neant,
317 663 661 736 inferiora
695 685 824 736 sunt
849 677 1034 746 omnia
1062 678 1336 750 graviora.
1369 677 1456 734 ita.
1495 675 1793 740 secundum

62 757 352 827 Spiritum
390 755 720 822 inferiora
775 775 903 824 sunt
956 767 1136 822 omnia
1193 767 1464 822 tristiora.
1523 765 1679 824 Unde
1739 771 1791 819 et

70 847 300 904 Graeca
333 847 578 922 lingua
618 855 797 927 origo
825 856 1062 911 nominis
1085 856 1392 928 appellatur
1419 854 1684 920 infernus,
1725 870 1792 909 ex

69 961 147 1004 eo
183 947 356 1018 quod
394 949 574 1006 nihil
633 969 818 1010 suave
866 955 1082 1022 habeat,
1134 969 1400 1012 resonare
1446 953 1782 1026 perhibetur.

71 1035 247 1096 Sicut
280 1049 510 1098 autem
548 1055 676 1098 cor
703 1042 960 1098 animalis
991 1043 1049 1100 in
1081 1043 1260 1100 medio
1293 1044 1413 1112 ejus
1462 1049 1566 1108 est,
1616 1042 1691 1098 ita
1737 1049 1793 1097 et

70 1123 358 1206 infernus
394 1126 466 1184 in
504 1130 731 1186 medio
772 1139 932 1188 terrae
981 1148 1103 1187 esse
1151 1131 1490 1204 perhibetur.
1543 1129 1791 1186 Infernus

77 1220 397 1300 siquidem
435 1223 642 1286 locus
678 1231 765 1289 est
797 1232 1216 1294 tormentorum,
1259 1230 1459 1286 coelum
1506 1231 1592 1284 est
1635 1226 1788 1284 locus

75 1312 490 1382 gaudiorum.
533 1314 712 1374 Bene
741 1316 942 1376 etenim
976 1316 1134 1374 locus
1185 1325 1576 1374 tormentorum
1619 1316 1786 1374 deor-

81 1417 214 1455 sum
248 1409 372 1470 est,
415 1411 483 1459 et
518 1402 710 1465 locus
741 1403 1064 1478 gaudiorum
1096 1423 1339 1473 sursum,
1369 1406 1498 1479 quia
1527 1413 1581 1462 et
1627 1404 1790 1474 culpa,

81 1498 386 1569 deorsum
434 1501 709 1572 premit,
752 1507 807 1558 et
841 1503 1050 1576 iustitia
1093 1520 1310 1560 sursum
1349 1502 1615 1560 sustollit.
1665 1502 1784 1558 Ma-

81 1587 246 1650 xima
281 1597 625 1646 tormenta
654 1591 839 1650 locum
867 1592 923 1646 in
953 1593 1060 1648 imo
1089 1593 1308 1659 habent,
1363 1589 1602 1648 maxima
1647 1607 1783 1663 gau-

84 1677 183 1732 dia
211 1677 282 1732 in
316 1694 618 1736 summo.
663 1680 842 1736 Media
870 1689 1050 1738 autem
1084 1681 1227 1738 bona
1256 1689 1309 1738 et
1338 1680 1478 1736 mala
1505 1680 1561 1736 in
1582 1678 1780 1748 medio,

84 1773 202 1832 hoc
233 1781 334 1832 est
366 1775 434 1834 in
473 1777 610 1832 hoc
648 1777 858 1834 mundo
887 1777 1060 1840 mixta
1091 1785 1242 1834 sunt.
1279 1777 1491 1834 Dicitur
1537 1776 1783 1832 infernus

85 1859 349 1929 inferior
391 1880 552 1922 esse
597 1867 767 1924 locus
803 1865 860 1922 in
921 1865 1031 1924 imo
1079 1874 1242 1924 term
1276 1909 1292 1932 ,
1348 1863 1781 1922 damnandorum

87 1953 289 2023 pcnnis
330 1960 768 2029 preparatus.
810 1955 890 2012 De
927 1971 1040 2028 quo
1081 1964 1260 2012 tamen
1297 1955 1528 2012 omnino
1563 1963 1780 2012 certum

95 2059 361 2119 nonest,
388 2051 457 2107 in
476 2067 633 2124 qua
663 2061 817 2124 parte
848 2053 992 2124 ejus,
1021 2053 1080 2109 id
1109 2060 1196 2110 est
1236 2059 1414 2110 utrum
1453 2051 1594 2110 intra
1644 2066 1784 2110 oon-

101 2140 432 2201 cavitatem
481 2141 712 2208 illius,
769 2141 886 2198 sive
941 2140 1283 2198 extrinsecus
1340 2141 1397 2196 in
1451 2139 1632 2212 aliqua
1686 2156 1780 2195 re-

104 2227 287 2298 ginae
325 2229 622 2287 ambitus
652 2229 828 2301 ipsius
856 2229 1154 2300 dispositus
1183 2229 1275 2296 sit,
1309 2229 1560 2301 quamvis
1595 2235 1780 2286 tamen

100 2322 515 2381 verisimilius
551 2325 826 2384 videatur
854 2346 866 2382 :
899 2327 1042 2383 infra
1075 2334 1277 2384 terram
1307 2325 1467 2397 quasi
1495 2339 1779 2384 carcerem

105 2414 462 2483 quemdam,
502 2423 572 2470 et
606 2414 699 2470 vel
733 2422 790 2472 ut
820 2414 1157 2488 ergastulum
1180 2415 1524 2474 tenebrarum
1544 2414 1780 2478 colloca-

104 2509 213 2558 tur.
253 2503 324 2558 ln
359 2504 486 2561 hoc
520 2503 761 2560 inferno
785 2504 990 2564 debent
1028 2503 1524 2576 inexstinguibilem
1570 2503 1776 2575 ignem,

113 2606 167 2653 et
200 2599 310 2670 qui
346 2607 416 2654 ut
453 2616 710 2671 semper
739 2599 951 2668 ardeat,
983 2600 1332 2656 nutrimento
1357 2615 1469 2656 non
1513 2608 1658 2671 eget,
1709 2601 1780 2660 ab

113 2687 276 2743 initio
309 2689 534 2744 mundi
572 2690 922 2745 daemonibus
952 2689 1282 2744 mternaliter
1310 2689 1622 2746 cruciandis
1643 2704 1781 2759 prae-

118 2785 415 2846 paratum.
459 2778 533 2832 In
571 2793 690 2850 quo
719 2777 930 2834 scilicet
959 2779 1105 2849 igne,
1139 2780 1303 2833 etiam
1334 2778 1585 2832 homines
1614 2776 1777 2831 mali-

120 2872 214 2944 gni
250 2888 389 2929 cum
424 2874 800 2930 daemonibus
828 2884 1086 2949 aeternam
1117 2890 1337 2945 pcenam
1371 2873 1593 2950 passuri
1628 2889 1730 2929 sun

125 2880 214 2944 gni
250 2888 389 2929 cum
424 2880 800 2930 daemonibus
828 2884 1086 2949 aeternam
1117 2890 1337 2945 pcenam
1371 2880 1593 2961 passuri
1628 2880 1776 3025 sua:

125 2962 252 3032 quia
285 2962 378 3017 eis
406 2962 470 3018 in
505 2963 630 3020 hac
657 2964 765 3019 vita
795 2962 1010 3034 positis;
1031 2957 1727 3034 adcnlpam‘cmsenserun

123 3049 210 3104 Ad
242 3051 401 3108 hunc
433 3043 737 3108 infernum
767 3053 962 3107 animai
992 3052 1406 3117 sceleratorum,
1452 3067 1486 3106 a
1529 3049 1776 3120 corpori-

130 3147 236 3201 bus
269 3165 575 3221 egressae,
620 3150 802 3204 statim
845 3151 1048 3204 retrudi
1088 3149 1445 3205 aestimantur.
1485 3149 1775 3204 Sicecon-
1809 3199 1815 3210 ,

128 3249 297 3292 verso
331 3237 735 3309 perfecturum
777 3245 829 3293 et
856 3239 1132 3307 justorum
1161 3246 1214 3294 et
1263 3237 1353 3308 qui
1399 3236 1470 3292 ab
1517 3225 1630 3290 hac.
1667 3235 1775 3290 vita

135 3323 372 3403 purgati
395 3334 652 3398 exeunt,
675 3326 972 3397 sinemus
1001 3325 1314 3392 ademtam,
1348 3325 1444 3382 ubi
1471 3323 1773 3386 secundum

135 3421 560 3483 humanitatem
585 3440 747 3484 suam
773 3423 931 3480 Jews
953 3423 1202 3482 Christus
1240 3422 1296 3478 in
1334 3423 1527 3480 dextra
1571 3420 1770 3487 Patris,

143 3512 304 3568 sedet
331 3512 390 3572 in
425 3513 648 3586 gloria,
681 3513 942 3572 continuo
969 3511 1168 3570 deduci
1197 3511 1516 3578 creduntur,
1540 3508 1620 3566 sic
1637 3508 1778 3566 scri-

143 3608 294 3670 ptum
327 3611 413 3660 est
454 3619 468 3657 :
511 3626 536 3656 σ
575 3601 906 3675 Ubicunque
934 3600 1100 3660 fuerit
1125 3616 1347 3672 corpus,
1377 3599 1774 3670 illuccongre-

150 3697 436 3768 gabuntur
466 3699 684 3774 aquila:
715 3699 936 3767 (Nat-th.
968 3702 1142 3763 xuvl-
1182 3720 1204 3744 ³

219 3818 324 3876 Est
351 3828 551 3878 autem
580 3820 693 3877 alia
719 3835 880 3891 penna
909 3827 1032 3891 post
1062 3827 1293 3875 mortem
1317 3833 1437 3891 quae
1454 3813 1773 3889 purgatoria

155 3905 382 3977 dicitur,
415 3910 476 3965 in
512 3925 626 3984 qua
659 3909 722 3964 hi
748 3909 838 3980 qui
867 3911 940 3963 ab
971 3909 1076 3964 hac
1124 3908 1234 3964 vita
1273 3922 1403 3962 cum
1449 3905 1772 3979 quibusdam

155 4005 351 4077 culpis,
387 4008 531 4078 justi
571 4015 777 4073 tamen,
817 4014 871 4062 et
907 4005 979 4062 ad
1020 4000 1184 4060 vitam
1224 4003 1593 4076 praedestinati
1646 4002 1772 4057 exi-

160 4102 370 4163 verunt,
407 4096 483 4151 a’d
515 4105 736 4166 tempus
767 4082 1076 4152 cruciantur
1102 4103 1156 4149 ut
1185 4101 1510 4165 purgentur.
1561 4089 1774 4161 Quibus

159 4179 578 4241 locus‘Omnino
609 4197 719 4240 non
748 4189 832 4240 est
857 4182 1271 4252 determinatus,
1306 4180 1408 4235 nisi
1446 4180 1575 4253 quia
1627 4178 1773 4234 mul-

167 4279 234 4334 tis
258 4280 542 4354 exemplis
583 4291 638 4339 εἰ
675 4281 1105 4338 revelationibus
1144 4279 1447 4335 animarum
1505 4278 1560 4333 in
1619 4277 1766 4348 ejus-

165 4369 308 4425 modi
337 4381 506 4442 pinna
539 4372 839 4443 positarum
871 4389 884 4424 :
918 4375 1065 4440 saap'e
1111 4369 1371 4424 nimirum
1416 4371 1774 4423 monstratum

174 4445 330 4512 estin
360 4459 468 4517 hoc
494 4459 714 4516 mundo
737 4467 844 4514 non
874 4457 1118 4515 exerceri
1150 4457 1263 4512 illa.
1291 4453 1353 4512 Et
1374 4454 1621 4512 fortassis
1646 4457 1778 4535 pro-

174 4553 403 4613 babilius
442 4553 654 4614 e‘r‘it’ut
693 4542 762 4612 "in
820 4557 906 4612 his
938 4553 1310 4628 potissimum
1364 4547 1501 4611 locis
1549 4551 1773 4632 .pmnam

177 4641 398 4716 singula:
438 4635 720 4702 sustinere
757 4633 1074 4702 "credantur
1103 4631 1129 4712 ,‘
1176 4643 1244 4700 in
1293 4635 1492 4715 quibus
1552 4637 1771 4716 culpam

178 4720 600 4806 commiserunt,
631 4733 774 4791 sicut
793 4732 986 4788 multis
1019 4721 1167 4808 saepe
1196 4728 1538 4788 documentis
1567 4728 1777 4804 proba-

183 4818 441 4904 tumeat.
488 4831 616 4889 Alia
653 4826 783 4888 vero
823 4823 1030 4902 siquae
1086 4826 1194 4885 sint
1247 4829 1442 4884 harum
1481 4841 1778 4902 'pmnarum
1823 4899 1830 4908 ί

185 4911 318 4981 loca,
348 4935 455 4975 non
493 4915 655 4998 facile
685 4915 1060 4991 assignantur.
1100 4919 1298 4974 Beatus
1340 4914 1674 4988 Augustinus
1723 4913 1780 4976 in

189 5003 404 5074 epistola
434 5009 592 5066 Petri
628 5007 869 5090 ostendit
898 5005 1045 5080 quod
1076 5014 1340 5078 apostatze
1369 5003 1553 5079 angeli
1587 5003 1779 5058 laben-

192 5105 269 5174 tes
290 5102 342 5157 in
359 5091 672 5176 huiusmodi
695 5106 802 5160 ima
821 5104 1028 5160 detrusi
1051 5113 1203 5179 sunt,
1231 5119 1404 5176 usque
1441 5102 1508 5156 ad
1550 5101 1778 5156 futuram

194 5187 248 5242 in
294 5191 379 5249 die
438 5187 633 5266 judicii
693 5194 936 5249 ultimam
976 5192 1409 5247 damnationem.
1456 5189 1591 5246 Nam
1633 5188 1778 5261 quod

200 5276 381 5358 Petrus
417 5299 699 5342 carcerem
742 5290 902 5339 vocat
942 5281 1193 5353 caliginis
1251 5278 1450 5336 inferni
1493 5279 1567 5354 (Il
1610 5279 1770 5333 Patr.

198 5377 280 5444 tl),
300 5377 354 5434 id
380 5383 580 5439 Paulus
612 5381 877 5437 tenebras
907 5379 1219 5452 appellasse
1241 5378 1505 5449 creditur,
1539 5377 1730 5432 dicens
1764 5391 1776 5430 :

210 5484 230 5509 ι
266 5477 494 5528 rectores
545 5470 899 5526 tenebrarum
961 5470 1152 5523 harum
1207 5466 1472 5540 spiritalia
1523 5464 1784 5537 nequitiae

205 5549 256 5604 in
279 5557 586 5640 caelestibus
620 5557 841 5631 (Ephes.
877 5558 974 5628 vr).
1015 5578 1032 5608 ο
1068 5557 1223 5612 Ilunc
1256 5563 1436 5625 autem
1481 5568 1782 5619 carcerem,

213 5648 314 5708 Sive
341 5658 586 5716 tenebras
619 5658 767 5724 istas,
804 5653 1160 5724 intelligimus
1189 5668 1379 5708 aerem
1428 5651 1590 5708 istum
1623 5665 1777 5704 esse.

212 5735 350 5795 Unde
367 5747 593 5806 etaerim
617 5753 913 5815 potestates
937 5744 1208 5808 dicuntur,
1241 5742 1295 5800 in
1328 5757 1436 5813 quo
1466 5740 1626 5794 modo
1667 5755 1785 5803 ma-
1814 5802 1816 5804 τ

221 5831 336 5905 ligni
364 5845 582 5913 spiritus
613 5852 738 5899 ante
767 5843 939 5898 ultimi
966 5841 1157 5911 judicii
1188 5841 1354 5904 diem,
1389 5846 1440 5893 et
1476 5835 1786 5898 secundum

1116 423 1697 513 DEFLORATIOXES
1739 455 1844 514 ss.
1873 414 2198 512 mm.
2239 489 2310 499 —
2341 458 2467 514 ua.
2501 456 2548 511 ῐ.

3359 459 3498 514 1οη

1824 580 1883 641 Α
1916 579 2106 634 futurae
2127 579 2494 636 damnationis
2552 577 3025 654 constringuntur,
3086 587 3142 638 et
3195 580 3498 644 secundum

1903 668 2104 742 aliquid
2166 669 2325 730 soluti
2373 676 2519 738 sunt,
2580 668 2923 741 inquantum,
2983 669 3193 730 scilicet
3254 671 3504 733 homines

1899 766 1965 820 ad
1999 767 2285 824 tentandos
2314 767 2622 826 secundum
2651 766 3011 826 moderamen
3041 768 3244 825 divinae
3271 769 3501 838 dispen-

1901 854 2126 911 sationis
2151 855 2221 915 ab
2252 854 2357 910 illis
2388 854 2612 912 interim
2642 855 2901 912 maximis
2931 857 3205 928 gehennas
3249 864 3499 914 tenuen-

1901 941 1969 998 tis
2007 941 2195 1008 laxati,
2234 958 2433 1002 vacare
2470 942 2883 1014 permittuntur.
2931 943 3012 1000 De
3061 943 3273 1000 inferno
3319 952 3502 1004 autem

1898 1029 1995 1088 ubi
2033 1030 2180 1102 ignis
2217 1030 2311 1090 ille
2347 1039 2584 1088 aeternus
2622 1039 2972 1104 praeparatus
3021 1039 3104 1088 est
3160 1031 3498 1100 cruciandis.

1901 1128 2092 1184 beatus
2123 1128 2426 1201 Gregorius
2455 1128 2512 1185 in
2543 1128 2638 1184 lib.
2672 1128 3027 1204 Dialogorum
3062 1136 3298 1191 testatur
3329 1148 3344 1186 :
3395 1130 3508 1194 hoc

1898 1217 2248 1273 verisimilius
2273 1217 2528 1287 iudicari,
2579 1225 2638 1273 ut
2688 1217 2828 1274 sicut
2877 1218 3138 1290 diximus,
3195 1219 3296 1278 sub
3356 1226 3504 1280 terra

1896 1321 2019 1360 esse
2055 1306 2334 1372 credatur,
2368 1314 2598 1378 propter
2627 1306 2966 1378 Scripturam
2996 1323 3119 1379 quae
3146 1306 3282 1363 dicit
3309 1323 3414 1364 nec
3441 1307 3500 1372 in

1894 1394 2055 1460 cutio,
2091 1410 2194 1454 nec
2224 1394 2278 1450 in
2310 1402 2479 1462 terra.
2512 1411 2616 1452 nec
2645 1395 2755 1458 sub
2785 1402 2928 1450 terra
2956 1394 3234 1456 inventum
3263 1395 3357 1470 qui
3415 1396 3487 1451 li-

1893 1483 2061 1537 brum
2091 1483 2361 1553 signatum
2391 1483 2608 1553 aperire
2639 1483 2922 1554 potuisset.
2949 1482 3130 1552 Qumri
3158 1492 3336 1538 autem
3384 1499 3495 1540 non

1893 1577 2346 1635 inconvenienter
2374 1587 2571 1650 potest,
2605 1587 2786 1636 utrum
2815 1579 3013 1635 anima
3031 1579 3487 1648 damnandorum,

1893 1683 2082 1723 eorum
2112 1667 2317 1723 scilicet
2346 1668 2438 1740 qui
2465 1669 2536 1724 ab
2566 1667 2749 1739 impiis
2777 1676 2832 1724 et
2870 1667 3315 1727 sceleratissimis
3359 1685 3493 1740 qua.-

1891 1756 2016 1810 dam
2045 1755 2263 1812 vivendi
2287 1772 2547 1814 mensura
2577 1757 2635 1811 in
2665 1755 2870 1814 malitia
2908 1755 3201 1812 inferiores
3253 1755 3490 1823 fuerunt,

1871 1859 2131 1916 -egressm
2167 1861 2197 1898 a
2233 1843 2557 1918 corporibus
2607 1844 2790 1900 statim
2850 1844 2919 1900 ad
2976 1843 3178 1906 inferni
3233 1843 3356 1906 loca
3391 1859 3490 1908 ra-

1809 1931 1860 1996 B
1890 1933 2122 2004 piantur,
2165 1932 2283 1988 sive
2323 1934 2376 1988 in
2414 1931 2535 1988 aliis
2576 1931 2910 2005 quibusdam
2968 1931 3104 1989 locis
3160 1933 3489 2004 pmnalibu-t,

1891 2020 2192 2080 secundum
2222 2020 2491 2080 occultam
2520 2020 2990 2092 dispensationem
3021 2019 3225 2078 abillis
3271 2020 3490 2094 gravio-

1892 2117 2040 2172 ribus
2068 2117 2335 2189 gehenna:
2365 2116 2652 2172 tormentis
2679 2116 2855 2174 adhuc
2884 2115 3099 2172 interim
3147 2113 3489 2182 differantur,
3538 2183 3544 2193 ⁸

1890 2213 1948 2260 ut
1977 2205 2230 2264 videlicet
2258 2204 2714 2277 quemadmodum
2747 2204 2895 2270 boni,
2931 2203 3025 2276 qui
3056 2219 3184 2262 cum
3215 2203 3391 2275 culpis
3436 2202 3492 2260 in

1890 2293 2216 2366 quibusdam
2257 2292 2635 2350 mansionibus
2674 2292 3009 2361 detinentur,
3065 2301 3242 2350 utrum
3301 2291 3490 2353 statim

1889 2383 1959 2438 ad
1997 2382 2204 2456 ‘gaudia
2243 2381 2510 2445 caelorum
2549 2379 2865 2448 ascendant,
2908 2379 2979 2434 ita
3035 2396 3255 2455 quoque
3307 2379 3492 2442 minus

1889 2471 2020 2543 mali
2051 2471 2177 2526 hinc
2207 2470 2563 2544 egrediuntur
2590 2468 2839 2541 quamvis
2887 2467 3207 2534 damnandi,
3257 2467 3490 2540 quibus-

1889 2561 2016 2616 dam
2056 2568 2243 2636 tamen
2293 2545 2589 2616 levioribus
2655 2556 2834 2630 poenis
2889 2557 3199 2618 secundum
3264 2556 3492 2612 modum
3535 2624 3537 2627 ι

1886 2657 2174 2728 culparum
2207 2653 2508 2726 dispositis,
2542 2667 2652 2708 non
2684 2653 2863 2708 statim
2892 2653 2962 2709 ad
2990 2659 3266 2709 tormenta
3287 2651 3491 2708 inferni

1886 2745 2250 2801 descendant.
2299 2745 2378 2799 De
2416 2741 2674 2814 perfectis
2713 2742 2874 2798 bonis
2925 2741 3148 2796 dubium
3217 2757 3329 2797 non
3384 2749 3490 2809 est,

1887 2834 2014 2904 quin
2047 2833 2425 2906 egredientes,
2458 2830 2640 2886 statim
2668 2830 2735 2884 ad
2767 2829 2969 2901 gaudia
2993 2837 3296 2885 transeant.
3329 2829 3492 2885 Simi-

1886 2921 2008 2996 βιοῖ
2033 2930 2092 2984 et
2117 2921 2187 3004 de
2219 2920 2377 3004 valde
2409 2919 2578 3002 nplia.
2597 2919 3097 3004 dubium'nonat,
3130 2917 3260 2990 quin
3281 2933 3492 2974 exeun-

1885 3017 1967 3066 tes
1998 2999 2297 3074 hinc,'sine
2327 2999 2484 3064 mora
2515 3007 2584 3062 ad
2613 3001 2811 3063 inferni
2832 3015 3104 3062 tormenta
3123 3005 3488 3063 descendant.

1885 3101 1964 3154 De
1993 3114 2098 3154 non
2131 3096 2386 3168 perfectis
2431 3111 2648 3167 quoque
2705 3095 2863 3150 bonis
2917 3101 3126 3151 certum
3176 3102 3283 3164 est,
3340 3095 3489 3165 quod

1881 3191 2029 3244 nunc
2063 3185 2284 3244 interim
2322 3184 2659 3256 quibusdam
2697 3182 2875 3253 poenis
2911 3198 3083 3254 usque
3141 3181 3213 3236 ad
3266 3180 3486 3252 plenam

1802 3285 1848 3349 C
1879 3283 2132 3339 videlicet
2162 3281 2544 3356 purgationem
2575 3295 2609 3335 a
2637 3281 2883 3358 venturis
2909 3278 3124 3350 gaudiis
3143 3277 3482 3358 diﬂ‘erantur.

1821 3365 1959 3429 "De
1981 3351 2500 3442 ‘imperfeCt'is'sive
2537 3357 2728 3423 minus
2758 3355 2916 3422 malis
2956 3371 3170 3422 certum“
3200 3367 3335 3421 ἰιοῇ
3375 3351 3479 3421 est

1880 3462 1971 3516 ubi
2000 3476 2144 3517 nunc
2173 3459 2300 3526 sint,
2326 3458 2516 3514 donec
2545 3443 2610 3511 in.
2631 3457 2875 3528 tempere
2903 3444 3242 3511 universalis
3295 3469 3484 3510 resur-

1882 3549 2138 3606 rectionis
2170 3546 2409 3619 receptis
2442 3545 2772 3617 corporibus
2801 3544 2869 3599 ad
2915 3543 3008 3599 illa
3054 3549 3329 3598 tormenta
3377 3541 3485 3598 de-
3557 3547 3561 3550 ’

1881 3637 2169 3702 scendam,
2202 3636 2294 3691 ubi
2326 3649 2549 3706 semper
2577 3633 2706 3688 sint.
2738 3632 2900 3700 Nam,
2934 3631 2979 3686 si
3009 3630 3214 3686 idcirco
3251 3630 3321 3686 ab
3367 3628 3483 3686 illis

1879 3725 2094 3782 differri
2125 3725 2403 3789 dicuntur,
2437 3724 2560 3794 quis
2604 3721 2784 3776 minus
2821 3718 2953 3774 mali
3018 3726 3165 3786 sunt,
3221 3723 3485 3789 poterunt

1843 3837 1846 3839 λ
1881 3825 2042 3882 simili
2064 3825 2277 3880 ratione
2305 3839 2411 3878 non
2445 3821 2764 3878 diﬂ’erenter
2791 3817 2946 3876 credi
2977 3819 3120 3889 quia
3175 3805 3481 3874 damnandi

1878 3921 2028 3970 sunt.
2069 3913 2210 3982 Quid
2241 3912 2388 3968 enim
2452 3910 2615 3966 faciat
2673 3909 2882 3974 dilatio,
2931 3907 3023 3962 ubi
3075 3905 3387 3962 emendatio
3429 3913 3486 3962 et

1879 4001 2126 4076 purgatio
2164 4003 2288 4056 esse
2345 4015 2458 4054 non
2525 3998 2772 4070 potest?
2837 3995 2994 4065 Quod
3061 4001 3286 4074 tamen,
3357 3995 3486 4066 quia

1880 4091 2160 4148 occultum
2192 4088 2415 4145 omnino
2446 4094 2550 4155 est,
2585 4099 2932 4158 nequaquam
2962 4089 3172 4139 temere
3197 4081 3484 4138 diﬂinlen—
3527 4087 3534 4094 ‘

1880 4181 2010 4234 dum
2041 4187 2147 4234 est.
2186 4180 2258 4233 Et
2287 4179 2404 4233 haec
2433 4174 2705 4230 sufﬁciant
2732 4175 2801 4229 de
2828 4172 2968 4228 locis
2998 4187 3276 4244 poenarum
3309 4175 3366 4228 et
3413 4170 3484 4227 de
3545 4213 3549 4218 -

1881 4267 2057 4342 pugnis
2082 4266 2386 4322 animarum
2419 4264 2592 4320 dicta.

1997 4465 2000 4468 .
2094 4414 2331 4480 SERMO
2369 4413 2465 4470 DE
2503 4410 2748 4472 DlVlTE
2786 4410 2878 4472 ET
2916 4408 3263 4468 PAUPERE.

1833 4633 1836 4636 ,
1953 4565 2243 4626 Sciendum
2273 4571 2355 4620 est
2379 4562 2522 4637 quod
2551 4561 2716 4640 homo
2765 4557 3105 4620 Christianus
3141 4573 3265 4640 non
3312 4549 3482 4636 debet:

1802 4641 1854 4702 D
1882 4655 2086 4720 divitiis
2115 4653 2414 4719 abundare,
2451 4650 2555 4713 sed
2583 4664 2805 4722 semper
2830 4665 2890 4704 se
2920 4653 3222 4720 pauperem
3261 4657 3469 4722 cogno-

1884 4729 2064 4804 scere.
2112 4742 2181 4798 Et
2218 4741 2266 4796 si
2305 4740 2469 4797 habet
2507 4737 2744 4812 divitias,
2785 4736 2931 4806 scire
2969 4725 3148 4791 debet~
3181 4734 3309 4814 quia
3371 4750 3481 4814 non

1885 4841 2012 4890 sunt
2049 4847 2194 4888 verte
2233 4827 2454 4894 divitiae,
2497 4833 2556 4882 ut
2611 4823 2751 4882 alias
2814 4815 3114 4911 desideret.
3177 4820 3283 4891 Qui
3311 4815 3482 4885 enim

1879 4930 2045 4986 falsas
2073 4926 2286 4983 divitias
2307 4924 2607 4990 desiderat,
2639 4937 2797 4978 veras
2829 4933 2938 4979 non
2969 4917 3183 4994 quaerit.
3229 4915 3479 4998 Fallaces
3538 4913 3546 4918 ’

1883 5018 2084 5076 etenim
2126 5022 2268 5083 sunt,
2298 4999 2432 5086 quae
2482 5011 2766 5068 nobiscum
2827 5009 2921 5063 diu
2985 5022 3308 5086 permanere
3368 5023 3480 5070 non
3519 5009 3540 5073 ξ

1884 5113 2131 5180 possunt.
2167 5103 2406 5158 Fallaces
2447 5108 2595 5166 sunt,
2635 5115 2755 5176 qum
2805 5095 3004 5160 mentis
3053 5093 3296 5166 inopiam
3367 5111 3478 5156 non

1885 5204 2180 5278 expellunt.
2221 5201 2368 5257 Solae
2394 5207 2578 5256 autem
2609 5197 2810 5260 divinae
2839 5211 2988 5252 vera:
3018 5201 3163 5258 sunt,
3210 5209 3333 5266 quae
3377 5209 3482 5260 nos
3513 5195 3534 5267 χ

1884 5293 2082 5359 divites
2108 5283 2398 5354 virtutibus
2427 5287 2655 5356 faciunt.
2697 5283 2804 5356 Qui
2831 5291 3008 5356 autem
3057 5298 3217 5342 veras
3263 5281 3482 5356 quaerit,

1885 5383 2064 5438 adhuc
2092 5395 2300 5453 pauper
2331 5384 2522 5446 est,.et
2552 5383 2698 5442 recte
2729 5373 2860 5430 dicit
2894 5389 2907 5426 :
2944 5395 2965 5420 «
3011 5371 3252 5443 Pauper,
3279 5379 3334 5426 et
3379 5369 3485 5436 do-

1885 5471 2006 5527 lens
2032 5485 2138 5541 ego
2165 5484 2286 5524 sum
2314 5466 2492 5538 (Psal.
2528 5463 2741 5534 vam).
2773 5484 2797 5511 υ
2830 5461 3036 5520 Rursus
3065 5459 3176 5524 ille,
3208 5457 3302 5531 qui
3347 5475 3488 5532 pan-
3532 5525 3540 5532 η

1889 5585 1989 5641 per
2018 5575 2119 5636 est,
2153 5575 2207 5624 et
2235 5563 2476 5636 nequitia
2506 5563 2720 5633 plenus,
2753 5557 2902 5620 unde
2931 5557 3025 5616 ille
3065 5555 3266 5618 dicitur
3304 5556 3488 5619 abun-
3536 5616 3542 5632 τ

1891 5658 2044 5723 dare,
2076 5655 2206 5728 quia
2237 5653 2288 5716 ei
2315 5652 2568 5722 displicet
2604 5648 2751 5723 quod
2802 5663 3013 5718 pauper
3062 5653 3166 5711 est,
3216 5653 3271 5703 et
3313 5645 3487 5716 justi-7
3539 5649 3548 5718 ξ

1894 5747 1970 5804 tia
2010 5745 2127 5815 ipsa
2165 5742 2378 5800 videtur
2415 5737 2786 5800 abundat-ein
2843 5736 3012 5796 corde
3069 5750 3170 5790 suo
3221 5734 3490 5792 adversus

1817 5851 1840 5899 _‘
1889 5833 2154 5907 justitiam
2185 5831 2305 5889 Dei.
2345 5828 2468 5890 Non
2499 5837 2638 5885 sunt.
2677 5833 2860 5893 auitam
2890 5838 3064 5886 vera:
3115 5823 3318 5906 divitia:
3377 5824 3492 5902 illae
3527 5879 3551 5907 ’ί

223 5904 403 5998 aliquid
438 5933 591 6008 ligati
633 5939 776 5999 sunt,
817 5904 1138 6002 inquantum
1186 5927 1396 5984 scilicet
1451 5921 1789 5981 conscientia
1891 5904 2151 5988 terrenae,
2194 5919 2293 5974 sed
2332 5915 2675 5981 mendicitas,
2709 5911 2834 5984 quia
2865 5918 3070 5982 quanto
3100 5904 3274 5980 magis
3303 5909 3484 5964 abun-
