3924 6406
418 359 559 419 1018

1563 348 2239 443 xvauuamaasnxs
2278 351 2342 410 s.
2389 350 2610 443 ausu

3577 354 3731 413 1016

418 478 573 554 dant,
600 487 753 539 tanto
781 477 984 539 crescit
1010 478 1217 554 inopia,
1279 486 1334 536 et
1387 478 1618 555 avaritia
1676 479 1803 557 plus
1856 486 2021 554 auget
2053 479 2109 540 A
2137 464 2326 553 etc.(l
2352 482 2497 539 Tim.
2537 481 2642 553 νι.)
2668 462 2885 539 «Radix
2916 480 3063 539 enim
3090 480 3354 539 malorum
3382 481 3617 540 omnium
3640 489 3732 540 est

419 572 778 646 cupiditatem
806 570 857 626 ei
888 570 978 643 qui
1012 570 1135 626 illas
1165 568 1441 644 possidet.

424 660 643 721 Crescit
656 676 818 718 amor
832 661 1057 717 nummi
1076 663 1356 733 quantum
1375 661 1502 733 ipsa
1524 660 1771 731 pecunia
1798 660 2021 716 crescit.

959 748 1281 819 (JUVBNAL.,
1315 756 1426 805 sat.
1467 750 1553 817 tt,
1588 765 1735 805 vers.
1772 750 1919 820 139.)

422 838 506 895 De
532 837 617 894 his
644 838 846 894 divitiis
876 838 1141 910 scriptum
1172 845 1256 894 est
1289 854 1303 892 :
1361 856 1385 888 ε
1434 837 1561 893 Non
1600 838 1902 909 proderunt
1967 838 2025 893 in

422 926 566 983 diem
605 926 825 983 ultionis
857 969 873 994 ,
911 927 1125 999 justitia
1173 934 1356 981 autem
1420 925 1680 981 liberabit
1744 942 1776 983 a
1843 936 2024 983 morte

422 1026 615 1097 (Prov.
651 1023 757 1095 xl).
800 1048 822 1073 ι
855 1025 924 1081 Ει
953 1024 1082 1080 alibi
1116 1041 1131 1080 :
1168 1046 1199 1073 ι
1233 1022 1340 1095 Qui
1393 1022 1614 1080 festinat
1671 1022 1857 1090 ditari,
1912 1040 2024 1080 non

423 1113 527 1171 erit
550 1114 820 1171 innocens
849 1113 1299 1184 (Prov.'xxvxxx).
1338 1135 1360 1163 ιι
1424 1112 1651 1168 Multum
1703 1119 1884 1168 autem
1934 1111 2023 1169 di-

419 1217 519 1260 ves
546 1205 635 1259 est
660 1202 750 1259 cui
779 1201 915 1259 nihil
943 1202 1124 1259 deest.
1166 1200 1272 1272 Qui
1302 1209 1487 1257 autem
1528 1200 1679 1274 cupit
1724 1200 1888 1273 nihil,
1943 1201 2024 1258 illi

418 1288 554 1348 nihil
581 1291 763 1349 deest.
800 1290 936 1348 Ideo
965 1290 1192 1365 quidam
1221 1291 1444 1362 sapiens
1474 1290 1612 1347 dixit
1643 1310 1657 1347 :

423 1389 557 1461 Qui:
590 1388 741 1448 dives
762 1392 789 1447 .’
828 1389 935 1460 Qui
964 1389 1133 1447 nulla
1162 1387 1347 1462 cupit.
1388 1389 1521 1461 Qui:
1549 1404 1770 1464 pauper
1801 1392 1826 1447 ἵ
1860 1388 2024 1446 Ava-

1404 1490 1411 1496 .
1794 1478 1942 1552 Im.

421 1590 446 1618 ο
480 1566 668 1640 Quare
696 1577 876 1626 autem
909 1574 1227 1643 quaeruntur
1255 1567 1375 1625 ista:
1396 1566 1608 1623 'divitiu-
1635 1568 1665 1622 ‘l
1690 1567 1870 1624 Nemo
1910 1565 2024 1622 vult

414 1657 573 1715 dives
600 1674 745 1724 esse,
778 1659 885 1715 nisi
915 1662 975 1714 ut
1004 1657 1228 1714 inﬂetur
1255 1657 1401 1714 inter
1425 1672 1522 1713 eos
1565 1656 1708 1713 inter
1753 1672 1893 1730 quos
1934 1655 2021 1711 vi-

411 1757 514 1827 vit,
534 1765 593 1814 ut
613 1757 862 1831 superior
887 1756 996 1814 illis
1025 1756 1299 1813 videatur.
1340 1756 1555 1812 Divites
1600 1770 1736 1810 vero
1784 1763 1835 1811 et
1886 1770 2022 1827 pau-

2135 564 2410 641 cupiditas
2438 567 2647 642 (ibid),
2685 592 2709 619 ιι
2744 586 2851 626 non
2883 584 3073 626 aurum
3099 572 3187 629 vel
3214 579 3527 646 argentum.
3581 572 3732 630 Hinc

2135 658 2397 715 Salomon
2424 658 2601 714 dixit:
2637 681 2660 709 «
2702 656 2808 729 Qui
2858 668 3002 715 amat
3057 658 3293 730 divitias,
3353 660 3556 717 fructus
3609 677 3728 717 non

2134 750 2316 828 capiet
2355 772 2420 812 ex
2460 756 2541 813 eis
2580 757 2788 823 (Eccle.
2847 759 2923 829 v).
2964 781 2987 807 ι
3048 758 3178 814 ideo
3234 758 3410 815 statim
3456 757 3728 815 subinfert

2134 846 2429 917 Apostolus
2462 847 2513 911 (1
2541 838 2679 902 Tim.
2713 846 2789 917 vx)
2824 863 2837 902 :
2873 869 2895 897 ι
2929 848 3011 902 Tu
3043 855 3244 915 autem,
3277 848 3439 905 homo
3460 849 3577 913 Dei,
3601 850 3728 906 haec

2133 934 2287 1008 fuge,
2317 943 2532 991 sectare
2554 932 2846 1005 justitiam,
2877 958 2898 985 ιι
2924 921 3171 993 faciendo
3193 937 3382 1009 cuique
3403 937 3545 1011 quod
3562 954 3726 993 suum

2133 1031 2255 1089 est;
2291 1044 2315 1077 ι
2349 1024 2628 1097 pietatem,
2655 1047 2677 1073 ιι
2703 1023 3117 1097 eompatiendo;
3151 1049 3172 1075 ιι
3197 1024 3380 1092 ﬁdem,
3417 1048 3439 1075 ιι
3461 1027 3727 1084 mundum

2131 1123 2256 1196 plus
2278 1140 2404 1180 esse
2422 1138 2584 1197 quam
2604 1122 2779 1179 Deum
2803 1140 2913 1180 non
2946 1122 3258 1197 credendo;
3293 1147 3316 1174 ιι
3349 1124 3722 1196 cbaritatem,-

2131 1212 2416 1287 diligendo
2447 1213 2620 1269 Deum
2653 1231 2668 1280 ;
2706 1233 2729 1264 ι
2770 1213 3107 1285 patientiam,
3141 1236 3165 1263 ιι
3199 1213 3420 1270 ferendo
3448 1213 3723 1277 adversa:

2137 1323 2160 1353 ι
2186 1301 2714 1366 mansuetudinem,-
2741 1302 2874 1358 nulli
2892 1316 3060 1374 naper
3078 1301 3386 1369 existendo,
3408 1303 3502 1359 sed
3524 1303 3722 1361 dulcis.

2131 1393 2262 1449 Haec
2276 1392 2420 1447 habe
2441 1391 2497 1446 in
2526 1398 2578 1447 te
2611 1409 2625 1455 ;
2658 1407 2759 1463 pro
2789 1391 2910 1446 aliis
2943 1414 2966 1441 ιι
3000 1399 3149 1449 certa
3187 1391 3394 1448 bonum
3440 1398 3725 1449 certamen

2131 1480 2280 1548 fidei,
2317 1503 2340 1531 ιι
2376 1479 2477 1536 sed
2535 1480 2757 1536 assidue
2803 1488 2856 1536 et
2911 1496 3036 1538 cum
3085 1480 3441 1548 discretione,
3508 1489 3565 1538 et
3619 1497 3726 1554 pro

2129 1569 2216 1624 his
2246 1593 2269 1619 ιι
2302 1569 2660 1641 apprehende
2714 1568 2880 1625 vitam
2937 1577 3213 1636 mternam,
3252 1594 3273 1619 ι
3331 1570 3387 1625 id
3440 1578 3542 1637 est,
3597 1586 3720 1626 eam

2131 1659 2302 1714 solam
2332 1657 2641 1714 mercedem
2673 1673 2873 1731 quxere.
2927 1659 3056 1714 Haec
3101 1659 3279 1715 omnia
3328 1658 3516 1713 amittit
3570 1659 3723 1732 cupi-

2129 1748 2253 1814 dus,
2285 1755 2341 1803 et
2364 1763 2557 1803 eorum
2587 1747 2748 1803 habet
2775 1748 3046 1804 contraria
3076 1747 3166 1820 qui
3192 1756 3338 1804 amat
3365 1747 3486 1820 plus
3509 1748 3718 1805 habere

408 1862 572 1920 peres
602 1847 656 1902 in
686 1846 857 1903 corde
887 1845 1198 1919 interrogat
1226 1846 1511 1910 Dominus,
1544 1859 1653 1901 non
1686 1842 1742 1899 in
1782 1859 1915 1899 arca
1963 1852 2017 1899 et
2044 1842 2096 1909 Β
2125 1861 2290 1921 quam
2320 1852 2562 1917 oportet.
2600 1844 2771 1901 Fideli
2802 1845 3006 1901 homini
3035 1854 3180 1902 totus
3209 1846 3441 1902 mundus
3495 1846 3713 1901 divitia-

408 1936 597 1992 domo.
630 1935 840 1992 Habeat
865 1933 1066 1990 multas
1096 1934 1393 1992 facultates
1421 1932 1781 2004 pecuniarum
1813 1949 1827 1987 :
1864 1931 1909 1988 si
1958 1932 2014 1988 in

406 2024 488 2081 eis
517 2040 629 2080 non
656 2022 951 2092 extollitur,
980 2039 1186 2095 pauper
1227 2031 1329 2080 est.
1372 2023 1495 2079 Non
1536 2021 1734 2078 habeat
1782 2019 2010 2092 aliquid,

407 2126 462 2176 et
490 2120 697 2192 cupiat,
730 2128 782 2176 et
811 2116 1030 2175 inﬂetur
1060 2138 1074 2175 :
1110 2120 1249 2176 inter
1275 2118 1471 2177 divites
1501 2126 1556 2175 et
1585 2118 1857 2190 reprobos
1887 2134 2013 2173 eum

406 2208 632 2283 deputat
663 2206 838 2266 Deus.
875 2208 1031 2266 Unde
1060 2209 1313 2264 dominus
1342 2209 1416 2263 ait
1448 2223 1461 2263 :
1496 2206 1732 2263 Facilius
1780 2214 1864 2263 est
1912 2223 2011 2263 ca-

401 2298 605 2356 melum
638 2314 736 2372 per
762 2296 1006 2354 foramen
1038 2314 1172 2354 acus
1203 2297 1453 2364 transire,
1487 2314 1648 2371 quam
1680 2295 1923 2362 divitem,
1956 2296 2012 2352 id

400 2393 486 2444 est
516 2395 791 2443 amantem
820 2385 1060 2455 divitias,
1096 2385 1199 2443 etsi
1243 2403 1355 2443 non
1410 2384 1631 2450 habeat,
1688 2386 1897 2442 intrare
1954 2385 2010 2442 in

398 2501 635 2562 regnum
659 2484 760 2541 Dei
776 2484 999 2555 (Matth.
1018 2486 1191 2556 xxx).u
1213 2516 1282 2527 —
1300 2508 1323 2531 ιι
1342 2485 1482 2541 Nam
1502 2481 1796 2558 quivolunt
1815 2481 2014 2540 divites

395 2568 544 2645 ﬁeri,
575 2573 825 2632 incidunt
854 2573 908 2631 ia
943 2573 1299 2632 tentationem
1330 2583 1382 2632 et
1410 2572 1668 2648 laqueum
1714 2572 1944 2643 diaboli,
1982 2593 2005 2622 ι

2123 1950 2245 1992 rum
2275 1938 2380 1991 est.
2414 1934 2552 1990 Audi
2584 1934 2803 1989 Paulum
2827 1948 2842 1989 :
2865 1957 2887 1984 ιι
2922 1935 3070 1990 Nihil
3098 1936 3386 2002 habentes,
3431 1942 3485 1991 et
3530 1934 3715 1992 omnia

2121 2024 2476 2098 possidentes
2506 2025 2586 2095 (ΙΙ
2612 2024 2733 2080 Cor.
2768 2026 2845 2094 vx)
2880 2047 2903 2073 ιι
2938 2025 3004 2079 Et
3033 2024 3123 2096 qui
3152 2032 3374 2098 praestat
3402 2024 3576 2088 nobis.
3601 2040 3713 2080 non

2122 2113 2382 2170 divitibus
2410 2113 2577 2184 hujus
2600 2113 2795 2169 saeculi
2816 2112 3001 2169 omnia
3028 2114 3373 2170 abundanter
3408 2114 3477 2169 ad
3522 2113 3712 2170 fruen-

2123 2205 2278 2260 dum.
2314 2202 2421 2274 Qui
2451 2201 2568 2260 vult
2596 2218 2734 2275 ergo
2766 2218 2890 2258 esse
2918 2202 3094 2271 dives,
3149 2218 3257 2260 non
3307 2205 3506 2259 haereat
3548 2204 3708 2275 parti,

2123 2311 2175 2359 et
2206 2310 2376 2358 totum
2405 2300 2735 2373 possidebit.
2775 2300 2858 2355 [lli
2883 2299 3083 2357 haereat
3131 2302 3223 2374 qui
3266 2308 3435 2357 totum
3483 2301 3707 2366 creavit,

2121 2399 2176 2447 et
2206 2390 2375 2446 habet
2402 2404 2499 2444 eas
2526 2388 2597 2444 de
2626 2388 2826 2460 quibus
2854 2388 3054 2444 dicitur
3080 2403 3095 2445 :
3123 2411 3147 2437 ιι
3181 2389 3498 2460 Redemptio
3517 2390 3714 2445 animm

2119 2480 2223 2537 viri
2254 2478 2458 2535 divitiae
2478 2480 2598 2549 ejus
2619 2479 2804 2547 (Prov.
2836 2479 2977 2548 xxxx).
3014 2500 3038 2526 ιι
3070 2476 3222 2549 Quas
3248 2479 3337 2553 qui
3369 2494 3484 2535 non
3524 2477 3708 2548 habet,

2121 2584 2333 2645 pauper
2357 2576 2461 2637 est,
2491 2576 2551 2625 et
2574 2581 2686 2625 non
2708 2563 2899 2624 suﬁ'ert
2921 2567 3126 2625 minas.

918 2896 1542 3005 DOMINICA
1613 2896 1704 3004 II
1775 2848 2111 3005 pesr
2192 2882 3146 3000 PENTECOSTEN.

1704 3159 2102 3228 Secundum
2141 3158 2427 3226 Lucam.

472 3349 497 3376 ιι
525 3324 705 3387 Homo
732 3323 959 3400 quidam
990 3321 1118 3383 fecit
1143 3336 1357 3384 caenam
1386 3337 1641 3397 magnam
1677 3327 1733 3380 et
1778 3321 1999 3381 vocavit
2026 3320 2081 3385 Ο
2106 3294 2161 3378 ει
2195 3321 2320 3393 ejus
2358 3319 2636 3378 inhaerere
2672 3319 2948 3377 mandatis
3001 3322 3418 3394 compunctione
3475 3321 3714 3381 saluber-

394 3414 619 3483 multos,
652 3438 677 3466 ι
713 3422 826 3473 etc.
864 3415 1032 3487 (Luc.
1079 3414 1237 3487 xxv.)
1296 3411 1679 3484 Omnipotens
1736 3412 1890 3468 Deus
1946 3411 2013 3481 in,
2112 3409 2254 3467 rima
2281 3409 2618 3477 cohortatur,
2650 3417 2711 3465 ut
2739 3409 3013 3467 Abraham
3061 3426 3196 3467 voce
3240 3411 3533 3469 Dominiea
3578 3412 3713 3487 legi-

397 3503 624 3561 exordio
651 3502 953 3561 mundanae
978 3500 1389 3560 reformationis
1412 3501 1486 3557 ad
1534 3516 1596 3558 se
1651 3516 2005 3573 cognoscen-
2114 3515 2238 3556 mus
2277 3506 2554 3557 vocatum.
2603 3499 2695 3556 Sic
2730 3500 2877 3555 enim
2915 3500 3051 3555 dixit
3087 3498 3137 3557 ei

395 3592 550 3659 dum,
580 3608 754 3666 seque
782 3578 1173 3664 perpetualitar
1192 3590 1529 3649 laudandum
1550 3590 1693 3649 duos
1713 3588 2009 3648 rationales

397 3689 682 3738 creaturas
711 3723 728 3749 ,
788 3681 1094 3752 angelicam
1133 3679 1343 3737 scilicet
1379 3687 1433 3735 et
1489 3677 1813 3757 humanam,
1870 3694 2011 3736 con-

402 3779 560 3835 didit.
595 3779 709 3837 Sed
743 3779 871 3853 quia
901 3778 1160 3854 angelica
1187 3792 1392 3849 magna
1405 3793 1479 3853 ex
1506 3784 1662 3849 parte
1675 3793 1773 3848 per
1793 3777 2011 3849 culpam

403 3868 676 3941 superbiae
700 3869 862 3942 lapsa
908 3877 1012 3938 est,
1045 3869 1297 3923 humanae
1326 3876 1533 3925 naturae
1562 3866 1748 3922 statim
1797 3865 2010 3934 invidit,

404 3974 637 4031 eamque
655 3958 725 4014 ad
741 3958 956 4032 lapsum
987 3955 1252 4030 peccandi
1281 3956 1564 4020 conduxit,
1595 3962 1762 4027 atque
1790 3971 1825 4011 a
1851 3942 2013 4028 para-

406 4046 511 4103 disi
536 4038 751 4107 deliciis
785 4046 1045 4119 privavit.
1083 4047 1164 4105 De
1193 4060 1308 4118 qua
1362 4044 1671 4118 privatione
1729 4043 2013 4103 Dominica

407 4137 678 4210 parabole
707 4135 841 4193 dicit
870 4152 888 4195 :

485 4258 508 4284 α
542 4235 720 4292 Homo
749 4234 967 4307 quidam
1000 4231 1128 4290 fecit
1157 4247 1371 4290 caenam
1402 4248 1665 4306 magnam
1694 4240 1751 4290 ει
1795 4234 2017 4292 vocavit

411 4324 633 4380 multos.
660 4344 684 4373 ιι
720 4322 1089 4394 Spiritualiter
1114 4321 1282 4378 homo
1315 4322 1418 4378 iste
1467 4324 1615 4378 Deus
1670 4330 1754 4379 est
1816 4323 2018 4379 intelli-

408 4410 645 4484 gendus,
686 4410 756 4468 de
793 4425 904 4484 quo
940 4410 1205 4483 scriptum
1244 4419 1375 4468 est:
1413 4411 1577 4468 humo
1635 4418 1740 4478 est,
1786 4418 1843 4468 ει
1872 4412 2017 4485 ιᾳυίε

412 4500 699 4576 cognoscit
733 4501 912 4557 eum?
966 4500 1039 4555 Et
1093 4499 1335 4559 iterum:
1401 4524 1423 4551 ιι
1486 4502 1663 4558 Homo
1720 4509 1879 4558 natus
1934 4508 2019 4558 est

415 4589 473 4646 in
511 4604 578 4647 ea
608 4630 624 4659 ,
666 4596 720 4646 et
756 4587 875 4662 ipse
939 4578 1203 4644 fundavit
1251 4605 1377 4645 eam
1463 4588 1777 4646 Altissimus
1824 4591 2009 4669 (Paul.

3177 3517 3195 3556 :
3228 3523 3252 3549 ιι
3288 3501 3385 3557 Exi
3430 3500 3509 3558 de
3565 3510 3712 3559 terra

2116 3596 2225 3656 tua,
2256 3596 2309 3645 et
2338 3587 2409 3644 de
2441 3589 2769 3662 cognatione
2800 3596 2890 3643 tua
2921 3589 3081 3659 (Gen.
3130 3590 3253 3661 xxx).
3297 3612 3321 3640 ιι
3380 3588 3505 3661 Quo
3552 3592 3711 3647 etiam

2117 3687 2281 3744 modo
2338 3688 2619 3745 Antonius
2666 3696 2748 3745 est
2806 3688 3040 3745 accitus.
3106 3688 3351 3745 Audiens
3407 3689 3604 3763 quippe
3657 3690 3714 3745 in

2116 3777 2370 3835 Ecclesia
2399 3777 2531 3834 illud
2560 3777 2984 3849 evangelicum:
3022 3799 3046 3829 ε
3082 3777 3186 3847 Qui
3215 3794 3323 3835 non
3349 3778 3466 3835 odit
3502 3788 3713 3850 patrem

2118 3871 2173 3923 et
2203 3875 2437 3924 matrem
2458 3868 2622 3935 (Luc.
2654 3868 2785 3936 xxv),
2816 3875 2926 3924 etc.
2960 3874 3055 3936 ;et
3083 3866 3217 3923 illud
3253 3885 3265 3922 :
3304 3890 3327 3919 ο
3360 3868 3417 3924 Si
3457 3867 3540 3923 vis
3581 3884 3712 3940 per-

2120 3954 2297 4013 fectus
2327 3972 2472 4023 esse,
2505 3955 2651 4013 vade
2682 3965 2735 4012 et
2765 3956 2942 4012 vende
2980 3956 3184 4024 omnia,
3238 3965 3296 4014 et
3336 3957 3403 4013 da
3458 3956 3712 4029 pauperi-

2121 4043 2244 4112 bus,
2267 4053 2321 4101 et
2338 4045 2572 4100 habebis
2594 4045 2908 4101 thesaurum
2939 4044 2997 4100 in
3015 4045 3175 4113 coelo,
3209 4054 3265 4102 et
3286 4047 3431 4110 veni.
3478 4061 3712 4119 sequere

2121 4150 2212 4190 me
2243 4134 2469 4206 (Matth.
2503 4138 2615 4204 xxx)
2641 4151 2658 4202 ;
2688 4157 2712 4183 ιι
2747 4142 2802 4190 et
2821 4134 3130 4200 confestim,
3154 4136 3467 4193 renuntians
3484 4135 3713 4203 cunctis,

2121 4231 2345 4280 secutus
2385 4230 2469 4279 est
2535 4224 2826 4290 Christum,
2895 4222 3041 4279 nulla
3095 4224 3478 4281 exhortatione
3539 4240 3713 4296 neque

2121 4307 2373 4380 doctrina
2398 4326 2754 4393 provocatus.
2819 4322 3105 4379 Secundus
3157 4321 3464 4379 vocationis
3516 4321 3716 4381 modus

2121 4418 2207 4467 est
2234 4426 2355 4468 cum
2413 4410 2497 4467 vel
2550 4409 2817 4482 exemplis
2864 4419 3196 4478 sanctorum,
3255 4411 3342 4468 vel
3386 4411 3603 4468 monitis
3640 4412 3711 4467 ad

2124 4499 2456 4556 desiderium
2514 4499 2707 4556 salutis
2762 4500 3142 4563 accendimur.
3211 4497 3333 4571 Quo
3372 4499 3561 4558 ordine
3620 4516 3719 4572 per

2123 4590 2350 4661 Moysen
2381 4587 2481 4645 lilii
2512 4588 2684 4645 Israel
2716 4589 2785 4645 de
2814 4587 3108 4646 attlictione
3145 4590 3363 4664 Egypti
3409 4598 3535 4647 sunt
3583 4588 3719 4645 libe-

418 4676 665 4749 Lxxxvx).
730 4698 761 4739 ιι
804 4676 909 4747 Qui
941 4678 1105 4734 homo
1135 4687 1359 4735 vocatur
1385 4677 1455 4736 ab
1485 4680 1837 4748 humanitate,
1889 4681 2016 4754 quia
2044 4682 2098 4751 D
2130 4678 2254 4734 rati.
2287 4677 2509 4734 Tertius
2539 4686 2642 4749 est,
2675 4693 2800 4735 cum
2849 4686 3076 4748 repente
3118 4677 3507 4751 ingruentibus
3553 4684 3723 4741 tenta:

419 4760 820 4841 benignissima
880 4766 1127 4841 largitate
1193 4764 1436 4841 quotidie
1515 4769 1716 4840 generi
1781 4771 2018 4827 humano

418 4882 574 4925 suam
607 4850 827 4923 exhibet
854 4865 1124 4941 gratiam.
1166 4864 1269 4935 Qui
1302 4863 1427 4923 fecit
1474 4882 1687 4925 caenam
1739 4884 2020 4941 magnam.

422 4956 560 5029 quia
589 4952 992 5012 indeiicientem
1042 4953 1341 5010 satietatem
1390 4954 1444 5011 in
1487 4964 1686 5012 aeterna
1735 4950 2039 5014 dulcedine

423 5046 620 5103 electis
648 5043 931 5099 animabus
960 5044 1305 5116 praeparavit.
1346 5045 1566 5102 Vocavit
1596 5051 1777 5103 autem
1802 5046 2025 5113 multos,

426 5134 664 5208 primum
698 5148 801 5207 per
832 5131 1072 5205 seipsum
1091 5131 1314 5190 Judmos
1359 5134 1733 5205 praedicando,
1790 5146 2029 5209 postmo-
2066 5132 2069 5135 Α

430 5224 557 5280 dum
587 5238 689 5297 per
745 5221 1190 5293 praedicationem
1247 5223 1619 5293 apostolorum
1677 5241 1742 5280 ex
1799 5234 2032 5299 quatuor

427 5308 880 5384 mundipartihus
896 5310 1160 5383 populum
1190 5312 1431 5384 gentium
1453 5310 1522 5368 ad
1545 5311 1708 5369 fidem
1743 5316 2020 5372 vocando.

433 5402 545 5460 Sed
576 5402 877 5457 notandum
906 5402 1049 5473 quod
1082 5400 1295 5457 vocatio
1327 5402 1385 5455 fit
1432 5402 1603 5459 tribus
1659 5402 1860 5460 modis.
1916 5404 2030 5460 Pri-

429 5504 551 5545 mus
581 5494 719 5560 ergo
745 5486 940 5543 modus
971 5488 1278 5544 vocationis
1302 5504 1367 5543 ex
1400 5488 1515 5544 Deo
1545 5497 1676 5556 est;
1728 5492 2026 5557 secundus,

422 5591 527 5649 per
552 5577 829 5632 heminam
863 5594 877 5641 ;
906 5577 1122 5643 tertius,
1156 5578 1220 5632 ex
1254 5577 1609 5635 necessitate.
1646 5578 1735 5635 Ex
1769 5582 1883 5638 Deo
1922 5590 2024 5649 est,

429 5664 683 5737 quotiens
711 5660 997 5735 inspiratio
1025 5663 1207 5720 divina
1238 5665 1290 5720 in
1323 5680 1421 5722 cor
1457 5676 1706 5724 nostrum
1758 5669 2025 5737 immissa,

426 5760 820 5824 nonnunquam
851 5753 1015 5808 etiam
1045 5753 1386 5811 dormientes
1415 5770 1518 5813 nos
1565 5757 1637 5813 ad
1683 5757 2026 5816 desiderium

424 5845 648 5898 eterna
675 5838 800 5898 vita
824 5854 889 5897 ac
913 5840 1107 5899 salutis
1158 5844 1471 5917 exsuscitat,
1530 5844 1816 5921 Deumque
1870 5847 2029 5921 aequi

2130 4767 2387 4837 tionibus,
2421 4784 2544 4841 quae
2575 4766 2661 4822 vel
2699 4766 2892 4823 mortis
2920 4766 3163 4833 pericula
3194 4765 3605 4835 comminantur,
3637 4764 3723 4821 vel

2132 4857 2432 4913 amissione
2489 4856 2754 4914 bonorum
2822 4871 2887 4914 ac
2941 4855 3339 4929 proscriptione
3403 4844 3722 4927 percutiunt,

2132 4947 2219 5003 vel
2248 4948 2533 5003 charorum
2564 4953 2742 5001 morte
2771 4954 3166 5018 compungunt,
3217 4946 3285 4999 ad
3334 4945 3507 5001 Deum
3564 4960 3724 5018 quem

2134 5035 2290 5109 sequi
2314 5034 2367 5090 in
2389 5050 2570 5090 rerum
2588 5034 2953 5106 prosperitate
2982 5032 3625 5106 contempsimus.saltem
3647 5033 3724 5088 in-

2137 5134 2230 5191 viti
2264 5149 2563 5211 properare
2593 5132 2998 5205 compellimur.
3065 5132 3230 5204 Cujus
3278 5149 3375 5204 per
3428 5148 3488 5188 se
3541 5133 3726 5204 patent

2139 5225 2309 5281 multa
2342 5222 2621 5294 exempla.
2655 5218 2971 5278 Secundum
3002 5222 3141 5279 hanc
3192 5222 3531 5301 vocationem
3578 5219 3727 5276 multi

2140 5321 2433 5379 vocantur,
2461 5313 2558 5368 sed
2590 5311 2751 5383 pauci
2778 5311 3020 5377 veniunt,
3054 5311 3178 5383 quia
3226 5311 3386 5365 multi
3434 5310 3635 5365 intrant
3674 5309 3728 5364 in

2139 5402 2449 5460 Ecclesiam
2475 5417 2572 5473 per
2602 5386 2784 5466 ﬁdam,
2817 5399 2914 5456 sed
2945 5400 3102 5473 pauci
3136 5399 3421 5455 salvantur
3458 5415 3555 5471 per
3594 5415 3725 5471 ope-

2141 5492 2442 5549 rationem.
2481 5491 2549 5546 Et
2575 5506 2643 5545 ne
2673 5489 2742 5545 de
2772 5490 3080 5562 ignorantia
3127 5488 3377 5545 homines
3423 5488 3730 5545 excusatio-

2139 5599 2267 5638 nem
2297 5581 2577 5646 haberent,
2598 5577 2743 5634 misit
2771 5595 2988 5634 servum
3019 5596 3176 5634 suum
3209 5579 3341 5634 hora
3371 5593 3540 5634 omnia
3557 5577 3732 5633 dicere

2142 5670 2383 5726 invitatis
2410 5677 2469 5724 ut
2489 5668 2755 5726 venirent.
2789 5667 2991 5724 Servus
3022 5668 3143 5733 iste,
3175 5665 3266 5741 qui
3310 5665 3380 5723 ad
3426 5665 3734 5722 invitandos

2141 5760 2283 5816 alios
2321 5759 2548 5815 mittitur
2575 5800 2589 5825 ,
2631 5756 2883 5813 ordinem
2940 5756 3365 5829 praedicatorum
3436 5753 3725 5827 signiﬁcat.

2141 5847 2270 5920 Qui,
2300 5848 2431 5906 dum
2459 5845 2685 5904 verbum
2714 5845 2959 5904 divinum
2995 5843 3138 5903 intra
3182 5843 3485 5903 Ecclesiam
3530 5857 3736 5901 annun-
