3956 6454
302 393 406 444 215

1189 391 1251 445 V.
1293 391 1628 448 GUIBERTI
1669 389 1956 446 ABBATIS
1996 392 2050 446 S.
2096 391 2331 446 MARM‘I
2369 391 2461 448 DE

2524 392 2908 449 NOVIGENTO
3443 392 3452 394 ἡ
3701 396 3834 449 216

303 521 509 579 Meleth
562 520 684 594 [al.,
735 519 1065 593 Maheleth],
1107 520 1262 592 quod
1312 521 1722 591 interpretatur
1781 523 1995 586 chorus,
2038 526 2078 576 Α
2109 529 2292 577 ratur.
2330 525 2556 589 Discite,
2600 523 2789 594 inquit
2826 539 2860 577 a
2892 539 2992 592 me,
3027 537 3143 580 non
3195 523 3424 596 vigilias
3457 539 3525 582 ac
3565 526 3837 598 jejunia,

306 609 651 680 appellatur.
683 610 908 668 Chorus
939 624 1071 666 vero
1106 610 1233 666 licet
1264 610 1318 665 in
1352 611 1499 666 bono
1547 624 1649 680 pro
1697 611 2000 666 concordia

307 699 442 770 poni
470 699 665 758 soleat.
700 699 791 755 hic
821 708 1010 755 tamen
1037 701 1176 770 quia
1207 699 1618 756 colludentium
1652 700 1998 755 feminarum

302 802 425 844 esse
467 786 841 858 dignoscitur,
874 802 975 858 pro
1019 788 1112 844 illo
1145 789 1368 844 interno
1399 788 1785 858 praecordialis
1832 787 1998 843 lasci-

307 877 416 933 viae
463 884 766 944 concentu,
797 877 898 948 qui
951 876 1115 931 nobis
1142 876 1364 932 Sirenes
1412 891 1597 946 usque
1650 876 1707 932 in
1755 876 1999 932 exitium

305 965 502 1023 dulces
559 965 797 1033 inducit,
849 980 1066 1036 nosque
1127 965 1505 1020 lenocinando
1575 965 1996 1034 circumvallat,

308 1056 544 1125 potitur.
594 1055 726 1110 Haec
776 1061 859 1110 est
905 1068 1065 1109 soror
1110 1053 1415 1124 Nabajoth,
1466 1053 1568 1123 qui
1619 1053 1832 1109 dicitur
1879 1070 2004 1124 pro-

302 1145 551 1213 phetans,
601 1143 740 1213 quia
784 1142 1030 1198 carnalis
1076 1142 1540 1212 concupiscentia
1594 1142 1847 1212 quadam
1893 1142 1999 1198 sibi

307 1231 662 1303 germanitus
690 1231 1015 1286 adhaerente
1045 1231 1257 1301 gaudet
1307 1229 1625 1300 prophetia,
1683 1245 1801 1300 qua
1832 1246 2000 1286 sene-

306 1321 479 1377 ctutis
550 1328 800 1390 tempore
848 1334 982 1375 cum
1037 1318 1387 1374 deferbuerit
1446 1319 1771 1390 juventutis
1837 1333 1996 1384 cura,

304 1409 537 1479 spsndet
557 1408 666 1464 sibi
694 1407 1036 1478 pmnitentize
1069 1416 1122 1464 et
1153 1408 1449 1464 caelibatus
1483 1409 1694 1464 studia.

375 1497 546 1553 Vnus.
604 1499 688 1562 10,
745 1500 828 1563 11,
866 1499 950 1564 12,
1003 1499 1088 1551 13.
1131 1527 1199 1536 —
1243 1498 1422 1562 Igitur
1457 1512 1699 1564 egressus
1743 1497 1905 1550 Iacob
1935 1497 2000 1551 de

302 1587 561 1640 Bersabee
594 1586 854 1656 pergebat
899 1589 1106 1640 llaran.
1141 1587 1387 1654 Cumque
1416 1589 1643 1640 venisset
1686 1586 1761 1639 ad
1809 1603 1994 1656 quem-

303 1675 432 1729 dam
457 1675 648 1740 locum,
681 1679 731 1728 et
768 1674 924 1728 vellet
971 1676 1029 1727 in
1058 1690 1114 1727 eo
1159 1676 1488 1744 requiescere
1523 1679 1643 1744 post
1674 1676 1800 1729 solis
1843 1691 1998 1729 occu-

305 1765 496 1831 Litum,
529 1765 657 1818 tulit
699 1762 764 1816 de
811 1762 1108 1832 lapidibus,
1135 1765 1232 1830 qui
1275 1763 1551 1831 jacebant,
1602 1767 1651 1816 et
1695 1779 1999 1832 supponens

302 1854 478 1922 capiti
510 1867 627 1914 suo.
659 1851 918 1920 dormivit
958 1852 1018 1905 in
1064 1851 1244 1905 eodem
1301 1852 1428 1906 loco.
1490 1851 1744 1922 Viditque
1796 1853 1999 1906 scalam

304 1945 361 1996 in
383 1943 587 1996 somnis
615 1945 845 1995 stantem
878 1955 1042 2010 super
1073 1947 1294 2005 terram,
1331 1945 1380 1994 et
1428 1955 1679 1994 cacumen
1708 1941 1824 2009 ejus
1871 1945 2001 1994 tan-

302 2045 432 2099 gens
472 2031 678 2096 calum,
727 2030 945 2096 angelos
1002 2045 1212 2098 quoque
1267 2030 1370 2083 Dei
1413 2029 1755 2083 ascendentes
1809 2034 1859 2083 et
1907 2030 2000 2084 de-

303 2119 613 2174 scendentes
641 2135 741 2188 per
791 2135 927 2173 eam.
975 2121 1048 2174 Et
1104 2121 1386 2172 Dominum
1409 2121 1658 2172 innixum
1702 2120 1878 2173 scale.
1930 2122 2002 2173 De

307 2208 583 2275 Bersabee,
637 2207 693 2262 id
726 2215 808 2263 est
863 2214 1032 2278 puteo
1077 2207 1338 2276 septimo,
1387 2206 1475 2261 vel
1523 2215 1692 2276 puteo
1733 2207 2001 2264 saturita-

306 2297 396 2364 tis,
459 2297 528 2352 de
579 2295 855 2366 voragine
908 2295 1107 2364 procul
1167 2294 1344 2350 dubio
1403 2294 1709 2353 libidinum
1785 2295 2000 2366 saeculi,

303 2384 459 2456 quod
498 2391 711 2453 septem
743 2383 946 2438 diebus
978 2383 1248 2449 volvitur,
1283 2383 1556 2452 quodque
1587 2383 1707 2454 jam
1734 2384 1996 2454 satutari,

304 2473 363 2530 id
394 2479 478 2528 est
526 2471 748 2527 fastidio
802 2486 922 2526 esse
983 2471 1177 2540 incipit
1222 2471 1464 2526 caelestis
1510 2471 1706 2540 gaudii
1738 2472 1996 2537 obtentu,

301 2561 497 2629 Iacob,
559 2560 708 2616 bona
754 2559 966 2615 scilicet
1017 2559 1288 2616 voluntas
1338 2560 1650 2629 egreditur,
1715 2569 1770 2616 et
1824 2561 2002 2617 tendit

305 2652 519 2718 Haran,
551 2648 708 2719 quod
737 2647 1146 2717 interpretatur
1169 2663 1250 2701 res
1283 2664 1408 2702 cum
1445 2665 1596 2714 arca,
1638 2655 1702 2704 ut
1743 2648 2001 2705 videlicet

303 2746 358 2795 et
422 2751 616 2794 arcam
667 2736 1026 2792 conscientize
1080 2737 1379 2806 possideat,
1435 2744 1490 2792 et
1540 2737 1680 2807 quia
1738 2751 1874 2793 arca
1927 2739 2000 2793 ab

301 2826 531 2882 arcendo
551 2825 778 2890 dicitur,
811 2825 884 2880 ab
909 2840 975 2880 ea
1005 2825 1290 2896 quidquid
1341 2825 1582 2881 noxium
1628 2833 1730 2893 est,
1785 2835 1997 2894 arceat,

306 2913 364 2969 in
393 2926 511 2984 qua
541 2912 712 2968 etiam
753 2925 843 2966 res
887 2911 1186 2979 habeatur,
1224 2912 1278 2967 id
1303 2920 1387 2968 est
1427 2913 1658 2979 veritas,
1711 2921 2002 2983 quatenus

303 3002 537 3059 solitum
585 3015 651 3056 ac
703 3000 1132 3056 substantivum
1166 3014 1334 3055 omne
1392 3000 1534 3056 illud
1583 3008 1798 3056 constet
1855 3017 1994 3056 esse.

2108 611 2200 665 sed
2255 614 2386 679 quia
2426 613 2572 666 mitis
2619 627 2737 666 sum
2784 617 2834 668 et
2876 612 3104 686 [humilis
3134 613 3293 668 corde
3317 614 3548 686 (Matth.
3590 616 3830 686 x1,29).

2109 699 2186 754 De
2213 699 2488 769 gradibus
2518 708 2707 755 autem
2751 699 2877 770 cjus
2908 709 2962 757 et
2996 701 3253 757 moderni
3293 716 3360 758 ac
3401 712 3621 760 veteres
3665 705 3834 761 sub-

2110 787 2229 843 tilia
2264 788 2444 842 multa
2474 787 2813 858 loquuntur.

2183 879 2291 942 Ego
2336 892 2475 944 sum,
2532 878 2632 942 ait,
2700 880 2833 932 Deus
2879 878 3159 933 Abraham
3204 883 3382 950 patris
3443 884 3546 948 tui,
3603 883 3832 954 utique

2107 963 2345 1020 rationis
2374 978 2407 1019 a
2441 978 2557 1036 qua
2607 973 2842 1036 paterne
2880 966 3112 1036 regeris,
3167 972 3218 1021 et
3265 969 3404 1022 Deus
3459 969 3644 1037 Isaac,
3703 968 3832 1038 qui

2110 1053 2205 1110 tibi
2242 1053 2458 1124 inspiro
2488 1054 2768 1124 gaudium
2811 1053 3005 1124 gloriae
3033 1055 3294 1112 cmlestis.
3344 1059 3564 1112 Terram
3599 1060 3659 1112 in
3693 1074 3826 1127 qua

2107 1142 2310 1196 dormis
2346 1143 2448 1196 tibi
2491 1143 2650 1210 dabo,
2693 1149 2744 1196 et
2785 1144 2978 1197 semini
3029 1148 3140 1210 tuo,
3190 1144 3482 1201 Christum
3517 1146 3575 1202 in
3629 1147 3826 1217 cujus

2105 1232 2499 1287 conformitate
2553 1245 2588 1286 a
2653 1231 2844 1286 szeculi
2901 1231 3092 1287 labore
3159 1234 3535 1304 conquiescis,
3593 1235 3702 1289 tibi
3764 1241 3830 1290 et

2105 1322 2317 1387 semini,
2351 1320 2403 1374 id
2435 1327 2519 1375 est
2565 1319 2946 1375 imitatoribus
3003 1319 3117 1376 tuis
3155 1319 3465 1377 fovendum
3515 1323 3826 1392 prmbebo,

2105 1411 2313 1476 eritque
2338 1422 2568 1478 germen
2600 1408 2786 1477 operis
2817 1410 2980 1476 quasi
3004 1409 3206 1478 pulvis,
3241 1409 3315 1465 ab
3352 1410 3593 1466 humore
3631 1411 3833 1468 totius

2108 1496 2353 1552 lascivia:
2387 1495 2634 1551 carnalis
2665 1495 2898 1563 sudum,
2924 1511 3036 1551 non
3068 1511 3239 1566 quem
3272 1498 3533 1569 projiciat
3571 1507 3826 1568 ventus,

2107 1585 2203 1640 sed
2236 1584 2362 1640 talis
2417 1584 2607 1654 pulvis
2655 1585 2754 1654 qui
2790 1585 3063 1640 inhaereat
3109 1594 3294 1653 terrae,
3327 1586 3381 1642 id
3411 1588 3834 1644 eststabilitati

2107 1681 2354 1728 aeternae.
2407 1673 2735 1727 Dilataberis
2775 1673 2847 1728 ad
2891 1672 3348 1742 dignoscendum
3400 1680 3542 1730 lla
3592 1676 3834 1746 proprii

2109 1761 2362 1816 defectus
2391 1761 2732 1824 occidentem,
2765 1760 2835 1815 ad
2863 1762 3337 1832 prtegustandum
3382 1762 3622 1820 interna:
3665 1764 3834 1820 lucis

2108 1851 2384 1916 orientem,
2426 1849 2498 1904 ad
2547 1849 2990 1919 praecavendum
3038 1849 3269 1906 desidia;
3317 1865 3386 1907 ac
3413 1853 3658 1922 torporis
3699 1868 3828 1924 sep-

2107 1940 2444 2008 tentrionem,
2486 1945 2540 1994 et
2565 1938 2636 1993 ad
2676 1938 2859 1994 sancti
2907 1938 3151 2009 Spiritus
3205 1939 3591 1996 hauriendum
3640 1945 3832 1996 meri-

2108 2027 2269 2081 diem.

2179 2115 2350 2172 Vnus.
2381 2116 2470 2170 14.
2523 2145 2592 2156 -
2645 2118 2714 2171 Et
2762 2115 3144 2172 benedicentur
3185 2118 3242 2170 in
3289 2123 3357 2185 te,
3403 2123 3455 2173 et
3511 2120 3571 2173 in
3609 2122 3828 2174 semine

2108 2209 2198 2259 tuo
2245 2212 2447 2260 cuncta
2493 2205 2667 2260 tribus
2716 2210 2890 2273 terra},
2952 2204 3009 2259 in
3043 2212 3142 2261 tua
3181 2205 3311 2273 fide,
3346 2214 3399 2262 et
3455 2206 3583 2263 fidei
3614 2208 3825 2277 operi—

2109 2295 2234 2362 bus,
2287 2295 2372 2350 vel
2425 2295 2650 2350 interna
2683 2293 2889 2363 gratia,
2922 2308 3053 2364 quae
3093 2308 3333 2364 operum
3384 2295 3670 2353 bonorum
3715 2311 3822 2352 se-

2108 2396 2238 2437 men
2276 2389 2379 2450 est,
2429 2381 2970 2452 multiplicabuntur
3009 2381 3291 2438 universae
3339 2383 3621 2439 trinitates
3665 2399 3822 2440 con-

2107 2471 2376 2538 screntize,
2437 2471 2730 2542 ingenium
2786 2471 3000 2530 scilicet
3048 2472 3317 2529 voluntas
3371 2487 3439 2528 ac
3497 2476 3818 2541 memoria;

2108 2559 2195 2614 vel
2247 2559 2499 2626 initium,
2559 2558 2860 2630 promotio,
2917 2566 2971 2614 et
3021 2559 3151 2615 linis
3211 2568 3377 2631 tuus;
3430 2562 3565 2618 fides
3609 2563 3816 2631 etiam,

2107 2661 2252 2715 spes,
2285 2655 2339 2703 et
2380 2648 2658 2716 charitas;
2693 2647 2779 2702 vel
2819 2646 3106 2717 cogitatio,
3138 2647 3368 2718 locutio,
3419 2663 3487 2706 ac
3528 2653 3818 2721 operatio.

2105 2735 2305 2806 (Vnus.
2343 2739 2453 2806 15.)
2487 2739 2555 2791 Et
2595 2752 2683 2789 ero
2713 2742 2888 2790 custos
2933 2741 3074 2801 tuus,
3127 2753 3442 2807 quocunque
3476 2744 3820 2810 perremeris,

2107 2837 2458 2893 quocunque
2530 2823 2696 2892 plane
2770 2823 3032 2878 animum
3096 2823 3428 2893 intenderis,
3499 2831 3677 2881 custos
3723 2844 3824 2882 ero

2109 2917 2222 2965 tute
2287 2911 2560 2977 actionis;
2628 2912 2706 2964 Et
2743 2911 2997 2965 reducam
3048 2917 3097 2966 te
3160 2915 3218 2966 in
3271 2919 3472 2968 terram
3539 2915 3702 2984 hanc,
3767 2917 3820 2972 si

2109 2999 2342 3069 quando
2380 3014 2516 3055 sane
2562 2999 2898 3055 humanitus
2947 3003 3226 3070 evageris,
3281 3001 3337 3056 in
3393 3002 3552 3058 hunc
3601 3005 3823 3061 mentis

305 3091 461 3161 quod
494 3088 838 3145 intrinsecus
869 3087 1213 3155 continetur,
1254 3096 1309 3144 et
1345 3103 1457 3144 non
1493 3103 1591 3159 per
1633 3090 1831 3146 inania
1859 3105 1999 3146 eva-
2039 3103 2080 3158 (ι
2109 3096 2341 3153 statum,
2373 3103 2488 3158 quo
2514 3102 2673 3144 nunc
2718 3102 2777 3143 es
2805 3089 2876 3142 ad
2919 3089 3152 3145 modum
3197 3097 3363 3146 terrze
3411 3091 3657 3148 solidum
3708 3107 3826 3163 per

308 3186 494 3251 getur.
523 3177 764 3244 Quidam
824 3176 982 3232 locus
1030 3177 1101 3232 ad
1162 3192 1336 3248 quem
1387 3178 1562 3246 venit,
1623 3178 1738 3248 ipse
1797 3187 1900 3246 est,
1947 3179 2004 3234 in

307 3284 422 3340 quo
455 3269 796 3340 generalitas
837 3267 1011 3323 totius
1053 3275 1352 3329 creaturae,
1399 3274 1454 3322 et
1509 3267 1795 3338 praecipue
1830 3268 2005 3325 totius

305 3357 672 3429 benignitatis
701 3355 978 3422 consistit,
1009 3368 1076 3410 ac
1115 3354 1372 3410 subsistit
1401 3355 1473 3410 ad
1505 3370 1679 3424 quem
1722 3355 2004 3412 desiderio

305 3461 372 3502 ac
401 3446 617 3501 meritis
641 3459 774 3500 cum
801 3443 934 3514 quis
965 3443 1200 3510 accedit,
1235 3457 1350 3498 non
1382 3442 1490 3497 nisi
1524 3448 1649 3512 post
1679 3445 1807 3498 solis
1849 3459 2002 3498 occu-

305 3536 496 3601 bitum,
543 3534 724 3604 sopito
757 3532 958 3602 utique
989 3531 1208 3587 fervore
1238 3531 1623 3600 corporalium
1661 3540 1909 3588 aestuum
1946 3533 2005 3589 in

305 3638 372 3680 eo
403 3620 774 3692 conquiescit,
811 3627 950 3675 tunc
981 3626 1172 3674 tamen
1214 3618 1261 3674 si
1296 3619 1548 3688 primum
1589 3620 1656 3674 de
1703 3620 2002 3690 lapidibus,

306 3711 410 3782 qui
439 3709 652 3780 jaceat,
674 3708 742 3763 de
773 3707 985 3761 sanctis
1013 3705 1225 3761 scilicet
1255 3705 1357 3776 qui
1391 3706 1450 3761 in
1492 3721 1707 3762 morem
1747 3707 2005 3778 lapidum

310 3799 459 3854 ﬁrmi
486 3805 642 3860 sunt.
673 3803 728 3851 et
762 3795 1054 3850 humiliter
1079 3809 1138 3850 se
1188 3794 1418 3860 habent,
1477 3796 1796 3852 volvuntur
1827 3797 2004 3864 enim,

304 3887 476 3959 juxta
545 3884 876 3940 Zachariam
923 3897 1097 3952 super
1136 3891 1345 3938 terram
1401 3885 1584 3952 (Zach.
1637 3899 1711 3950 ix,
1777 3885 1883 3954 16),
1933 3885 2006 3941 ad

308 3973 636 4044 exemplum
685 3971 790 4028 sibi
851 3972 1027 4039 tollat,
1077 3980 1131 4028 et
1193 3975 1382 4041 capiti,
1436 3973 1494 4028 id
1550 3979 1634 4028 est
1684 3974 1860 4028 menti
1904 3988 2005 4044 pro

309 4063 640 4120 fulcimento
669 4069 975 4132 supponat,
1011 4067 1073 4116 ut
1108 4061 1185 4116 ita
1213 4063 1273 4115 in
1303 4062 1432 4128 loco,
1469 4061 1569 4130 qui
1602 4075 1827 4131 semper
1857 4061 2005 4118 idem

306 4159 411 4221 est,
461 4150 618 4206 haud
683 4149 926 4205 dubium
979 4149 1124 4218 quin
1174 4149 1308 4215 Deo,
1369 4162 1404 4203 a
1457 4149 1721 4205 szeculari
1765 4151 2006 4220 strepitu

309 4237 592 4308 consopiri
623 4243 814 4306 queat.
848 4237 920 4289 In
959 4237 1158 4290 somnis
1204 4235 1420 4306 itaque,
1457 4237 1596 4293 dum
1627 4238 1890 4294 videlicet
1931 4241 2004 4296 ab

310 4339 505 4381 amore
553 4324 920 4394 praesentium
975 4324 1152 4379 animi
1185 4323 1460 4382 intuitum
1513 4325 1750 4396 claudit,
1800 4330 2004 4384 scalam

312 4412 656 4471 humilitatis
711 4426 842 4482 qua:
901 4427 1017 4467 non
1091 4412 1341 4481 vacillat,
1401 4413 1497 4470 sed
1545 4429 1711 4484 super
1777 4421 2000 4487 terram,
2043 4399 2084 4453 ί)

312 4502 605 4558 Christum
645 4501 824 4570 plane.
855 4500 1152 4570 humilem,
1203 4503 1306 4572 qui
1349 4517 1453 4559 nos
1507 4502 1700 4558 fructu
1748 4517 1852 4560 suo
1882 4505 2002 4574 alit,

311 4591 489 4648 solide
521 4597 652 4659 stat,
685 4589 983 4660 conspicit,
1031 4591 1172 4660 quia
1227 4591 1413 4646 omnis
1469 4592 1706 4646 terrenis
1750 4590 2006 4649 intentus

314 4679 456 4751 quid
520 4679 593 4734 sit
677 4678 975 4734 humilitas
1021 4678 1218 4734 nescit.
1260 4679 1494 4734 Terram
1547 4687 1744 4734 autem
1809 4682 2006 4736 vocari

311 4768 622 4835 Christum,
696 4773 940 4823 testatur
1006 4765 1396 4836 Apocalypsis,
1476 4767 1714 4836 adjuvit,
1793 4767 2002 4839 inquit,

313 4862 460 4912 terra
510 4857 790 4912 mulierem
841 4855 1042 4926 (Apoc.
1098 4869 1196 4922 xu,
1247 4855 1351 4926 16).
1396 4856 1459 4910 In
1508 4855 1618 4910 hac
1673 4856 1827 4912 scala
1869 4867 2006 4916 sunt

312 4945 542 5016 plurimi
571 4945 804 5015 gradus,
837 4958 951 4999 non
983 4943 1288 5014 aliijquam
1319 4943 1388 5000 de
1421 4944 1735 5021 visjbilium
1766 4954 2008 5003 contem-

313 5032 614 5105 ptibilitate
692 5038 1014 5102 provectus.
1094 5032 1273 5102 Cujus
1336 5031 1593 5102 perfectae
1665 5033 2007 5090 humilitatis

310 5138 562 5178 cacumen
627 5122 821 5176 caelum
895 5121 1104 5176 divina}
1188 5121 1680 5192 contemplationis
1749 5124 2000 5196 attingit,

311 5212 451 5283 quia
480 5211 634 5266 Deus
661 5209 814 5282 quod
844 5209 1106 5280 parvulis
1135 5210 1740 5282 revelat,sapientibus
1764 5212 2008 5268 abscon-

313 5300 397 5357 dit
431 5299 650 5368 (Matth.
710 5313 788 5366 ιιι,
842 5299 953 5368 25).
995 5297 1109 5354 Nos
1150 5313 1285 5356 vero
1325 5300 1373 5356 si
1419 5300 1676 5372 angelice
1729 5299 2002 5367 vivimus,

311 5403 413 5460 per
458 5389 606 5444 hanc
648 5388 720 5443 ad
769 5387 948 5442 nostri
1004 5387 1387 5458 cognitionem
1431 5389 1852 5454 descendimus,
1904 5403 2006 5458 per

308 5479 460 5535 hanc
523 5477 597 5532 ad
663 5476 762 5532 Dei
821 5476 1096 5532 visionem
1154 5478 1537 5546 ascendimus,
1603 5484 1658 5534 et
1726 5478 2007 5534 Dominus

309 5565 474 5622 scala:
519 5565 609 5621 isti
667 5565 952 5635 innititur,
1015 5567 1154 5635 quia
1209 5565 1600 5635 principaliter
1648 5565 1837 5620 virtus
1883 5564 2007 5619 hac

304 5653 738 5726 specialiterque
790 5653 972 5724 ipsius
1008 5654 1347 5711 auctoritate
1387 5668 1454 5708 ac
1497 5659 1776 5723 praecepto
1833 5653 2006 5708 robo-

2113 3189 2204 3231 me
2241 3175 2577 3232 reduceris:
2636 3177 2738 3232 Nec
2789 3176 3066 3231 dimittam
3121 3179 3234 3232 nisi
3287 3179 3612 3247 complevere
3671 3183 3824 3236 uni-

2111 3280 2268 3319 versa
2289 3281 2407 3333 qua
2451 3265 2606 3331 dia-i;
2645 3264 2747 3320 tibi
2777 3265 3072 3334 cooperari
3121 3279 3235 3321 non
3279 3265 3570 3336 desistam,
3623 3268 3820 3326 donec

2113 3353 2331 3424 przemii
2369 3353 2670 3424 largitione
2699 3352 2882 3410 futuri
2911 3353 3062 3408 dicta
3085 3354 3420 3424 compleam.

2183 3442 2374 3512 (Vens.
2438 3444 2521 3510 16,
2589 3442 2694 3512 17.)
2747 3472 2806 3482 —
2865 3443 3103 3510 Cumque
3156 3444 3470 3512 evigilasset
3519 3445 3683 3501 Iacob
3742 3447 3824 3502 de

2111 3545 2318 3597 somno,
2372 3533 2498 3585 ait:
2555 3532 2687 3586 Vere
2744 3533 2996 3585 Dominus
3043 3535 3121 3585 est
3174 3533 3234 3585 in
3288 3533 3397 3586 loco
3439 3534 3564 3601 isto,
3611 3539 3662 3589 et
3715 3551 3824 3603 ego

2113 3619 2428 3674 nesciebam.
2479 3621 2792 3688 Pavensque
2837 3635 2852 3672 :
2911 3619 3083 3686 Quam
3140 3620 3420 3688 terribilis,
3477 3623 3679 3692 inquit,
3731 3632 3827 3680 est

2115 3706 2256 3760 locus
2277 3709 2418 3761 iste!
2445 3723 2551 3761 non
2581 3712 2658 3762 est
2697 3709 2783 3762 hic
2826 3707 2982 3762 aliud
3009 3710 3122 3762 nisi
3167 3708 3355 3764 domus
3408 3712 3504 3764 Dei
3548 3715 3598 3765 et
3643 3719 3826 3781 porta

2113 3797 2247 3850 caeli.
2269 3797 2441 3852 Iacob
2471 3796 2539 3852 de
2596 3811 2796 3852 somno
2838 3796 3091 3867 evigilat,
3148 3811 3281 3853 cum
3338 3799 3568 3854 animus
3614 3815 3648 3856 a
3701 3817 3825 3860 sua

2115 3883 2305 3953 quiete
2338 3884 2629 3954 paulisper
2653 3891 2976 3954 exemptus,
3011 3898 3044 3939 a
3069 3884 3268 3940 divina
3288 3885 3592 3942 dulcedine
3619 3896 3822 3956 vacat,

2113 3979 2169 4028 et
2198 3979 2336 4028 tunc
2366 3987 2496 4028 vere
2536 3973 2842 4028 Dominum
2874 3973 2931 4028 in
2973 3973 3092 4028 loco
3137 3988 3258 4030 esse
3287 3974 3518 4042 clamat,
3575 3989 3710 4031 cum
3751 3976 3822 4032 in

2113 4061 2213 4117 illa
2261 4061 2624 4132 aliquantula
2668 4062 2974 4118 stabilitate
3022 4062 3228 4118 mentis
3291 4063 3568 4133 quiddam
3626 4063 3824 4122 inesse

2114 4150 2399 4217 divinum,
2435 4150 2546 4205 imo
2577 4151 2806 4206 nonnisi
2832 4149 3049 4206 divinio
3080 4149 3288 4220 illapsu
3331 4151 3449 4206 ﬁeri
3481 4166 3641 4222 posse
3669 4167 3822 4221 pro-

2115 4238 2231 4306 bat,
2253 4239 2350 4294 sed
2394 4239 2514 4294 haec
2547 4239 2687 4294 dum
2732 4239 3033 4305 habemus,
3083 4253 3260 4310 quam
3309 4239 3422 4295 sint
3464 4254 3692 4296 summa
3742 4255 3819 4298 ac

2113 4326 2310 4382 divina
2349 4327 2653 4394 nescimus,
2687 4327 2782 4382 sed
2816 4326 2915 4382 ubi
2943 4326 3182 4396 pristino
3212 4326 3426 4397 torpori
3456 4327 3813 4397 addicimur,

2115 4416 2360 4484 profecto
2400 4429 2434 4470 a
2465 4416 2579 4471 Deo
2607 4429 2675 4471 ea
2731 4415 2850 4486 agi,
2903 4423 2958 4470 et
3009 4430 3123 4471 non
3167 4430 3202 4471 a
3252 4415 3418 4472 nobis
3447 4416 3811 4486 experimur.

2113 4503 2286 4560 Pavet
2336 4512 2530 4560 autem
2575 4504 2728 4560 etde
2776 4504 2882 4560 loci
2942 4503 3297 4560 terribilitate
3346 4504 3610 4572 miratur,
3669 4520 3814 4564 cum

2112 4599 2167 4648 et
2193 4593 2261 4647 de
2285 4592 2649 4647 innovatione
2677 4593 3032 4662 cogitatuum
3082 4591 3235 4647 intra
3277 4606 3355 4658 se,
3388 4601 3442 4648 et
3480 4592 3549 4647 de
3594 4592 3813 4651 diaboli

2113 4681 2516 4738 terriﬁcatione
2577 4680 2808 4751 cogitat,
2868 4694 2986 4751 qua
3037 4680 3367 4736 concutitur
3440 4694 3542 4750 pro
3599 4690 3813 4740 nostrae

2115 4769 2323 4824 mentis
2356 4767 2656 4835 localitate,
2691 4767 2745 4823 id
2801 4775 2884 4824 est
2941 4767 3128 4822 stabili
3185 4767 3446 4823 veritate.
3518 4769 3815 4826 Terribilis

2111 4857 2265 4914 enim
2297 4857 2429 4912 inde
2474 4857 2766 4925 scribitur,
2818 4857 2988 4913 aeriis
3037 4855 3355 4926 spiritibus,
3399 4861 3460 4911 ut
3507 4862 3814 4914 castrorum

2113 4949 2254 5000 acies
2294 4946 2549 5000 ordinata
2581 4946 2759 5016 (Cant.
2799 4959 2879 5013 vi,
2931 4947 2980 5013 3,
3015 4945 3092 5014 9).
3125 4943 3262 5011 Quae
3291 4945 3463 5000 etiam
3496 4959 3656 5000 mens
3693 4961 3810 5005 non

2113 5034 2269 5090 aliud
2307 5048 2430 5090 esse
2469 5033 2680 5090 dicitur
2728 5047 2907 5104 quam
2961 5034 3151 5088 domus
3203 5034 3305 5088 Dei
3355 5037 3407 5086 et
3455 5039 3618 5103 porta
3671 5038 3808 5104 arti,

2114 5137 2245 5194 quae
2273 5129 2328 5178 et
2375 5123 2489 5178 Deo
2546 5123 2902 5180 inhabitante
2961 5123 3206 5193 regitur,
3247 5129 3302 5178 et
3357 5122 3428 5178 ad
3487 5122 3812 5192 spiritualia

2114 5211 2478 5282 caelestiaque
2508 5212 2833 5268 contuenda
2855 5212 2969 5267 Deo
3001 5218 3286 5268 reserante
3315 5212 3590 5281 aperitur.

2186 5300 2376 5368 (Vens.
2415 5303 2498 5368 18,
2553 5302 2658 5367 19.)
2703 5301 2939 5367 Surgens
2989 5317 3114 5368 ergo
3173 5316 3330 5355 mane
3391 5302 3516 5355 tulit
3568 5301 3807 5372 lapidem

2115 5403 2269 5456 quem
2299 5392 2656 5456 supposuerat
2684 5389 2857 5456 capiti
2887 5403 3000 5454 suo,
3035 5393 3084 5442 et
3114 5392 3289 5444 erexit
3313 5392 3368 5443 in
3397 5390 3639 5455 titulum,
3673 5392 3803 5456 fun-

2114 5475 2245 5529 dens
2273 5476 2444 5528 oleum
2475 5476 2724 5544 desuper.
2757 5477 3178 5546 Appellavitque
3205 5493 3393 5532 nomen
3419 5478 3570 5532 urbis
3600 5479 3800 5546 Bethel,

2115 5579 2234 5633 quae
2263 5565 2418 5630 prius
2465 5563 2619 5616 Luza
2648 5564 2959 5617 vocabatur.
2993 5567 3150 5619 Mane
3193 5567 3399 5636 surgit,
3435 5581 3567 5622 cum
3601 5567 3672 5620 ad
3717 5568 3801 5624 di-

2115 5650 2531 5707 vinumlumen
2585 5665 2643 5707 se
2673 5652 2861 5722 erigit.
2904 5653 3167 5722 Lapidem
3191 5670 3346 5724 quem
3388 5657 3560 5724 capiti
3598 5669 3801 5724 suppo-
