3924 6466
210 390 333 467 illl‘l

1207 421 1797 493 DEFLOMTIONES
1832 424 1940 485 SS.
1966 425 2301 491 .PATRUM.
2340 457 2411 472 --
2449 423 2577 485 LIB.
2617 426 2689 484 ll.

3436 429 3574 488 lOl8

223 531 376 610 tiant,
409 543 592 615 quasi
626 549 922 623 plurimos
948 550 1016 608 ad
1043 567 1251 610 coenam
1279 562 1491 628 vocant.
1540 554 1664 612 Non
1708 552 1882 610 solum
1911 554 1967 614 Α
1988 550 2207 625 jugium
2253 569 2384 626 ergo
2440 568 2550 610 non
2600 554 3026 626 reprehenditur,
3082 555 3127 611 si
3183 554 3458 628 integritas
3508 555 3577 612 ad

236 629 379 687 enim
410 631 638 694 divine
678 634 996 698 clementiae
1029 643 1155 697 satis
1185 641 1301 709 fuit,
1344 641 1486 713 quod
1506 651 1737 699 aeternas
1781 640 1883 697 de-

246 713 399 778 licias
439 717 618 782 nobis
692 730 1047 801 praeparavit,
1110 730 1204 785 sed
1262 731 1423 786 etiam
1484 732 1652 786 servis
1712 730 1886 786 missis

259 828 448 870 earum
512 815 881 875 dulcedinem
939 818 1094 874 nobis
1149 819 1461 875 enuntiavit.
1518 821 1662 875 Hora
1715 834 1885 875 ccenae

260 914 387 972 ﬁnis
444 925 526 972 est
574 919 792 985 saeculi,
854 918 943 975 ille
1000 920 1201 976 scilicet
1255 916 1322 975 de
1371 936 1476 990 quo
1523 919 1717 975 Paulus
1763 917 1879 975 ait:

265 1028 292 1055 α
335 1007 455 1062 Nos
499 1023 692 1062 sumus
734 1007 791 1063 in
839 1024 973 1078 quos
1016 1007 1150 1063 ﬁnes
1194 1010 1509 1066 saeculorum
1560 1009 1888 1064 devenerunt

257 1094 328 1164 (Ι
353 1094 483 1151 Cor.
516 1096 599 1163 x).
636 1118 658 1145 ι
698 1094 962 1165 Quamvis
990 1098 1133 1152 enim
1170 1097 1314 1170 apud
1361 1097 1608 1167 antiquos
1652 1113 1884 1153 consue-

253 1183 405 1239 tudo
441 1183 621 1253 fuerit,
658 1191 720 1239 ut
746 1185 917 1241 semel
947 1185 1001 1240 in
1031 1185 1119 1241 die
1149 1185 1491 1259 prenderent,
1522 1193 1574 1241 et
1603 1186 1709 1241 hoc
1750 1200 1884 1242 con-

248 1282 488 1339 vivium
544 1290 600 1338 et
655 1283 945 1355 prandium
1012 1290 1065 1340 et
1126 1298 1281 1339 ccnna
1344 1288 1640 1353 vocaretur,
1707 1290 1886 1338 tamen

241 1375 421 1447 apud
452 1393 611 1432 usum
664 1384 862 1437 nostrae
910 1377 1193 1432 locutionis
1237 1384 1359 1449 post
1394 1375 1679 1448 prandium
1732 1392 1888 1432 cmna

238 1472 466 1532 restat,
514 1472 638 1538 post
680 1481 893 1521 coenam
943 1472 1121 1521 autem
1176 1466 1380 1521 nullum
1434 1464 1738 1521 convivium
1794 1482 1886 1520 re-

230 1561 481 1609 manet.
517 1553 675 1611 Unde
704 1569 810 1611 non
843 1555 1137 1627 incongrue
1182 1570 1280 1625 per
1323 1555 1464 1609 hanc
1508 1569 1718 1609 caenam
1774 1553 1888 1609 dies

220 1648 468 1720 judicii
500 1649 619 1707 sive
649 1649 781 1705 illud
836 1659 1094 1707 a‘ternum
1138 1650 1445 1707 convivium
1494 1650 1771 1723 ﬁguratur,
1818 1650 1887 1707 nd

241 1738 432 1809 quod
465 1739 557 1810 qui
591 1740 875 1811 pervenire
914 1741 1222 1808 meruerint,
1272 1757 1380 1795 non
1427 1740 1658 1796 esurient
1712 1755 1888 1811 neque

234 1827 470 1883 sitient
508 1828 768 1899 amplius.
821 1829 993 1885 Tanto
1049 1844 1179 1902 ergo
1237 1828 1572 1884 festinantius
1625 1827 1694 1884 ad
1747 1829 1887 1883 hanc

237 1932 502 1973 ccenam
543 1932 756 1973 currere
794 1916 1074 1983 debemus,
1116 1900 1315 1989 quanto
1352 1924 1475 1989 post
1527 1917 1666 1973 hanc
1717 1916 1877 1973 aliam
1907 1900 1960 1962 Β
2002 1900 2007 1963 ζ

237 2005 532 2062 invenire
561 2020 670 2062 non
698 2006 971 2062 novimus.
1021 2006 1162 2063 Nam
1214 2008 1278 2064 'ut
1330 2004 1602 2063 fastidium
1659 2004 1892 2062 auferret

239 2102 579 2176 subjunxit‘
596 2103 783 2160 dicens
813 2119 827 2158 :
1776 2092 1781 2099 ’

344 2251 374 2279 ιι
410 2227 551 2299 Quia
566 2236 755 2301 parata
767 2228 1103 2289 suntomnia.
1123 2250 1146 2278 ιο
1175 2226 1372 2306 Omnia
1391 2226 1534 2285 enim
1553 2234 1739 2297 parata
1752 2226 1889 2284 sicut

257 2318 419 2389 quia
443 2318 535 2375 ille
563 2317 856 2391 singularis
883 2319 1068 2391 Agnus
1095 2317 1303 2374 occisus
1330 2324 1429 2386 est,
1460 2317 1517 2373 in
1548 2317 1702 2387 cujus
1741 2331 1887 2387 prm-

256 2408 567 2479 paratione
599 2405 787 2462 omnia
823 2413 1228 2478 praecesserant.
1291 2406 1420 2463 Sive
1464 2405 1647 2463 omnia
1699 2412 1888 2478 parata

252 2503 428 2566 sunt,
462 2495 589 2567 quia
619 2495 829 2550 nullum
863 2494 1174 2573 exemplum
1204 2494 1432 2569 virtutis,
1475 2493 1620 2564 quod
1666 2493 1735 2551 ad
1781 2508 1886 2550 no-

257 2601 449 2650 stram
481 2592 843 2649 imitationem
888 2592 945 2648 in
992 2591 1248 2664 operibus
1298 2598 1602 2647 sanctorum
1659 2607 1768 2647 non
1821 2591 1888 2647 sit

263 2681 639 2738 declaratum.
666 2682 785 2745 Jam
818 2680 962 2736 enim
994 2680 1353 2736 innocentiam
1382 2677 1520 2735 Abel
1564 2678 1885 2750 audivimus,

263 2769 651 2826 obedientiam
709 2769 961 2836 Abrahae,
1014 2768 1367 2826 constantiam
1423 2769 1592 2834 Isaac,
1650 2768 1887 2825 toleran-

279 2859 425 2914 tiam
456 2857 647 2925 Iacob,
688 2858 1064 2915 castimoniam
1114 2857 1333 2929 Ioseph,
1393 2856 1641 2913 mititiam
1695 2857 1888 2928 Moysi,

274 2947 718 3005 misericordiam
750 2944 945 3011 David,
977 2946 1291 3017 patientiam
1318 2944 1421 3002 Job
1463 2944 1782 3013 audivimus,
1837 2954 1890 3003 et

280 3034 469 3093 ﬁnem'
490 3035 715 3093 Domini
743 3034 1003 3091 vidimus.

362 3182 387 3209 οι
422 3160 491 3216 Et
514 3165 800 3231 ceperunt
826 3172 1016 3216 omnes
1041 3156 1203 3215 simul
1249 3172 1525 3215 excusare.
1560 3178 1583 3205 ιι
1635 3154 1740 3226 Qui
1784 3171 1887 3213 ve-

1991 642 2255 712 majorem
2284 645 2546 699 honorem
2575 650 2820 700 vocatur.
2851 644 2987 700 Item
3016 644 3073 699 in
3100 644 3228 700 villa
3256 652 3438 716 empta
3471 644 3577 701 do-
3618 664 3621 667 ·

1990 738 2215 795 minutio
2270 747 2503 807 notatur,
2561 747 2614 796 et
2665 740 2917 811 superbia
2987 741 3295 813 castigatur.
3371 740 3581 796 Primus

1992 828 2157 884 homo
2203 827 2468 883 dominari
2505 827 2693 893 voluit,
2736 828 2862 899 quia
2907 828 3183 884 dominum
3232 829 3433 885 habere
3468 844 3578 885 no-

1993 915 2111 989 luit.
2145 916 2284 984 Quid
2316 924 2395 972 est
2420 916 2708 984 dominari,
2739 918 2840 972 nisi
2868 918 3086 989 propria
3129 925 3391 987 potestate
3445 933 3580 990 gau-

1994 1013 2120 1069 dere
2151 1014 2179 1067 ξ)
2204 1012 2452 1084 Quinque
2475 1014 2612 1087 juga
2640 1022 2763 1070 sunt
2790 1014 2845 1069 in
2874 1016 3137 1083 sensibus,
3187 1016 3289 1071 tria
3332 1014 3582 1071 videlicet

1994 1103 2311 1173 apparentia
2342 1122 2355 1159 :
2388 1119 2513 1159 nam
2544 1104 2652 1160 duo
2681 1110 2805 1158 sunt
2830 1104 2990 1171 oculi,
3049 1104 3171 1160 dum
3224 1119 3399 1173 aures,
3454 1103 3578 1159 dum

1993 1207 2173 1246 nares.
2204 1192 2267 1246 In
2295 1198 2455 1263 gustu
2493 1192 2653 1249 etiam
2686 1192 2793 1248 duo
2828 1200 2952 1248 sunt
2983 1192 3352 1260 instrumenta,
3392 1192 3577 1264 lingua

1994 1294 2049 1342 et
2075 1285 2301 1359 palatus.
2326 1287 2584 1359 Voluptas
2610 1287 2805 1356 carnis,
2855 1304 2975 1358 qua;
3029 1289 3098 1344 ad
3152 1296 3349 1345 tactum
3407 1288 3578 1360 perti-

1994 1383 2106 1441 net,
2157 1376 2415 1433 occultius
2463 1377 2786 1449 geminatur.
2843 1378 2938 1433 Est
2986 1378 3130 1433 enim
3177 1377 3473 1433 forinsecus
3524 1385 3580 1433 et

1995 1464 2333 1521 intrinsecus.
2364 1466 2504 1538 luga
2531 1464 2696 1522 boum
2745 1466 3013 1533 dicuntur,
3072 1466 3198 1537 quia
3250 1481 3349 1538 per
3398 1481 3583 1522 sensus

1995 1562 2126 1618 istos
2155 1571 2363 1619 terrena
2389 1564 2751 1633 acquiruntur,
2796 1572 2847 1619 ot
2894 1563 3060 1620 boves
3098 1572 3290 1619 terram
3334 1572 3573 1620 versant.

1997 1652 2063 1707 Et
2092 1654 2252 1708 etiam
2278 1660 2407 1708 sunt
2432 1653 2678 1709 homines
2696 1652 2788 1722 qui
2825 1652 2960 1708 nihil
2989 1652 3173 1708 volunt
3207 1652 3446 1718 credere,
3478 1652 3581 1708 nisi

1996 1740 2141 1811 quod
2170 1741 2416 1796 sensibus
2446 1740 2766 1814 percipiunt.
2816 1742 2966 1797 Uxor
3014 1742 3246 1812 pertinet
3299 1741 3368 1797 ad
3423 1741 3583 1798 volu-

1998 1837 2197 1901 ptatem
2226 1829 2422 1898 carnis,
2455 1845 2575 1900 quae
2602 1829 2801 1885 multos
2827 1830 3078 1902 impedit.

2071 1984 2095 2012 α
2129 1962 2277 2017 Tunc
2306 1962 2469 2017 iratus
2524 1961 2932 2034 paterfamilias,
2993 1961 3128 2018 dixit
3180 1978 3335 2020 servo
3391 1978 3513 2019 suo.
3553 1984 3576 2012 ι»

1994 2050 2143 2108 Sicut
2172 2051 2314 2106 enim
2346 2058 2470 2106 tunc
2496 2051 2660 2107 iratus
2677 2067 2772 2107 rex
2800 2050 3011 2120 dicitur,
3044 2051 3258 2123 quando
3301 2052 3355 2106 in
3397 2068 3586 2123 pecca-

1993 2148 2134 2196 tores
2161 2140 2452 2196 vindictam
2482 2148 2715 2209 exercet,
2759 2141 2834 2197 ita
2887 2142 3031 2198 Deus
3083 2140 3427 2213 on'mipotens
3478 2140 3585 2199 illis

1992 2229 2158 2285 iratus
2186 2228 2468 2302 apparebit
2494 2244 2628 2299 quos
2654 2245 2753 2300 pro
2784 2230 3017 2302 peccatis
3039 2230 3245 2301 puniet.

2071 2378 2093 2404 υ
2127 2354 2195 2410 Et
2225 2352 2361 2409 dixit
2388 2369 2543 2409 servo
2574 2368 2672 2410 suo
2711 2370 2723 2407 :
2758 2354 2858 2410 Exi
2888 2355 2995 2412 cito
3026 2355 3079 2410 in
3101 2354 3306 2427 plateas
3347 2362 3402 2411 et
3437 2354 3588 2412 vicos
3621 2392 3627 2407 ς

1994 2443 2249 2507 civitatis,
2280 2451 2331 2498 et
2361 2459 2626 2514 pauperes
2654 2458 2717 2499 ac
2765 2442 2992 2510 debiles,
3044 2459 3217 2500 oecos
3262 2452 3317 2501 et
3367 2443 3587 2500 claudos

1994 2532 2259 2604 compelle
2291 2518 2514 2587 intrare.
2556 2529 2786 2600 Quantae
2814 2540 2937 2586 sunt
2990 2531 3324 2589 diversitates
3374 2532 3431 2589 in
3484 2532 3591 2589 hoc

1994 2619 2219 2687 mundo,
2270 2626 2485 2677 actuum
2547 2626 2705 2677 tanta:
2762 2628 2885 2675 sunt
2935 2620 3039 2677 vim
3095 2637 3215 2691 qua
3268 2620 3469 2677 ducunt
3518 2619 3589 2675 ad

1994 2708 2293 2779 diabolum,
2324 2707 2635 2781 generalem
2664 2707 2867 2765 scilicet
2892 2708 3036 2766 viam
3064 2708 3405 2780 perditionis.
3457 2708 3585 2768 Ideo

1995 2821 2128 2879 ergo
2159 2806 2288 2862 dicit
2320 2825 2333 2862 :
2366 2806 2437 2861 ite
2468 2805 2535 2861 ad
2565 2806 2775 2865 excitus
2803 2806 3031 2875 viarum,
3082 2806 3220 2863 sicut
3262 2807 3339 2862 ait
3378 2806 3433 2861 in
3476 2806 3587 2862 alio
3620 2842 3626 2851 ς

1994 2895 2281 2967 evangelio
2325 2895 2552 2964 (Matth.
2600 2896 2763 2965 xm),
2818 2903 2879 2950 ut
2929 2895 3216 2966 cujuslibet
3267 2895 3591 2951 conditionis

1993 2984 2243 3042 homines
2268 2990 2531 3055 vocentur
2556 2983 2625 3038 ad
2654 2980 2838 3041 ﬁdem.
2900 2984 3104 3040 Potens
3157 2992 3237 3040 est
3288 2983 3433 3041 enim
3487 2983 3589 3040 Dei

1993 3073 2168 3146 gratia
2197 3071 2465 3143 quoslibet
2490 3070 2751 3127 barbaros
2779 3078 2959 3129 mente
3012 3071 3303 3145 corrigere,
3359 3072 3451 3143 qui
3495 3087 3592 3128 cor

1994 3160 2495 3219 Nabuchodonosor
2545 3160 2613 3215 ad
2673 3160 2897 3217 feralem
2957 3176 3173 3217 sensum
3216 3161 3479 3229 mutavit,
3530 3169 3592 3217 et

277 3248 404 3305 nire
461 3248 753 3307 noluerunt
806 3254 1081 3314 excusant,
1140 3255 1196 3304 et
1246 3247 1325 3302 sic
1376 3245 1735 3302 intercludunt
1786 3244 1889 3303 sibi
1916 3256 1967 3321 ο
1996 3252 2187 3307 iterum
2213 3248 2281 3305 ad
2310 3249 2603 3304 humanum
2633 3265 2847 3305 sensum
2875 3248 3107 3305 reduxit.
3142 3249 3303 3305 Mittit
3344 3264 3480 3321 ergo
3529 3247 3588 3303 in

286 3345 557 3394 aeternum
586 3334 918 3405 convivium,
951 3335 1093 3406 quod
1120 3336 1268 3393 Deus
1312 3348 1421 3395 non
1467 3342 1689 3406 rogatus
1720 3333 1892 3405 gratis
1936 3386 1941 3397 ,

289 3425 456 3483 offert
474 3425 801 3484 volentibus.
835 3424 1108 3485 Excusant
1138 3439 1327 3481 omnes
1373 3422 1465 3493 qui
1510 3423 1630 3495 plus
1681 3430 1892 3479 terrena

287 3531 461 3586 quam
489 3513 734 3571 caelestia
759 3512 1011 3587 diligunt,
1040 3513 1139 3569 etsi
1176 3528 1234 3570 se
1277 3511 1347 3568 ad
1392 3511 1631 3569 cmlestia
1676 3509 1891 3567 tendere

284 3604 496 3662 dicunt.

363 3738 388 3765 σι
425 3710 639 3771 Primus
665 3712 805 3771 dixit
830 3712 882 3769 ei
915 3730 928 3770 :
962 3712 1158 3769 Villam
1188 3711 1316 3781 emi,
1361 3720 1417 3768 et
1459 3728 1681 3769 necesse
1717 3711 1894 3768 habeo

284 3809 463 3873 exine,
495 3815 551 3863 et
579 3806 766 3864 videre
797 3807 967 3861 illam.
999 3806 1154 3874 Rogo
1200 3814 1275 3873 te,
1331 3805 1474 3862 habe
1528 3822 1616 3861 me
1670 3820 1896 3860 excusa-

286 3905 427 3951 tum.
467 3918 490 3944 η
514 3895 669 3953 .Villa
711 3894 963 3965 designat
1004 3902 1268 3950 terrenam
1313 3894 1686 3961 substantiam,
1734 3908 1897 3963 quam

289 3984 521 4056 quidam
553 3999 757 4056 magno
786 3983 969 4039 labore
999 3983 1085 4039 vel
1141 3983 1304 4038 etiam
1358 3981 1484 4039 ﬁdei
1539 3982 1739 4038 damno
1794 3981 1899 4037 sibi

284 4080 504 4140 emunt,
565 4080 660 4127 aut
711 4088 810 4145 per
859 4071 1189 4143 superbiam,
1246 4079 1336 4127 aut
1391 4080 1612 4143 propter
1663 4070 1902 4142 corporis

285 4161 683 4217 substantiam.
726 4160 869 4215 Exiit
895 4176 1026 4232 ergo
1069 4160 1256 4216 videre
1312 4160 1481 4230 illam,
1538 4160 1664 4231 quia
1717 4159 1903 4216 relicta

285 4250 753 4320 contemplatione
782 4249 1009 4314 interna,
1040 4249 1155 4305 sola
1183 4249 1450 4306 exteriora
1480 4249 1701 4322 cogitat.

370 4384 395 4409 α
426 4361 496 4417 Et
516 4360 655 4417 alter
680 4360 817 4416 dixit
845 4380 865 4417 :
892 4360 1033 4432 luga
1060 4360 1227 4415 boum
1273 4359 1382 4415 emi
1430 4358 1689 4429 quinque,
1737 4364 1796 4413 et
1836 4371 1902 4413 eo

289 4449 533 4523 probare
561 4450 653 4506 illa
684 4463 700 4518 ;
731 4448 874 4505 habe
901 4465 991 4504 me
1018 4454 1353 4504 excusatum.
1388 4469 1412 4499 ιο
1462 4448 1625 4504 Recte
1668 4446 1905 4518 quinque

287 4555 491 4595 sensus
516 4538 761 4609 corporis
784 4538 922 4610 juga
962 4536 1137 4594 vocati
1194 4544 1338 4603 sunt,
1389 4536 1517 4607 quia
1572 4535 1628 4592 in
1680 4543 1907 4605 utroque

1996 3349 2219 3421 plateas,
2254 3354 2306 3402 et
2343 3346 2492 3402 vicos
2523 3353 2578 3403 et
2613 3345 2876 3413 civitates,
2926 3345 3163 3403 invitans
3174 3361 3457 3417 pauperes,
3486 3344 3590 3400 de-

1996 3438 2152 3504 biles,
2185 3443 2237 3491 et
2265 3451 2437 3492 crocos
2486 3434 2832 3506 claudosque,
2892 3441 2951 3491 ut
2996 3433 3145 3489 nulla
3197 3432 3293 3491 ﬁat
3342 3432 3592 3491 discretio

1999 3526 2239 3583 locorum
2294 3540 2394 3580 seu
2471 3539 2824 3595 personarum
2896 3521 3234 3578 venientibus
3289 3521 3360 3579 ad
3427 3520 3592 3581 ﬁdem

1999 3615 2213 3673 Christi.
2238 3611 2486 3670 Ostendit
2515 3611 2658 3669 enim
2681 3612 2807 3682 quia
2826 3610 3073 3667 debilitas
3105 3610 3349 3682 corporis
3385 3611 3592 3666 nullum

2002 3692 2244 3760 excludit
2271 3718 2303 3758 a
2331 3717 2500 3774 regno
2531 3700 2649 3765 Dei,
2682 3699 2961 3771 rariusque
2989 3699 3268 3770 delinquit,
3316 3699 3402 3755 cui
3446 3698 3599 3755 deest

2002 3792 2259 3849 illecebra
2290 3789 2571 3864 peccandi,
2603 3796 2656 3845 et
2712 3788 2866 3844 citius
2921 3787 2989 3844 ad
3044 3787 3215 3843 Deum
3269 3789 3595 3843 convertitur

2004 3892 2095 3962 qui
2126 3906 2233 3948 non
2270 3888 2433 3945 habet
2486 3887 2542 3943 in
2594 3887 2799 3943 mundo
2850 3886 2942 3941 ubi
3000 3885 3314 3943 delectetur.
3375 3885 3588 3940 Aliter:

2007 3981 2277 4050 Pauperes
2304 3976 2531 4043 debiles,
2565 3976 2691 4033 caci
2734 3983 2789 4030 et
2841 3974 3017 4030 claudi
3071 3974 3317 4028 dicuntur
3370 3972 3603 4044 gentiles

2009 4068 2414 4141 comparatione
2445 4065 2776 4130 Iudaeorum,
2808 4063 2897 4135 qui
2927 4079 3025 4134 per
3052 4063 3228 4134 legem
3272 4069 3328 4117 et
3382 4062 3608 4133 prOphe

2008 4158 2111 4214 tias
2139 4156 2353 4222 divites,
2388 4154 2572 4223 fortes,
2606 4152 2889 4208 illuminati
2914 4159 2966 4207 et
2994 4151 3154 4206 erecti
3201 4167 3317 4205 esse
3362 4149 3604 4217 debent;

2010 4245 2105 4302 sed
2137 4247 2240 4301 hoc
2284 4260 2399 4298 esse
2452 4243 2587 4298 falso
2643 4247 2992 4313 praesumunt.
3047 4238 3207 4294 Mittit
3259 4238 3327 4294 ad
3383 4238 3647 4311 plateas,_

2011 4359 2133 4400 cum
2163 4348 2474 4413 peccatores
2505 4338 2840 4394 dilatioribus
2864 4337 2966 4392 viis
2993 4341 3156 4394 vocat
3207 4335 3276 4392 ad
3326 4343 3612 4408 angustam

2010 4432 2158 4490 viam
2189 4432 2340 4487 vitm.
2379 4427 2539 4484 Mittit
2566 4426 2634 4482 ad
2664 4427 2830 4496 vicos,
2877 4441 3001 4482 eum
3060 4424 3183 4480 illos
3236 4424 3426 4480 invitat
3479 4440 3651 4495 quos.

2014 4518 2396 4593 temporalium
2426 4523 2584 4574 vocat
2612 4515 2814 4587 inopia.
2850 4514 3009 4568 Mittit
3042 4512 3111 4569 ad
3164 4512 3426 4581 civitates,
3485 4528 3611 4569 cum

290 4643 438 4684 sexu
464 4626 830 4699 geminantur.
863 4624 968 4696 Qui
1023 4640 1230 4689 senats,
1290 4624 1418 4695 quia
1470 4624 1587 4680 sola
1636 4624 1902 4681 exteriora

2013 4625 2107 4667 eos
2136 4615 2293 4664 vocat
2322 4605 2412 4676 qui
2442 4605 2585 4660 culta
2628 4604 2696 4660 ab
2752 4598 2962 4657 inetiltis
3015 4609 3319 4665 secernunt,
3378 4601 3468 4671 qui
3525 4609 3608 4656 te-

292 4723 656 4788 cognoscunt,
688 4721 743 4772 et
768 4729 877 4769 non
905 4713 1116 4783 intima,
1146 4721 1290 4770 recte
1339 4728 1437 4786 per
1483 4728 1578 4769 eos
1623 4713 1904 4769 curiositas

292 4804 637 4876 designatur.
669 4801 885 4875 Grande
917 4802 1105 4858 vitium
1148 4809 1227 4858 est
1269 4801 1565 4871 curiositas,
1614 4817 1735 4873 quae
1774 4800 1902 4857 dum

297 4899 597 4971 investigat
622 4900 790 4956 vitam
838 4898 1095 4971 proximi,
1154 4906 1390 4954 mentem
1448 4897 1684 4954 exterius
1736 4897 1902 4963 ducit,

295 5004 406 5044 sua
436 4989 624 5044 intima
648 4994 1001 5060 postponens.
1032 4987 1339 5042 Notandum
1368 4985 1515 5057 quia,
1538 4986 1666 5045 dum
1702 4985 1903 5054 dicunt,

306 5101 335 5127 α
370 5091 510 5150 rogo
540 5085 612 5143 te,
645 5076 786 5134 habe
816 5093 902 5132 me
933 5082 1268 5145 excusatum,
1303 5096 1326 5123 ιο
1362 5075 1636 5132 humilitas
1661 5081 1818 5131 sonat
1851 5075 1908 5130 in

299 5181 447 5222 voce
473 5180 487 5235 ;
511 5165 639 5220 dum
666 5164 851 5221 venire
881 5172 1248 5229 contemnunt,
1279 5163 1533 5236 superbia
1577 5162 1634 5218 in
1676 5163 1905 5221 actione.

303 5255 403 5312 Sic
427 5262 682 5325 peccator
709 5253 800 5325 qui
831 5252 962 5310 dicit
994 5272 1006 5309 :
1039 5251 1150 5309 Ora
1198 5268 1297 5325 pro
1355 5268 1446 5307 me
1502 5259 1803 5324 peccatore,
1857 5259 1912 5307 et

307 5359 588 5424 peccatum
619 5366 730 5407 non
754 5350 869 5407 vult
913 5349 1181 5416 deserere,
1238 5347 1473 5406 insinuat
1529 5348 1907 5417 humilitatem,
1942 5412 1949 5417 ,

307 5439 404 5495 sed
432 5440 488 5495 in
516 5439 772 5513 superbia
799 5446 1017 5510 perstat.

384 5575 407 5602 οι
442 5553 509 5609 Ει
536 5552 675 5623 alius
696 5550 835 5605 dixit
857 5569 870 5607 :
894 5551 1130 5607 Uxorem
1152 5547 1284 5605 duxi
1306 5555 1358 5605 et
1395 5548 1518 5606 ideo
1546 5564 1657 5605 non
1691 5563 1912 5619 possum

309 5642 515 5698 venire.
560 5664 583 5690 η
619 5642 683 5696 In
714 5654 884 5694 uxore
935 5638 1185 5710 voluptas
1240 5639 1416 5694 carnis
1469 5637 1748 5707 accipitur,
1805 5652 1915 5692 non

309 5732 446 5805 quod
476 5728 805 5801 conjugium
834 5742 944 5782 non
972 5727 1041 5782 sit
1070 5726 1270 5782 bonum
1300 5727 1371 5782 ad
1416 5726 1661 5782 sobolem
1709 5740 1914 5797 propa-

301 5821 564 5897 gandam,
600 5817 701 5872 sed
735 5813 882 5887 quod
911 5814 1155 5871 nonnulli
1185 5822 1443 5887 expetunt
1488 5815 1544 5871 in
1589 5827 1757 5868 uxore
1804 5827 1916 5867 non

297 5917 700 5978 fecunditatem
730 5908 919 5986 prelis,
948 5910 1046 5970 sed
1091 5909 1358 5969 desideria
1399 5906 1711 5983 voluptatis.
1761 5906 1911 5962 Con-

2013 4714 2139 4755 nere
2170 4698 2346 4771 legem
2377 4702 2582 4750 naturae
2622 4691 2931 4748 suburbana
2982 4689 3388 4746 conversatione
3441 4705 3609 4746 nove-

2010 4791 2147 4843 rant.

2093 4926 2114 4952 α
2148 4903 2212 4958 Et
2246 4900 2319 4958 ait
2343 4916 2574 4956 servus:
2615 4896 2867 4962 Domine,
2926 4896 3127 4952 factum
3183 4899 3263 4951 est
3314 4901 3373 4949 ut
3425 4893 3609 4964 impe-

2015 4992 2163 5060 rasti,
2198 4998 2251 5046 et
2281 4990 2461 5046 adhuc
2488 4989 2640 5044 locus
2694 4994 2791 5042 est.
2849 4986 2917 5040 Et
2972 4985 3046 5040 ait
3095 4983 3347 5039 dominus
3400 4997 3558 5037 servo
3586 4997 3605 5035 :

2015 5081 2118 5137 Exi
2144 5079 2201 5135 in
2228 5080 2343 5136 vias
2370 5086 2424 5134 et
2446 5093 2621 5148 sepes,
2652 5084 2706 5131 et
2730 5073 2998 5146 compelle
3023 5073 3240 5140 intrare,
3271 5078 3330 5127 ut
3372 5069 3608 5142 implea—

2017 5187 2105 5235 tur
2131 5178 2324 5234 domus
2351 5192 2492 5232 mea.
2526 5175 2659 5235 Dico
2689 5181 2868 5231 autem
2897 5171 3054 5230 vobis
3080 5168 3224 5241 quod
3252 5184 3415 5224 nemo
3454 5169 3611 5223 viro-

2017 5286 2139 5327 rum
2165 5268 2375 5324 illorum
2389 5266 2479 5336 qui
2502 5264 2677 5320 vocati
2694 5270 2815 5318 sunt
2832 5261 3125 5335 gustabunt
3144 5272 3354 5315 omnem
3369 5272 3605 5313 meam.»

2017 5356 2304 5429 lmplenda
2340 5362 2423 5409 est
2455 5353 2649 5410 domus
2677 5351 2777 5408 Dei
2807 5365 3031 5405 numero
3059 5347 3557 5419 przedestinatorum
3592 5359 3613 5414 °,

2019 5455 2114 5511 sed
2144 5452 2363 5525 superbi
2391 5458 2719 5523 peccatores,
2770 5447 2896 5518 quia
2950 5445 3125 5502 vocati
3177 5444 3362 5499 venire
3416 5442 3615 5499 nolue-

2020 5551 2162 5610 runt,
2193 5559 2250 5597 se
2280 5542 2426 5613 ipsos
2481 5535 2966 5609 irrecuperabiliter
3031 5534 3387 5590 excluserunt.
3447 5532 3620 5587 Vocat

2021 5631 2286 5689 Dominus
2312 5645 2412 5699 per
2439 5645 2515 5693 se,
2549 5634 2831 5698 vocat,per
2857 5623 3103 5696 angelos,
3133 5638 3231 5701 per
3268 5621 3616 5693 patriarchas,

2023 5745 2122 5802 per
2169 5726 2458 5799 apostolos,
2515 5741 2613 5798 per
2665 5723 2942 5789 miracula,
2996 5736 3097 5790 per
3151 5719 3385 5791 ﬂagella.
3441 5718 3620 5773 Nemo

2021 5821 2336 5872 contemnat
2360 5813 2568 5879 venire,
2620 5828 2687 5867 ne
2734 5812 2863 5866 dum
2919 5817 3140 5866 vocatus
3195 5814 3432 5871 excusat,
3488 5806 3618 5859 dum

2020 5902 2256 5963 voluerit
2282 5900 2501 5969 intrare,
2533 5915 2644 5956 non
2671 5899 2867 5957 valeat.
2913 5894 3188 5953 Venerunt
3232 5894 3300 5949 de
3331 5890 3522 5963 plateis
3565 5897 3621 5943 et
