3924 6392
128 447 276 511 tm

1077 447 1654 505 DEFLORATIONES
1693 448 1797 504 SS.
1845 447 2270 506 ΡᾹτΗυΜμ-ι
2309 447 2446 506 LIB.
2496 449 2568 504 ll.

3325 447 3462 502 1022

125 570 398 630 cessarila
415 571 559 631 vita
586 580 989 630 sustentamnr.
1012 575 1132 640 llic,
1155 575 1201 629 si
1217 575 1458 647 quolibet
1484 574 1648 630 modo
1661 587 1763 629 nos
1791 575 1845 636 Α
1881 574 1938 628 in
1965 585 2210 642 carnem,
2244 574 2440 630 vinu‘m
2463 583 2738 631 austerum
2767 576 2823 631 in
2850 575 2947 632 lac:
2980 587 3305 630 conversum
3353 580 3482 629 est.

125 684 349 724 serena
375 669 488 726 Dei
519 669 771 742 impedit
805 680 887 727 est
916 672 1076 728 nobis
1105 671 1444 738 evehendus,
1479 680 1530 727 et
1555 687 1596 726 ε·
1615 671 1768 727 fami-

125 758 382 813 liaritate.
397 768 618 829 nostra
641 761 828 830 procul
850 760 1238 816 ex-cludendus.
1267 761 1435 815 Multo
1471 761 1612 815 enim
1645 777 1769 814 me-

125 846 232 901 lius
262 855 352 902 est
387 847 629 918 absque
666 849 754 903 his
785 849 1004 913 salvari,
1040 865 1205 921 quam
1237 865 1356 904 cum
1392 849 1474 903 his
1500 858 1769 919 perpetuo

126 935 241 1007 igni
271 936 574 1006 deputari.
612 938 878 1012 Nam‘qui
907 937 1089 1002 talium
1122 938 1336 994 amicus
1367 946 1471 1002 est,
1519 937 1768 991 inimicus

126 1031 226 1087 Dei
259 1032 672 1100 constituitur,
707 1041 759 1089 et
790 1033 880 1106 qui
912 1033 1000 1088 his
1030 1034 1341 1088 hominibus
1373 1035 1574 1104 placet,
1632 1048 1768 1089 con-

125 1119 284 1174 fusus
309 1134 349 1174 a
373 1121 516 1175 'Deo
543 1121 856 1192 spernitur.
891 1119 996 1190 Qui
1029 1121 1176 1176 illam
1209 1122 1340 1178 emit
1371 1131 1450 1175 est
1481 1121 1526 1175 is
1551 1120 1770 1193 quiter-

126 1207 280 1263 renis
313 1216 552 1264 tantum
586 1209 759 1264 lueris
789 1210 1036 1275 inservit,
1091 1218 1146 1265 et
1191 1209 1318 1265 ideo
1375 1225 1407 1265 a
1462 1225 1619 1266 coena
1675 1207 1773 1263 Dei

126 1296 517 1366 recedit-Qui
554 1306 742 1353 autem
776 1298 1018 1370 quinque
1043 1299 1183 1370 juga
1214 1299 1416 1354 bonum
1447 1299 1598 1364 emit,
1632 1306 1683 1353 et
1712 1313 1774 1351 ea

124 1392 370 1464 probare
403 1395 580 1461 abiit,
618 1395 782 1451 estis
831 1396 923 1468 qui
978 1396 1218 1469 quinque
1276 1413 1472 1452 sensus
1529 1395 1774 1466 corporis

123 1497 230 1552 per
262 1483 564 1538 binarium
595 1484 826 1556 jugatos
867 1484 932 1538 ad
987 1484 1196 1540 alienos
1243 1493 1402 1540 actus
1457 1483 1775 1538 scrutandos

127 1572 506 1636 c0nvertit,et
519 1587 557 1627 a
581 1573 842 1627 convivio
861 1573 960 1627 Dei
981 1573 1222 1628 divertit.
1246 1574 1400 1630 Unde
1421 1573 1620 1645 legitur
1633 1570 1780 1641 quod

125 1659 288 1725 Dina,
312 1659 662 1731 filiaJaoob,
699 1661 886 1716 videre
912 1661 1172 1717 mulieres
1199 1661 1446 1734 regionis
1471 1659 1778 1733 egreditur,

131 1765 184 1812 et
205 1771 240 1812 a
259 1757 483 1814 Sichen
507 1758 772 1830 principe
786 1758 1019 1814 civitatis
1036 1758 1361 1830 apprimitur
1378 1758 1536 1826 (Gen.
1557 1760 1778 1828 xxxrv)‘

133 1847 360 1911 Penset,
397 1863 628 1917 quaso,
661 1854 841 1902 vestra
871 1846 1191 1904 fraternitas
1212 1863 1373 1921 quam
1397 1864 1568 1921 grave
1591 1847 1775 1902 vitium

133 1935 204 1989 sit
232 1935 585 1991 curiositas.
642 1936 786 1991 Ecce
837 1936 1032 1991 summi
1082 1937 1406 2007 patriarchte
1452 1935 1580 1996 lilia,
1637 1925 1848 1991 dum-B

133 2024 533 2079 curiositatem
569 2031 826 2090 sectatur,
857 2039 888 2078 a
915 2039 1131 2096 pagano
1175 2025 1392 2079 homine
1440 2031 1766 2095 constupra-

132 2126 242 2186 tur,
273 2119 500 2176 civitas
533 2137 666 2176 cum
697 2119 847 2176 omni
879 2119 1080 2192 populo
1109 2120 1260 2176 ferro
1290 2130 1343 2175 et
1393 2121 1610 2174 ﬂamma
1660 2135 1768 2174 ex-

138 2207 522 2264 terminatur.
595 2209 735 2264 Dina
790 2209 992 2282 quippe
1048 2225 1273 2282 egressa
1330 2209 1575 2277 violatur,
1636 2209 1764 2263 dum

138 2297 404 2366 qualibet
439 2298 640 2353 anima
670 2297 883 2352 alienos
943 2305 1099 2352 actus
1151 2297 1368 2352 curiose
1414 2306 1766 2368 perscrutans

142 2383 366 2440 diabolo
400 2383 738 2457 cupulatur.
805 2383 1013 2440 Civitas
1068 2400 1193 2440 cum
1247 2385 1449 2456 p0pulo
1507 2385 1765 2441 incendio

143 2481 486 2546 vast-abitur,
522 2481 658 2553 quia
686 2495 884 2554 corpus
932 2481 1128 2537 curiosi
1178 2498 1300 2536 cum
1348 2481 1504 2536 malis
1553 2475 1772 2538 actibus

145 2576 353 2624 eterna
387 2571 513 2643 igni
548 2570 902 2627 cruciabitur.
934 2569 1038 2638 Qui
1071 2587 1200 2626 vero
1229 2570 1386 2625 duxit
1416 2587 1642 2626 uxorem
1685 2569 1768 2626 eSt

148 2657 193 2711 is
222 2658 318 2730 qui
351 2666 579 2714 tantum
612 2659 824 2713 luxuria
864 2659 1047 2714 studet
1093 2658 1318 2729 explere
1367 2659 1646 2714 ardorem.
1702 2659 1769 2713 Et

150 2745 285 2815 quia
315 2747 658 2803 vestimenta
688 2747 945 2818 nuptialia
976 2745 1312 2819 coinquinat,
1345 2761 1517 2802 coma:
1549 2747 1769 2802 Domini

152 2841 381 2899 minime
411 2843 850 2915 appropinquat.
883 2843 951 2899 Et
982 2845 1110 2914 quia
1139 2843 1192 2897 hi
1224 2859 1256 2898 a
1275 2845 1524 2900 convivio
1545 2843 1642 2899 Dei
1666 2841 1770 2900 ex?

158 2940 446 3001 cusantur,
483 2933 557 2986 de
589 2932 786 3004 plateis
813 2939 866 2987 et
895 2932 1028 2987 vicis
1060 2947 1333 3006 pauperes
1365 2931 1416 2986 et
1437 2931 1647 2988 debiles
1670 2947 1768 2987 vo-

160 3028 382 3074 cantur.
416 3020 630 3076 Platem
660 3029 788 3075 sunt
816 3020 940 3075 latae
967 3015 1314 3090 viae'publice
1344 3030 1506 3093 atque
1537 3034 1638 3091 per
1668 3036 1768 3091 po—

160 3107 393 3162 tentiam
418 3109 667 3165 crimina
695 3109 1161 3179 perpetrantium;
1208 3108 1335 3174 vici,
1397 3118 1629 3181 angusta
1664 3109 1793 3164 'iti—'

163 3220 297 3260 nera
327 3208 554 3263 occulte
604 3206 825 3278 ﬂagitiis
871 3206 1267 3261 insudan’tinm.
1320 3205 1596 3276 Pauperes
1647 3203 1773 3262 sunt

167 3293 256 3363 qui
288 3295 846 3366 se'boni'stoperibus
896 3307 1098 3350 vacuos
1151 3293 1483 3367 agnoscunt.
1552 3295 1798 3351 D‘ebiles"

167 3390 290 3435 sunt
324 3384 416 3456 qui
453 3402 524 3441 se
554 3385 608 3438 in
639 3383 933 3455 praeceptis
962 3383 1262 3438 Dominicis
1307 3383 1588 3455 languisse
1635 3397 1787 3440 con-'

167 3469 428 3538 spiciunt.
458 3471 611 3528 Caeci
640 3480 764 3526 sunt
792 3471 883 3544 qui
913 3471 1104 3527 oculos
1131 3471 1311 3527 cordis
1341 3487 1373 3526 a
1403 3471 1523 3526 luce
1568 3471 1773 3526 verita-
1802 3489 1805 3495 '

168 3563 235 3619 tis
264 3559 619 3626 clauserunt.
659 3567 856 3623 Claudi
887 3576 1010 3623 sunt
1039 3567 1130 3640 qui
1159 3569 1215 3622 in
1252 3567 1356 3622 viis
1404 3568 1619 3624 Domini
1663 3583 1774 3624 non

171 3653 619 3713 ambulaverunt.
653 3657 763 3713 Sed
793 3657 847 3711 hi
877 3671 1070 3712 omnes
1119 3656 1296 3712 vocati
1343 3656 1411 3711 ad
1455 3656 1775 3712 convivium

173 3740 281 3796 Dei
297 3745 554 3811 veniunt,
596 3745 725 3800 dum
774 3745 1022 3800 doctrina
1053 3745 1350 3815 'justorum'
1387 3746 1619 3801 correcti
1677 3761 1778 3815 per

1823 3847 1828 3852 .
1887 3831 2038 3858 catur
2071 3831 2084 3856 3
2110 3831 2212 3858 υυϋ
2241 3831 2326 3857 νει
2353 3831 2456 3858 ηυυ
2502 3831 2616 3866 ιυιι,
2679 3831 2931 3873 quam":
2988 3831 3172 3858 autucu
3229 3831 3480 3859 crcuutur

1823 3925 1833 3956 μ
1889 3900 2011 3972 quia
2042 3899 2268 3954 alterum
2302 3899 2424 3953 fuit.
2461 3898 2632 3967 Quod
2664 3900 2727 3954 si
2751 3899 2983 3954 alterum
3036 3900 3330 3956 dicendum
3378 3905 3480 3966 est,

1825 4021 1830 4028 -
1889 4005 1995 4059 ego
2023 3988 2233 4058 absque
2262 3988 2585 4060 prirjudicio
2625 3988 2870 4043 veritatis
2927 3993 3127 4062 magno
3188 4005 3351 4043 sensu
3413 3989 3514 4042 ad"

177 3926 399 3995 plurimi
425 3920 520 3988 de
565 3929 666 3985 viis
707 3938 761 3985 et
817 3930 1039 4001 sepibus
1093 3929 1302 3985 intrare
1355 3927 1776 4001 compelluntur,

176 4013 308 4070 dum
333 4018 583 4075 diversis
611 4019 888 4074 erroribus
920 4017 1034 4090 ipsa
1078 4019 1264 4073 mundi
1321 4015 1649 4074 difficultate
1680 4035 1781 4074 (ιο-ο

178 4113 344 4170 gente
369 4109 439 4163 ad
472 4107 741 4182 pietatem
773 4115 1191 4164 convertuntur.
1224 4107 1290 4161 lii
1321 4122 1510 4161 omnes
1541 4107 1605 4163 in
1639 4113 1780 4163 'con-

178 4198 364 4262 spectu
399 4198 511 4252 Dei
541 4197 849 4268 epulantur,
879 4205 932 4250 et
963 4196 1016 4250 in
1049 4195 1233 4251 laetitia
1263 4191 1619 4262 delectentur,
1652 4198 1782 4268 quia

180 4291 355 4362 magis
382 4293 660 4362 gaudium
691 4302 771 4348 est
800 4293 1012 4366 angelis
1042 4294 1140 4348 Dei
1163 4305 1336 4363 super
1359 4308 1470 4349 uno
1491 4299 1782 4365 peccatore

183 4381 573 4446 paenitentiam
600 4390 820 4456 agente,
850 4395 1013 4454 quam
1043 4397 1217 4452 super
1239 4381 1535 4454 nonaginta
1578 4397 1781 4437 novem

180 4464 342 4532 justis
371 4474 469 4544 qui
505 4487 615 4526 non
663 4471 910 4544 indigent
957 4470 1272 4542 poenitentia
1321 4471 1540 4539 (Mat/lt.
1590 4473 1772 4542 xvnt).
1831 4479 1834 4482 '

184 4557 261 4610 Ad
285 4558 389 4613 bas
421 4560 644 4632 epulas,
670 4559 1000 4623 charissimi,
1057 4566 1251 4630 sponte
1297 4560 1628 4613 voluntaria
1659 4575 1781 4614 om-

185 4657 440 4713 nes-totis
483 4655 697 4712 nisibus
740 4667 1055 4722 curramus,
1105 4655 1198 4710 ubi
1243 4663 1524 4728 nunquam
1572 4655 1778 4711 esurias

187 4752 384 4800 mus-et
412 4744 692 4811 sitiemus,
728 4745 827 4800 sed
855 4759 984 4801 cum
1011 4744 1226 4817 angelis
1256 4745 1310 4798 in
1339 4747 1605 4800 arternum
1651 4759 1786 4818 gau-

190 4825 438 4891 deamus.
919 4843 924 4858 "
989 4865 996 4870 -
1149 4871 1152 4874 .
1336 4845 1382 4872 -’

371 5039 376 5044 .
445 4981 691 5058 δεκΜο
730 4983 826 5044 οε
866 4982 1201 5057 conponi:
1241 4982 1516 5040 DOMINI.

268 5113 289 5138 ε
312 5094 498 5153 Homo
520 5093 743 5166 quidam
759 5093 892 5150 fecit
911 5108 1122 5149 canam
1145 5107 1417 5166 magnam,
1440 5119 1459 5143 ιι
1485 5102 1590 5151 etc‘.
1615 5096 1776 5165 (Luc.

199 5184 503 5256 stelliuic
535 5183 719 5253 itaque
749 5198 919 5244 ranas
948 5181 1040 5242 ille
1085 5181 1241 5243 dives
1273 5183 1439 5240 homo
1489 5183 1788 5254 przeposuit

202 5280 461 5338 mensam,
494 5271 549 5326 id
579 5280 664 5329 est
690 5271 866 5326 altare
892 5288 904 5324 :
930 5270 986 5326 in
1026 5287 1132 5342 qua
1172 5271 1274 5326 tria
1308 5273 1633 5341 composuit,
1685 5287 1793 5342 pa-

204 5376 322 5420 nem
353 5370 596 5433 scilicet,
637 5369 821 5425 vinum
888 5376 943 5422 et
1005 5379 1250 5424 carnem.
1313 5367 1485 5439 igitur
1539 5369 1790 5423 Christus

207 5447 313 5520 iPSB
333 5469 411 5514 est
433 5457 595 5529 panis
615 5457 964 5529 angelorum.
986 5458 1044 5510 in
1064 5473 1173 5526 quo
1193 5457 1326 5528 quia
1345 5457 1597 5526 peccavit
1627 5457 1792 5513 homo

209 5537 256 5594 in
277 5549 554 5613 paradiso,
579 5545 899 5616 impositum
936 5546 1244 5612 estvinum,
1285 5545 1339 5600 id
1382 5554 1463 5600 est
1503 5546 1792 5601 austeritas

215 5625 357 5698 legis.
388 5636 500 5693 Sed
532 5635 664 5708 quia
695 5632 851 5705 panis
897 5633 1064 5689 durus
1121 5643 1174 5688 ct
1229 5633 1436 5688 solidus
1491 5633 1796 5688 comeditur

215 5723 443 5800 difﬁcile,
502 5732 890 5802 vinum'quia
945 5730 1214 5802 parvulos
1271 5739 1480 5793 enecat,
1543 5731 1792 5798 apposita

216 5824 286 5868 est
312 5833 454 5892 caro,
490 5838 632 5880 cum.
652 5821 791 5874 Veri
807 5835 896 5874 um
925 5835 1055 5876 caro
1086 5818 1282 5874 factum
1315 5827 1396 5873 est
1425 5827 1479 5873 et
1521 5817 1794 5872 habitavit

211 5899 257 5955 in
282 5910 671 5981 nobisuoan.
701 5910 771 5976 ι).
810 5908 902 5964 Sic
929 5908 1096 5979 igitur
1124 5909 1279 5979 panis
1307 5907 1478 5962 durus
1507 5915 1559 5963 et
1587 5905 1794 5962 solidus

1873 673 2000 727 Haec
2028 672 2211 744 itaque
2243 673 2370 734 tria,
2404 673 2582 746 panis,
2614 673 2799 728 vinu‘m
2847 679 2900 728 et
2950 669 3100 736 caro,
3157 669 3469 727 sacramen-

1871 767 1982 814 tum
2015 769 2137 814 sunt
2166 762 2414 832 corporis
2445 768 2500 818 et
2553 761 2834 834 sanguinis
2879 760 3072 816 Christi
3109 765 3126 814 :’
3168 759 3353 825 unum,
3404 771 3470 813 ex

1874 848 1958 902 his
1990 849 2043 902 in
2076 849 2273 921 quibus
2321 850 2710 920 principaliter
2754 849 2905 904 salus
2947 851 3180 912 constat,
3233 858 3286 903 et
3330 845 3473 902 inter

1875 946 2062 1000 omnia
2089 947 2388 1019 singulare,
2417 948 2544 1018 quia
2561 963 2626 1001 ex
2655 950 2775 1017 ipso
2796 946 2971 1002 omnis
2990 945 3342 1002 sanctificatio
3363 941 3470 1000 est.

1876 1036 2005 1089 Haec
2035 1036 2178 1088 enim
2210 1035 2383 1090 hostia
2414 1036 2584 1090 semel
2637 1049 2752 1107 pro
2799 1037 2984 1090 mundi
3035 1037 3210 1091 salute
3261 1035 3464 1100 oblata,

1879 1123 2132 1178 omnibus
2162 1125 2595 1194 praecedentibus
2653 1135 2705 1180 et
2761 1125 3221 1196 subsequentibus
3277 1123 3465 1179 sacras

1880 1221 2077 1280 mentis
2108 1221 2356 1280 virtutem
2387 1222 2556 1287 dedit,
2588 1229 2646 1276 ut
2677 1238 2742 1280 ex
2767 1223 2860 1276 illa
2874 1221 3276 1286 sanctificarent
3299 1229 3348 1276 et
3371 1237 3474 1292 per

1879 1309 2025 1366 illam
2058 1309 2352 1365 salvandoa
2383 1326 2604 1368 omnes.
2664 1312 3076 1368 Sacramentum
3117 1311 3368 1380 corporis
3420 1317 3474 1366 et

1881 1399 2167 1470 sanguinis
2197 1399 2279 1453 sui
2311 1400 2426 1469 ipse
2456 1399 2727 1456 Dominus
2757 1401 2912 1455 Iesus
2941 1400 3188 1454 Christus
3221 1398 3470 1466 instituit,

1883 1496 2104 1564 quando
2132 1505 2259 1567 post
2288 1511 2498 1560 cmnam
2529 1497 2732 1553 veteris
2759 1498 2978 1553 Paschre
3000 1513 3194 1567 panem
3208 1504 3262 1552 et
3283 1497 3502 1566 vinum.

1881 1583 1939 1638 in
1966 1599 2171 1654 corpus
2201 1586 2611 1657 etsanguinem
2642 1603 2798 1641 suum
2829 1586 3009 1648 divina
3034 1585 3268 1656 potantia
3291 1592 3473 1638 trans-

1884 1680 2117 1744 mutans,
2151 1673 2410 1743 apostolis
2441 1675 2764 1730 sumendum
2794 1674 3089 1738 distribuit,
3123 1681 3178 1728 et
3223 1681 3282 1726 ut
3326 1672 3500 1728 idem.

1882 1777 2007 1838 post
2031 1770 2134 1825 hoc
2164 1769 2565 1830 inmemoriam
2595 1771 2678 1826 sui
2726 1778 2951 1845 agerent
2998 1769 3255 1842 precepit
3310 1770 3470 1840 (Lac.

1880 1858 2045 1927 xm).
2092 1927 2094 1930 _

1949 1981 2133 2036 Solent
2166 1983 2664 2054 quidam-quierera
2688 1984 2848 2055 quale
2879 1999 3079 2055 corpus
3118 1999 3270 2039 suum
3306 1979 3472 2040 disci;

1875 2069 2020 2141 pulis
2051 2071 2167 2124 suis
2196 2071 2460 2125 Dominus
2486 2073 2646 2126 Iesus
2678 2073 2923 2128 Christus
2951 2074 3191 2141 tradidit,
3218 2073 3340 2128 "hoc
3389 2065 3472 2126 est

1875 2157 2136 2229 passibile
2166 2173 2236 2212 an
2302 2159 2669 2231 impassibile,
2727 2163 2958 2216 mortale
3017 2178 3084 2215 an
3142 2160 3490 2225 immortale,~

1877 2264 2019 2320 etc.,
2051 2263 2103 2309 et
2149 2253 2254 2308 alla
2285 2271 2405 2326 quas
2453 2255 2518 2308 ad
2564 2256 2702 2310 hanc
2751 2257 3020 2326 pertinent
3078 2255 3459 2329 quiasiionem.

1880 2345 1999 2414 Ego
2037 2343 2089 2397 in
2122 2343 2405 2410 ejusmodi,
2439 2343 2582 2399 sicut
2609 2345 2661 2398 in
2692 2345 2814 2398 aliis
2845 2345 3131 2415 professus
3188 2359 3328 2407 sum,
3388 2342 3471 2398 di-

1877 2431 2003 2485 vina
2049 2437 2261 2486 secreta
2317 2431 2508 2502 magis
2545 2433 2882 2487 veneranda"
2915 2437 3072 2505 q’nam
3107 2433 3493 2488 discutienda:

1806 2573 1810 2578 .
1876 2537 2099 2584 censeo.
2131 2528 2471 2599 Simplicitati
2501 2529 2628 2586 ﬁdei
2662 2532 2763 2586 hoc
2789 2530 3042 2587 sufficere
3083 2541 3233 2604 puto,
3283 2527 3328 2585 si
3383 2523 3490 2585 di-‘

1878 2617 2052 2670 cimus
2083 2617 2210 2688 quia
2239 2617 2347 2673 tale
2377 2618 2536 2672 dedit
2555 2619 2719 2690 quale
2750 2615 2956 2685 voluit;
2983 2627 3035 2673 et
3071 2636 3284 2674 rursum
3317 2618 3474 2691 quale

1876 2704 2047 2767 dedit,
2079 2704 2197 2774 ipse
2226 2706 2395 2760 novit.
2433 2706 2562 2761 ideo
2589 2706 2732 2761 enim
2759 2707 2869 2761 tale
2899 2707 3050 2761 dedit
3079 2707 3241 2778 quale
3283 2707 3474 2770 voluit,

1810 2835 1816 2846 ι
1877 2799 2006 2870 quia
2030 2799 2380 2870 omnipotens
2411 2807 2546 2866 erat,
2579 2809 2636 2855 et
2662 2802 2834 2872 p'otu‘it
2866 2809 3028 2857 'omne
3069 2802 3223 2875 quod
3271 2801 3487 2858 voluit.

1815 2923 1824 2930 ι
1878 2887 2009 2942 Ideo
2026 2895 2204 2942 autem
2223 2888 2341 2958 ipse
2362 2889 2511 2944 novit
2533 2889 2700 2960 quale
2721 2890 3019 2962 dedit,q’uia
3047 2890 3309 2961 sapientia
3333 2900 3475 2958 erat,
3501 2907 3508 2912 ·

1879 2983 1932 3030 et
1960 2991 2068 3031 non
2100 2977 2277 3047 potuit
2306 2976 2568 3049 ignorare
2599 2978 2920 3049 quod't‘uit.
2960 2981 3256 3049 Propterea
3305 2980 3479 3035 levius

1879 3075 2538 3145 se‘qumstione-absolvit,
2573 3086 2624 3131 et
2652 3076 2896 3132 fortassis
2959 3079 3120 3132 tutius
3169 3075 3243 3132 in'
3273 3083 3478 3132 semet-

1817 3191 1824 3202 ι
1879 3162 2000 3232 ipso
2021 3162 2298 3228 subsistit,
2324 3163 2472 3234 quod
2504 3156 2612 3218 non
2653 3164 2887 3220 dicitur:
2933 3146 3164 3220 monile
3202 3164 3529 3232 dedit,'ne”

1880 3252 2129 3316 Videntur
2153 3252 2551 3308 dicereeontra
2594 3253 2916 3308 sacramenti
2975 3253 3314 3326 dignitatem,
3355 3257 3504 3309 nec"

1883 3348 2016 3403 dicit
2045 3367 2064 3402 :-
2091 3349 2317 3404 Mortale
2346 3349 2514 3416 dedit,
2555 3359 2626 3404 ne
2659 3343 2968 3404 ‘aistime'tur
3013 3349 3238 3405 credere
3287 3341 3503 3406 eontra

1884 3451 2006 3491 eam
2037 3453 2158 3508 quae
2185 3437 2238 3491 in
2269 3437 2484 3493 Christo
2515 3445 2640 3493 ante
2672 3438 3136 3494 resurrectionem
3161 3437 3257 3493 fuit
3283 3448 3481 3494 morta-
3527 3457 3530 3460 ·

1817 3547 1824 3564 ι
1885 3523 1954 3578 lis
1978 3525 2228 3596 corporis
2256 3526 2572 3581 veritatem.
2615 3528 2840 3597 Propter
2867 3526 2973 3582 hoc
3004 3526 3258 3582 fortassis
3286 3527 3480 3582 melius
3511 3539 3514 3552 ³

1886 3631 2053 3678 estut
2078 3633 2323 3680 neutrum
2352 3623 2585 3680 difﬁnire
2629 3641 3046 3694 praesumamus,
3099 3626 3346 3697 quamvis
3390 3635 3478 3680 ta-

1887 3713 2270 3768 men-alterum
2305 3712 2470 3768 fuisse
2500 3715 2819 3770 Credamus.
2859 3714 2948 3770 Sic
3004 3714 3189 3786 itaque
3234 3731 3338 3770 non
3361 3719 3364 3722 ’
3391 3709 3514 3770 ᾶί-’

1887 3811 2039 3858 catur
2071 3807 2212 3858 :boc
2239 3802 2326 3857 vel
2353 3804 2456 3858 hoc
2501 3802 2616 3866 fuit,
2679 3803 2931 3873 quamvis
2985 3811 3172 3858 tamen
3229 3803 3482 3859 credatur

1889 4076 2023 4131 illud
2073 4076 2402 4139 accado,-ut
2453 4075 2584 4130 illud
2643 4075 2981 4146 impassibile
3039 4085 3091 4132 et
3158 4075 3480 4141 immortale,

1890 4177 2148 4242 quantum
2180 4168 2394 4224 scilicet
2422 4169 2658 4239 pertinet
2675 4170 2743 4222 ad
2775 4169 3265 4225 sanctificationem
3297 4186 3485 4226 sacra-

1806 4295 1830 4314 .J
1891 4257 2374 4317 mentiztradidisse
2403 4257 2641 4312 dicatur-
2675 4257 2752 4311 .Si
2811 4258 2934 4328 quis
2971 4267 3175 4312 autem
3233 4259 3490 4327 objicien-
3520 4289 3528 4296 ι

1821 4381 1826 4384 -
1892 4346 2018 4402 dum
2049 4353 2197 4415 putet
2229 4345 2374 4416 quod
2397 4358 2524 4400 ante
2543 4345 3000 4401 resurrectionem
3035 4347 3491 4402 Dominus'Jesus

1893 4444 2138 4500 Christus
2168 4458 2372 4513 corpus
2401 4442 2628 4497 mortale
2660 4443 2936 4514 portabat,
2967 4453 3044 4498 'et
3100 4447 3202 4499 hoc
3243 4445 3370 4514 ipsi
3400 4445 3488 4499 in;
3527 4439 3530 4441 ’

1892 4533 2206 4588 dubitanter
2233 4529 2578 4602 proﬁtemur,
2629 4532 2918 4586 mortalem
2978 4532 3145 4587 fuisse
3165 4533 3486 4587 "Dominum

1809 4628 1865 4690 D
1894 4629 2082 4684 Iesum
2116 4626 2419 4682 secundum
2450 4626 2856 4681 humanitatem
2877 4635 3208 4696 susceptam,
3270 4627 3394 4699 quia
3443 4628 3490 4683 si
3521 4647 3523 4649 ·

1892 4716 2176 4772 mortalem
2214 4713 2386 4772 fuisse
2413 4729 2523 4769 non
2545 4715 2926 4781 crederemus,
2959 4723 3231 4769 mortuum
3253 4731 3493 4787 negare-

1827 4839 1830 4842 -
1893 4823 2034 4860 mus.
2070 4805 2318 4860 Humana
2348 4811 2704 4875 ergo‘natura
2733 4802 2788 4857 in
2819 4803 3032 4858 Christo
3064 4802 3320 4859 mortalis
3371 4804 3488 4870 fuit,

1828 4927 1830 4930 ·
1894 4904 1992 4961 sed
2021 4904 2318 4968 voluntate,
2349 4917 2459 4956 non
2497 4901 2849 4956 necessitate.
2892 4901 2967 4954 Ex
3019 4915 3084 4955 eo
3141 4901 3286 4955 enim
3345 4901 3490 4971 quod
3524 4922 3530 4928 ι

1829 5015 1832 5018 ·
1895 5009 1995 5064 per
2021 4993 2261 5065 gratiam
2289 4991 2360 5045 ab
2389 4989 2536 5046 omni
2564 4997 2799 5060 peccato:
2820 4989 3025 5044 munda
3055 4989 3224 5044 verbo
3275 4990 3493 5045 Domini
3535 4985 3539 4996 “

1893 5081 1947 5136 in
1979 5081 2240 5138 unitatem
2273 5094 2522 5150 personae
2569 5079 2753 5146 juncta
2809 5085 2912 5143 est,
2973 5078 3040 5131 ab
3097 5078 3242 5132 omni
3303 5077 3492 5132 mortis

1895 5178 2234 5234 necessitate
2251 5183 2303 5232 et
2333 5176 2517 5230 debito
2547 5175 2724 5230 libera
2753 5173 2893 5230 facta
2920 5182 3116 5243 est,-ut
3146 5174 3281 5228 nihil
3331 5175 3495 5230 morti

1895 5269 2144 5331 deberet,
2173 5281 2277 5337 pro
2299 5281 2366 5322 co
2393 5264 2538 5336 quod
2575 5263 2786 5335 peccati
2811 5263 2946 5317 nihil
2993 5264 3246 5318 haberet.
3321 5264 3498 5319 Susti-é

1896 5365 2013 5420 nuit
2039 5371 2228 5418 tamen
2257 5369 2449 5434 sponte
2477 5361 2862 5416 mortalitatem
2911 5375 3015 5431 qua
3060 5369 3294 5415 mortem
3343 5361 3500 5415 susti-

1897 5469 2032 5510 nere
2061 5451 2296 5519 volebat,
2332 5450 2457 5521 quia
2507 5449 2554 5505 si
2607 5448 2994 5504 mortalitatem
3040 5461 3150 5504 non
3204 5448 3501 5504 sustinuiso

1849 5569 1852 5571 ’
1898 5549 2172 5617 εθῑιιιηοτί
2194 5548 2420 5604 omnino
2447 5555 2555 5602 non
2605 5547 2896 5618 pot-uisset.
2964 5545 3055 5601 Sic
3112 5557 3249 5618 ergo
3308 5555 3504 5618 sponte

1899 5639 2274 5695 mortalitatem
2310 5637 2540 5706 portavit
2575 5649 2861 5706 quousque
2898 5642 3130 5690 mortem
3176 5643 3420 5702 gustaret
3450 5643 3505 5690 et

1853 5761 1859 5764 -
1900 5729 1974 5783 ita
2001 5725 2465 5782 immortalitatem
2490 5724 2811 5792 deponeret.
2847 5723 2984 5787 Quia
3014 5739 3150 5794 ergo
3198 5724 3502 5786 voluntate,

1901 5834 2009 5873 non
2038 5814 2362 5871 necessitate
2393 5813 2642 5866 mortalis
2675 5811 2790 5876 fuit,
2837 5811 2890 5864 in
2940 5811 3109 5881 ipsius
3155 5812 3510 5865 mortalitatis
3541 5833 3548 5836 ν

1901 5905 2263 5977 proprietate,
2291 5900 2597 5956 secundum
2630 5899 2773 5970 quod
2801 5899 3028 5954 ratioet
3047 5897 3188 5953 ‘ordo
3239 5895 3510 5966 temporis
