3924 6408
444 381 587 444 tos:
1589 386 1930 446 WERNERI
1967 386 2268 479 ABBATIS,
2293 386 2369 449 ε..
2392 386 2613 448 ausa
2862 426 2867 431 .
3611 384 3787 448 rost.

437 509 773 597 postulabat.
805 512 1123 588 priusquam
1155 529 1271 571 eam
1301 528 1402 587 per
1430 515 1659 571 mortem
1692 521 1857 569 totam
1879 528 2043 570 exue-
2071 512 2129 574 A
2156 512 2278 571 talis
2330 513 2550 583 dicitur,
2600 519 2656 570 et
2693 513 2747 569 in
2785 527 2853 569 eo
2891 510 3039 587 quod
3085 511 3313 571 dabatur
3347 511 3670 571 immortalis
3699 522 3758 585 et

436 617 541 676 ret,
573 608 754 684 aliqua
785 626 857 666 ex
910 620 1088 683 parte,
1141 611 1364 684 quando
1415 598 1605 681 voluit,
1660 610 1935 684 deposuit,
1985 618 2040 666 et
2146 601 2505 675 impassibilis
2557 602 2729 660 fuisse
2788 602 3167 675 praedicatur?
3223 603 3350 661 Haec
3402 611 3611 659 tantum
3668 603 3754 660 sic

436 715 668 763 rursum,
708 699 926 771 quando
959 700 1145 766 voluit,
1181 700 1404 773 recepit,
1440 709 1498 756 ut
1527 700 1579 756 in
1610 698 1721 756 hoc
1748 700 1872 773 ipso
1900 714 2036 771 pro-

436 787 593 843 baret
622 788 747 861 quia
780 790 832 843 in
866 797 1121 862 quantum
1166 806 1291 846 eam
1338 789 1614 858 sustinuit,
1666 805 1732 845 ex
1784 789 2034 846 necessi-

437 893 540 943 tate
572 903 679 942 non
711 895 876 953 esset,
911 888 1115 958 quisic
1171 905 1272 961 pro
1330 897 1606 961 potestate
1662 888 1715 943 in
1778 896 2033 961 quantum

434 975 602 1031 voluit
633 978 751 1033 eam
783 992 891 1033 non
924 978 1146 1047 habere,
1172 978 1449 1035 sustinere
1484 978 1707 1036 omnino
1745 994 1855 1035 non
1901 993 2037 1052 pos-

435 1071 541 1121 set.

502 1190 725 1263 Legitur
748 1191 802 1248 in
825 1193 1125 1266 Evangelia
1148 1196 1307 1263 (Luc.
1333 1194 1407 1265 iv)
1429 1193 1557 1266 quia
1578 1193 1844 1251 Dominus
1875 1193 2037 1251 Iesus

432 1289 683 1345 Christus
708 1308 833 1347 cum
865 1292 1102 1349 verbum
1134 1294 1258 1348 vitm
1288 1291 1638 1364 praedicaret,
1670 1301 1723 1348 et
1751 1291 1822 1347 ad
1870 1292 2035 1347 vitam

429 1378 699 1435 mortales
734 1388 787 1436 et
849 1382 1138 1439 morituros
1196 1382 1483 1448 invitaret,
1542 1381 1790 1439 zelantes
1846 1382 2036 1438 hostes

430 1484 587 1541 quem
652 1470 862 1527 ratione
917 1471 1139 1529 vincere
1188 1488 1302 1528 non
1358 1479 1632 1543 poterant,
1694 1472 1879 1529 furore
1933 1485 2069 1527 εχει.

428 1567 713 1640 stinguere
741 1567 1028 1624 volebant.
1068 1571 1257 1641 Itaque
1287 1568 1453 1640 quasi
1483 1569 1538 1623 in
1586 1585 1711 1624 eum
1759 1569 1853 1640 qui
1902 1568 2036 1623 nihil
2066 1606 2067 1609 η

427 1655 663 1726 amplius
689 1658 919 1712 mortale
951 1658 1202 1723 haberet,
1229 1672 1428 1713 manus
1479 1658 1785 1728 iniecerunt
1832 1657 1890 1712 ia
1937 1658 2035 1713 Je-

427 1760 570 1814 sum,
605 1753 657 1801 et
688 1745 962 1803 duxerunt
989 1747 1048 1802 in
1106 1746 1468 1820 supercilium
1529 1746 1750 1815 montis,
1813 1750 1871 1802 ut
1925 1746 2036 1804 illic

429 1856 552 1897 eum
592 1843 1020 1914 praecipitarent.
1068 1844 1203 1899 Cum
1244 1860 1354 1899 non
1410 1852 1560 1900 esset
1612 1844 1915 1915 ducendus,

425 1930 545 1987 neri
598 1948 661 1988 se
725 1933 997 2004 patienter
1063 1933 1381 1999 tolerabat;
1445 1950 1568 1990 cum
1635 1942 1818 1991 autem
1885 1944 2035 1991 esset

426 2020 874 2094 praecipitandus,
907 2030 1154 2094 potenter
1183 2039 1281 2095 per
1314 2023 1555 2080 medium
1603 2023 1818 2081 illorum
1866 2023 1983 2080 ibat
2013 2042 2027 2082 :

426 2123 688 2187 quantum
720 2117 893 2172 voluit
924 2118 1231 2182 tenebatur.
1268 2127 1322 2175 et
1364 2128 1634 2193 quantum
1679 2118 1852 2176 voluit
1916 2136 2030 2177 non

428 2205 741 2261 tenebatur.
777 2205 1047 2277 Quantum
1079 2208 1267 2276 voluit,
1297 2217 1349 2264 et
1377 2210 1595 2281 quando
1625 2209 1815 2277 voluit,
1863 2218 2028 2265 natu-

425 2310 539 2350 ram
580 2296 924 2351 mortalitatis
962 2297 1205 2353 admisit.
1274 2297 1550 2368 Quantum
1616 2308 1797 2355 autem
1857 2300 2027 2355 susti-

425 2406 560 2449 nere
582 2392 751 2449 voluit
782 2409 925 2457 eam,
959 2403 1012 2451 et
1043 2396 1270 2466 quando
1303 2396 1476 2451 voluit
1505 2397 1756 2453 eamdem
1787 2413 1903 2454 aae
1924 2413 2027 2467 po-

423 2483 679 2538 testavite
702 2483 960 2557 removit.
1000 2507 1020 2531 α
1056 2484 1371 2553 Transiens,
1403 2485 1595 2557 inquit,
1642 2502 1740 2558 per
1789 2487 2029 2542 medium

423 2570 643 2627 illorum
669 2570 780 2625 ibat
802 2570 1012 2643 (ibid.).
1050 2594 1070 2623 ι
1102 2572 1360 2646 Nunquid
1391 2582 1572 2645 putas,
1598 2574 1742 2647 quod
1786 2575 2029 2631 Christus

423 2665 688 2727 luctando
727 2684 787 2723 se
826 2669 894 2724 de
952 2668 1203 2724 manibus
1268 2669 1616 2728 inimicorum
1675 2672 2026 2740 subtraxerit,

425 2771 549 2812 cum
588 2757 658 2812 ab
701 2757 780 2812 eis
820 2764 1113 2825 teneretur,
1155 2767 1211 2814 ut
1252 2759 1530 2817 transiens
1567 2760 1709 2817 liber
1746 2777 1846 2833 per
1902 2779 2024 2819 me-

425 2843 573 2900 dium
604 2860 794 2900 eorum
829 2846 932 2901 iret
961 2846 982 2899 2
1013 2847 1160 2922 Ergo
1209 2847 1464 2906 fortitudo
1511 2850 1762 2921 corporis
1808 2849 1924 2906 sola
1969 2851 2025 2906 in

423 2957 488 2999 ea
514 2942 789 2999 laudanda
818 2953 921 3012 est,
954 2961 1062 3002 non
1097 2947 1271 3002 virtus
1313 2947 1556 3005 deitatis.
1610 2949 1734 3004 Non
1779 2949 1852 3005 ita
1894 2965 2025 3006 con-

423 3031 592 3098 venit,
624 3033 722 3090 sed
754 3033 1004 3090 exhibuit
1031 3051 1091 3091 se
1125 3036 1347 3110 qualem
1379 3037 1567 3103 voluit,
1616 3038 1909 3095 admittens
1955 3039 2025 3095 ad

422 3136 577 3177 seex
609 3138 675 3178 eo
722 3122 867 3196 quod
924 3128 1122 3196 sponte
1181 3126 1441 3195 portabat
1496 3136 1764 3198 quantum
1821 3127 2015 3187 voluit.

2146 692 2293 750 dicta
2322 692 2449 763 sint,
2482 701 2541 748 ut
2570 692 2770 749 nemini
2802 693 2857 763 in
2888 706 2953 748 eo
2982 692 3127 766 quod
3157 691 3322 749 latent
3364 690 3750 773 praejudicium

2146 781 2255 838 ﬁat.

2664 931 2774 972 DIVI
2781 932 2870 972 8ῑο
2908 930 3189 972 ΞΕΒΠΟΝΙΒ
3203 953 3219 971 ο

2218 1047 2419 1101 Verum
2451 1059 2649 1116 corpus
2679 1042 2884 1099 Christi
2911 1043 3050 1100 illud
3079 1042 3253 1100 fuisse
3283 1041 3622 1100 credendum
3668 1041 3740 1098 sit

2145 1135 2289 1209 quod
2321 1135 2440 1207 ipse
2464 1134 2712 1189 traditori
2733 1150 2832 1189 suo
2856 1149 2955 1205 per
2974 1132 3249 1188 intinctam
3271 1132 3577 1189 buccellam
3599 1148 3740 1204 por-

2146 1234 2306 1290 rexit.
2332 1233 2466 1288 Cum
2487 1231 2755 1298 tinxisset,
2781 1231 2975 1303 inquit,
3001 1230 3163 1286 Jesus
3182 1244 3403 1302 panem,
3441 1229 3589 1285 dedit
3628 1228 3741 1286 Ju-

2146 1323 2232 1381 dze
2253 1322 2463 1378 Simoni
2482 1321 2785 1377 Iscariotae.
2807 1321 3001 1387 Sed,ut
3020 1318 3146 1375 dicit
3167 1319 3363 1375 beatus
3378 1318 3739 1390 Augustinus,

2143 1429 2275 1480 non,
2309 1412 2450 1469 sicut
2477 1419 2663 1483 putant
2697 1409 2917 1483 quidam
2949 1408 3294 1483 negligenter
3321 1408 3588 1481 legentes,
3611 1415 3743 1465 tunc

2145 1511 2319 1566 Judas
2360 1510 2565 1566 Christi
2605 1524 2808 1579 c0rpus
2869 1509 3106 1579 accepit.
3170 1506 3587 1579 Intelligendum
3650 1514 3739 1561 est

2144 1601 2287 1672 quod
2314 1600 2424 1669 jam
2455 1598 2708 1654 omnibus
2757 1597 3112 1652 distribuerat
3153 1604 3560 1652 sacramentum
3602 1612 3737 1652 cor-

2143 1706 2232 1761 por
2247 1690 2293 1744 is
2325 1698 2377 1744 et
2404 1687 2688 1760 sanguinis
2720 1687 2824 1752 sui,
2857 1686 2949 1741 ubi
2981 1695 3035 1743 et
3064 1686 3181 1758 ipse
3208 1685 3375 1742 Judas
3404 1692 3545 1751 erat,
3596 1683 3739 1740 sicut

2143 1786 2556 1843 sanctusLucas
2576 1783 2985 1842 evidentissima
3014 1792 3229 1841 narrat.
3283 1786 3362 1840 Ac
3413 1782 3610 1840 deinde
3662 1780 3738 1837 ad

1978 1852 2033 1900 te
2062 1876 2116 1937 Β
2143 1877 2250 1933 hoc
2279 1885 2502 1932 ventum
2534 1882 2639 1943 est,
2671 1875 2763 1931 ubi
2812 1874 3113 1930 secundum
3157 1873 3530 1941 narrationem
3577 1872 3739 1927 Joan-

2140 1966 2226 2020 nis
2264 1964 2611 2038 apertissime
2656 1980 2754 2037 per
2799 1963 3100 2021 buccellam
3146 1962 3372 2027 tinctam
3418 1970 3577 2035 atque
3606 1975 3736 2032 por-

2141 2071 2351 2118 rectam
2390 2077 2550 2116 suum
2610 2060 2860 2132 exprimit
2916 2050 3247 2125 traditorem,
3318 2056 3569 2115 fortassis
3635 2072 3738 2127 per

2138 2151 2299 2224 panis
2338 2150 2652 2206 tinctionem
2718 2149 2861 2205 illius
2898 2148 3219 2222 signiﬁcans
3256 2142 3553 2204 ﬁctionem.
3610 2146 3735 2203 Non

2138 2239 2285 2296 enim
2314 2240 2494 2294 omnia
2527 2257 2647 2312 quae
2679 2240 2960 2310 tinguntur
2987 2237 3305 2310 abluuntur,
3355 2236 3452 2294 sed
3509 2244 3567 2292 ut
3615 2234 3735 2291 inﬁo

2142 2326 2364 2381 ciantur
2394 2324 2656 2381 nonnulla
2688 2325 2994 2396 tinguntur.
3037 2323 3092 2379 Si
3150 2333 3332 2379 autem
3379 2322 3580 2378 bonum
3640 2317 3739 2375 ali-

2142 2414 2288 2486 quod
2320 2411 2591 2484 signiﬁcat
2620 2414 2739 2469 bmc
2770 2412 2982 2479 linctio,
3031 2411 3207 2467 eidem
3252 2412 3396 2467 bono
3442 2411 3732 2482 ingratum,

2139 2519 2251 2558 non
2283 2502 2555 2557 immerito
2584 2510 2667 2555 est
2699 2508 2885 2557 secuta
2918 2500 3232 2572 damnatio;
3259 2510 3311 2556 et
3352 2500 3471 2556 haec
3514 2497 3735 2572 quidem

2134 2592 2313 2649 verba
2343 2600 2469 2646 sunt
2500 2590 2643 2646 beati
2676 2590 2987 2664 Augustini,
3022 2606 3189 2661 super
3234 2605 3300 2645 eo
3347 2587 3492 2661 quod
3539 2587 3733 2660 quassi-

2135 2688 2253 2746 tum‘
2278 2698 2360 2745 est
2388 2689 2433 2745 si
2462 2688 2632 2744 Judas
2659 2689 2711 2745 in
2746 2686 2992 2745 huccella
3026 2686 3227 2744 Christi
3273 2687 3480 2759 accepit
3509 2700 3732 2757 corpus.

2135 2781 2214 2836 Ex
2245 2796 2309 2835 eo
2339 2788 2522 2833 tamen
2554 2778 2696 2851 quod
2732 2778 2976 2834 traditori
3024 2794 3123 2834 suo
3179 2777 3444 2834 Dominus
3502 2774 3571 2830 ad
3625 2789 3731 2829 no-

2132 2866 2356 2923 tandum
2389 2883 2513 2923 eum
2580 2868 2879 2924 buccellam
2924 2865 3207 2922 intinctam
3271 2864 3441 2934 dedit,
3501 2879 3729 2921 consue-

2132 2956 2268 3022 tudo
2299 2956 2463 3011 habet
2493 2964 2549 3011 ut
2577 2972 2780 3028 corpus
2832 2956 3031 3012 Christi
3063 2956 3256 3011 ﬁdeles
3310 2955 3588 3010 intinctum
3620 2967 3727 3007 non

2132 3052 2429 3122 accipiant.
2469 3053 2609 3109 Sunt
2640 3068 2859 3127 quoque
2892 3059 2946 3108 et
2973 3052 3141 3127 aliqui
3169 3050 3262 3125 qui
3291 3068 3356 3106 ex
3399 3047 3726 3123 quibusdam

2135 3140 2556 3213 Scripturarum
2591 3141 2726 3197 locis
2755 3141 2808 3196 in
2843 3141 3238 3197 munimentum
3270 3140 3353 3195 sui
3383 3138 3583 3195 erroris
3623 3137 3728 3192 du-

420 3217 477 3273 Si
517 3233 648 3289 ergo
690 3218 938 3275 Christus
998 3220 1339 3277 mortalitatis
1396 3230 1649 3281 naturam
1714 3225 2022 3291 secundum
2052 3237 2104 3301 α
2132 3246 2256 3287 cere
2286 3239 2636 3302 putaverunt,
2668 3232 2917 3287 dicentes
2938 3230 2991 3285 in
3015 3236 3353 3286 sacramento
3373 3226 3560 3284 altaris
3581 3225 3730 3281 veri-

421 3306 682 3362 rationem
743 3306 1175 3378 dispensationis
1227 3309 1445 3376 divinas,
1496 3312 1819 3384 priusquam
1877 3329 2023 3380 eam,

418 3395 735 3468 perenniter
774 3396 1021 3453 victurus
1060 3407 1312 3468 exueret,
1346 3400 1648 3456 secundum
1678 3411 1895 3472 tempus
1916 3402 2024 3456 ali-

418 3493 635 3565 quando
665 3510 730 3549 ex
760 3504 920 3568 parte
952 3495 1226 3568 deposuit,
1278 3502 1334 3554 et
1380 3497 1580 3554 iterum
1636 3515 1758 3556 cum
1790 3508 2026 3571 .tempus

417 3583 746 3653 postulabat,
767 3586 1085 3655 assumpsit,
1115 3586 1313 3642 mirum
1334 3596 1416 3644 est
1437 3587 1485 3642 si
1511 3587 1713 3644 dicitur
1732 3589 2025 3662 aliquando

416 3686 518 3743 pro
546 3686 715 3727 causa
745 3680 799 3728 et
829 3674 1041 3731 ratione
1076 3675 1361 3746 temporis,
1412 3677 1715 3732 secundum
1776 3679 2021 3752 aliquod,

417 3776 474 3824 et
502 3777 671 3826 totam
708 3772 1053 3845 deposuisse,
1093 3773 1150 3830 in
1207 3790 1315 3845 qua
1377 3783 1561 3832 tamen
1604 3776 1826 3843 adhuc,
1899 3792 2023 3834 cum
2070 3836 2077 3843 δ

416 3865 636 3930 tempus
663 3860 1003 3932 postulabat,
1036 3879 1298 3935 passurus
1329 3863 1455 3920 luit.
1494 3865 1555 3920 Si
1576 3881 1716 3937 .ergo
1745 3867 1850 3923 hoc
1900 3883 2024 3924 esse

416 3950 589 4020 potuit
619 3958 676 4004 ut
703 3948 822 4022 ipse
848 3950 1092 4023 seipsum
1140 3952 1394 4031 manibus
1439 3961 1701 4027 gestaret,
1749 3964 1804 4012 et
1854 3954 2025 4012 disci-

416 4044 561 4118 pulis
589 4045 708 4105 sine
737 4047 1086 4120 corruptione
1113 4050 1198 4105 sui
1223 4048 1497 4107 edendum
1527 4049 1907 4119 distribuit,‘et
1939 4059 2024 4107 ta-

415 4148 543 4190 men
571 4135 689 4206 ipse
720 4136 813 4209 qui
842 4136 994 4194 dedit
1021 4146 1075 4194 et
1105 4139 1196 4210 qui
1226 4138 1479 4205 dabatur,
1531 4141 1624 4212 qui
1670 4140 1910 4213 portavit
1974 4148 2026 4197 et

417 4232 511 4304 qui
540 4233 883 4305 portabatur,
914 4235 1060 4292 idem
1090 4253 1237 4302 esse,
1270 4237 1401 4309 quid
1430 4237 1631 4295 mirum
1661 4247 1746 4295 est
1773 4240 1835 4309 tsi
1881 4239 2027 4296 dici-

416 4328 512 4376 tur
538 4320 667 4393 quia
692 4321 889 4394 ipsein
915 4340 983 4380 eo
1012 4324 1157 4398 quod
1187 4326 1358 4382 dabat
1389 4326 1644 4384 mortalis
1692 4327 1813 4396 fuit,
1868 4335 1925 4383 et
1956 4329 2025 4393 in

421 4424 493 4465 eo
522 4410 666 4482 quod
697 4410 931 4466 dabatur
956 4413 1286 4471 immortalis
1318 4415 1437 4482 fuit,
1468 4424 1525 4472 et
1558 4424 1739 4472 tamen
1768 4417 1889 4489 ipse
1935 4417 2027 4490 qui

419 4506 668 4569 mortalis
703 4507 889 4575 dabat,
921 4517 978 4565 et
1035 4510 1128 4582 qui
1194 4510 1528 4568 immortalis
1589 4512 1847 4580 dabatur,
1878 4568 1881 4573 ,
1913 4529 2024 4570 non

2136 3337 2303 3384 tatem
2333 3326 2581 3400 corporis
2611 3335 2663 3384 et
2695 3327 2977 3400 sanguinis
3007 3325 3207 3383 Christi
3265 3342 3375 3382 non
3431 3340 3573 3391 esse,
3633 3322 3731 3378 sed

2136 3418 2435 3491 imaginem
2468 3417 2614 3473 illius
2644 3423 2877 3484 tantum,
2935 3424 2989 3471 et
3042 3414 3301 3487 speciem,
3361 3420 3414 3470 et
3466 3410 3721 3485 ﬁguram.

2135 3508 2448 3578 Propterea,
2480 3507 2603 3578 quia
2626 3505 2902 3577 Scriptura
2942 3505 3232 3579 aliquoties
3278 3503 3421 3559 dicat
3474 3501 3529 3557 id
3583 3500 3729 3574 quod

2085 3654 2091 3660 .
2136 3604 2191 3659 in
2231 3603 2569 3660 eucharistia
2600 3603 2788 3657 altaris
2833 3601 3013 3668 sumit,
3056 3601 3351 3673 imaginem
3404 3597 3549 3655 illius
3602 3613 3728 3654 esse

2136 3693 2224 3749 vel
2256 3688 2521 3764 speciem,
2563 3691 2710 3764 quod
2763 3690 2837 3769 in.
2877 3690 3294 3763 participatione
3351 3686 3550 3745 Christi
3602 3686 3729 3742 Jesu

2135 3783 2484 3854 percipiatur.
2529 3780 2631 3851 Qui
2667 3781 2916 3852 perfecto
2955 3780 3013 3836 in
3051 3780 3155 3836 hoc
3211 3777 3422 3837 erroris
3477 3775 3727 3848 laqueum

2134 3887 2244 3929 non
2274 3868 2598 3937 inciderent,
2631 3871 2678 3925 si
2709 3869 2794 3925 vel
2831 3877 3183 3926 sacramenta
3212 3867 3311 3924 Dei
3336 3875 3480 3923 recta
3525 3873 3576 3921 et
3621 3865 3725 3920 hu-

2134 3967 2249 4024 mili
2285 3966 2392 4024 ﬁde
2423 3967 2785 4039 susciperent,
2816 3974 2906 4021 aut
2936 3966 3246 4037 Scripturas
3276 3960 3725 4022 convenientiin-

2134 4056 2440 4128 telligentia
2471 4063 2791 4111 tractarent.
2830 4054 2994 4110 Nunc
3023 4063 3205 4109 autem
3256 4052 3383 4127 quia
3434 4050 3488 4106 in
3544 4064 3726 4106 sacra-

2134 4144 2334 4201 mentis
2388 4144 2490 4200 Dei
2555 4160 2778 4199 sensum
2846 4160 3005 4198 suum
3071 4141 3199 4199 ﬁdei
3262 4139 3605 4212 praeferunt,
3669 4137 3724 4192 in

2137 4241 2435 4314 Scripturis
2464 4242 2637 4298 sacris
2670 4256 2861 4299 sanam
2892 4239 3357 4313 interpretationis
3391 4236 3610 4293 formam
3641 4242 3723 4290 te-

2136 4348 2268 4388 nere
2306 4330 2699 4387 contemnunt:
2743 4334 2801 4386 et
2838 4329 2894 4385 ﬁt
2953 4339 3011 4385 ut
3070 4344 3252 4388 sermo
3307 4326 3543 4383 veritatis
3606 4339 3723 4380 am-

2136 4421 2280 4492 plius
2310 4437 2406 4476 eos
2434 4421 2674 4493 caligare
2706 4418 2886 4486 faciat,
2918 4419 3046 4474 dum
3077 4434 3184 4474 non
3234 4424 3384 4473 recte
3426 4413 3722 4470 intellectus

2136 4532 2380 4573 errorem
2412 4514 2513 4588 per
2544 4515 2818 4572 veritatem
2853 4515 3142 4571 ministrat.
3181 4513 3340 4584 Quod
3363 4522 3537 4568 tamen
3582 4508 3723 4566 Scri-

420 4598 549 4662 duo,
583 4596 682 4651 sed
712 4613 852 4654 unus
880 4598 980 4653 fuit
1009 4599 1149 4670 ipse.
1184 4599 1473 4672 Quomodo
1503 4602 1649 4657 enim
1696 4602 2025 4660 immortalis
2054 4599 2109 4660 D
2139 4614 2314 4680 pturae
2343 4605 2501 4676 culpa
2533 4620 2643 4661 non
2672 4614 2774 4673 est,
2809 4606 2908 4661 sed
2937 4604 3234 4678 legentium
3266 4610 3320 4658 et
3366 4618 3475 4658 non
3522 4598 3719 4654 intelli-

417 4708 528 4749 non
568 4693 732 4750 dabat
770 4696 864 4769 qui
925 4697 1277 4755 invisibiliter
1334 4699 1671 4768 sumebatur,
1725 4709 1780 4756 et
1835 4700 2026 4758 incor-

417 4782 747 4856 ruptibiliter
776 4786 1209 4844 manducabatur
1228 4789 1257 4844 ?
1275 4788 1637 4855 Invisibiliter
1679 4790 2023 4859 sumebatur,

419 4881 687 4944 quantum
715 4875 783 4930 ad
814 4874 1048 4932 formam
1104 4876 1229 4934 dico
1296 4878 1583 4950 propriam
1611 4879 1866 4951 corporis
1920 4879 2025 4951 sui,

417 4986 531 5028 non
576 4980 839 5044 quantum
868 4974 939 5029 ad
964 4975 1207 5047 speciem
1239 4976 1577 5033 sacramenti
1605 4976 1710 5032 sui.
1764 4977 2024 5033 Invisibi-

417 5058 544 5116 liter
571 5061 718 5118 enim
748 5063 1073 5119 sumebatur
1102 5064 1231 5137 quia
1273 5064 1329 5119 in
1386 5080 1453 5121 eo
1504 5065 1654 5138 quod
1705 5067 2027 5124 sumebatur

420 5149 564 5220 quod
595 5149 715 5221 ipse
744 5155 883 5218 erat,
914 5167 1024 5207 non
1075 5152 1399 5210 videbatur:
1442 5153 1689 5210 Christus
1734 5155 1880 5211 enim
1925 5172 2023 5212 su-

416 5247 692 5314 mebatur,
722 5254 778 5306 et
809 5250 1031 5321 species
1055 5250 1212 5321 panis
1259 5259 1316 5306 et
1361 5250 1475 5307 vini
1530 5260 1736 5308 tantum
1792 5253 2023 5310 videba-

418 5342 525 5391 tur.
560 5336 689 5392 ldeo
717 5338 844 5396 dico
873 5339 1219 5396 invisibiliter
1248 5341 1587 5408 sumebatur,
1620 5349 1675 5407 et
1715 5343 1862 5415 quod
1909 5352 2025 5399 erat

418 5438 529 5480 non
561 5425 862 5483 videbatur.
894 5426 952 5483 Si
985 5444 1120 5503 ergo
1149 5428 1203 5484 in
1231 5445 1299 5485 eo
1330 5431 1478 5502 quod
1507 5429 1696 5497 dabat,
1728 5431 1875 5504 quod
1902 5431 2024 5503 ipse

422 5530 537 5576 erat
575 5523 881 5592 videbatur,
923 5533 978 5581 et
1011 5527 1067 5581 in
1104 5542 1171 5583 eo
1209 5528 1359 5598 quod
1414 5528 1645 5584 dabatur
1700 5530 1847 5601 quod
1906 5538 2025 5586 erat

421 5606 541 5679 ipse
572 5625 681 5666 non
714 5612 1043 5681 videbatur;
1076 5623 1129 5670 et
1158 5617 1204 5671 si
1228 5618 1281 5671 in
1329 5631 1397 5672 eo
1448 5617 1600 5689 quod
1650 5617 1815 5675 dabat
1864 5628 2018 5676 tene-

424 5693 584 5751 batur
613 5707 667 5752 ct
694 5702 1119 5777 crucifigebatur
1152 5723 1168 5771 ;
1201 5709 1254 5760 et
1285 5704 1342 5767 in
1364 5721 1430 5761 eo
1452 5707 1595 5780 quod
1618 5707 1849 5763 dabatur
1871 5707 2024 5765 fran-

426 5785 657 5852 gebatur
687 5797 739 5842 et
768 5805 875 5845 non
906 5790 1273 5861 dividebatur,
1315 5794 1583 5850 edebatur
1628 5804 1683 5851 et
1724 5812 1833 5854 non
1889 5812 2024 5853 cor-

426 5872 798 5945 rumpebatur,
820 5876 951 5948 quid
973 5877 1185 5936 miraris
1220 5880 1269 5937 si
1307 5880 1363 5941 in
1400 5896 1468 5938 eo
1498 5883 1644 5954 quod
1673 5884 1842 5942 dabat
1868 5901 2023 5944 more

2135 4697 2386 4767 gentium
2417 4694 2654 4759 caecitas,
2716 4710 2896 4767 neque
2954 4709 3247 4769 sacrorum
3299 4690 3398 4746 Dei
3456 4686 3712 4754 confusio,

2135 4792 2239 4849 sed
2278 4790 2731 4864 praesumentium
2762 4790 3023 4862 pravitas.
3056 4779 3160 4845 Hic
3193 4797 3374 4844 autem
3422 4783 3718 4859 perniciose

2135 4892 2463 4939 erraverunt
2490 4888 2572 4937 tot
2618 4880 2931 4935 manifestis
2986 4877 3276 4934 sententiis
3317 4886 3372 4933 et
3415 4871 3719 4932 assertioni-

2133 4971 2239 5026 bus
2263 4987 2372 5027 non
2402 4968 2831 5042 dubiisquidam
2852 4968 3123 5040 ambigua
3152 4965 3525 5038 prefereatea,
3574 4970 3626 5017 et
3667 4960 3720 5016 iu

2133 5059 2268 5131 ipsis
2340 5057 2520 5132 magis
2577 5057 2922 5113 mendacium
2977 5072 3141 5130 quam
3198 5054 3477 5111 veritatem
3527 5050 3720 5123 eligen-

2133 5169 2238 5229 tes,
2269 5176 2380 5217 non
2413 5160 2540 5231 quia
2569 5160 2674 5216 hoc
2702 5158 2777 5213 ibi
2806 5173 3071 5228 magnum
3100 5156 3409 5220 dicebatur,
3461 5152 3561 5209 sed
3598 5149 3718 5221 quia

2131 5251 2237 5306 hoc
2265 5249 2333 5305 ab
2363 5249 2472 5305 illis
2502 5263 2765 5319 magnum
2793 5246 3145 5302 credebatur.
3179 5244 3322 5315 Quid
3352 5241 3493 5298 enim
3520 5243 3547 5297 ?
3578 5240 3718 5295 Nun-

2133 5339 2264 5411 quid
2296 5346 2701 5394 sacramentum
2734 5334 2922 5392 altaris
2969 5334 3214 5391 veritatis
3274 5349 3385 5389 non
3439 5337 3541 5397 est,
3599 5329 3714 5401 quia

2133 5435 2307 5511 ﬁgura
2340 5436 2369 5490 ει
2398 5437 2549 5509 Ergo
2588 5449 2691 5492 nec
2738 5450 2893 5492 mors
2936 5432 3133 5491 Christi
3180 5432 3384 5488 veritas
3441 5436 3542 5496 est,
3600 5426 3713 5499 quia

2134 5524 2314 5598 ﬁgura
2341 5532 2464 5590 est;
2493 5528 2547 5578 et
2579 5523 2910 5579 resurrectio
2954 5520 3155 5579 Christi
3211 5519 3410 5575 veritas
3465 5531 3572 5572 non
3616 5522 3710 5581 est,

2133 5614 2257 5687 quia
2289 5613 2461 5684 ﬁgura
2491 5619 2594 5667 est.
2627 5613 2765 5667 Nam
2794 5619 2849 5666 et
2877 5622 3108 5665 mortem
3141 5607 3334 5667 Christi
3380 5615 3432 5662 et
3480 5618 3715 5661 resurre-

2131 5712 2367 5765 ctionem
2400 5708 2626 5780 ﬁguram
2659 5723 2804 5771 esse,
2836 5714 2889 5762 et
2917 5705 3219 5778 imaginem
3240 5711 3292 5759 et
3322 5699 3712 5758 similitudinem

2132 5805 2184 5853 et
2212 5805 2613 5854 sacramentum
2646 5804 2700 5851 et
2730 5794 3041 5867 exemplum
3081 5791 3382 5863 Apostolus
3435 5787 3710 5846 manifeste

2135 5885 2398 5955 declarat,
2430 5886 2623 5943 dicens
2650 5902 2665 5940 :
2699 5883 2946 5940 Christus
2975 5898 3172 5958 passus
3199 5888 3283 5939 est
3302 5896 3400 5955 pro
3428 5877 3610 5947 nobis,
3629 5891 3712 5934 vo-
