3924 6396
161 414 304 475 1028

1138 401 1714 482 ῦΕΡιὸΒΑῨΙΟΝΕΞ
1754 419 1850 482 ss.
1893 401 2190 485 imitat.
2219 457 2292 471 —
2327 411 2455 486 LIB.
2497 417 2568 489 ll.

3364 437 3498 502 1026

159 538 247 598 bis
279 540 634 618 relinquens
666 543 1002 622 exemplum,
1021 548 1077 605 ut
1107 547 1408 622 sequamini
1430 546 1659 625 vestigia
1681 547 1800 622 ejus
1828 549 1883 612 A
1915 568 2038 626 qua:
2055 547 2196 611 intus
2211 548 2264 610 in
2281 552 2444 613 corde
2461 569 2562 630 per
2579 549 2740 615 ﬁdem
2759 565 2811 616 et
2833 552 3176 621 dilectionem
3192 561 3493 640 perﬁcitur.

161 639 213 709 (1
239 642 412 698 Patr.
454 657 555 715 tt).
606 669 631 696 ι
671 646 820 720 Ergo
849 662 999 702 mors
1053 644 1250 703 Christi
1306 646 1622 718 exemplum
1682 645 1800 716 fuit,

161 747 226 793 ut
257 751 509 810 peccato
545 747 889 814 moriamur;
913 753 965 800 et
989 746 1313 802 resurrectio
1342 747 1654 817 exemplum
1684 746 1799 815 fuit,

161 847 218 891 ut
245 839 492 906 justitiie
527 844 814 900 vivamus.
848 845 1108 916 Nunquid
1142 845 1264 900 ideo
1294 847 1493 900 veritas
1523 863 1630 902 non
1663 846 1756 902 fuit
1773 849 1802 900 ‘2

163 936 322 1008 Ergo
353 938 637 996 Christus
668 958 797 998 vere
828 952 1078 998 mortuus
1110 961 1219 997 non
1251 952 1353 1010 est,
1403 953 1456 999 et
1503 961 1633 1000 vere
1688 962 1799 999 non

162 1036 436 1099 surrexit,
484 1037 538 1092 si
584 1055 741 1093 mors
779 1040 896 1107 ejus
935 1040 1026 1094 vel
1086 1041 1447 1096 ressurrectio
1503 1058 1635 1096 vera
1692 1057 1800 1095 nou

161 1119 293 1176 fuit.
336 1125 518 1179 Absit
554 1126 569 1180 l
610 1143 731 1181 nam
764 1127 831 1182 de
861 1127 982 1198 ipso
1011 1129 1274 1199 scriptum
1305 1138 1421 1184 est:
1465 1154 1486 1177 u
1526 1130 1663 1184 Vere
1685 1129 1801 1184 lan-

161 1235 382 1290 guores
417 1232 666 1279 nostros
697 1225 815 1294 ipse
843 1225 982 1290 tulit,
1017 1233 1072 1280 et
1127 1226 1348 1282 dolores
1406 1235 1628 1282 nostros
1682 1226 1798 1297 ipse

162 1309 414 1376 portavit
451 1311 629 1381 (Isai.
656 1313 795 1382 Lm).
832 1333 854 1364 ι
891 1314 1038 1385 Ergo
1067 1330 1212 1370 mors
1238 1315 1437 1369 Christi
1493 1331 1622 1370 vera
1679 1315 1794 1379 fuit,

164 1412 219 1459 et
258 1413 466 1462 tamen
529 1408 862 1480 exemplum
917 1411 1054 1477 fuit;
1115 1421 1170 1467 et
1220 1412 1546 1469 resurrectio
1600 1412 1799 1467 Christi

161 1509 298 1548 vera
339 1496 476 1561 fuit,
513 1506 578 1552 et
616 1500 923 1569 exemplum
956 1499 1079 1554 fuit.
1110 1499 1294 1569 Quare
1323 1517 1459 1574 ergo
1490 1516 1799 1557 sacramen-

161 1595 278 1642 tum
320 1589 534 1646 altaris
579 1593 879 1648 similitudo
924 1610 1049 1650 esse
1089 1610 1200 1649 non
1241 1604 1417 1664 potest
1447 1604 1500 1650 et
1538 1597 1739 1651 veritas
1768 1599 1796 1650 Ἰ

160 1678 226 1730 In
266 1678 385 1734 alio
433 1681 676 1752 quidem
717 1682 1040 1748 similitudo,
1093 1683 1147 1737 in
1187 1683 1296 1739 alio
1346 1685 1583 1740 veritas.
1657 1686 1795 1740 Nam

161 1789 291 1829 cum
327 1775 404 1830 sit
440 1793 624 1832 unum
657 1788 1076 1844 sacramentum,
1110 1779 1212 1835 tria
1251 1781 1324 1835 ibi
1367 1781 1604 1838 discreta
1649 1800 1796 1852 prae-

2583 685 2810 734 DIVISIO.

1984 785 2170 841 Voluit
2198 787 2475 858 Sapientia
2506 789 2625 858 Dei,
2658 809 2780 865 quae
2810 810 2870 850 se
2902 811 3000 867 per
3039 798 3283 858 visibilis
3325 805 3504 860 mani-

1913 882 2092 951 festat,
2131 887 2420 941 ostendere
2451 889 2702 959 quoniam
2752 891 3050 950 animarum
3102 898 3254 953 cibus
3301 911 3353 956 et
3409 919 3504 959 re-

1911 970 2075 1026 fectio
2105 981 2186 1026 est
2217 988 2421 1044 corpus
2452 984 2504 1031 et
2549 980 2774 1049 sanguis
2829 981 3001 1052 ipsius
3034 1001 3046 1046 ;
3106 995 3158 1041 et
3215 999 3504 1058 prapterea

1909 1073 2130 1114 carnem
2161 1072 2493 1132 assumptum
2527 1066 2578 1118 in
2638 1067 2874 1123 edulium
2932 1075 3236 1143 proposuit,
3292 1085 3348 1132 ut
3403 1097 3505 1150 per

1909 1155 2096 1211 cibum
2134 1159 2312 1213 carnis
2341 1160 2409 1213 ad
2445 1169 2665 1231 gustum
2717 1164 2966 1222 invitaret
3015 1171 3330 1227 divinitatis.
3391 1176 3502 1232 Sed

1907 1261 1977 1299 ne
2009 1261 2226 1300 rursum
2259 1249 2490 1304 humana
2521 1250 2804 1308 inﬁrmitas
2859 1267 3164 1314 contactum
3222 1263 3400 1318 carnis
3447 1265 3504 1320 in

1906 1337 2278 1404 assumptione
2308 1337 2572 1403 horreret,
2607 1343 2851 1398 consueti
2883 1353 2934 1399 et
2973 1347 3287 1418 principalis
3335 1352 3502 1409 edulii

1907 1430 2146 1498 speciem
2177 1431 2322 1486 illam
2355 1434 2576 1500 velavit,
2611 1451 2664 1492 et
2712 1439 2791 1495 sic
2839 1444 3156 1499 sumendam
3197 1449 3498 1519 proposuit,

1905 1527 1963 1572 ut
1994 1534 2188 1572 sensus
2218 1519 2271 1575 in
2303 1538 2415 1576 uno
2448 1523 2743 1591 foveretur,
2779 1536 2832 1582 et
2862 1529 3000 1585 ﬁdes
3030 1531 3084 1586 in
3115 1534 3286 1591 altero
3333 1537 3502 1592 aediﬁ-

1904 1615 2149 1662 caretur.
2189 1609 2421 1665 Fovetur
2449 1628 2645 1668 sensus
2675 1615 2728 1669 in
2759 1633 2886 1682 uno,
2920 1620 3049 1674 dum
3082 1623 3242 1678 solita
3289 1631 3497 1683 tantum

1905 1703 1958 1749 et
2015 1705 2278 1752 consueta
2332 1700 2586 1771 percipit.
2651 1705 2964 1763 Edilicatur
3016 1709 3153 1766 ﬁdes
3207 1722 3385 1769 autem
3441 1715 3496 1771 in

1903 1795 2097 1862 altero,
2131 1798 2258 1852 dum
2290 1799 2345 1853 in
2376 1817 2440 1855 eo
2472 1803 2612 1873 quod
2644 1805 2810 1869 videt,
2843 1809 3009 1880 quale
3039 1811 3105 1866 sit
3162 1811 3295 1869 illud
3353 1816 3496 1886 quod

162 1870 466 1932 ponuntur
497 1906 518 1935 ,
567 1867 786 1938 species
826 1867 1076 1924 videlicet
1135 1869 1365 1924 visibilis
1395 1911 1410 1935 .
1469 1878 1522 1925 el
1588 1872 1795 1926 veritas
1824 1905 1875 1964 Β
1906 1900 2012 1938 non
2044 1885 2190 1940 videt
2218 1867 3049 1969 agnoscit;Proponitur'igitur
3077 1901 3291 1970 species
3339 1867 3498 1974 pianis

165 1963 460 2032 corporis,
508 1973 571 2019 et
628 1965 798 2020 virtus
855 1966 1048 2037 gratiae
1099 1967 1422 2038 spiritualis.
1488 1968 1657 2023 Aliud
1713 1978 1796 2026 est

163 2049 314 2104 enim
358 2051 620 2107 visibilis
658 2054 897 2124 species,
965 2071 1087 2126 qua
1151 2055 1441 2111 visibiliter
1501 2058 1791 2124 cernitur;

165 2144 320 2200 aliud
352 2155 447 2201 est
480 2148 698 2204 veritas
732 2150 982 2219 corporis
1037 2158 1092 2205 et
1146 2151 1448 2221 sanguinis,
1510 2169 1631 2224 quae
1689 2154 1792 2208 sub

167 2232 378 2288 visibili
423 2236 624 2306 specie
663 2236 1008 2293 invisibiliter
1062 2240 1350 2310 creditur;
1415 2249 1580 2312 atque
1645 2241 1789 2297 aliud

165 2330 348 2400 gratia
391 2332 704 2403 spiritualis
741 2351 862 2405 quae
911 2351 1034 2390 cum
1100 2351 1332 2406 corpore
1401 2343 1453 2392 et
1521 2339 1788 2409 sanguine

160 2415 546 2476 invisibiliter
572 2430 626 2476 et
655 2422 977 2493 spiritaliter
1021 2423 1358 2494 praecipitur.
1425 2425 1585 2494 Quod
1641 2426 1786 2482 enim

163 2515 454 2584 videmus,
489 2519 718 2590 species
746 2529 827 2575 est
872 2521 1028 2592 panis
1080 2529 1134 2577 et
1189 2523 1325 2578 vini.
1392 2522 1550 2592 Quod
1605 2532 1785 2580 autem

166 2605 267 2658 sub
300 2608 504 2674 specie
536 2607 628 2662 illa
657 2609 952 2674 credimus,
987 2627 1171 2665 verum
1203 2626 1400 2681 corpus
1421 2621 1503 2666 est
1533 2621 1588 2668 et
1624 2630 1784 2669 verus

169 2693 402 2763 sanguis
421 2695 564 2750 Jesu
586 2696 808 2763 Christi,
831 2699 976 2768 quod
993 2700 1254 2769 pependit
1273 2699 1326 2754 in
1364 2717 1547 2768 cruce,
1597 2710 1651 2756 et
1690 2702 1783 2774 qui

171 2787 328 2845 ﬂuxit
360 2792 437 2847 de
469 2793 654 2850 latere
686 2796 870 2863 (Joan.
905 2797 1046 2866 xxx).
1080 2796 1209 2852 Hec
1245 2814 1344 2868 per
1369 2814 1571 2868 panem
1602 2809 1653 2854 et
1696 2801 1782 2855 vi-

161 2892 292 2932 num
321 2896 539 2952 corpus
572 2889 627 2937 et
658 2883 986 2954 sanguinem
1012 2893 1196 2940 tamen
1253 2885 1548 2958 signiﬁcari
1593 2888 1780 2945 credi-

161 2987 310 3041 mus,
347 2976 455 3032 sed
487 2978 596 3033 sub
627 2979 815 3049 specie
844 2981 1006 3051 panis
1039 2990 1093 3038 et
1125 2982 1230 3037 vini
1264 2999 1451 3038 verum
1483 2999 1684 3054 corpus
1728 2993 1782 3041 et

160 3075 357 3120 verum
388 3069 732 3139 sanguinem
759 3069 1092 3139 consecrari,
1150 3079 1204 3126 et
1263 3072 1502 3142 speciem
1561 3073 1777 3144 quidem

165 3159 453 3218 visibilem
488 3175 896 3221 sacramentum
927 3183 1057 3224 esse
1087 3169 1204 3225 veri
1252 3171 1503 3241 corpori
1559 3180 1610 3227 et
1666 3172 1778 3226 veri

1905 1981 1957 2026 et
1986 1974 2116 2042 vini,
2151 1983 2207 2030 ut
2237 1977 2498 2033 doceatur
2527 1979 2690 2052 plena
2719 1987 2774 2038 et
2802 1985 3043 2055 perfecta
3092 1990 3312 2046 refectio
3366 2008 3494 2049 esse

1902 2068 1956 2123 in
1999 2073 2306 2142 sumptione
2373 2077 2620 2146 corporis
2688 2087 2738 2134 et
2807 2083 3091 2154 sanguinis
3159 2087 3355 2143 Christi
3421 2107 3492 2146 ex

1901 2157 2180 2216 divinitate
2209 2162 2436 2217 Christi.
2478 2165 2650 2220 Plena
2705 2177 2884 2224 autem
2946 2172 3173 2229 refectio
3229 2177 3383 2232 cibus
3441 2187 3496 2235 et

1876 2255 2060 2316 'potus
2082 2258 2163 2304 est
2188 2250 2326 2315 ;cibi
2363 2260 2542 2308 autem
2575 2263 2628 2308 et
2655 2264 2816 2325 potus
2846 2259 2998 2329 panis
3025 2270 3078 2316 et
3107 2263 3291 2319 vinum
3341 2265 3494 2336 prin-

1899 2345 2088 2416 cipalis
2110 2347 2410 2403 substantia
2428 2358 2510 2405 est
2530 2369 2544 2416 ;
2566 2360 2615 2407 et
2632 2357 2954 2425 proponitur
2974 2360 3185 2429 species
3208 2380 3270 2416 ex
3295 2363 3492 2434 princi-

1898 2434 2008 2504 pali
2033 2435 2332 2491 substantia
2356 2439 2687 2507 refectionis,
2707 2452 2765 2498 ut
2785 2444 2838 2499 in
2863 2462 2927 2501 eo
2946 2458 3215 2514 sumatur,
3239 2460 3290 2506 et
3308 2461 3361 2506 ut
3392 2470 3492 2522 per

1897 2537 2018 2577 eam
2050 2524 2250 2580 veritas
2281 2529 2526 2597 corporis
2557 2538 2610 2584 et
2639 2533 2920 2604 sanguinis
2969 2535 3160 2592 Christi
3203 2539 3487 2612 signiﬁca-

1896 2619 2066 2680 retur,
2092 2613 2233 2669 sicut
2254 2615 2372 2685 ipse
2394 2623 2625 2672 testatur
2647 2619 2838 2676 dicens
2861 2641 2876 2678 :
2896 2646 2916 2671 ιι
2945 2624 3081 2681 Caro
3103 2643 3221 2682 mea
3243 2645 3371 2685 vere
3403 2633 3488 2686 est

1894 2707 2071 2774 cibus,
2104 2717 2158 2764 et
2184 2711 2410 2784 sanguis
2438 2729 2590 2769 meus
2614 2731 2742 2772 vere
2773 2727 2854 2774 est
2883 2728 3043 2789 potus
3091 2725 3274 2792 (Joan.
3310 2730 3414 2796 vi).
3459 2751 3482 2778 ι

1893 2796 2034 2858 Quae
2071 2805 2254 2855 tamen
2293 2803 2543 2871 corporis
2583 2811 2636 2858 et
2674 2808 2963 2878 sanguinis
3029 2813 3287 2882 sumptio,
3354 2816 3487 2888 quia

1889 2885 2009 2939 sola
2042 2885 2160 2942 sine
2189 2887 2418 2957 spiritali
2448 2890 2643 2948 eﬂ'ectu
2675 2894 2907 2951 salutem
2936 2913 3042 2953 non
3073 2901 3342 2970 conferat,
3367 2885 3485 2975 ipse

1887 2979 2032 3038 idem
2092 2983 2340 3040 Salvator
2404 2988 2714 3044 manifestat
2768 2992 3001 3050 dicens:
3068 3020 3089 3045 ιι
3153 2998 3294 3056 Caro
3353 3002 3485 3058 nihil

1887 3070 2115 3140 prodest
2149 3091 2164 3137 ;
2195 3073 2418 3144 spiritus
2446 3083 2530 3131 est
2559 3079 2649 3148 qui
2677 3077 2911 3137 viviﬁcat
2971 3084 3174 3153 (ibid).
3225 3110 3248 3136 ι
3301 3089 3482 3146 Virtus

1885 3173 2019 3231 ergo
2045 3167 2094 3214 et
2125 3160 2406 3230 plenitudo
2436 3165 2699 3233 spiritalis
2729 3169 3060 3238 refectionis,
3093 3191 3216 3245 qum
3245 3176 3301 3230 in
3348 3193 3480 3233 cor-

162 3250 486 3322 aanguinis,
525 3268 731 3324 ωτρυε
758 3263 938 3310 autem
969 3265 1025 3312 ει
1081 3259 1407 3329 sanguinem
1460 3275 1775 3316 suci-amen-
1807 3254 1856 3318 C
1885 3271 2015 3326 pore
2044 3257 2242 3313 Christi
2273 3268 2327 3314 et
2358 3261 2627 3330 sanguine
2662 3273 2765 3331 est,
2814 3283 2914 3338 per
2967 3273 3202 3338 speciem
3260 3274 3480 3343 quidem

161 3349 275 3400 tum
304 3363 436 3405 esse
461 3350 672 3422 gloria
702 3351 985 3422 spiritalis,
1019 3361 1072 3409 et
1119 3357 1582 3425 quemadmodum
1639 3373 1765 3428 spe-

155 3431 268 3489 cies
293 3435 409 3494 illic
439 3439 710 3505 cernitur,
744 3440 902 3510 cujus
931 3458 1022 3498 res
1052 3443 1138 3498 vel
1167 3445 1470 3499 substantia
1518 3445 1594 3500 ibi
1641 3462 1766 3503 esse

159 3538 262 3580 non
295 3531 576 3597 creditur,
611 3532 690 3588 sic
718 3550 807 3588 res
839 3534 912 3589 ibi
942 3536 1212 3592 veraciter
1239 3546 1290 3592 et
1334 3539 1766 3595 substantialiter

158 3627 406 3681 praesens
437 3621 714 3687 creditur,
745 3623 903 3690 cujus
934 3623 1148 3691 species
1176 3641 1286 3681 non
1342 3628 1609 3683 cernitur.
1668 3628 1764 3683 Vi-

159 3701 316 3760 detur
343 3709 502 3763 enim
533 3710 752 3780 species
782 3712 937 3781 panis
963 3721 1013 3768 et
1035 3713 1144 3768 vini
1175 3729 1189 3782 ;
1218 3722 1270 3770 et
1284 3715 1588 3771 substantia
1610 3717 1765 3788 panis

159 3807 210 3854 et
241 3803 354 3859 vini
385 3823 510 3863 non
537 3808 802 3864 creditur.
835 3810 1084 3865 Creditur
1110 3817 1287 3867 autem
1308 3813 1616 3868 substantia
1635 3829 1764 3870 cor-

158 3889 308 3956 poris
333 3903 388 3948 et
420 3897 720 3968 sanguinis
758 3898 976 3963 Christi,
1035 3907 1088 3954 et
1141 3907 1320 3955 tamen
1378 3902 1590 3972 species
1648 3919 1763 3958 non

155 3979 422 4038 cernitur.
478 3983 639 4053 Quod
679 4001 818 4042 vero
883 3986 1095 4042 videtur
1155 3989 1456 4045 secundum
1521 3991 1763 4060 speciem

157 4079 564 4128 sacramentum
601 4082 684 4129 est
712 4083 766 4130 et
792 4076 1035 4147 imagine
1062 4076 1206 4132 illius
1237 4079 1384 4148 quod
1405 4079 1648 4136 creditur
1675 4096 1764 4137 se-

156 4165 392 4224 cundum
417 4172 679 4242 corporis
726 4174 1058 4242 veritatem;
1113 4177 1343 4249 etquod
1399 4179 1636 4235 creditur
1680 4196 1768 4236 sa-

159 4264 388 4323 cundum
420 4271 678 4340 corporis
705 4273 1012 4342 veritatem,
1039 4285 1451 4332 sacramentum
1495 4287 1577 4334 est
1618 4279 1763 4334 illius

160 4353 298 4421 quod
325 4358 650 4429 praecipitur
679 4363 978 4416 secundum
1014 4363 1248 4436 gratiam
1279 4365 1606 4436 spiritalem.
1663 4368 1762 4424 Sa-

162 4457 502 4509 cramentum
537 4468 676 4525 ergo
713 4453 904 4510 altaris
956 4464 1009 4511 et
1072 4459 1400 4516 eucharistia
1461 4460 1645 4517 divina
1705 4462 1762 4518 in

163 4535 326 4593 verbo
361 4555 602 4612 corpore
659 4549 715 4597 et
783 4544 1051 4616 sanguine
1116 4547 1334 4602 Domini
1396 4551 1566 4606 nostri
1630 4552 1761 4607 Iesu

1873 3344 2029 3415 panis
2058 3353 2112 3401 et
2172 3346 2283 3402 vini
2340 3349 2728 3422 signiﬁcatur;
2785 3354 2839 3410 in
2898 3358 3244 3429 perceptione
3295 3372 3478 3421 autem

1874 3435 2080 3507 graetiie
2108 3434 2309 3492 infusio
2338 3436 2568 3494 interna
2600 3448 2886 3500 etreternai
2906 3445 3216 3503 refectionis
3247 3451 3471 3521 perﬁci—

1874 3536 1992 3587 tur.
2029 3533 2098 3588 Et
2136 3533 2216 3590 sic
2238 3535 2456 3606 quidem
2489 3554 2612 3592 cum
2673 3539 2771 3595 tria
2821 3540 2875 3596 in
2936 3559 3046 3599 uno
3095 3544 3170 3600 ibi
3228 3547 3358 3614 sint,
3414 3549 3470 3605 in

1873 3620 2047 3690 primo
2077 3621 2218 3692 quod
2252 3621 2472 3695 signum
2504 3626 2784 3682 invenitur
2811 3631 3054 3696 secundi,
3114 3632 3168 3688 in
3226 3639 3472 3696 secundo

1873 3717 2056 3765 autem
2084 3725 2251 3766 causa
2281 3713 2423 3767 tertii
2457 3732 2469 3777 ;
2502 3713 2560 3769 in
2592 3717 2750 3772 tertio
2779 3734 2916 3775 vero
2946 3720 3114 3776 virtus
3145 3725 3392 3791 secundi,
3418 3734 3472 3782 et

1872 3806 2078 3862 veritas
2107 3809 2268 3880 primi
2301 3827 2313 3864 :
2348 3817 2400 3865 et
2431 3811 2544 3867 haec
2577 3814 2673 3869 tria
2715 3814 2771 3869 in
2827 3833 2936 3872 uno
2993 3827 3136 3885 sunt,
3196 3830 3246 3876 et
3299 3839 3466 3879 unum

1871 3905 2298 3952 sacramentum.
2337 3898 2520 3956 Claret
2550 3901 2753 3972 itaque,
2813 3906 3032 3976 quando
3113 3908 3466 3969 divinissima:

1871 3984 2208 4040 eucharistiie
2237 3989 2542 4059 assumptio
2571 4002 2970 4049 sacramentum
3019 4004 3119 4064 est,
3179 4006 3232 4053 et
3283 3999 3464 4071 imago

1871 4080 2298 4151 participationis
2327 4083 2478 4150 Iesu,
2514 4086 2635 4155 quia
2665 4087 2770 4144 hoc
2799 4089 2942 4161 quod
2974 4091 3089 4161 ejus
3139 4109 3464 4151 sacramen-

1869 4174 1984 4223 tum
2014 4169 2301 4226 visibiliter
2327 4173 2666 4244 percipimus
2696 4176 2916 4248 signum
2948 4189 3050 4245 est,
3078 4183 3222 4252 quod
3251 4184 3298 4238 ei
3347 4187 3466 4256 spi-

1869 4256 2107 4313 ritaliter
2134 4259 2278 4314 uniri
2311 4260 2596 4317 debemus.
2632 4265 2758 4335 Ipsa
2790 4275 2969 4323 autem
3003 4271 3352 4342 eucharistia,
3410 4275 3466 4332 id

1870 4363 1952 4409 est
1970 4355 2109 4410 bona
2135 4357 2330 4427 gratia.
2357 4357 2476 4430 ipsa
2497 4360 2708 4418 scilicet
2732 4363 2909 4420 hostia
2931 4381 3084 4421 sacra
3125 4369 3466 4428 divinissima

1869 4452 2114 4512 vocatur,
2145 4446 2400 4518 quoniam
2432 4448 2647 4504 divinos
2670 4449 2797 4506 facit
2827 4461 2879 4508 et
2932 4457 3225 4528 participes
3262 4457 3464 4516 divini-

1869 4532 1994 4588 tatis
2025 4549 2122 4590 eos
2153 4534 2244 4606 qui
2299 4551 2361 4591 se
2421 4535 2587 4608 digne
2644 4540 2994 4614 participant,
3050 4553 3104 4600 et
3157 4547 3282 4618 quia
3338 4547 3464 4619 ipsa

165 4627 354 4691 Christi
379 4607 572 4711 imago
600 4647 703 4705 est,
735 4607 1036 4697 secundum
1067 4643 1309 4713 speciem
1342 4646 1500 4716 panis
1545 4651 1601 4704 et
1647 4648 1758 4706 vini

1886 4631 2089 4703 lignum
2119 4639 2206 4687 est
2263 4638 2320 4688 et
2375 4607 2593 4701 veritas,
2645 4607 2712 4692 in
2769 4607 2873 4710 qua
2931 4607 3059 4697 caro
3110 4607 3306 4699 Cliristi
3359 4607 3464 4701 sub

164 4733 266 4790 qua
295 4729 567 4794 cernitur,
597 4735 653 4783 et
681 4745 771 4784 res
799 4738 882 4786 est
926 4732 1228 4788 secundum
1276 4734 1600 4793 substantiae
1647 4754 1759 4795 suae

165 4818 444 4880 veritatem
478 4843 493 4891 ;
525 4825 581 4879 in
611 4841 719 4898 qua
750 4827 990 4882 creditur
1017 4829 1130 4886 illic
1159 4837 1328 4903 atque
1359 4835 1679 4905 percipitur,
1706 4844 1758 4892 et

166 4918 375 4966 rursum
407 4914 562 4986 quod
591 4931 737 4971 nunc
769 4915 1066 4973 visibiliter
1093 4920 1391 4976 secundum
1431 4925 1760 4981 sacramenti

169 5007 418 5078 speciem,
458 5019 512 5066 et
539 5012 902 5083 corporaliter
931 5017 1235 5072 secundum
1275 5019 1458 5074 carnis
1515 5027 1573 5077 et
1633 5035 1759 5078 san-

170 5101 340 5169 guinis
370 5109 582 5165 Christi
611 5110 917 5176 veritatem,
947 5112 1216 5169 Christum
1260 5114 1313 5170 in
1372 5117 1526 5173 altari
1581 5120 1757 5175 sumi-

171 5209 284 5255 mus
312 5219 327 5256 :
359 5215 770 5263 sacramentum
796 5217 876 5264 est
907 5217 959 5264 et
988 5209 1195 5282 imago,
1229 5213 1374 5284 quod
1405 5213 1580 5285 ipsum
1612 5233 1759 5273 enm-

175 5298 291 5361 dem
318 5308 673 5369 invisibiliter
693 5320 743 5367 et
760 5312 1088 5383 Spiritaliter
1107 5317 1404 5373 secundum
1438 5320 1628 5392 gratia;
1675 5321 1758 5377 in-

178 5394 458 5474 lusionem,
492 5414 547 5463 et
575 5407 750 5463 sancti
773 5408 990 5480 spiritus
1019 5411 1488 5484 participationem
1510 5415 1564 5470 in
1589 5417 1759 5474 corde

179 5508 380 5562 sumere
410 5506 703 5562 debemus.
729 5505 872 5578 Ergo
906 5507 1250 5566 divinissima
1275 5513 1601 5569 eucharistia
1637 5531 1758 5586 qua

181 5585 230 5645 in
255 5596 402 5658 altari
433 5600 740 5659 secundum
771 5602 927 5673 panis
958 5611 1012 5660 et
1039 5603 1151 5660 vini
1182 5608 1443 5677 speciem,
1467 5616 1520 5664 et
1548 5625 1754 5667 secun-

183 5686 298 5748 dum
325 5699 578 5772 corporis
609 5699 806 5755 Christi
837 5700 1118 5757 veritatem
1148 5702 1442 5761 visibiliter
1471 5713 1523 5761 et
1552 5722 1754 5779 corpo-

186 5784 345 5850 raliter
370 5805 656 5864 tractatur,
690 5807 1092 5854 sacramentum
1149 5805 1235 5856 est
1290 5809 1345 5858 et
1402 5803 1642 5874 signum,
1703 5813 1758 5862 et

185 5880 350 5961 inloco
379 5891 678 5956 invisibilis
705 5901 760 5954 et
802 5893 1065 5969 spiritalis
1113 5893 1545 5973 participationis
1600 5900 1752 5972 Jesu,

1869 4721 2054 4790 specie
2079 4720 2238 4791 panis
2266 4724 2513 4788 sumitur,
2539 4731 2592 4779 et
2623 4724 2676 4778 in
2700 4741 2862 4782 carne
2887 4730 3005 4798 ejus
3032 4731 3200 4802 digne
3217 4743 3460 4805 sumpta,

1867 4816 1920 4864 et
1951 4807 2122 4879 ipsius
2152 4809 2312 4864 etiam
2343 4810 2638 4867 divinitatis
2679 4817 2952 4886 susceptio
3006 4826 3058 4874 et
3117 4821 3462 4892 participalio

1868 4913 1920 4962 et
1947 4906 2280 4963 consortium
2313 4908 2672 4964 condonatur.
2697 4912 2992 4982 Propterea
3019 4915 3359 4974 divinissima
3409 4927 3464 4975 et

1869 4994 2231 5062 sanctissima,
2289 5005 2342 5052 et
2397 4997 2746 5056 sanctiﬁcans
2805 5003 3207 5061 sanctilicantia
3275 5009 3462 5064 omnia

1866 5081 2031 5138 etiam
2061 5091 2268 5140 sancta.

1942 5183 2040 5238 Per
2071 5185 2300 5240 verbum
2328 5187 2776 5245 sanctiﬁcationis
2817 5207 2952 5247 vera
3009 5193 3168 5264 panis
3223 5201 3280 5253 et
3328 5213 3462 5254 vera

1865 5270 1979 5328 vini
2000 5272 2300 5329 substantia
2324 5273 2379 5330 in
2399 5291 2590 5332 verum
2611 5294 2808 5349 corpus
2826 5288 2876 5335 et
2894 5283 3215 5355 sanguinem
3255 5284 3462 5342 Christi

1865 5362 2220 5428 convertitur,
2251 5363 2370 5419 sola
2400 5365 2587 5435 specie
2612 5367 2772 5437 panis
2803 5375 2854 5424 et
2883 5369 2993 5424 vini
3023 5381 3360 5443 remanente,
3407 5381 3464 5431 et

1862 5455 2178 5514 substantia
2225 5458 2280 5515 in
2339 5461 2696 5518 substantiam
2755 5472 3097 5525 transeunte.
3161 5470 3462 5529 Conversio

1865 5549 2047 5600 autem
2078 5547 2194 5618 ipsa
2223 5564 2332 5604 non
2356 5551 2653 5606 secundum
2683 5553 2962 5623 unionem,
2995 5557 3099 5614 sed
3160 5562 3462 5618 secundum

1865 5633 2252 5691 transitionem
2287 5637 2682 5694 consideranda
2714 5649 2814 5704 est,
2849 5645 3105 5714 quoniam
3119 5663 3464 5720 nequaquam

1865 5731 2103 5786 essentia
2135 5731 2188 5786 in
2221 5733 2473 5790 essentia:
2502 5744 2854 5808 augmentum
2897 5744 3130 5812 accedit,
3172 5753 3225 5800 et
3275 5763 3371 5816 per
3408 5747 3462 5802 id

1867 5818 2011 5886 quod
2039 5820 2271 5889 accedit,
2303 5821 2357 5876 id
2387 5823 2458 5878 ad
2490 5825 2635 5894 quod
2691 5827 2905 5882 accedit
2960 5829 3134 5900 majus
3191 5831 3301 5900 ﬁat,
3359 5835 3458 5891 sed

1864 5906 2209 5979 transitione,
2240 5916 2301 5968 ut
2331 5909 2382 5972 id
2411 5911 2556 5985 quod
2595 5913 2823 5984 accedit,
2866 5929 2989 5973 cum
3045 5918 3142 5977 illo
3187 5921 3253 5975 ad
3309 5921 3459 5992 quod
