3924 6388
1133 392 1718 450 DEFLORATIONES
1758 393 1865 450 SS.
1913 393 2218 450 PATRUM.
2251 425 2318 437 -—
2357 397 2488 452 LIB.
2540 401 2606 454 ll.

178 527 366 596 potest
400 535 416 590 ;
451 527 512 576 tu
546 521 751 580 noceri
782 527 958 592 potes,
985 518 1078 593 qui
1106 519 1249 574 male
1279 519 1510 586 credere
1537 526 1725 590 potes.

253 607 367 664 Sed
404 607 683 665 fortassis
704 609 894 666 iterum
927 608 1060 665 dicit
1088 607 1180 662 tibi
1210 607 1468 680 cogitatio
1498 615 1590 664 tua
1621 625 1634 660 :
1678 605 1821 675 Quid

178 695 274 751 ﬁat
305 697 378 752 de
411 714 672 770 corpore
724 695 944 766 Christi,
1011 705 1302 770 postquam
1358 705 1632 767 sumptum
1661 695 1820 750 fuerit

179 791 230 841 et
260 795 596 842 comestum
635 781 666 843 Ψ
703 787 866 843 Tales
896 796 1022 841 sunt
1091 786 1457 860 cogitationes
1513 785 1814 854 hominum,

175 893 234 938 ut
264 883 363 938 vix
401 883 720 957 quiescere
751 885 935 952 velint,
979 884 1033 939 in
1072 884 1156 938 his
1221 884 1458 939 maxime
1513 901 1635 955 qua:
1664 901 1816 955 qua:-

176 973 353 1028 renda
404 990 531 1028 non
577 983 737 1029 sunt.
787 974 928 1028 Dicit
994 989 1130 1044 ergo
1159 973 1254 1027 tibi
1318 989 1411 1031 cor
1441 981 1628 1027 tuum:
1672 971 1812 1041 Quid

176 1060 389 1116 factum
425 1053 520 1117 est
554 1063 634 1118 de
667 1073 900 1133 corpore
927 1061 1144 1128 Christi,
1179 1071 1464 1134 postquam
1495 1060 1624 1115 illud
1658 1078 1813 1116 sum-

179 399 315 454 1029
1135 399 1718 450 DEFLUllATlONES
1758 399 1838 449 SS

1924 399 2218 450 PATRUM.
2251 425 2318 437 -—
2357 399 2488 452 LIB.
2540 401 2606 454 ll.
3373 418 3505 474 1030

1841 515 1900 578 Α
1927 525 1983 617 et
2013 521 2229 617 quando
2255 531 2477 617 ιζιιεξιειε,Δ
2494 528 2855 597 corporaliter
2890 522 3066 588 tecum
3110 539 3212 593 est.
3263 538 3508 614 Denique

1932 611 1988 662 in
2012 611 2155 678 visu,
2185 611 2238 666 in
2269 620 2432 680 tactu,
2463 613 2518 667 in
2555 631 2749 685 sapore
2787 621 3149 689 corporaliter
3189 634 3364 682 tecum
3395 611 3502 687 est.

1929 696 2179 765 Quandiu
2234 717 2427 757 sensus
2465 705 2826 772 corporaliter
2870 708 3121 781 afﬁcitur,
3194 719 3514 786 poenitentia

1927 787 2048 855 ejus
2079 789 2382 860 corporalis
2403 807 2512 847 non
2540 793 2803 850 aufertur.
2835 797 3122 869 Postquam
3171 813 3349 860 autem
3381 825 3516 864 sen-

1926 898 2023 937 sus
2055 887 2350 974 corporalis
2377 889 2429 943 in
2466 890 3050 964 percipiendo-deﬁcit,
3092 899 3352 974 deinceps
3379 919 3510 961 cor-

1923 973 2137 1042 poralis
2165 977 2472 1046 ptnnitentia
2496 982 2798 1049 quaerenda,
2821 999 2929 1038 non
2961 993 3058 1048 est,
3095 989 3190 1043 sed
3215 973 3510 1060 spiritualis

1926 1061 2231 1116 retinenda.
2306 1065 2660 1135 Dispensatio
2712 1071 2976 1142 completa
3017 1083 3097 1130 est
3165 1093 3274 1148 per
3313 1080 3510 1139 factum

1922 1170 2347 1225 sacramentum,
2389 1163 2532 1218 intus
2562 1176 2750 1220 manet
2779 1169 3043 1236 Christus,
3077 1173 3146 1229 de
3193 1191 3288 1232 ore
3319 1179 3386 1232 ad
3411 1196 3511 1236 cor

1921 1247 2132 1304 transit.
2167 1250 2358 1308 Melius
2384 1261 2466 1307 est
2495 1253 2590 1308 tibi
2619 1263 2674 1309 ut
2693 1265 2775 1310 eat
2795 1257 2854 1311 in
2884 1269 3136 1316 mentem
3165 1270 3318 1320 tuam
3347 1277 3509 1339 quam

1909 1340 1963 1395 in
2001 1347 2241 1393 ventrem
2271 1348 2440 1396 tuum.
2475 1342 2639 1398 Cibus
2667 1343 2768 1400 iste
2798 1347 2992 1403 animae
3013 1365 3118 1406 non
3143 1357 3388 1424 corporis
3409 1356 3512 1418 est.

1918 1436 2042 1527 Noli
2065 1436 2118 1490 in
2159 1438 2374 1494 Christo
2417 1457 2666 1510 quaerere
2696 1447 3142 1503 consuetudinem
3171 1451 3280 1507 cibi
3310 1467 3510 1527 corpo-

1917 1525 2076 1581 ralis.
2123 1527 2276 1582 Venit
2302 1529 2372 1583 ad
2402 1537 2454 1584 te
2493 1537 2550 1584 ut
2611 1533 2946 1601 comedatur,
2989 1552 3096 1592 non
3133 1547 3192 1594 ut
3219 1525 3514 1601 consuma-

1918 1623 2024 1706 tur.
2069 1616 2225 1671 Venit
2255 1624 2311 1671 ut
2339 1627 2608 1686 gustetur,
2641 1636 2749 1676 non
2779 1632 2832 1678 ut
2865 1624 3264 1696 incorporetur.
3313 1636 3510 1706 Augub

172 1157 257 1228 psi
288 1168 343 1212 et
379 1159 735 1216 manducavi
772 1165 795 1214 .9
825 1159 964 1214 Audi
991 1171 1130 1228 ergo
1178 1159 1521 1229 corporalem
1565 1176 1811 1228 prmsen-

171 1247 305 1302 tiam
340 1247 593 1304 Christi.
623 1248 870 1318 Qumrisi
890 1251 952 1303 ln
978 1248 1118 1305 celo
1143 1264 1345 1320 qua're.
1379 1249 1458 1302 ibi
1474 1248 1722 1302 Christus
1742 1248 1808 1302 ad

177 1335 489 1390 dexteram
573 1338 752 1392 Patris
792 1337 1012 1403 sedens,
1069 1346 1250 1392 tecum
1290 1337 1360 1391 ad
1433 1346 1650 1407 tempus
1687 1353 1812 1392 esse

171 1424 374 1490 voluit,
421 1427 670 1497 quando
738 1434 792 1482 et
829 1426 1065 1498 quandiu
1103 1443 1336 1484 necesse
1373 1425 1501 1482 fuit.
1549 1425 1809 1482 Exhibuit

172 1522 272 1578 tibi
293 1523 652 1596 adtempus
689 1525 1028 1596 corporalem
1074 1526 1420 1596 pmentiam
1459 1541 1631 1593 suam,
1663 1532 1721 1579 ut
1755 1533 1811 1580 te

175 1611 245 1665 ad
278 1612 616 1684 spiritalem
648 1615 936 1670 excitaret.
976 1615 1105 1671 Ideo
1135 1614 1492 1686 corporaliter
1523 1615 1591 1668 ad
1619 1621 1672 1669 te
1712 1628 1808 1669 ve-

173 1701 276 1768 nit,
315 1709 376 1757 et
405 1703 686 1760 exhibuit
708 1703 808 1760 tibi
835 1704 1186 1774 prmaentiam
1233 1719 1408 1769 suam,
1437 1712 1499 1759 ut
1528 1720 1626 1774 per
1661 1703 1810 1758 illam
1917 1703 2090 1758 stinus
2122 1721 2309 1761 vocem
2341 1707 2410 1762 de
2440 1708 2581 1764 coelo
2630 1710 2802 1780 audit,
2841 1713 2970 1784 quia
3007 1715 3111 1772 hoc
3183 1719 3251 1774 de
3277 1701 3509 1780 terrenis

175 1799 496 1869 spiritualis
529 1801 878 1858 inveniretur
939 1817 1060 1874 quia
1088 1813 1198 1859 non
1251 1803 1552 1858 auferetur.
1597 1803 1675 1858 Ita
1713 1815 1811 1873 per
1837 1873 1884 1880 _
1920 1802 1996 1856 illi
2027 1803 2158 1868 dici,
2205 1812 2299 1858 aut
2360 1805 2683 1880 responderi
2757 1825 2862 1864 non
2901 1813 3071 1880 potuit
3114 1832 3126 1870 :
3170 1817 3332 1872 Cibus
3389 1837 3510 1876 sum

171 1904 410 1949 carnem
443 1873 970 1961 assumptum-oliui
1017 1891 1072 1946 in
1112 1893 1373 1948 mundum
1404 1893 1568 1956 venit,
1630 1899 1683 1946 et
1712 1906 1802 1946 se-
1835 1873 1888 1932 Β
1920 1890 2229 1964 grandium,
2265 1873 2476 1960 cresce,
2519 1903 2569 1962 et
2609 1873 2963 1954 manducabis
2999 1918 3106 1965 me,
3151 1915 3356 1962 nonut

172 1978 421 2034 eliadum
465 1980 833 2050 praesentiain
909 1981 1250 2052 corporalem
1316 1982 1386 2036 ad
1426 1987 1642 2052 tempus
1681 1987 1806 2036 eum
1919 1989 2092 2035 mutes
2122 1980 2174 2034 in
2206 1988 2277 2046 te,
2322 1982 2460 2038 sicut
2491 1983 2665 2038 cibum
2712 1987 2888 2040 carnis
2929 1993 3052 2056 tuae,
3111 1994 3208 2056 sed
3241 2003 3294 2049 tu
3327 2006 3503 2054 muta-

174 2066 512 2124 hominibus
574 2078 939 2125 conversatus
1004 2077 1106 2137 est,
1146 2078 1206 2125 ut
1242 2086 1340 2126 eos
1376 2071 1444 2124 ad
1509 2069 1809 2140 spiritalem

1924 2077 2066 2132 beris
2096 2079 2148 2132 in
2212 2095 2323 2134 me.
2373 2079 2556 2152 Itaque
2597 2083 2893 2152 prudenter
2956 2087 3204 2147 discerne
3235 2094 3382 2164 quod
3453 2096 3508 2154 in

172 2164 544 2254 pmsentiam
581 2166 931 2254 qurere-dam
998 2166 1260 2222 excitaret
1298 2173 1352 2221 et
1387 2166 1798 2222 inveniendam.
1919 2175 2268 2223 sacramento
2297 2167 2513 2223 Domini
2551 2169 2742 2226 sensui
2775 2173 3073 2230 adhibitum
3105 2178 3191 2243 sit,
3227 2181 3377 2251 quod
3403 2184 3511 2254 spi.

175 2251 380 2342 i’ouea
401 2253 698 2325 completa
737 2254 1151 2325 dispensatione
1211 2255 1512 2311 secundam
1546 2270 1808 2326 corpora-
1917 2255 2044 2310 ritui
2075 2256 2504 2323 accomodatum,
2537 2267 2608 2327 et,
2675 2268 2733 2315 ut
2796 2261 2955 2329 solet,
2998 2265 3042 2319 si
3098 2272 3224 2338 post
3261 2251 3510 2342 compte-

176 2339 286 2395 lem
324 2343 703 2413 praesentiam
759 2345 1010 2410 recessit,
1063 2353 1115 2399 et
1153 2345 1456 2400 secundum
1509 2343 1807 2414 spiritalem
1916 2351 2025 2402 tam
2059 2346 2466 2417 perceptionem
2493 2347 2696 2420 aliquid
2737 2347 2789 2404 in
2819 2357 2968 2407 tanto
2997 2355 3261 2426 senseris,
3309 2358 3363 2413 in
3388 2339 3508 2418 hoc

181 2441 557 2508 pmsentians
589 2443 876 2498 remansit.
915 2444 1056 2498 Nam
1093 2451 1151 2499 ut
1189 2443 1502 2499 ostenderet
1553 2442 1680 2514 quia
1708 2457 1810 2512 per
1919 2457 2134 2514 quoque
2166 2442 2379 2514 species
2433 2443 2498 2496 ad
2531 2445 2920 2516 proprietatem
2953 2465 3145 2518 sensus
3194 2452 3502 2522 famulatur,

185 2527 504 2598 spiritalem
535 2532 890 2602 presentiam
911 2532 1342 2599 nonrecedebat,
1362 2531 1578 2606 quando
1597 2531 1809 2588 scilicet
1917 2540 1973 2586 ut
2004 2530 2206 2586 veritas
2237 2531 2602 2587 similitudinis
2635 2534 2835 2606 ubique
2864 2544 3240 2598 conservetur.
3278 2541 3417 2608 Nam
3443 2527 3508 2608 si

183 2619 548 2687 corporalem
580 2619 934 2690 praesentiam
953 2619 1106 2675 abite
1133 2620 1462 2690 disponebat
1482 2619 1587 2675 ait:
1617 2639 1638 2667 α
1666 2620 1807 2675 Ecce
1917 2617 1973 2674 in
2002 2618 2208 2692 aliquo,
2243 2629 2500 2693 quantum
2533 2621 2742 2678 scilicet
2793 2625 2976 2680 sensui
3008 2627 3370 2687 exhibendum
3400 2642 3502 2702 est,

187 2719 293 2777 ego
335 2706 641 2765 vobiscum
663 2725 796 2764 sum
826 2708 1082 2764 omnibus
1145 2709 1339 2764 diebus
1377 2723 1548 2781 usque
1574 2708 1641 2763 ad
1669 2722 1808 2764 σου·
1918 2718 2216 2774 similitudo
2246 2718 2444 2785 deficit,
2476 2727 2528 2775 et
2558 2719 2668 2776 illic
2698 2721 2884 2793 procul
2914 2723 3079 2780 dubio
3099 2739 3506 2788 sacramentum

189 2807 638 2864 nominationem
666 2806 860 2863 seculi
903 2807 1127 2879 (lauit.
1171 2810 1391 2877 sxvm).
1416 2823 1440 2858 ι
1470 2806 1560 2862 Sic
1589 2822 1724 2877 ergo
1751 2807 1806 2861 in
1916 2821 2027 2862 non
2059 2815 2223 2874 esset,
2255 2807 2350 2864 sed
2383 2824 2466 2863 res
2496 2807 2615 2880 ipsa
2637 2810 2964 2883 proderetur
2983 2821 3037 2868 et
3065 2815 3510 2876 manifestaretur

196 2903 563 2952 ammento
602 2911 706 2952 suo
743 2896 910 2952 modo
946 2895 1326 2967 temporatiter
1389 2896 1536 2951 venit
1564 2896 1630 2950 ad
1659 2903 1732 2962 te,
1757 2903 1809 2951 et
1917 2895 2156 2968 evidenti
2187 2895 2511 2975 miraculo:
2554 2897 2697 2976 quod
2747 2915 2858 2956 non
2918 2902 3197 2970 convenit,
3247 2909 3510 2978 .quandiu

192 2988 276 3036 cst
303 2985 913 3055 corporaliter-tecum,
945 2993 1006 3040 nt
1031 3001 1132 3056 per
1161 2983 1501 3057 corporalem
1530 2984 1809 3056 pteniten-
1915 2983 2094 3041 ﬁdelis
2124 2983 2303 3041 locum
2335 2985 2522 3042 habet.
2590 2987 2715 3042 Post
2745 2986 2851 3044 hoc
2888 3005 3037 3062 ergo,
3085 2991 3132 3046 si
3172 2997 3508 3068 corporalem

192 3076 318 3133 tiam
348 3081 427 3137 ad
458 3081 770 3154 spiritalem
822 3082 1174 3155 querendam
1229 3083 1505 3152 exciteris,
1548 3090 1603 3138 et
1647 3082 1807 3138 inve-

193 3166 454 3225 nidam
480 3171 792 3242 adjuveris.
824 3171 1058 3240 Quando
1087 3171 1144 3227 in
1190 3172 1444 3227 manibus
1487 3179 1808 3228 sacramen-
1840 3229 1884 3247 ﬂ
1917 3189 2127 3244 quaere,
2167 3170 2258 3227 ubi
2288 3180 2342 3228 et
2371 3172 2522 3243 prius
2563 3171 2682 3239 fuit,
2750 3189 2914 3246 quam
2967 3192 3070 3247 per
3105 3189 3506 3238 sacramentum

192 3265 304 3311 tum
334 3257 464 3328 ejus
494 3269 676 3327 tenes,
715 3260 1076 3333 corporaliter
1103 3267 1282 3318 tecum
1312 3268 1416 3316 est.
1449 3259 1682 3330 Quando
1709 3274 1808 3317 ore
1837 3257 1887 3295 υ
1916 3277 2071 3317 suum
2095 3257 2453 3333 corporaliter
2481 3268 2661 3318 tecum
2690 3278 2814 3320 esse
2838 3261 3120 3338 inciperet,
3155 3275 3206 3323 et
3229 3269 3371 3326 unde
3398 3287 3510 3334 non

197 3355 456 3428 suscipis,
491 3359 860 3431 corporaliter
887 3363 1065 3417 tecum
1091 3365 1200 3417 est.
1235 3357 1486 3430 Quando
1513 3357 1812 3417 manducas
1921 3357 2148 3418 dicessit
2177 3359 2392 3436 quando
2423 3358 2492 3418 ad
2513 3368 2564 3416 te
2593 3360 2761 3420 venit.

1915 3083 2262 3154 praesentiam
2329 3083 2528 3139 Christi
2594 3084 2814 3155 quaeris,
2855 3083 2910 3140 in
2958 3087 3098 3143 caelo
3136 3106 3344 3159 quaere.
3427 3093 3509 3150 lbi

1319 3629 1896 3787 DOMINICA
1960 3693 2416 3788 TERTIA.

1505 3886 1902 3953 Secundum
1945 3873 2220 3984 Lucam.
2271 3967 2274 3970 ν
2315 3889 2318 3892 ’

1922 4048 2130 4105 amicos
2149 4054 2203 4104 et
2225 4045 2450 4116 vicinos,
2491 4044 2679 4101 dicens
2707 4043 2814 4100 illis
2844 4061 2862 4100 :
2920 4047 3378 4119 Congratulamini
3407 4053 3514 4109 mi-

1921 4137 1998 4203 hi,
2031 4136 2162 4208 quia
2185 4135 2376 4192 inveni
2421 4149 2580 4191 avem
2608 4149 2789 4190 meam
2849 4148 2968 4206 qua
3006 4137 3266 4208 perierat.
3310 4163 3332 4189 ι
3375 4142 3516 4211 Quia

1922 4225 2272 4283 centenarias
2322 4235 2579 4279 numerus
2617 4222 2894 4294 perfectus
2931 4229 3036 4290 est,
3077 4226 3341 4284 Dominus
3379 4245 3519 4287 con-

1924 4323 2039 4370 tum
2075 4329 2210 4370 oves
2284 4312 2474 4368 habuit
2509 4316 2802 4384 postquam
2877 4312 3105 4386 angelos
3143 4323 3194 4371 et
3268 4314 3516 4378 homines

277 4060 304 4098 ι
334 4042 513 4108 Erant
540 4043 1048 4122 apprOpinquantes
1107 4043 1179 4102 ad
1209 4043 1404 4104 Jesum
1457 4047 1733 4118 publicani
1763 4056 1818 4106 et

208 4147 533 4208 peccatores
560 4146 618 4192 ut
646 4136 896 4194 audirent
914 4150 1062 4192 eum.
1118 4135 1190 4190 Et
1216 4136 1634 4196 memorabant
1661 4137 1818 4193 Scri-

207 4219 288 4278 bat
314 4233 368 4288 et
387 4223 665 4284 Pharisaei
684 4224 933 4290 dicentes
966 4241 980 4279 :
1015 4222 1157 4292 Quia
1183 4223 1274 4281 hic
1326 4233 1639 4296 peccatores
1667 4225 1814 4282 reci-

208 4310 301 4382 pit,
333 4321 391 4370 et
418 4316 722 4372 manducet
750 4329 873 4372 cum
891 4312 999 4368 illis
1025 4313 1183 4384 (Luc.
1214 4313 1327 4385 xv).
1356 4333 1378 4363 ι
1403 4313 1813 4384 (Gutruatum)

214 4407 499 4470 Publiceni
529 4422 582 4470 et
609 4420 930 4485 peccatores
958 4410 1032 4466 ad
1093 4409 1426 4470 audiendum
1456 4411 1559 4467 Dei
1587 4419 1815 4468 verbum

215 4503 733 4582 appmpinquantes,
768 4515 879 4556 non
909 4498 1091 4555 solum
1122 4499 1192 4554 ad
1233 4499 1684 4572 colloquendum,
1718 4501 1818 4556 sed

1923 4412 2142 4470 creavit.
2185 4410 2294 4468 Sed
2337 4426 2442 4466 una
2508 4408 2627 4465 ovis
2680 4409 2862 4481 periit,
2899 4425 3020 4467 cum
3059 4411 3222 4468 homo
3257 4413 3510 4488 deliquit.

1925 4499 2138 4558 Dimisit
2169 4509 2372 4566 autem,
2397 4497 2526 4554 dum
2547 4497 2794 4568 seipsum
2816 4499 3120 4556 exinanivit
3139 4501 3292 4559 dives
3310 4513 3516 4574 pastor,

217 4585 374 4644 etiam
410 4592 486 4648 ad
525 4588 856 4647 vescendum
911 4587 1122 4658 recepti
1179 4595 1320 4643 sunt.
1382 4586 1536 4657 Quod
1569 4587 1818 4644 videntes
1846 4601 1901 4662 Β
1932 4599 2090 4669 cuius
2120 4615 2221 4654 nos
2243 4613 2444 4653 omnes
2461 4596 2760 4652 centesima
2779 4597 2956 4667 portio
2991 4614 3199 4664 sumus,
3223 4603 3517 4674 nonaginta

219 4681 476 4746 Pharisaei
507 4687 773 4761 indignati
805 4695 950 4754 sunt,
982 4685 1107 4759 quia
1165 4701 1300 4742 vera
1323 4685 1532 4756 justitia
1556 4702 1818 4758 compase-

219 4769 423 4834 sionem
489 4779 670 4844 habet,
739 4773 878 4832 falSa
915 4792 1049 4832 vero
1081 4775 1290 4845 justitia
1320 4770 1765 4847 dedignationem
1803 4793 1818 4840 ;

221 4867 453 4932 quamvis
500 4874 553 4922 et
576 4865 711 4936 justi
769 4865 984 4921 soleant
1027 4873 1174 4934 recte
1230 4865 1614 4936 peccatoribus
1672 4864 1818 4932 indi-

221 4964 552 5034 gnari.ISed
581 4963 727 5022 aliud
799 4971 883 5019 est
913 4963 1056 5035 quod
1114 4963 1283 5034 igitur
1315 4964 1482 5034 typho
1520 4963 1814 5034 superbia,

225 5046 361 5106 aliud
391 5051 543 5127 quod
572 5051 689 5116 zelo
713 5053 954 5122 justitiae.
989 5052 1095 5106 Sed
1128 5052 1252 5124 quia
1285 5051 1417 5124 agri
1449 5061 1622 5118 erant,
1657 5051 1731 5106 ita
1761 5059 1820 5106 ut

222 5152 391 5212 aegros
420 5160 488 5200 se
515 5159 639 5199 esse
661 5142 955 5207 nescirent,
989 5149 1257 5213 quatenus
1287 5141 1432 5213 quod
1462 5148 1617 5196 erant
1645 5156 1817 5214 agno-

227 5241 450 5302 scerent,
483 5231 724 5288 caelestis
754 5247 849 5286 eos
871 5229 1116 5286 medicus
1145 5227 1357 5284 blandis
1386 5228 1642 5284 fomentis
1714 5244 1820 5286 cu-

224 5333 320 5397 rat,
390 5331 696 5404 benignum
734 5328 1055 5402 paradigma
1127 5325 1333 5398 objicit,
1376 5335 1430 5383 et
1502 5325 1558 5382 in
1627 5341 1818 5383 eorum

229 5423 380 5482 corde
405 5427 653 5485 vulneris
682 5432 950 5482 tumorem
981 5419 1315 5496 premit..Ait
1349 5438 1588 5496 namque
1622 5440 1636 5478 :

295 5551 316 5577 ·
348 5532 480 5604 Quis
510 5551 582 5591 ex
609 5532 768 5590 vobis
795 5533 961 5589 homo
990 5531 1083 5603 qui
1109 5530 1280 5586 habet
1315 5537 1535 5587 centum
1563 5544 1723 5598 oves,
1763 5535 1821 5586 et

234 5613 274 5669 Si
300 5624 556 5681 erraverit
593 5638 703 5678 una
742 5636 815 5678 ex
853 5620 954 5688 eis,
995 5635 1180 5676 nonne
1225 5617 1480 5692 relinquit
1517 5617 1820 5691 nonaginta

233 5727 408 5777 novem
438 5723 494 5779 in
523 5721 774 5788 deserto,
803 5727 859 5777 et
886 5718 1037 5776 vadit
1066 5733 1314 5789 querere
1343 5733 1463 5773 eam
1511 5733 1636 5788 qua:
1663 5730 1820 5771 erra-

238 5803 345 5860 Vil?
373 5811 437 5869 Et
465 5812 512 5868 si
541 5808 835 5882 contigerit
856 5817 913 5864 ut
929 5807 1172 5862 inveniat
1201 5822 1342 5872 eam,
1373 5805 1601 5877 imponit
1627 5805 1684 5860 in
1710 5805 1818 5859 hu-

239 5914 400 5968 meros
425 5926 559 5972 suos
584 5906 853 5982 (Mens,
883 5913 940 5964 et
971 5904 1198 5964 veniens
1260 5903 1506 5974 domum,
1546 5906 1822 5962 convocat

1928 4704 2122 4744 novem
2152 4687 2206 4742 in
2229 4685 2528 4752 montibus,
2560 4685 2666 4740 hoc
2695 4691 2779 4739 est
2806 4684 2860 4740 iu
2891 4684 3205 4742 cmlestibus
3224 4688 3314 4744 vel
3342 4689 3396 4744 in
3422 4692 3518 4748 de-

1928 4785 2094 4843 serto,
2134 4777 2262 4847 quia
2290 4775 2488 4831 cohors
2517 4772 2840 4845 angelorum
2870 4774 3088 4846 reliquit
3115 4774 3166 4828 in
3201 4774 3361 4832 caelo.
3409 4781 3521 4836 Cur

1928 4869 2112 4922 autem
2144 4865 2339 4921 coelum
2369 4863 2646 4919 desertum
2674 4870 2911 4928 vocatur,
2944 4862 3048 4918 nisi
3068 4863 3211 4936 quod
3239 4865 3518 4924 desertum

1928 4962 2124 5018 dicitur
2170 4961 2486 5017 derelictum
2507 4962 2534 5012 ‘?
2549 4960 2697 5015 Tunc
2717 4958 2859 5014 enim
2875 4959 3067 5015 caelum
3084 4961 3247 5016 homo
3259 4960 3518 5031 deseruit,

1929 5067 2052 5107 cum
2083 5049 2348 5121 peccavit.
2373 5047 2548 5118 Quem
2564 5047 2825 5102 Dominus
2843 5048 3372 5119 humerisimposuit,
3393 5053 3522 5122 quia

1926 5139 2224 5194 humanam
2248 5145 2498 5192 naturam
2546 5135 2868 5206 suscipiens,
2915 5144 3139 5206 peccata
3167 5146 3355 5194 nostra
3383 5157 3521 5211 por-

1928 5236 2087 5293 tavit.
2125 5235 2349 5292 Homeri
2379 5233 2578 5290 Christi
2607 5231 2788 5290 crucis
2818 5233 3040 5290 brachia
3071 5243 3220 5290 sunt.
3255 5235 3370 5293 Illic
3391 5254 3522 5309 peo-

1928 5333 2054 5384 cata
2082 5342 2204 5382 mea
2233 5323 2490 5396 deposui;
2523 5322 2578 5378 in
2605 5322 2702 5377 illa
2729 5321 2925 5378 nobilis
2953 5323 3180 5394 patibuli
3201 5326 3413 5383 cervice
3430 5344 3522 5384 re-

1930 5415 2140 5488 quievi.
2177 5412 2296 5483 Qua
2333 5413 2555 5469 inventa
2591 5411 2816 5467 domum
2876 5411 3056 5476 rediit,
3099 5413 3227 5485 quia
3272 5425 3520 5486 reparato

1927 5502 2150 5559 homine
2176 5501 2376 5559 calum
2450 5499 2695 5556 intravit.
2778 5500 2974 5572 Angeli
3012 5509 3137 5558 sunt
3174 5503 3296 5572 ejus
3333 5505 3517 5576 amici,

1929 5603 2052 5676 quia
2093 5601 2426 5657 voluntatem
2474 5598 2596 5668 ejus
2631 5596 2901 5653 stabiliter
2965 5601 3292 5656 custodiunt.
3369 5603 3523 5660 Idem

1929 5700 2055 5747 sunt
2083 5689 2264 5754 vicini,
2306 5688 2429 5760 quia
2489 5687 2730 5743 claritate
2760 5686 2986 5742 visionis
3049 5687 3194 5744 illius
3231 5692 3513 5747 fruuntur.

1927 5787 2240 5844 Notandum
2271 5783 2417 5856 quod
2445 5799 2555 5838 non
2586 5781 2716 5839 dicit
2749 5801 2760 5836 :
2793 5782 3257 5856 Congratulamini
3283 5785 3394 5853 ovi,
3423 5787 3524 5842 sed

1929 5894 2090 5966 mihi,
2117 5891 2243 5965 quia
2271 5889 2384 5950 vita
2407 5897 2594 5949 nostra
2622 5886 2886 5967 gaudium
2913 5888 3032 5959 ejus
3059 5896 3165 5946 est.
3197 5892 3370 5948 Amen
3393 5888 3520 5944 dico
