3924 6398
401 407 560 471 ’1081

1563 391 2209 470 transmittente
2242 411 2297 472 s.
2333 405 2550 472 ausu

3600 420 3756 481 1033

428 537 611 606 vobis,
645 533 767 610 quia
795 531 1070 611 gaudebit
1089 547 1256 608 super
1303 547 1420 592 eam
1455 535 1637 610 magis
1666 549 1827 610 quam
1862 527 2030 610 super
2057 535 2114 600 Α
2143 536 2396 597 affectare
2419 535 2776 613 patrocinium
2810 547 2862 598 et
2908 537 3170 601 oﬂ'ensam
3213 542 3404 604 timere
3450 545 3758 606 debemus.

431 628 732 701 nonaginta
761 642 981 692 novem,
1004 640 1124 698 quae
1159 641 1269 682 non
1301 631 1642 695 erraverunt,
1677 635 1730 683 et
1759 642 1869 682 non
1898 626 2044 683 indi-

434 727 568 790 gent
599 717 933 790 pii-nitentia.
957 739 977 764 ιι
998 717 1343 787 Licelpastor
1361 725 1411 772 et
1435 717 1605 772 multo
1634 716 1755 788 plus
1785 717 2044 772 nimirum

429 809 625 880 diligat
665 805 963 876 nonaginta
1013 821 1232 875 novem,
1293 822 1453 878 quam
1487 805 1660 861 solum
1691 807 2044 862 centesimam

429 921 608 970 ovem,
634 903 813 959 tacitis
843 910 1027 957 tamen
1058 901 1181 956 aliis
1212 903 1284 958 de
1315 908 1629 957 restaurata
1657 903 1838 957 multis
1865 903 2044 958 modis

432 1011 491 1051 se
521 994 769 1066 gaudere
797 991 1055 1047 ostendit.
1087 990 1183 1047 Sic
1212 1007 1430 1064 queque
1447 991 1926 1063 Salvatorgeneris
1948 993 2044 1047 ltu-

428 1084 572 1142 mani
602 1081 784 1154 magis
814 1081 1035 1154 gaudet,
1069 1081 1176 1136 hoc
1206 1088 1289 1135 est
1320 1080 1503 1153 magis
1524 1087 1577 1135 et
1605 1081 1852 1152 pluribus
1869 1097 2041 1153 argu-

429 1182 634 1238 mentis
662 1178 905 1235 ostendit
935 1194 994 1233 se
1017 1179 1286 1251 gaudere,
1311 1195 1468 1251 quam
1494 1178 1561 1233 de
1583 1179 1908 1250 angelorum
1932 1187 2042 1234 sta-

427 1271 655 1328 bilitate.
678 1269 777 1325 Vel
797 1271 868 1322 ita
887 1268 1064 1340 magis
1085 1268 1374 1340 gaudet,id
1396 1275 1475 1322 est
1493 1269 1668 1340 magis
1685 1266 1926 1340 gaudere
1939 1283 2040 1323 nos

427 1361 557 1416 inde
587 1359 735 1415 facit.
756 1358 848 1414 Sic
870 1373 978 1413 non
996 1366 1079 1412 est
1095 1356 1352 1412 voluntas
1384 1365 1511 1412 ante
1544 1358 1758 1412 Patrem
1796 1367 2040 1413 vestrum

427 1459 518 1533 qui
553 1469 636 1513 est
666 1457 720 1512 in
752 1456 929 1522 cmlis,
956 1465 1014 1511 ut
1042 1463 1227 1526 pereat
1259 1471 1402 1510 unus
1424 1453 1493 1510 de
1509 1455 2042 1526 pusillisistis.Sicut

427 1565 540 1605 non
579 1555 664 1603 est
704 1545 963 1603 voluntas
1037 1544 1273 1616 pastoris
1309 1560 1474 1599 unam
1513 1560 1671 1600 ovem
1715 1546 1918 1616 perire,
1961 1544 2042 1602 sic

429 1654 540 1694 non
573 1644 658 1692 est
706 1635 959 1691 voluntas
988 1643 1114 1689 ante
1153 1635 1379 1702 Patrem,
1413 1633 1517 1690 hoc
1547 1642 1648 1706 est,
1682 1634 1761 1691 sic
1788 1650 1895 1690 non
1927 1633 2043 1690 vult

428 1730 590 1784 Pater
619 1733 678 1780 ut
706 1739 847 1780 unus
878 1723 1110 1796 pusillus
1137 1731 1346 1794 pereat.

503 1882 526 1913 ι
593 1862 698 1915 Aut
759 1874 876 1930 qua:
919 1855 1115 1911 mulier
1153 1829 1692 1913 habensdracbmas
1730 1855 1951 1926 decem,
1993 1855 2038 1912 si

428 1948 732 2023 perdiderit
763 1946 1085 2002 drachmam
1127 1961 1314 2012 unam,
1355 1945 1831 2016 nonne_accendit
1859 1947 2042 2002 lucer-

433 2056 558 2094 nam
592 2045 645 2094 et
675 2037 878 2092 evertit
908 2035 1154 2100 domum,
1197 2043 1252 2089 et
1313 2033 1509 2106 quaerit
1537 2033 1838 2108 diligenter
1865 2035 2045 2092 donec

430 2137 726 2194 inveniat?
753 2136 816 2190 Et
845 2150 971 2190 cum
1029 2133 1296 2188 invenerit
1340 2142 1608 2190 convocat
1635 2132 1843 2189 amicas
1874 2143 1925 2189 et
1956 2133 2042 2190 vi-

431 2227 586 2282 cinas
653 2226 891 2281 dicens:
935 2221 1409 2297 Congratulamini
1476 2222 1628 2288 mihi,
1693 2222 1822 2293 quia
1861 2222 2043 2278 inveni

431 2316 754 2372 drachmam
787 2329 947 2386 quam
979 2311 1355 2384 perdideram.
1402 2334 1422 2357 ιι
1456 2313 1868 2382 (Gnaoonirs.)
1898 2313 2036 2367 Dra-

427 2406 587 2462 chma
609 2413 688 2459 est
707 2418 965 2458 numerus
988 2410 1151 2458 certae
1169 2401 1484 2473 quantitatis
1509 2401 1718 2456 habens
1740 2401 2039 2471 imaginem

434 2501 602 2572 regis.
629 2500 828 2554 Mulier
849 2514 1001 2570 ergo,
1034 2498 1088 2552 id
1121 2506 1206 2553 est
1247 2498 1343 2554 Dei
1375 2497 1660 2570 sapientia,
1695 2499 1886 2554 decem
1917 2499 2043 2553 dra-

439 2591 630 2646 climas
660 2587 845 2643 habuit
874 2605 996 2642 cum
1027 2603 1220 2643 novem
1279 2587 1566 2642 ordinibus
1595 2587 1925 2658 angelorum
1960 2595 2045 2642 est

434 2679 651 2733 additus
680 2678 848 2732 homo
867 2677 1113 2731 decimus
1134 2685 1192 2730 ut
1218 2675 1584 2747 compleretur
1603 2676 1903 2731 electorum
1935 2694 2045 2732 nu-

431 2789 639 2829 merus.
659 2772 1176 2828 Mulierdrachmam
1201 2771 1460 2842 perdidit,
1494 2773 1714 2844 quando
1734 2773 1918 2839 homo,
1953 2774 2044 2847 qui

431 2863 684 2920 conditus
704 2861 1078 2934 adimaginem
1103 2861 1204 2917 Dei
1219 2861 1410 2926 fuerat,
1434 2863 1698 2931 peccavit.
1721 2862 1829 2918 Sed
1847 2863 2045 2920 mulier

437 2951 718 3007 lucernam
749 2950 1018 3017 accendit,
1063 2951 1186 3022 quia
1227 2950 1495 3022 sapientia
1528 2949 1746 3007 Domini
1785 2953 1836 3005 in
1876 2968 2044 3008 carne

433 3040 711 3112 apparuit.
745 3039 993 3095 Lucerna
1019 3039 1110 3094 lux
1169 3040 1326 3094 estin
1359 3047 1519 3107 testa,
1564 3039 1617 3094 id
1659 3049 1740 3094 est
1782 3040 2044 3096 divinitas

430 3140 484 3196 in
518 3156 714 3195 carne.
754 3139 832 3194 De
863 3153 968 3210 qua
1008 3147 1147 3193 testa
1212 3138 1296 3193 sui
1336 3137 1587 3210 corporis
1616 3138 1747 3196 dicit
1779 3138 1904 3211 ipsa
1935 3139 2044 3196 Sa-

2153 625 2212 685 ln
2245 630 2403 686 tertia
2435 632 2635 705 quippe
2663 629 2925 702 parabole
2955 632 3024 690 de
3053 645 3402 706 peccatorum
3432 639 3757 709 susceptio-

2154 735 2243 784 ne,
2303 737 2412 776 non
2469 737 2626 775 suum
2673 723 3046 780 tantummodo
3108 742 3439 797 suorumque
3482 727 3764 800 gaudium

2153 808 2420 864 Dominus
2463 809 2818 882 demonstrat,
2872 812 2968 868 sed
3012 820 3068 869 et
3107 814 3457 871 invidentium
3500 832 3762 872 murmur

2150 909 2518 981 reprehendit.

2329 1023 2567 1082 SERMO
2606 1026 2700 1082 DE
2754 1028 2970 1086 LAPSU
3025 1029 3216 1084 PRIMI
3261 1028 3559 1086 HOMINIS

2754 1150 2830 1190 ΕΤ
2885 1150 3142 1198 αυλιςετιο

2147 1237 2208 1294 Si
2235 1254 2351 1295 non
2381 1236 2613 1296 habebat
2641 1243 3146 1314 perseverantiam,
3165 1244 3430 1317 quomodo
3456 1245 3580 1302 sine
3607 1244 3754 1302 vitio

2847 1334 3046 1403 fuerit.

2219 1425 2430 1482 Clamat
2457 1427 2672 1483 veritas
2701 1429 2770 1484 de
2802 1429 2981 1500 primo
3010 1430 3251 1498 homine,
3296 1431 3500 1488 scilicet
3544 1431 3750 1497 Adam,

2150 1516 2298 1587 quod
2325 1525 2634 1587 peccasset,
2657 1526 2708 1573 et
2733 1519 2988 1575 desertor
3008 1520 3134 1576 boni
3164 1520 3377 1577 fuisset.
3405 1521 3559 1579 Unde
3578 1523 3757 1579 oritur

2151 1606 2402 1675 quaestio,
2436 1622 2561 1662 cum
2592 1607 2791 1662 bonum
2823 1608 3127 1674 desereret,
3167 1611 3634 1682 perseverantiam
3694 1611 3754 1666 in

2149 1693 2244 1749 illo
2274 1709 2387 1749 non
2416 1694 2664 1750 haberet.
2690 1695 2848 1766 Quod
2869 1697 2917 1752 si
2940 1698 3402 1768 perseverantiam
3423 1715 3529 1754 non
3548 1700 3759 1756 habue-

2148 1790 2252 1849 rat,
2285 1784 2561 1854 quomodo
2590 1784 2710 1840 sine
2755 1785 2888 1841 vitio
2934 1786 3145 1842 fuerat?
3179 1788 3318 1844 Huic
3348 1789 3634 1860 quaestioni
3664 1788 3756 1844 fa-

2067 1897 2122 1962 B
2150 1880 2254 1936 cile
2283 1882 2650 1952 respondetur
2677 1899 2800 1939 eum
2855 1885 3327 1955 perseverantiam
3357 1901 3462 1943 non
3493 1885 3756 1942 habuisse

2151 1971 2280 2042 quia
2309 1969 2363 2025 in
2396 1987 2463 2027 eo
2491 1972 2638 2028 bono
2676 1972 2731 2027 in
2779 1989 2890 2045 quo
2925 1975 3047 2029 sine
3102 1973 3234 2031 vitio
3260 1975 3376 2042 fuit,
3433 1976 3487 2031 in
3513 1975 3610 2032 illo
3638 1991 3754 2032 non

2149 2060 2548 2131 perseveravit.
2570 2061 2749 2133 Coepit
2779 2062 2923 2118 enim
2953 2064 3159 2120 habere
3187 2063 3375 2119 vitium
3407 2081 3472 2120 ex
3502 2079 3610 2138 quo
3647 2080 3755 2121 ce-

2151 2148 2300 2204 cidit.
2337 2149 2407 2205 Et
2433 2150 2480 2205 si
2509 2149 2694 2221 coepit,
2761 2159 3058 2224 antequam
3087 2153 3364 2224 cupisset,
3413 2153 3598 2226 utique
3626 2154 3750 2211 sine

2147 2245 2284 2302 vitio
2314 2246 2435 2301 fuit.
2468 2247 2629 2303 Aliud
2661 2256 2746 2303 est
2777 2249 2922 2304 enim
2957 2264 3066 2304 non
3122 2250 3325 2306 habere
3355 2250 3558 2314 vitium.
3599 2250 3748 2306 aliud

2151 2342 2236 2390 est
2301 2335 2354 2390 in
2387 2351 2452 2392 ea
2521 2336 2762 2393 bonitate
2804 2338 2858 2392 in
2901 2355 3004 2410 qua
3044 2338 3246 2394 nullum
3284 2339 3469 2395 vitium
3498 2347 3606 2406 est,
3637 2356 3748 2397 non

2149 2441 2399 2481 manere.
2438 2425 2570 2481 Item
2605 2426 2900 2481 videndum
2927 2435 3012 2482 est
3035 2429 3180 2500 quod
3211 2430 3646 2500 respondeamus
3677 2429 3738 2484 il-

2153 2513 2344 2584 lis'qui
2374 2514 2598 2570 dicunt:
2640 2515 2700 2571 Si
2730 2515 2876 2570 nulla
2907 2516 3231 2573 rectitudine
3256 2516 3312 2572 in
3340 2533 3449 2590 qua
3475 2519 3593 2575 sine
3622 2518 3754 2575 vitio

2153 2606 2254 2662 fuit
2306 2607 2502 2672 factus,
2572 2608 2762 2663 habuit
2801 2611 3278 2681 perseverantiam,
3349 2612 3553 2682 procul
3593 2612 3758 2669 dubio

2153 2698 2532 2767 perseveravit
2562 2697 2616 2752 in
2655 2713 2723 2752 ea
2757 2716 2770 2760 ;
2804 2707 2858 2753 et
2897 2699 2946 2753 si
3001 2701 3388 2770 perseveravit,
3423 2701 3613 2773 utique
3648 2717 3761 2757 non

2154 2787 2428 2856 peccavit,
2495 2801 2599 2842 nec
2663 2785 2809 2842 illam
2875 2802 3032 2844 suam
3071 2789 3452 2846 rectitudinem
3519 2791 3765 2846 deseruit

2153 2875 2461 2946 Deumque.
2506 2874 2636 2944 Sed,
2679 2885 2736 2931 ut
2771 2876 2980 2948 praefati
3010 2894 3218 2945 sumus,
3249 2895 3369 2934 eum
3399 2895 3670 2950 peccasse
3710 2888 3764 2936 et

2152 2971 2492 3026 desertorem
2526 2971 2656 3026 boni
2688 2971 2857 3028 fuisse
2886 2972 3088 3029 veritas
3117 2974 3451 3044 proclamat.
3477 2975 3600 3030 Non
3624 2991 3760 3047 ergo

2151 3059 2339 3114 habuit
2366 3061 2838 3130 perseverantiam
2867 3061 2924 3116 in
2979 3061 3072 3118 illo
3099 3061 3269 3118 bono.
3348 3065 3416 3119 Et
3443 3063 3491 3119 si
3519 3080 3627 3120 non
3657 3065 3760 3120 ba-

2154 3148 2286 3214 buit,
2325 3163 2438 3204 non
2467 3150 2652 3222 utique
2670 3150 2898 3222 accepit.
2933 3150 3222 3219 Quomodo
3245 3152 3390 3209 enim
3440 3161 3492 3208 et
3519 3153 3760 3225 accepis-

437 3229 640 3301 pientia
673 3249 744 3325 :_.
780 3229 1004 3325 Exaruit
1036 3236 1295 3325 tanquam
1330 3236 1470 3283 testa
1498 3229 1676 3325 virtus
1706 3245 1825 3325 mea
1859 3229 2035 3298 (Psal.
2070 3261 2118 3325 C
2153 3242 2238 3292 set
2268 3239 2750 3308 perseverantiam,
2793 3247 2847 3295 et
2892 3255 3003 3296 non
3044 3250 3460 3311 perseverasset
3489 3243 3518 3297 ‘l
3567 3243 3753 3311 Porro,

429 3321 570 3389 XXI).
616 3341 638 3366 ο»
673 3318 841 3372 Testa
880 3316 932 3370 in
973 3316 1101 3388 igne
1141 3316 1422 3384 solidatur,
1455 3325 1508 3371 et
1557 3317 1733 3372 virtus
1770 3317 1896 3389 ejus
1935 3333 2036 3372 ex-

431 3420 592 3488 aruit,
634 3418 853 3491 quando
920 3423 1258 3487 assumptam
1300 3431 1519 3470 carnem
1584 3433 1653 3471 ex
1695 3414 2036 3470 tribulatione

430 3508 706 3582 passionis
783 3505 1059 3561 roboravit
1131 3505 1201 3560 ad
1276 3504 1504 3576 gloriam
1593 3503 2033 3560 resurrectionis.

430 3598 678 3651 Accensa
717 3600 898 3646 autem
938 3589 1179 3654 lucerna,
1222 3588 1276 3643 id
1315 3597 1399 3644 est
1436 3605 1604 3646 carne
1641 3606 1741 3660 per
1777 3589 2037 3644 divinita-

434 3693 544 3740 tem
575 3680 905 3755 gloriﬁcata,
939 3680 1135 3734 domus
1157 3679 1438 3746 evertitur,
1469 3679 1598 3751 quia
1625 3680 1861 3735 humana
1898 3694 2038 3736 con-

433 3781 671 3838 scientia
708 3787 893 3834 reatus
932 3777 1017 3833 sui
1055 3777 1497 3833 consideratione
1528 3777 1905 3850 perturbatur.
1945 3777 2037 3833 Sic

438 3887 576 3943 ergo
606 3871 866 3925 drachma
896 3866 1184 3938 reperitur,
1226 3867 1360 3937 quia
1389 3866 1443 3920 in
1483 3867 1701 3922 homine
1738 3867 2035 3923 similitudo

431 3959 710 4018 Creatoris
740 3966 1052 4028 reparatur.
1085 3955 1303 4011 Amicas
1333 3965 1382 4012 et
1412 3955 1623 4012 vicinas
1643 3956 1772 4012 dicit
1794 3965 2036 4028 potesta-

435 4067 518 4116 tes
539 4055 844 4129 angelicas,
885 4069 1008 4125 quae
1047 4060 1196 4107 tanto
1256 4051 1414 4122 juxta
1454 4061 1578 4107 sunt
1607 4061 1896 4122 paternam
1937 4068 2033 4108 sa-

430 4147 712 4220 pientiam,
746 4151 952 4216 quanto
968 4157 1033 4198 ea
1054 4140 1288 4197 vicinius
1308 4141 1766 4213 contemplantur.
1782 4143 2034 4210 (Ganeo-

433 4234 611 4303 RIUS.)
625 4232 847 4290 Vicinos
877 4240 1053 4287 autem
1072 4240 1357 4296 convocat,
1373 4232 1502 4286 dum
1519 4247 1620 4302 per
1635 4231 2033 4287 exhibitionem

431 4325 624 4397 gratiae
653 4319 967 4377 hominibus
1020 4319 1283 4392 impensa
1336 4320 1405 4375 ad
1459 4335 1699 4377 amorem
1737 4321 1821 4376 sui
1861 4321 2034 4378 vehe-

431 4420 670 4481 mentius
691 4417 966 4476 accendit.

509 4571 532 4598 α
563 4548 644 4604 lta
673 4544 798 4602 dico
828 4542 1004 4610 vobis,
1038 4541 1296 4617 gaudium
1328 4543 1432 4600 erit
1460 4543 1514 4599 in
1563 4543 1704 4600 coelo
1732 4559 1898 4616 super
1926 4559 2033 4602 uno

2149 3328 2194 3381 si
2228 3335 2516 3399 prepterea
2544 3343 2650 3383 non
2675 3327 2884 3398 habuit,
2907 3328 3035 3401 quia
3076 3346 3180 3386 non
3212 3331 3442 3402 accepit,
3470 3332 3616 3402 quod
3635 3331 3752 3402 ipse

2143 3439 2253 3478 non
2283 3425 2689 3494 perseverando
2719 3427 2960 3494 peccavit
2993 3426 3086 3500 qui
3117 3427 3588 3498 perseveramtiam
3643 3444 3751 3485 non

2143 3514 2371 3584 accepit.
2405 3515 2598 3586 Neque
2627 3514 2779 3570 enim
2805 3515 2912 3572 dici
2941 3525 3118 3586 potest
3166 3515 3292 3572 ideo
3320 3532 3427 3571 non
3467 3517 3747 3589 accepisse

2145 3602 2273 3672 quia
2302 3618 2410 3658 non
2443 3613 2525 3658 est
2555 3604 2830 3660 discretus
2883 3621 2915 3659 a
2954 3619 3142 3661 massa
3203 3605 3525 3677 perditionis
3559 3607 3747 3679 gratim

2141 3699 2420 3773 largitate.
2455 3701 2714 3757 Nondum
2746 3702 2946 3774 quippe
2973 3711 3089 3758 erat
3119 3703 3211 3759 illa
3232 3703 3549 3774 perditionis
3569 3720 3746 3761 massa

2142 3799 2435 3862 antequam
2466 3801 2772 3862 peccasset.
2830 3791 3199 3849 Saluberrime
3228 3792 3398 3865 igitur
3428 3792 3744 3850 conﬁtemur

2143 3879 2341 3946 Deum,
2380 3881 2504 3952 quia
2534 3881 2742 3936 creavit
2778 3881 2966 3936 omnia
2998 3882 3161 3948 bona,
3203 3890 3260 3937 et
3295 3882 3439 3937 mala
3467 3898 3532 3938 ex
3589 3883 3740 3938 bonis

2140 3969 2418 4024 exoritura
2437 3969 2716 4040 praescivit
2739 3979 2789 4027 et
2819 3969 2976 4027 scivit
3001 3971 3070 4025 ad
3100 3987 3253 4027 suam
3281 3971 3741 4042 omnipotentissi-

2139 4081 2287 4122 mam
2346 4067 2644 4123 bonitatem
2674 4069 2971 4139 pertinere,
3001 4069 3165 4124 etiam
3188 4069 3268 4124 de
3313 4069 3472 4124 malis
3517 4069 3734 4125 benefa-

2142 4170 2289 4225 cere,
2322 4155 2402 4211 sic
2443 4156 2731 4212 ordinasse
2772 4157 3095 4229 angelorum
3129 4158 3294 4213 vitam
3323 4167 3380 4214 et
3439 4157 3726 4226 hominum,

2138 4252 2198 4299 ut
2229 4244 2284 4298 in
2309 4246 2363 4298 in
2393 4259 2458 4300 ea
2490 4245 2639 4314 prius
2668 4245 2984 4302 ostenderet
3013 4246 3139 4318 quid
3173 4255 3356 4317 posset
3386 4262 3573 4302 eorum
3601 4246 3728 4301 libe-

2142 4349 2262 4388 rum
2294 4333 2600 4402 arbitrium,
2634 4333 2834 4390 deinde
2865 4334 2995 4407 quid
3026 4345 3217 4408 posset
3249 4351 3362 4391 sum
3393 4337 3580 4408 gratias
3631 4335 3727 4392 be-

2142 4431 2417 4501 neﬁcium,
2450 4432 2676 4502 justitia:
2695 4431 2986 4503 judicium.

2215 4548 2464 4620 Denique
2521 4549 2706 4621 angeli
2744 4549 2988 4621 quidam,
3028 4523 3137 4622 per
3161 4549 3392 4607 liberum
3450 4549 3726 4607 arbitrium

428 4646 716 4713 peccatore
738 4632 1110 4706 paenitentiam
1127 4641 1346 4705 agente,
1365 4649 1526 4706 quam
1550 4650 1717 4704 super
1732 4635 2032 4707 nonaginta
2057 4625 2111 4687 D
2145 4633 2442 4690 bonitatem
2474 4634 2596 4704 Dei,
2639 4634 2730 4707 qui
2762 4633 2908 4690 beati
2952 4633 3192 4704 fuerunt,
3223 4635 3576 4710 refugientes,
3615 4638 3723 4706 ejus

429 4751 626 4794 novem
639 4732 823 4804 justis,
849 4729 939 4802 qui
968 4745 1075 4786 non
1097 4729 1346 4803 indigent
1374 4729 1747 4802 paenitentia.-
1785 4731 2029 4787 Plerum-

432 4842 537 4900 que
567 4823 659 4897 qui
685 4820 846 4877 nullis
885 4835 948 4876 se
1025 4834 1323 4891 Oppressos
1397 4829 1744 4892 peccatorum
1793 4820 2032 4878 molibus

429 4916 628 4979 sciunt,
651 4909 795 4984 pigri
825 4917 1112 4964 remanent
1143 4909 1212 4963 ad
1235 4909 1548 4964 exercenda
1574 4909 1740 4975 bona,
1761 4920 1823 4964 ut
1853 4911 2030 4966 securi

431 5004 579 5078 quod
610 5017 720 5058 non
759 4997 1152 5056 commiserunt
1216 4997 1361 5053 mala
1403 4999 1684 5070 graviora.
1731 5001 1809 5056 Ac
1847 5010 2032 5056 contra

428 5115 824 5173 nonnunquam
854 5099 911 5153 hi
942 5097 1032 5170 qui
1064 5114 1124 5152 se
1155 5096 1343 5152 illicita
1373 5097 1615 5170 gessisse
1645 5099 2027 5167 meminerunt,

431 5192 553 5264 ipso
581 5189 772 5246 dolore
802 5185 1112 5257 compuncti
1141 5184 1495 5241 inardescunt
1531 5186 1600 5241 ad
1631 5201 1876 5243 amorem
1909 5188 2028 5246 Dei.

428 5281 608 5352 Majus
637 5293 768 5351 ergo
797 5275 1058 5352 gaudium
1089 5273 1148 5330 ﬁt
1183 5275 1240 5330 in
1270 5275 1409 5332 coelo
1445 5275 1516 5331 de
1567 5285 1853 5348 peccatore
1891 5292 2032 5334 con-

428 5395 588 5436 verso
613 5392 772 5450 quam
803 5374 875 5430 de
905 5381 1082 5428 stante
1148 5374 1319 5442 justo.
1365 5373 1504 5429 Nam
1538 5379 1590 5429 et
1620 5374 1725 5428 dux
1756 5373 1809 5430 in
1840 5374 2030 5446 praelia

425 5465 551 5536 plus
578 5464 730 5521 illum
767 5462 994 5519 militem
1016 5460 1214 5534 diligit,
1258 5461 1348 5533 qui
1395 5469 1520 5533 post
1558 5461 1743 5534 fugam
1775 5478 2031 5520 reversus

427 5553 644 5611 hostem
683 5553 898 5609 fortiter
932 5551 1147 5623 premit,
1190 5565 1357 5623 quam
1433 5549 1584 5606 illum
1625 5552 1714 5623 qui
1753 5569 2028 5625 nunquam

424 5647 577 5713 terga
611 5640 860 5712 praebuit,
903 5648 956 5695 ct
991 5655 1268 5710 nunquam
1309 5639 1520 5695 fortiter
1582 5639 1789 5713 aliquid
1865 5642 2018 5699 fecit.

425 5738 585 5806 Quod
608 5754 736 5794 vero
764 5738 967 5809 angeli,
1028 5745 1215 5808 utpote
1237 5736 1552 5804 rationales,
1587 5740 1828 5808 gaudent
1857 5741 1924 5796 de
1947 5759 2028 5797 re-

425 5827 713 5883 conciliato
779 5825 883 5879 sibi
923 5825 1160 5889 homine,
1228 5825 1474 5882 incendit
1512 5840 1614 5881 nos
1671 5828 1740 5882 ad
1777 5829 2024 5899 probita-

425 5918 557 5984 tem,
587 5920 647 5971 ut
669 5927 900 5986 agamus
936 5912 1082 5984 quod
1119 5911 1229 5970 illis
1287 5921 1508 5986 gratum
1541 5915 1634 5988 sit,
1693 5931 1933 5988 quorum
1971 5926 2027 5976 et

2133 4730 2402 4804 judicium
2435 4729 2682 4803 effugere
2720 4748 2831 4787 non
2890 4742 3182 4802 potuerunt
3215 4749 3227 4786 :
3267 4732 3444 4788 caeteri
3472 4749 3568 4803 per
3593 4732 3723 4787 libe-

2139 4832 2259 4871 rum
2288 4815 2570 4870 arbitrium
2601 4816 2655 4870 in
2687 4816 2917 4872 veritate
2949 4825 3231 4884 steterunt,
3281 4817 3414 4872 certi
3446 4818 3567 4873 facti
3589 4834 3719 4872 nun-

2139 4921 2304 4976 quam
2335 4921 2395 4960 se
2425 4921 2664 4962 casuros.
2703 4905 2963 4960 Diabolus
2994 4914 3048 4961 et
3075 4905 3256 4977 angeli
3286 4905 3424 4976 ejus,
3450 4906 3548 4962 etsi
3587 4905 3718 4961 beati

2139 4996 2358 5050 fuerunt
2385 5004 2678 5066 antequam
2709 4995 2985 5063 caderent,
3035 5011 3094 5050 se
3144 5003 3318 5050 tamen
3351 5011 3576 5051 casuros
3602 5010 3714 5051 esse

2138 5083 2194 5139 in
2248 5083 2524 5140 miseriam
2571 5083 2906 5140 nesciebant.
2957 5085 3023 5138 Et
3061 5084 3106 5138 si
3168 5101 3268 5155 per
3312 5083 3542 5140 liberum
3580 5083 3714 5139 arbi-

2139 5173 2301 5229 trium
2334 5174 2634 5243 stetissent,
2665 5174 2770 5229 hoc
2798 5173 2878 5228 eis
2925 5172 3239 5240 adderetur,
3290 5181 3346 5229 ut
3391 5188 3591 5246 magna
3628 5189 3713 5244 per

2140 5270 2403 5342 Spiritum
2454 5279 2710 5328 sanctum
2753 5270 2881 5326 data
2937 5270 3268 5326 abundantia
3322 5267 3591 5326 charitatis
3624 5268 3712 5326 Dei

2138 5360 2369 5416 ulterius
2398 5361 2598 5417 cadere
2651 5375 2762 5416 non
2817 5367 3062 5432 possent.
3105 5360 3212 5416 Sed
3250 5359 3375 5433 quia
3420 5360 3713 5416 nesciebant

2137 5466 2291 5505 suam
2321 5449 2553 5505 futuram
2583 5448 2880 5516 miseriam,
2913 5449 3122 5506 minore
3151 5449 3388 5521 quidem,
3420 5449 3520 5505 sed
3548 5457 3711 5504 tamen

2135 5547 2255 5603 sine
2282 5546 2415 5603 vitio
2436 5546 2782 5602 fruebantur.
2820 5546 2961 5600 Nam
2992 5546 3037 5600 si
3093 5559 3276 5601 casum
3305 5561 3463 5600 suum
3492 5543 3709 5599 futurum

2135 5644 2361 5692 nossent
2407 5645 2784 5707 mternumque
2838 5635 3182 5707 supplicium,
3219 5635 3361 5690 beati
3400 5635 3581 5706 utique
3614 5649 3708 5689 non

2129 5735 2362 5798 possent
2397 5741 2541 5792 esse,
2602 5741 2741 5798 quos
2781 5725 2916 5780 tanti
2957 5724 3088 5779 mali
3127 5733 3307 5780 metus
3339 5724 3455 5794 jam
3494 5723 3702 5779 miseros

2133 5840 2257 5880 esse
2319 5823 2692 5896 compelleret.
2771 5821 2981 5879 Omnes
3046 5829 3226 5878 tamen
3263 5822 3445 5895 angeli
3489 5821 3704 5894 aequales

2132 5920 2303 5979 creati
2333 5928 2478 5992 sunt,
2509 5921 2608 5979 sed
2675 5919 3006 5979 cadentibus
3045 5919 3377 5992 quibusdam
3415 5933 3520 5993 per
3553 5932 3702 5992 super
