3924 6402
99 335 124 385 1
135 336 246 387 033

1080 344 1656 405 DEFLORATIONES
1696 351 1793 407 SS.
1838 353 2133 414 PATRUM.
2173 391 2245 402 —
2282 363 2408 418 LIB.
2451 367 2525 420 II.

3318 376 3453 429 1034

95 454 279 523 biam,
313 460 527 516 caeteri
602 463 842 519 Domino
897 466 987 537 pia
1039 468 1349 526 obedientia
1403 474 1758 543 cohaeserunt,
1790 477 1847 540 A
1877 483 2022 536 testis
2044 485 2220 541 facere
2240 490 2422 554 (Joan.
2448 495 2547 560 xv)
2574 509 2588 557 ;
2618 512 2639 541 ι
2666 495 2760 547 sed
2782 494 2943 549 etiam
2965 496 3134 551 dixit:
3164 497 3325 552 «Non
3363 514 3462 554 vos

93 554 458 625 accipientes
485 568 714 617 certam
763 579 876 618 sua
922 566 1245 632 stabilitatis,
1297 569 1440 638 quod
1488 570 1563 624 illi
1614 588 1756 626 nun-

96 659 271 712 quam
303 645 674 704 habuerunt.
699 653 1135 725 (AUGUSTINUS.)
1158 657 1222 710 Hi
1255 664 1432 711 autem
1464 661 1643 730 angeli
1665 660 1757 729 qui

93 731 437 788 ceciderunt
473 746 761 794 vocantur
787 741 1081 810 daemones,
1113 751 1167 798 et
1194 751 1319 799 sunt
1347 747 1494 800 aeria
1540 747 1756 802 anima-

95 828 191 898 lia,
214 832 513 900 quoniam
540 849 843 905 corporum
864 838 1129 893 aeriarum
1158 847 1349 895 natura
1377 841 1581 913 vigent.
1632 843 1759 898 Pro-

95 920 296 981 pterea
340 926 549 973 morte
592 934 705 974 non
744 920 1126 990 dissolvuntur,
1151 924 1278 993 quia
1308 927 1567 995 praevalet
1594 927 1649 980 in
1680 927 1758 981 eis

97 1002 486 1072 elementum,
530 1008 690 1077 quod
732 1008 801 1064 ad
858 1010 1163 1067 iaciendum
1221 1029 1383 1082 quam
1438 1014 1507 1069 ad
1553 1016 1758 1086 patien-

97 1098 235 1154 dum
267 1111 361 1156 est
392 1104 626 1173 aptius,
676 1104 886 1161 duobus
928 1107 1320 1178 subterpositis,
1370 1126 1511 1180 aqua
1554 1112 1759 1166 scilicet

99 1196 153 1244 et
180 1196 359 1255 terra,
396 1208 527 1247 uno
564 1209 787 1263 quoque
805 1198 1164 1265 superposito,
1208 1197 1263 1250 id
1314 1205 1397 1252 est
1442 1199 1569 1270 igne
1609 1199 1756 1253 side-

96 1293 222 1333 reo.
284 1278 745 1337 Distribuuntur
796 1284 940 1338 enim
997 1284 1265 1340 elementa
1317 1286 1385 1341 ad
1442 1288 1755 1358 patiendum

97 1374 232 1443 duo,
272 1375 333 1430 id
368 1385 464 1433 est
498 1380 715 1434 humor
768 1387 823 1435 et
875 1382 1114 1451 humus;
1173 1382 1243 1438 ad
1299 1383 1601 1439 faciendum
1648 1385 1755 1440 alia

98 1463 234 1533 duo,
270 1482 379 1521 aer
413 1476 477 1521 et
512 1468 693 1540 ignis.
726 1467 783 1524 Si
811 1477 990 1526 autem
1021 1478 1439 1542 transgressores
1486 1473 1562 1526 illi
1609 1480 1757 1528 ante-

98 1569 272 1623 quam
306 1557 868 1628 transgrederentur,
905 1560 1146 1613 C(Bleslia
1190 1576 1418 1632 corpora
1472 1562 1750 1631 gerebant,

102 1667 205 1707 nec
235 1653 354 1708 hoc
384 1654 615 1708 mirum
646 1662 746 1721 est,
771 1656 813 1709 si
843 1671 1101 1710 conversa
1133 1665 1253 1711 sunt
1283 1674 1351 1712 ex
1380 1673 1544 1726 paena
1574 1658 1629 1712 in
1658 1675 1755 1713 ae-

100 1740 247 1795 riam
278 1743 663 1812 qualitatem,
693 1751 752 1797 ut
777 1744 884 1813 jam
915 1746 1121 1815 possint
1148 1746 1217 1800 ab
1249 1746 1394 1817 igne,
1442 1747 1498 1800 id
1553 1756 1631 1801 est
1686 1748 1755 1802 ab

104 1829 395 1886 elemento
425 1832 746 1903 superioris
772 1840 974 1889 natura:
1014 1834 1216 1903 aliquid
1265 1835 1394 1905 pati.
1443 1836 1573 1889 llam
1615 1837 1753 1891 aeris
1779 1833 1835 1895 B

105 1941 337 1997 quoque
396 1930 601 1999 spatia
657 1929 933 1999 superiora
987 1938 1146 2000 atque
1204 1932 1443 2000 puriora,
1503 1932 1599 1987 sed
1654 1933 1755 1988 ista

105 2017 434 2089 caliginosa
472 2026 670 2073 tenere
717 2018 961 2088 permissi
997 2027 1138 2086 sunt,
1198 2036 1319 2089 qua:
1373 2021 1451 2075 eis
1504 2036 1603 2089 pro
1657 2037 1754 2076 suo

106 2121 319 2176 genere
354 2107 533 2176 quasi
568 2106 789 2177 quidam
829 2123 1011 2163 carcer
1064 2115 1143 2161 est
1197 2125 1366 2178 usque
1420 2109 1490 2164 ad
1546 2118 1755 2180 tempus

103 2202 324 2270 judicii.
362 2204 560 2275 Igitur
588 2203 729 2258 sicut
755 2203 933 2275 angeli
955 2220 1075 2258 cum
1108 2204 1277 2260 libero
1328 2205 1548 2261 arbitrio
1589 2207 1753 2261 creati

109 2298 255 2357 sunt,
288 2290 377 2346 sic
409 2298 473 2346 et
505 2292 791 2346 hominem
819 2292 965 2347 Deus
992 2291 1121 2346 fecit
1139 2309 1261 2347 cum
1297 2293 1468 2348 libero
1493 2294 1751 2365 arbitrio;

114 2386 168 2433 et
195 2379 471 2448 quamvis
501 2380 593 2434 sui
623 2395 778 2435 casus
800 2380 1072 2451 ignarum,
1109 2388 1289 2435 tamen
1337 2381 1460 2436 ideo
1511 2381 1750 2451 beatum,

113 2478 247 2547 quia
272 2487 332 2533 et
359 2495 487 2535 non
521 2478 690 2545 mori,
721 2485 773 2532 et
800 2479 1055 2532 miserum
1087 2496 1196 2534 non
1224 2478 1341 2534 fieri
1376 2482 1431 2534 in
1459 2498 1555 2536 sua
1591 2489 1751 2550 pote-

116 2574 257 2623 state
281 2584 412 2623 esse
445 2567 751 2623 sentiebat.
792 2566 933 2635 Quia
988 2584 1119 2623 vero
1177 2585 1275 2639 per
1324 2569 1553 2625 liberum
1601 2570 1752 2625 arbi-

117 2655 282 2710 trium
314 2658 511 2711 Deum
546 2656 802 2723 deseruit,
825 2656 970 2724 justo
991 2655 1199 2724 judicio
1230 2658 1329 2712 Dei
1359 2674 1483 2713 cum
1516 2666 1627 2714 toto
1656 2675 1753 2713 sua

120 2744 311 2815 stirpe,
349 2762 486 2816 qua:
520 2746 578 2798 in
611 2744 702 2800 illo
733 2744 907 2799 adhuc
934 2746 1111 2815 posita
1140 2745 1240 2801 fuit
1268 2754 1322 2801 et
1350 2754 1460 2802 tota
1486 2762 1609 2802 cum
1658 2748 1752 2802 illo

124 2842 403 2911 peccavit,
442 2842 743 2897 damnatus
772 2849 871 2898 est.

125 2964 203 3021 De
230 2981 317 3037 eo,
352 2968 600 3039 qualem
621 2966 870 3037 gratiam
898 2967 1120 3039 primu:
1148 2966 1308 3027 homo
1353 2966 1658 3040 acceperit,
1693 2973 1751 3025 et

617 3056 752 3111 aliis
777 3056 1036 3128 pluribus
1062 3058 1276 3113 causis.

194 3161 393 3217 Talem
426 3162 672 3236 gratiam
703 3162 888 3217 habuit
917 3163 1123 3234 primus
1152 3165 1336 3231 homo,
1369 3163 1425 3218 in
1465 3180 1571 3235 qua
1617 3182 1742 3237 per-
1777 3191 1828 3255 Ο

128 3265 352 3306 manere
382 3252 432 3307 si
465 3252 655 3319 vellet,
687 3267 962 3321 nunquam
994 3260 1132 3307 esset
1154 3254 1345 3319 malus,
1380 3261 1432 3308 et
1477 3255 1591 3309 sine
1640 3272 1745 3324 qua

133 3338 297 3394 etiam
329 3356 463 3396 cum
497 3340 674 3395 libero
714 3339 935 3395 arbitrio
986 3339 1160 3395 bonus
1217 3356 1333 3397 esse
1380 3358 1487 3397 non
1542 3350 1742 3412 posset,

133 3436 227 3490 sed
258 3454 387 3493 eam
421 3446 613 3493 tamen
644 3453 740 3507 per
766 3436 995 3491 liberum
1025 3437 1307 3494 arbitrium
1337 3439 1584 3495 deserere
1614 3456 1743 3512 pos-

133 3532 231 3592 set,
261 3542 379 3582 non
409 3534 599 3581 autem
630 3540 751 3580 eam
781 3525 967 3580 habuit
1020 3527 1249 3598 gratiam
1305 3544 1410 3598 qua
1467 3545 1574 3583 non
1630 3546 1745 3583 esse

133 3614 300 3669 vellet
323 3616 536 3670 malus.
571 3613 729 3683 Quod
759 3614 1083 3683 adjutorium
1106 3615 1149 3669 si
1180 3618 1343 3671 homo
1376 3633 1471 3688 per
1515 3616 1745 3672 liberum

133 3710 419 3767 arbitrium
446 3729 563 3768 non
591 3711 910 3766 deseruisset
938 3728 1152 3782 semper
1198 3721 1338 3768 esset
1376 3713 1551 3769 bonus
1584 3729 1597 3783 ;
1652 3714 1746 3769 sed

132 3798 392 3869 deseruit,
426 3809 484 3857 et
512 3801 755 3855 desertus
784 3808 881 3855 est.
915 3802 1036 3855 Non
1086 3801 1230 3856 enim
1279 3803 1523 3857 desertus
1564 3811 1644 3857 est
1689 3811 1747 3859 ut

137 3886 430 3959 desereret,
465 3891 564 3945 sed
622 3896 682 3944 ut
724 3889 1061 3945 desereretur
1114 3889 1369 3947 deseruit.
1408 3891 1487 3946 Ad
1542 3892 1744 3947 malum

138 3985 339 4057 quippe
371 3989 497 4058 ejus
530 3987 682 4057 prior
707 3994 786 4041 est
814 3986 1061 4041 voluntas
1090 3987 1207 4057 ejus
1240 4003 1254 4057 ;
1286 3988 1355 4042 ad
1384 3983 1586 4044 bonum
1614 4005 1744 4045 vero

136 4074 252 4143 ejus
279 4078 434 4147 prior
461 4084 546 4133 est
574 4075 820 4131 voluntas
849 4075 945 4130 Dei
978 4092 993 4131 :
1024 4076 1136 4130 sive
1160 4083 1218 4131 ut
1262 4077 1477 4144 faceret,
1530 4078 1744 4147 quando

136 4176 245 4216 non
272 4173 392 4220 erat
423 4181 439 4235 ;
474 4166 592 4222 sive
616 4171 671 4218 ut
700 4163 963 4219 refaceret
990 4166 1135 4235 quod
1182 4168 1438 4235 perierat.
1499 4167 1746 4222 Deseruit

138 4266 315 4315 autem
345 4262 527 4318 Deum
566 4262 832 4332 placando
878 4262 1006 4317 sibi.
1065 4263 1512 4334 Distinguendum
1564 4272 1742 4318 autem

137 4346 347 4403 videtur
373 4351 729 4423 adjutorium.
760 4351 916 4405 Aliud
946 4352 1148 4422 quippe
1174 4359 1253 4405 est
1303 4351 1420 4405 sine
1481 4367 1587 4421 quo
1645 4352 1742 4406 ali-

142 4436 266 4504 quid
292 4455 404 4495 non
434 4441 544 4509 ﬁt;
586 4440 730 4495 aliud
774 4447 871 4506 est,
924 4456 1030 4510 quo
1077 4439 1136 4494 ﬁt
1183 4439 1405 4510 aliquid.
1459 4439 1585 4495 Sine
1636 4441 1740 4496 ali-

143 4537 336 4592 mentis
363 4555 480 4595 non
531 4554 814 4610 possumus
857 4538 1058 4605 vivere,
1092 4554 1191 4593 nec
1240 4545 1417 4593 tamen
1464 4538 1541 4593 eis
1585 4537 1643 4593 ﬁt
1685 4547 1743 4594 ut
1769 4545 1823 4607 D

140 4621 402 4681 vivamus.
437 4628 587 4699 Ergo
616 4628 993 4682 alimentorum
1023 4626 1348 4697 adjutorium
1378 4635 1457 4682 est
1484 4627 1598 4682 sine
1630 4642 1735 4697 quo

144 4725 250 4766 non
276 4712 334 4769 ﬁt
364 4715 594 4788 aliquid,
621 4731 730 4771 non
770 4730 875 4785 quo
923 4714 980 4770 ﬁt
1025 4723 1084 4770 ut
1133 4716 1399 4772 vivamus.
1461 4716 1737 4772 Beatitudo

146 4822 270 4865 vero
300 4828 425 4869 cum
455 4815 585 4869 data
612 4813 773 4869 fuerit
799 4813 1027 4882 homini,
1056 4814 1383 4884 adjutorium
1422 4814 1550 4886 (sic)
1595 4816 1739 4870 enim

148 4904 240 4967 est,
271 4916 379 4957 non
400 4905 583 4960 solum
607 4903 721 4958 sine
741 4918 847 4973 quo
875 4918 986 4958 non
1004 4901 1081 4969 fit,
1106 4919 1293 4957 verum
1334 4904 1495 4959 etiam
1545 4921 1652 4975 quo
1682 4903 1742 4958 ﬁt

147 4997 360 5058 propter
387 4993 536 5063 quod
563 4993 737 5061 datur,
770 4992 896 5062 quia
919 4991 963 5046 si
992 4990 1117 5047 data
1145 4991 1302 5047 fuerit
1350 4993 1556 5048 homini
1602 5010 1738 5049 con-

152 5083 291 5143 tinuo
319 5090 377 5145 fit
418 5092 630 5159 beatus,
690 5098 743 5145 et
788 5090 832 5144 si
888 5106 996 5145 non
1050 5090 1211 5145 fuerit
1263 5091 1406 5159 data,
1465 5108 1739 5162 nunquam

153 5174 264 5229 erit.
286 5177 496 5235 Primus
518 5181 700 5249 itaque
721 5182 883 5235 homo
905 5180 1112 5251 accepit
1133 5180 1458 5249 adjutorium
1482 5197 1739 5252 perseve-

153 5265 350 5337 rantiae,
382 5287 490 5326 non
520 5285 627 5340 quo
657 5267 808 5324 ﬁeret
835 5276 892 5322 ut
920 5278 1303 5340 perseveraret,
1328 5270 1422 5324 sed
1470 5271 1585 5325 sine
1634 5288 1740 5342 quo

153 5375 243 5428 per
268 5365 496 5424 liberum
526 5368 807 5423 arbitrium
832 5384 1177 5439 perseverare
1208 5386 1317 5424 non
1353 5378 1557 5441 posset.
1596 5371 1739 5426 San-

157 5449 248 5505 ctis
272 5454 431 5527 igitur
459 5474 602 5513 nunc
647 5457 751 5512 tale
798 5458 954 5512 datur
996 5458 1324 5527 adjutorium
1381 5475 1739 5530 perseveran-

161 5537 259 5607 tia),
300 5552 356 5598 ut
399 5546 802 5620 perseverantia
848 5546 964 5617 ipsa
1008 5547 1254 5614 donetur,
1305 5563 1413 5602 non
1457 5549 1631 5603 solum
1686 5557 1744 5603 ut

161 5630 267 5687 sine
290 5635 388 5694 isto
416 5641 561 5697 dono
584 5646 989 5710 perseverantes
1039 5656 1154 5695 esse
1202 5656 1310 5696 non
1357 5641 1584 5710 possint,
1642 5657 1743 5697 ve-

1868 594 1954 633 me
1968 581 2222 653 elegistis,
2247 586 2341 639 sed
2361 602 2465 658 ego
2486 588 2627 660 elegi
2649 606 2765 659 vos,
2790 599 2843 646 et
2862 594 3017 661 posui
3056 610 3155 650 vos
3192 602 3251 649 ut
3300 597 3453 666 eatis,

1866 674 1917 721 et
1936 668 2160 725 fructum
2181 671 2431 742 efferatis,
2451 684 2503 730 et
2522 676 2725 733 fructus
2744 689 2921 736 vester
2940 689 3156 738 maneat
3183 686 3387 756 (ibid.).
3427 710 3449 735 υ

1865 755 2072 824 Quibus
2099 761 2277 815 verbis
2305 764 2383 817 eis
2410 779 2515 818 non
2543 766 2720 821 solum
2744 767 3031 839 justitiam,
3064 787 3250 828 verum
3287 775 3451 831 etiam

1866 858 2314 923 perseverantiam
2344 877 2399 915 se
2429 860 2640 918 dedisse
2682 868 3019 921 monstravit.
3078 869 3197 925 Duo
3253 870 3456 943 quippe

1864 950 1986 996 sunt
2010 944 2188 1000 ofﬁcia
2218 948 2516 1017 medicina,
2553 967 2719 1006 unum
2751 969 2856 1023 quo
2885 963 3104 1011 sanatur
3149 958 3450 1029 infirmitas,

1864 1031 2088 1087 alterum
2119 1050 2225 1103 quo
2253 1038 2452 1092 sanitas
2480 1041 2796 1097 custoditur.
2835 1043 2997 1100 Juxta
3025 1045 3156 1100 illud
3189 1065 3201 1102 :
3252 1070 3275 1096 α
3327 1049 3454 1104 Sal-

1862 1145 1989 1184 vum
2012 1148 2097 1186 me
2129 1132 2234 1201 fac,
2264 1134 2511 1206 Domine,
2564 1147 2779 1210 propter
2829 1142 3251 1199 misericordiam
3306 1152 3453 1203 tuam

1865 1216 2038 1287 (Psal.
2070 1222 2144 1289 vi)
2176 1221 2386 1278 dicitur.
2419 1225 2578 1281 Juxta
2606 1227 2746 1283 istud
2786 1238 2962 1285 autem
3007 1231 3201 1288 dicitur
3232 1253 3243 1289 :
3280 1256 3302 1283 α
3352 1236 3452 1291 Ju-

1863 1304 1984 1362 dica
2008 1324 2115 1376 me,
2146 1310 2402 1381 Domine,
2436 1316 2727 1370 secundum
2753 1318 3015 1388 justitiam
3045 1337 3222 1378 meam
3258 1324 3443 1395 (Psal.

1862 1406 1984 1473 vn).
2021 1427 2043 1453 ιι
2081 1406 2144 1460 Et
2175 1407 2405 1465 iterum:
2460 1433 2482 1460 ιι
2540 1411 2746 1468 Iustum
2803 1413 3131 1484 adjutorium
3186 1435 3367 1476 meum
3421 1438 3453 1477 a

1862 1492 2116 1561 Domino,
2150 1497 2239 1565 qui
2269 1499 2449 1553 salvos
2479 1499 2607 1555 facit
2648 1510 2794 1558 recto
2849 1506 3008 1560 corde
3064 1506 3266 1579 (ibid.).
3305 1532 3326 1557 π
3388 1511 3454 1567 Et

1863 1581 1952 1635 illa
1982 1590 2033 1636 et
2062 1583 2161 1638 ista
2187 1585 2363 1640 salvos
2391 1587 2536 1643 facit.
2570 1588 2678 1645 Sed
2707 1591 2798 1646 illa
2826 1607 2897 1647 ex
2926 1594 3243 1666 aegritudine
3272 1605 3451 1653 trans-

1864 1677 1965 1733 fert
1993 1679 2059 1733 ad
2088 1682 2333 1749 salutem,
2369 1686 2484 1740 hac
2512 1686 2567 1739 in
2615 1687 2731 1758 ipsa
2773 1689 2943 1745 salute
2989 1702 3288 1751 conservat.
3338 1698 3449 1752 Ita-

1864 1782 1965 1835 que
1998 1767 2071 1821 ibi
2104 1770 2408 1827 misericors
2438 1774 2696 1830 auxilium
2728 1784 2825 1847 est,
2875 1778 3000 1848 quia
3043 1781 3247 1837 nullum
3290 1784 3451 1841 habet

1865 1856 2112 1910 meritum
2138 1869 2406 1928 peccator,
2454 1862 2545 1933 qui
2586 1864 2760 1920 adhuc
2810 1866 3087 1936 justiﬁcari
3134 1869 3447 1944 desiderat;

1863 1953 1949 2006 hic
1977 1962 2154 2009 autem
2177 1955 2381 2025 justum
2413 1960 2672 2015 auxilium
2705 1969 2804 2028 est,
2839 1964 2966 2033 quia
3002 1965 3121 2035 jam
3153 1967 3301 2037 justo
3348 1970 3447 2026 tri-

1862 2040 2060 2096 buitur.
2094 2043 2150 2099 Si
2180 2046 2322 2099 enim
2366 2047 2690 2105 medicinam
2744 2052 2964 2108 exhibet
3007 2055 3287 2123 Dominus,
3348 2074 3452 2129 qua

1862 2146 2113 2185 sauemur
2138 2131 2354 2202 inﬁrmi,
2388 2144 2586 2205 quanto
2620 2140 2797 2211 magis
2834 2157 2976 2209 eam,
3026 2159 3132 2213 qua
3176 2147 3449 2203 custodia-

1862 2242 1983 2280 mur
2007 2228 2121 2282 sani
2151 2236 2203 2283 et
2226 2230 2342 2300 jam
2388 2233 2504 2287 sani
2560 2251 2670 2291 non
2714 2253 3138 2311 corrumpamur,
3196 2244 3449 2314 quoniam

1860 2314 1906 2368 si
1961 2332 2082 2370 cum
2140 2318 2315 2374 adhuc
2371 2338 2610 2378 essemus
2666 2334 2994 2396 peccatores,
3063 2331 3300 2387 Christus
3353 2350 3451 2406 pro

1862 2403 2017 2458 nobis
2046 2414 2291 2461 mortuus
2332 2417 2429 2477 est,
2491 2421 2690 2481 quanto
2745 2417 2922 2488 magis
2974 2434 3116 2475 nunc
3156 2403 3449 2490 justiﬁcati,

1859 2502 1997 2557 salvi
2027 2504 2227 2559 erimus
2255 2506 2325 2561 ab
2356 2507 2435 2563 ira
2465 2525 2565 2578 per
2593 2510 2768 2582 ipsum
2791 2515 2819 2566 ‘?
2840 2514 3016 2584 (Rom.
3047 2520 3127 2588 v.)
3158 2516 3249 2573 Sic
3274 2528 3452 2576 autem

1860 2590 1961 2645 fuit
1989 2592 2166 2661 prima
2193 2594 2440 2665 [libertas
2495 2598 2785 2656 voluntatis
2839 2619 2993 2674 posse
3045 2621 3154 2662 non
3207 2623 3453 2679 peccare,

1860 2681 2151 2737 novissima
2183 2692 2361 2740 autem
2388 2702 2498 2742 non
2526 2705 2682 2759 posse
2712 2707 2955 2762 peccare,
2986 2692 3061 2748 ita
3107 2694 3284 2766 prima
3325 2714 3455 2769 per-

1858 2780 2176 2836 severantiae
2204 2790 2458 2854 potestas,
2506 2783 2710 2841 bonum
2766 2804 2926 2859 posse
2979 2788 3245 2849 deserere.
3300 2795 3459 2852 Nune

1857 2881 1957 2935 per
1985 2867 2249 2924 Christum
2281 2871 2456 2939 datur,
2485 2880 2545 2928 ut
2589 2890 2699 2930 non
2754 2877 2929 2933 solum
2985 2879 3125 2935 adsit
3176 2881 3292 2938 sine
3348 2900 3456 2955 quo

1858 2981 2178 3035 permanere
2206 2984 2316 3023 non
2344 2971 2628 3041 possimus,
2673 2974 2836 3029 etiam
2883 2975 2928 3029 si
2970 2977 3217 3046 velimus,
3267 2997 3456 3037 verum

1858 3053 2018 3108 etiam
2044 3056 2147 3109 tale
2168 3072 2229 3111 ac
2250 3065 2452 3113 tantum
2481 3059 2548 3113 sit
2567 3067 2624 3114 ut
2658 3062 2903 3119 velimus.
2938 3064 3019 3119 Fit
3039 3067 3238 3138 quippe
3276 3068 3333 3124 in
3351 3086 3457 3125 no-

1855 3141 1940 3196 bis
1970 3142 2023 3196 in
2052 3142 2196 3199 bono
2227 3145 2539 3217 recipiendo
2563 3156 2616 3203 et
2634 3158 3043 3219 perseveranter
3077 3155 3307 3212 tenendo
3345 3174 3457 3215 non

1855 3241 2029 3295 solum
2077 3257 2233 3312 posse
2290 3244 2434 3313 quod
2510 3246 2779 3316 volumus,
2842 3265 3029 3305 verum
3085 3252 3246 3307 etiam
3316 3257 3455 3312 velle

1855 3330 1998 3399 quod
2024 3345 2331 3401 possumus.
2368 3331 2529 3402 Quod
2571 3350 2681 3391 non
2728 3337 2828 3392 fuit
2870 3338 2927 3392 in
2972 3339 3148 3411 primo
3197 3343 3444 3402 homine.

1855 3426 2030 3482 Unum
2061 3428 2205 3482 enim
2237 3429 2430 3484 horum
2480 3430 2538 3484 in
2585 3432 2677 3488 illo
2725 3433 2844 3503 fuit,
2893 3435 3118 3491 alterum
3162 3454 3273 3493 non
3317 3440 3444 3498 fuit.

1854 3516 1995 3570 Nam
2028 3524 2086 3571 ut
2113 3518 2383 3589 reciperet
2410 3519 2613 3575 bonum
2658 3522 2835 3594 gratia
2882 3539 2993 3580 non
3054 3526 3270 3599 egebat,
3328 3530 3454 3601 quia

1853 3612 2097 3668 nondum
2154 3614 2477 3685 perdiderat.
2510 3618 2579 3673 Ut
2631 3626 2811 3675 autem
2866 3620 2923 3676 in
2969 3638 3036 3679 eo
3093 3636 3451 3698 permaneret,

1855 3701 2053 3773 egebat
2079 3702 2346 3771 adjutorio
2375 3706 2565 3777 gratiae
2592 3706 2707 3763 sine
2737 3724 2842 3779 quo
2883 3710 3104 3767 omnino
3170 3730 3280 3770 non
3317 3733 3450 3788 pos-

1853 3807 1934 3853 set
1964 3816 1979 3866 ;
2006 3807 2059 3855 et
2086 3809 2365 3872 acceperat
2395 3818 2555 3873 posse
2607 3805 2652 3859 si
2707 3807 2887 3874 vellet,
2945 3808 3040 3864 sed
3097 3825 3207 3866 non
3260 3814 3448 3871 habuit

1853 3888 1940 3942 vel
1968 3889 2113 3957 quod
2168 3898 2365 3960 posset.
2417 3893 2558 3948 Nam
2615 3893 2659 3947 si
2712 3894 2986 3953 habuisset
3039 3912 3433 3968 perseveraret.

1852 3985 2035 4042 Posset
2062 3988 2204 4042 enim
2234 3989 2394 4044 etiam
2440 4007 2781 4061 perseverare
2836 3995 2883 4050 si
2930 3996 3110 4053 vellet.
3169 3997 3329 4068 Quod
3385 4010 3444 4058 ut

1852 4075 2035 4143 nollet,
2067 4075 2134 4130 de
2164 4076 2332 4133 libero
2361 4077 2639 4136 descendit
2675 4082 2918 4140 arbitrio.
2970 4084 3129 4154 Quod
3175 4088 3252 4144 ita
3298 4089 3441 4146 libe-

1850 4188 1970 4227 rum
2027 4179 2159 4239 erat,
2202 4181 2259 4228 ut
2312 4174 2450 4231 bene
2505 4178 2643 4233 velle
2697 4188 2880 4250 posset
2932 4188 2986 4236 et
3032 4182 3193 4239 male.
3242 4186 3444 4243 Habuit

1852 4262 1996 4316 enim
2023 4261 2367 4331 adjutorium,
2401 4280 2509 4321 non
2538 4281 2644 4335 quo
2672 4265 2830 4323 ﬁeret
2888 4277 2946 4324 ut
2996 4270 3180 4342 vellet,
3238 4274 3334 4330 sed
3382 4275 3442 4332 in

1850 4365 1957 4421 quo
1984 4358 2341 4418 permaneret,
2374 4351 2421 4407 si
2452 4354 2631 4422 vellet,
2665 4362 2719 4409 et
2773 4356 2888 4412 sine
2935 4373 3043 4428 quo
3102 4377 3214 4417 non
3262 4374 3443 4434 posset

1850 4454 2250 4518 perseveranter
2275 4447 2479 4503 bonum
2511 4456 2690 4505 tenere
2736 4453 2880 4521 quod
2926 4457 3125 4527 vellet;
3173 4458 3270 4516 sed
3317 4462 3445 4532 quia

1849 4544 2019 4599 noluit
2060 4560 2374 4616 permanere
2418 4547 2536 4617 ejus
2564 4549 2740 4619 culpa
2797 4551 2920 4622 fuit,
2976 4556 3130 4626 cujus
3192 4559 3443 4617 meritum

1846 4631 2048 4698 fuisset,
2078 4634 2121 4688 si
2152 4649 2468 4704 permanere
2522 4636 2801 4693 voluisset.
2853 4641 3036 4699 Prima
3088 4646 3266 4717 gratia
3319 4648 3440 4719 fuit,

1849 4737 1955 4791 qua
1982 4719 2042 4775 ﬁt
2069 4728 2129 4777 ut
2152 4722 2347 4777 habeat
2376 4725 2538 4780 homo
2578 4725 2842 4795 justitiam
2889 4728 2935 4784 si
2984 4731 3114 4787 velit
3143 4748 3159 4804 ;
3208 4737 3444 4794 secunda

1846 4819 1967 4889 plus
1995 4826 2190 4889 potest,
2224 4835 2330 4889 qua
2347 4818 2588 4877 ﬁtetiam
2634 4829 2693 4878 ut
2729 4825 2877 4894 velit,
2940 4833 2996 4882 et
3050 4836 3258 4887 tantum
3311 4834 3443 4891 velit

1848 4915 2103 4978 tantoque
2129 4909 2322 4964 ardore
2348 4908 2541 4982 diligat
2566 4918 2641 4980 ut,
2690 4912 2867 4968 carnis
2924 4915 3254 4975 voluntatem
3301 4936 3438 4978 con-

1845 4997 2007 5053 traria
2058 4998 2544 5068 concupiscentem,
2601 5001 2876 5059 voluntate
2930 5005 3148 5077 spiritus
3218 5009 3426 5069 vincat.

1842 5096 1967 5151 Non
1994 5096 2137 5151 enim
2168 5094 2496 5164 adjutorium
2529 5096 2632 5152 tale
2661 5096 2771 5163 dat.
2806 5101 2963 5170 quale
3000 5103 3177 5173 primo
3206 5106 3434 5175 hemini,

1845 5185 1960 5239 sine
1987 5200 2092 5255 quo
2122 5200 2228 5239 non
2259 5185 2426 5255 possit
2469 5187 2635 5244 homo
2668 5203 3012 5257 perseverare
3057 5192 3103 5246 si
3149 5194 3295 5263 velit,
3337 5198 3439 5254 sed

1847 5273 1903 5327 in
1931 5274 2008 5328 eis
2034 5280 2285 5344 cperatur
2311 5280 2365 5327 et
2390 5274 2551 5343 velle,
2582 5282 2635 5329 ut
2666 5280 2922 5348 quoniam
2943 5294 3051 5335 non
3070 5286 3441 5352 perseverabit

1846 5372 2010 5426 homo
2040 5370 2141 5425 nisi
2169 5377 2222 5425 et
2249 5371 2414 5441 possit
2440 5379 2495 5426 et
2522 5373 2668 5440 velit,
2699 5378 3078 5445 perseverandi
3116 5380 3443 5450 possibilitas

1850 5467 1904 5514 et
1921 5459 2168 5516 voluntas
2195 5460 2244 5513 ei
2281 5460 2461 5518 detur.
2518 5462 2691 5517 Tanto
2747 5464 2947 5535 quippe
3011 5467 3212 5538 Spiritu
3260 5480 3445 5529 sancto

1851 5547 2158 5603 accenditur
2184 5549 2419 5603 hominis
2463 5550 2730 5618 voluntas,
2792 5560 2852 5607 ut
2904 5553 3025 5610 ideo
3086 5558 3274 5627 possit,
3323 5562 3452 5631 quia

1853 5638 1930 5692 sic
1956 5638 2069 5693 vult
2100 5651 2114 5705 ;
2148 5636 2269 5691 ideo
2299 5636 2377 5692 sic
2406 5637 2557 5704 velit,
2591 5640 2718 5709 quia
2747 5640 2895 5696 Deus
2921 5652 3176 5714 operatur
3200 5655 3260 5702 ut
3285 5650 3442 5707 velit.

161 5726 446 5784 mmetiam
465 5737 525 5785 ut
542 5744 643 5799 per
670 5729 775 5783 hoc
811 5727 1015 5784 donum
1053 5744 1163 5786 non
1200 5729 1304 5784 nisi
1342 5738 1745 5798 perseverantes
1849 5726 1981 5782 Inde
2006 5724 2068 5779 ﬁt
2092 5731 2150 5779 ut
2177 5725 2423 5782 voluntas
2449 5727 2683 5783 hominis
2711 5728 2949 5790 invalida
2977 5739 3031 5786 et
3082 5733 3355 5793 imbecilla
3397 5739 3459 5795 in

167 5805 281 5866 sint.
308 5813 427 5877 Non
447 5817 627 5874 solum
657 5815 803 5873 enim
831 5816 968 5873 dixit
999 5833 1013 5871 :
1070 5839 1092 5867 α
1145 5816 1277 5875 Sine
1322 5833 1410 5873 me
1454 5816 1591 5875 nihil
1632 5834 1741 5892 po-
1974 5830 2009 5872 ο
2042 5812 2218 5871 adhuc
2241 5830 2415 5887 parvo
2440 5824 2767 5888 perseveret,
2798 5834 2899 5877 nec
2926 5820 3248 5886 adversitate
3278 5825 3463 5899 aliqua

472 5943 738 6005 ΡΑ-ηιοι..
769 5941 1010 6006 CLVII.

3103 5947 3182 6007 33
