3924 6402
467 300 607 357 1038

1606 295 1948 352 WERNERI
1985 297 2271 354 ABBATIS
2311 297 2373 353 S.
2423 298 2644 355 BLASII

3639 311 3770 366 1036

471 422 688 480 deﬁciat
716 438 816 494 per
847 422 1105 478 virtutem
1139 420 1261 487 Dei,
1295 436 1421 476 cum
1453 420 1628 491 prima
1675 421 1936 476 voluntas
1985 421 2074 476 ho-
2104 423 2158 482 A
2188 421 2458 478 inventus.
2494 424 2607 480 Sed
2637 425 2900 497 decipior,
2934 427 3132 500 inquis,
3185 439 3383 502 putans
3427 449 3517 489 me
3563 435 3772 492 satisfe-

473 511 638 568 minis
667 511 822 568 fortis
849 519 904 567 et
931 525 1068 566 sana
1096 509 1151 565 in
1182 509 1327 566 bono
1353 509 1620 580 ampliore
1651 525 1763 566 non
1812 526 2078 581 perseve-

474 610 642 671 raret,
673 599 923 674 quamvis
978 615 1090 655 non
1149 599 1218 655 de
1275 597 1461 654 futuro
1507 598 1739 669 ajutorio
1782 599 1905 669 Dei,
1958 599 2078 655 sine

476 715 586 774 quo
614 714 725 757 non
751 705 940 770 posset
965 712 1350 770 perseverare,
1383 695 1430 752 si
1459 694 1626 752 vellet
1645 695 1899 769 quamvis
1927 695 2078 752 nulla

472 789 598 862 lege
627 795 966 860 repugnante
996 787 1053 841 in
1081 785 1346 841 membris
1375 785 1632 858 quamvis
1665 794 1888 842 terrena
1916 785 2076 841 habi-

476 877 676 935 tatione
703 876 950 934 nondum
980 891 1206 933 sensum
1237 875 1357 945 ejus
1386 874 1755 948 deprimente.

1034 1011 1110 1066 De
1136 1009 1506 1083 pauitantia.

545 1125 687 1197 Quia
714 1125 771 1181 in
799 1123 1071 1198 praemisis
1097 1124 1282 1196 aliqua
1311 1123 1380 1180 de
1419 1123 1580 1195 lapsu
1630 1122 1796 1194 primi
1842 1122 2078 1179 hominis

475 1215 875 1285 deuotavimus,
907 1221 1077 1270 restat
1106 1220 1164 1269 ut
1191 1221 1246 1269 et
1271 1213 1451 1286 aliqua
1493 1214 1564 1268 de
1616 1212 1938 1284 poenitentia
1988 1211 2078 1268 lo-

476 1321 729 1378 quamur.
764 1304 1085 1360 Pcenitentia
1115 1302 1220 1357 alia
1251 1310 1335 1358 est
1364 1302 1623 1370 exterior,
1675 1302 1782 1357 alia
1825 1301 2073 1356 interior.

476 1403 799 1460 Poenitentia
826 1401 1074 1460 exterior
1103 1409 1188 1458 est
1217 1401 1274 1456 in
1307 1400 1602 1457 afﬂictione
1641 1400 1845 1470 carnis,
1897 1399 2077 1472 poeni-

472 1490 638 1546 tentia
663 1489 894 1544 interior
922 1495 1006 1543 est
1038 1486 1094 1542 in
1128 1486 1454 1543 contritione
1486 1486 1692 1542 cordis.
1744 1488 1850 1542 Per
1894 1485 2076 1557 poeni-

471 1578 699 1636 tentiam
727 1576 1051 1634 exteriorem
1082 1575 1381 1648 castigatur
1426 1575 1592 1646 culpa
1638 1574 1793 1646 pravi
1839 1574 2024 1646 operis
2055 1592 2070 1642 ;

470 1693 571 1751 per
598 1674 972 1748 pcenitentiam
1004 1673 1322 1730 interiorem
1353 1672 1672 1729 emendatur
1699 1687 1883 1744 pravas
1912 1671 2075 1744 culpa

469 1764 789 1824 voluntatis.
831 1763 1144 1820 Secundum
1175 1761 1528 1835 quantitatem
1583 1761 2076 1850 delictigmcnsura
2101 1790 2155 1850 Β

470 1852 834 1925 correptionis
862 1852 1147 1924 pensanda
1175 1859 1279 1906 est.
1310 1851 1493 1924 Agite,
1528 1850 1740 1922 inquid,
1772 1848 1982 1906 fructus
2002 1849 2073 1904 di-

467 1967 610 2026 gnos
637 1948 988 2023 paenitentiae.
1023 1947 1185 2004 Aliud
1205 1947 1352 2003 enim
1377 1955 1461 2004 est
1492 1946 1697 2004 fructus
1735 1947 2071 2020 paenitentiae

465 2041 616 2098 aliud
643 2040 765 2113 ipsa
812 2038 1154 2110 pcenitentia.
1216 2037 1367 2093 Sicut
1424 2035 1570 2092 aliud
1632 2044 1717 2092 est
1773 2036 1954 2104 arbor,
2017 2043 2070 2091 et

462 2129 616 2186 aliud
647 2130 850 2185 fructus
879 2127 1019 2197 ejus,
1050 2127 1132 2183 sic
1159 2123 1309 2182 aliud
1340 2133 1421 2182 est
1450 2125 1788 2198 poenitentia,
1819 2133 1872 2181 et
1918 2123 2068 2180 aliud

461 2228 669 2285 fructus
699 2226 845 2296 ejus.
883 2223 1214 2280 Poenitentia
1254 2223 1399 2279 enim
1443 2233 1525 2279 est
1574 2222 1737 2280 dolor
1783 2221 2062 2294 praeteriti,

462 2316 690 2392 quando
719 2315 876 2371 doles
906 2321 959 2370 te
986 2313 1188 2370 fecisse
1224 2312 1373 2385 quod
1422 2312 1628 2367 malum
1678 2320 1779 2368 est.
1834 2312 2065 2381 Quando

459 2421 593 2479 ergo
622 2403 902 2476 improbas
931 2410 985 2458 et
1035 2403 1264 2458 damnas
1319 2401 1462 2457 mala
1518 2409 1631 2468 tua,
1688 2401 2064 2472 paenitentiam

460 2505 661 2561 habes.
701 2501 934 2573 Quando
965 2508 1146 2556 autem
1176 2500 1547 2556 satisfactione
1595 2499 1964 2571 subsequente
2012 2507 2064 2555 et

456 2593 620 2665 punis
649 2601 703 2648 et
729 2591 969 2661 corrigis
995 2590 1138 2644 mala
1167 2597 1278 2654 tua,
1314 2588 1523 2644 fructus
1574 2589 1908 2659 poenitentiae
1957 2588 2059 2643 ha—

460 2683 580 2738 bes.
641 2681 700 2738 Si
753 2679 1009 2751 displicet
1064 2678 1161 2732 tibi
1220 2677 1369 2750 quod
1431 2676 1629 2745 fecisti,
1683 2677 2059 2748 paenitentiam

456 2778 605 2852 agis.
643 2778 700 2835 Si
730 2775 1084 2850 persequeris
1114 2783 1165 2830 et
1201 2775 1362 2846 punis
1406 2775 1554 2848 quod
1602 2773 1800 2840 fecisti,
1853 2774 2060 2830 fructus

459 2869 794 2938 poenitentia
821 2866 963 2939 agis.
1016 2864 1341 2920 Pmnitentia
1389 2873 1477 2920 est
1521 2863 1649 2920 facti
1705 2864 2055 2936 improbatio,

455 2958 665 3014 fructus
693 2953 1024 3029 poenitentiae
1054 2961 1136 3009 est
1166 2953 1352 3009 delicti
1406 2954 1703 3010 correctio.
1762 2953 1873 3009 Sed
1931 2954 2059 3026 quia

455 3057 763 3115 secundum
792 3070 1114 3110 mensuram
1164 3053 1350 3109 delicti
1389 3067 1651 3109 mensura
1699 3052 2058 3109 correctionis

452 3155 534 3204 est
562 3143 870 3219 pensanda,
904 3143 1028 3198 ideo
1055 3141 1264 3199 fructus
1292 3143 1632 3214 poenitentiae
1655 3142 1854 3214 dignos
1874 3144 2058 3199 facere
2088 3153 2137 3216 ρ,

453 3243 688 3309 oportet.
724 3234 781 3290 Si
811 3233 867 3288 in
898 3231 1242 3288 correctione
1289 3232 1468 3288 minor
1496 3239 1551 3287 et
1607 3231 1835 3288 afﬂictio
1888 3247 2054 3304 quam

451 3333 508 3388 in
538 3332 700 3404 culpa
733 3329 1021 3386 delcctatio
1051 3328 1173 3396 fuit,
1207 3344 1316 3384 non
1347 3335 1428 3384 est
1458 3327 1659 3400 dignus
1689 3327 1893 3386 fructus
1937 3344 2056 3400 pa)-

449 3421 709 3479 nitentite.
744 3418 857 3475 Sed
889 3418 1031 3475 dicis
1061 3417 1194 3472 mihi
1227 3434 1239 3470 :
1275 3416 1561 3486 Quomodo
1611 3419 1754 3473 scire
1804 3433 2052 3489 possum,

451 3511 676 3582 quando
702 3508 977 3580 condigna
1009 3507 1077 3561 sit
1105 3505 1424 3578 paenitentia
1455 3522 1573 3562 mea
1591 3505 1620 3560 ?
1641 3505 1780 3575 Quia
1801 3507 1946 3563 scire
1966 3507 2054 3563 hic

449 3625 563 3666 non
591 3615 767 3680 potes,
798 3607 922 3663 ideo
952 3621 1180 3661 necesse
1210 3605 1380 3660 habes
1398 3620 1615 3676 semper
1647 3605 1930 3676 poenitere.
1953 3605 2054 3662 Sa-

447 3699 702 3754 tisfacere
732 3703 890 3768 potes
924 3715 936 3750 :
969 3694 1132 3750 nimis
1161 3693 1346 3750 facere
1377 3710 1488 3749 non
1515 3701 1693 3766 potes.
1741 3694 1938 3751 Melius
1970 3703 2056 3751 est

448 3796 508 3845 ut
536 3787 659 3859 plus
689 3785 861 3842 facias
891 3800 1053 3857 quam
1081 3781 1282 3838 minus.
1317 3783 1532 3839 Idcirco
1589 3782 1857 3840 sollicitus
1905 3793 2050 3852 esto,

448 3887 664 3950 satage,
694 3875 763 3930 da
787 3889 1031 3946 operam,
1063 3871 1306 3928 studium
1350 3871 1626 3944 impende,
1671 3881 1730 3927 ut
1770 3873 1933 3945 culpa
1984 3873 2055 3930 sit

449 3987 576 4031 cum
601 3971 736 4037 ﬁne,
765 3969 984 4026 devotio
1013 3968 1132 4024 sine
1185 3966 1313 4024 ﬁne.
1373 3967 1582 4023 Tamen
1639 3975 1699 4022 ut
1755 3969 2050 4041 aliquando

448 4059 734 4134 peccatrix
763 4056 1100 4114 conscientia
1131 4056 1466 4122 consoletur,
1499 4054 1710 4127 positus
1741 4064 1827 4112 est
1855 4058 2053 4113 modus

449 4159 506 4207 et
533 4164 788 4206 mensura
816 4145 1149 4218 poenitentiae
1180 4144 1487 4211 exterioris,
1549 4153 1605 4200 ut
1659 4144 1752 4200 illa
1810 4145 2048 4218 expleta,

449 4247 538 4304 vel
567 4245 868 4318 perfectam
897 4242 1153 4300 ﬁduciam
1184 4243 1388 4299 habere
1434 4242 1686 4314 incipias,
1747 4251 1802 4299 et
1856 4261 2051 4300 secura

449 4335 684 4407 quadam
713 4333 1154 4405 praesumptione,
1187 4332 1243 4387 in
1274 4347 1371 4404 spe
1412 4331 1804 4389 misericordia
1854 4333 2052 4390 divinae

449 4426 519 4482 de
545 4422 890 4496 indulgentia
917 4431 970 4478 et
999 4422 1322 4478 remissione
1352 4429 1707 4492 peccatorum
1748 4421 2045 4492 conﬁdere,

2185 519 2350 587 cisse,
2383 535 2504 576 cum
2537 537 2642 577 non
2675 523 3062 581 satisfecerim.
3103 527 3202 584 Ille
3232 529 3367 584 mihi
3418 530 3666 601 injunxit,
3714 541 3772 589 ut

2186 616 2390 664 tantum
2423 609 2664 666 facerem
2697 630 2712 678 ;
2742 619 2798 668 et
2823 629 2932 669 non
2987 616 3222 687 amplius
3278 619 3409 674 mihi
3464 622 3721 694 praecepit
3752 640 3766 677 :

2186 713 2315 754 ecce
2351 705 2522 754 totum
2561 699 2787 770 perfeci,
2817 711 2870 758 et
2912 719 3019 760 non
3077 705 3342 764 satisfeci.
3414 708 3562 764 Vado
3617 711 3777 782 quasi

2185 811 2410 852 securus
2441 797 2510 852 ad
2539 798 2718 856 Deum
2749 808 2944 871 putans
2974 818 3064 859 me
3117 804 3448 863 satisfecisse
3499 807 3592 874 illi,
3651 825 3773 866 cum

2186 886 2369 942 adhuc
2403 894 2595 942 teneor
2649 889 2942 956 obligatus,
3013 892 3137 964 quia
3203 911 3315 950 non
3381 897 3763 955 satisfecerim.

2188 973 2374 1043 Quare
2401 991 2554 1048 ergo,
2588 977 2795 1050 inquis,
2830 979 3033 1036 factum
3065 989 3167 1048 est,
3200 992 3256 1039 ut
3305 984 3464 1041 talem
3515 987 3771 1044 sacerdo-

2186 1081 2294 1128 tem
2325 1089 2437 1130 non
2465 1074 2720 1143 habeam,
2753 1077 2844 1149 qui
2896 1079 3028 1134 mihi
3083 1080 3228 1138 dicat
3263 1099 3276 1136 :
3336 1084 3450 1141 Hoc
3510 1089 3774 1157 Oportet?

2185 1162 2324 1217 Audi
2354 1179 2544 1235 quare.
2581 1165 2808 1238 Pr0pter
2845 1177 3068 1238 peccata
3118 1178 3207 1224 tua
3265 1170 3467 1228 factum
3512 1183 3595 1230 est
3643 1176 3767 1244 hoc,

2187 1252 2383 1321 quibus
2412 1254 2680 1322 meruisti,
2715 1263 2774 1311 ut
2801 1257 3006 1312 malum
3040 1258 3294 1331 haberes,
3350 1262 3543 1333 quibus
3589 1263 3636 1319 si
3683 1265 3773 1321 di-

2185 1349 2372 1406 stricte
2399 1350 2748 1420 judicareris,
2781 1362 2834 1410 et
2865 1355 2950 1412 hic
2974 1372 3256 1414 merueras
3286 1366 3342 1414 ut
3372 1361 3573 1416 nullum
3601 1362 3771 1418 habe-

2185 1454 2295 1493 res.
2331 1438 2490 1507 Quia,
2522 1440 2697 1512 inquit
2727 1442 3023 1515 Scriptura,
3080 1469 3102 1494 ι
3139 1463 3378 1517 regnare
3425 1448 3552 1506 facit
3597 1452 3770 1523 hypo-

2184 1527 2375 1583 critam
2404 1538 2634 1600 propter
2660 1541 2884 1602 peccata
2911 1534 3095 1606 populi
3125 1537 3245 1607 (Job
3279 1537 3410 1608 xlv).
3449 1563 3472 1588 ι
3531 1539 3599 1595 Et
3653 1542 3723 1596 ait
3753 1559 3768 1597 :

2189 1649 2210 1673 α
2245 1626 2367 1699 Ego
2394 1628 2773 1687 adhaerescere
2801 1631 2998 1689 faciam
3021 1635 3264 1708 linguam
3287 1645 3434 1692 tuam
3457 1638 3632 1711 palato
3651 1643 3768 1708 tuo,

2182 1731 2284 1772 nec
2313 1717 2422 1772 eris
2454 1719 2612 1790 quasi
2639 1719 2721 1776 vir
2748 1721 3079 1793 objurgans,
3112 1725 3239 1797 quia
3262 1727 3524 1783 Dominus
3544 1745 3770 1800 exaspe-

2187 1821 2316 1861 rans
2345 1815 2425 1861 cst
2448 1808 2666 1878 (Ezech.
2691 1812 2796 1880 in).
2823 1833 2844 1859 υ
2872 1813 3012 1867 Nam
3035 1821 3092 1869 ut
3115 1815 3260 1871 scias
3282 1816 3407 1888 quia
3429 1816 3626 1873 malitia
3665 1821 3770 1878 hoc

2179 1901 2324 1971 fecit,
2358 1905 2481 1960 vide
2513 1905 2604 1960 ubi
2635 1916 2754 1964 erat
2781 1909 2999 1966 devotio
3031 1919 3148 1967 tua.
3187 1911 3244 1968 Si
3287 1915 3430 1970 enim
3476 1917 3766 1987 perfectam

2178 1993 2522 2050 devotionem
2553 1995 2861 2065 habuisses,
2894 1999 3059 2054 etiam
3085 2001 3235 2058 nullo
3264 2003 3591 2063 admonente
3638 2024 3764 2064 ces-

2176 2097 2297 2137 sare
2327 2090 2507 2139 tamen
2535 2087 2836 2155 potuisses.
2874 2088 3034 2146 Nunc
3080 2098 3267 2147 autem
3314 2093 3533 2166 pigritia
3578 2103 3670 2152 tua
3710 2106 3766 2154 et

2175 2179 2514 2253 negligentia
2541 2183 2889 2240 occasionem
2921 2187 3140 2243 tortoris
3187 2190 3443 2260 quaesivit
3484 2207 3591 2248 non
3636 2209 3764 2250 cor-

2173 2275 2467 2325 rectorum.
2500 2271 2572 2325 Et
2603 2272 2738 2328 vidit
2767 2274 2870 2330 hoc
2892 2275 3058 2343 Deus,
3109 2285 3163 2332 et
3215 2278 3362 2334 dedit
3417 2281 3513 2336 tibi
3567 2297 3764 2339 secun-

2171 2356 2303 2412 dum
2334 2373 2432 2414 cor
2461 2367 2610 2415 tuum
2635 2370 2688 2417 ut
2718 2379 2827 2418 non
2856 2363 3136 2421 invenires
3168 2369 3312 2439 quod
3333 2385 3442 2426 non
3485 2373 3766 2443 quaerebas

2171 2455 2452 2526 accipere.
2492 2458 2607 2515 Nec
2639 2468 2819 2516 tamen
2851 2462 2981 2519 dico
3007 2472 3064 2519 ut
3095 2464 3376 2536 desperes,
3409 2468 3617 2525 etiamsi
3660 2473 3765 2529 hoc

2169 2546 2466 2616 contingat,
2501 2556 2557 2602 ut
2584 2548 2748 2605 homo
2779 2551 2872 2622 qui
2928 2553 3172 2609 exterius
3219 2557 3476 2612 curandis
3521 2559 3761 2615 vulveni-

2169 2632 2275 2688 bus
2314 2644 2665 2704 peccatorum
2706 2639 3164 2697 medicamentum
3219 2647 3488 2717 apponit,
3557 2647 3759 2720 aliquid

2169 2734 2348 2786 minus
2386 2731 2663 2790 sufficiens
2702 2737 2931 2794 tribuat.
2978 2741 3136 2811 Saepe
3194 2742 3341 2814 quod
3398 2743 3573 2800 minus
3629 2746 3760 2802 foris

2168 2821 2369 2891 agitur,
2412 2822 2688 2880 efﬁcacius
2731 2827 2877 2882 intus
2915 2839 3199 2899 operatur.
3251 2833 3308 2886 In
3365 2849 3530 2904 parvo
3588 2851 3760 2906 opere

2169 2925 2368 2980 magna
2387 2911 2604 2969 devotio
2635 2931 2758 2970 esse
2785 2924 2995 2988 potest.
3033 2919 3210 2977 Homo
3241 2921 3388 2977 videt
3414 2923 3468 2977 in
3517 2922 3706 2982 faciem
3740 2941 3756 2995 ;

2169 3007 2315 3062 Deus
2344 3017 2523 3065 autem
2558 3010 2801 3068 intuetur
2829 3030 2953 3072 cor.
2992 3017 3080 3083 Et,
3112 3025 3170 3072 ut
3199 3018 3375 3075 minus
3401 3021 3600 3092 dicam,
3631 3039 3757 3078 ma-

2165 3112 2336 3168 gnum
2366 3105 2468 3165 est,
2503 3099 2550 3154 si
2579 3099 2632 3154 in
2664 3101 2767 3158 hac
2796 3105 2908 3159 vita
2935 3104 3180 3177 incipere
3207 3109 3413 3179 possis,
3457 3118 3511 3166 et
3556 3112 3602 3167 si
3649 3128 3760 3169 non

2169 3183 2439 3254 proﬁcias.
2481 3188 2626 3244 Nam
2655 3198 2710 3245 et
2735 3200 2862 3263 post
2891 3203 3120 3251 mortem
3143 3196 3289 3270 ignis
3309 3199 3530 3270 quidam
3559 3217 3759 3276 purga-

2163 3284 2336 3340 torius
2357 3284 2578 3358 dicitur,
2611 3288 2704 3344 ubi
2732 3299 3045 3362 purgantur
3075 3301 3127 3350 et
3157 3296 3488 3353 mandantur
3534 3299 3624 3371 qui
3672 3301 3761 3357 hic

2163 3382 2448 3444 coeperunt
2472 3383 2525 3432 et
2554 3393 2664 3432 non
2692 3378 3065 3450 perfecerunt.
3100 3382 3209 3446 Qui
3239 3395 3417 3441 autem
3444 3386 3500 3442 in
3530 3387 3630 3445 hac
3650 3389 3761 3446 vita

2163 3477 2266 3517 nec
2294 3462 2535 3535 incipere
2568 3467 2879 3537 voluerunt,
2911 3471 2986 3525 ibi
3034 3488 3416 3532 consummare
3465 3492 3573 3532 non
3619 3493 3758 3549 pos-

2163 3569 2313 3618 sunt.
2353 3561 2562 3632 Quibus
2593 3575 2775 3623 autem
2806 3569 2895 3625 hic
2941 3573 3340 3630 correctionem
3391 3591 3547 3632 suam
3600 3577 3761 3634 datur

2163 3649 2432 3724 incipere,
2463 3655 2628 3710 etiam
2659 3657 2704 3711 si
2734 3656 3004 3729 perficere
3032 3677 3142 3717 non
3173 3663 3354 3731 datur,
3404 3664 3515 3722 illic
3561 3682 3756 3725 corre-

2160 3739 2356 3796 ctionis
2387 3743 2651 3813 perfectio
2681 3757 3017 3806 reservatur.
3075 3751 3282 3808 Tamen
3329 3753 3490 3810 tutius
3533 3757 3753 3814 omnino

2161 3847 2265 3905 est,
2296 3847 2351 3894 ut
2381 3839 2466 3896 hic
2492 3849 2544 3896 et
2573 3841 2816 3915 incipere
2847 3854 2902 3902 et
2929 3845 3200 3918 perﬁcere
3219 3851 3538 3918 contendas,
3565 3860 3625 3907 ut
3640 3852 3755 3910 illic

2160 3927 2294 3982 nihil
2323 3927 2635 3987 faciendum
2667 3933 2764 3988 tibi
2794 3935 2880 3990 vel
2909 3937 3232 4007 patiendum
3263 3941 3522 4011 supersit.
3546 3941 3754 4000 Durum

2161 4024 2246 4072 est
2275 4024 2544 4076 tormenta
2571 4021 2668 4078 illa
2685 4023 2772 4079 vel
2801 4025 2873 4080 ad
2904 4025 3184 4084 modicum
3211 4030 3435 4099 sentire,
3469 4039 3757 4104 propterea.

2162 4113 2325 4170 tutius
2355 4117 2576 4175 omnino
2608 4119 2703 4175 tibi
2732 4129 2814 4178 est
2861 4130 2917 4178 ut
2971 4123 3062 4181 hic
3111 4124 3344 4197 incipias
3398 4135 3451 4183 et
3502 4129 3758 4200 perficies

2163 4204 2310 4275 quod
2339 4205 2523 4264 facere
2552 4208 2750 4266 debes.
2789 4209 2946 4280 Quod
2970 4213 3016 4268 si
3045 4213 3132 4271 hic
3150 4214 3417 4287 perﬁcere
3438 4231 3545 4272 non
3564 4226 3754 4290 potue-

2161 4292 2260 4361 ris,
2293 4294 2340 4349 si
2371 4304 2548 4352 tamen
2576 4297 2938 4372 inchoaveris,
2985 4303 3100 4359 noli
3149 4304 3470 4377 desperare,
3513 4329 3536 4356 ι
3573 4307 3755 4366 salvus

2163 4390 2288 4461 eris,
2313 4393 2392 4450 sic
2413 4402 2596 4452 tamen
2613 4398 2767 4470 quasi
2789 4415 2890 4470 per
2910 4400 3096 4473 ignem
3116 4401 3167 4473 (Ι
3182 4403 3306 4460 Cor.
3329 4407 3430 4472 ut).
3465 4427 3488 4454 υ
3533 4407 3755 4464 Ardebit

448 4530 684 4581 ettanta
704 4481 918 4588 verius,
953 4527 1156 4592 quanto
1200 4481 1386 4592 utique
1435 4519 1711 4578 sincerius
1753 4481 2050 4592 iniunctam
2081 4520 2135 4581 D
2165 4481 2614 4592 ξιῗξῆῗξυτξοηθιξ
2643 4498 3048 4592 θοηδίξωρίυω,
3075 4491 3238 4548 me?“
3283 4494 3753 4592 9°0d_°|‘i_minale

447 4611 826 4687 paenitentiam
860 4608 1200 4682 expleveris.

518 4719 631 4776 Sed
657 4717 890 4775 fortasse
917 4715 1016 4772 tibi
1043 4715 1208 4772 tacita
1255 4713 1595 4788 cogitatione
1643 4716 1987 4788 respondeas
2035 4731 2050 4772 :

441 4807 753 4881 Quomodo,
783 4805 986 4880 inquis,
1021 4813 1202 4862 certus
1231 4819 1360 4860 esse
1391 4819 1616 4876 possum
1646 4805 1714 4862 de
1745 4807 1906 4863 venia
1927 4822 2056 4878 pro-

439 4907 565 4972 pter
591 4895 972 4970 posuitentiam
1003 4902 1059 4951 et
1085 4893 1516 4950 satisfactionem
1565 4893 1635 4950 ab
1684 4895 1908 4952 homine
1959 4897 2051 4951 in-

439 4989 705 5060 junctam,
738 4987 906 5043 etiam
935 4983 982 5040 si
1030 4983 1180 5038 illam
1210 4982 1460 5039 studiose
1488 4983 1868 5056 complevero,
1919 5001 2047 5044 cum

439 5078 561 5152 ipse
587 5079 773 5143 homo,
804 5075 895 5132 cui
937 5080 1164 5146 peccata
1219 5088 1342 5128 mea
1393 5071 1683 5142 confiteor,
1749 5091 1900 5146 saepe
1956 5084 2051 5132 aut

437 5174 749 5248 ignorantia
776 5171 1036 5236 nesciat,
1077 5178 1172 5225 aut
1228 5170 1569 5244 negligentia
1623 5187 1734 5229 non
1791 5173 2046 5230 conside-

434 5273 520 5323 ret
549 5263 768 5337 qualem
795 5262 946 5327 mihi,
998 5259 1300 5316 secundum
1347 5260 1570 5316 modum
1619 5269 1673 5316 et
1724 5278 2042 5319 mensuram

437 5355 644 5420 delicti,
675 5353 876 5409 debeat
896 5349 1325 5406 satisfactionem
1348 5350 1642 5422 injungere
1659 5353 1687 5406 ‘?
1711 5353 1799 5407 Ad
1823 5355 1926 5410 hoc
1947 5354 2045 5410 tibi

437 5447 680 5504 breviter
709 5443 1016 5517 respondeo
1046 5443 1176 5514 quia
1205 5443 1252 5497 si
1283 5445 1445 5499 homo
1476 5445 1655 5501 nescit
1705 5448 1853 5503 Deus
1903 5449 2034 5506 scit.

437 5545 517 5600 Tu
548 5554 727 5599 tamen
758 5543 844 5600 fac
872 5541 1017 5614 quod
1049 5541 1144 5595 tibi
1195 5541 1532 5612 praecipitur,
1599 5545 1864 5602 obediens
1923 5557 2040 5603 esto

437 5631 491 5687 in
519 5650 586 5690 eo
615 5633 763 5703 quod
805 5633 900 5686 tibi
941 5632 1192 5700 jubetur.
1251 5631 1442 5686 Videat
1497 5634 1643 5688 Deus
1689 5635 2038 5694 devotionem

433 5727 602 5788 tuam,
639 5719 802 5774 etiam
821 5719 867 5773 si
897 5719 1062 5773 homo
1105 5735 1212 5774 non
1263 5721 1537 5794 condigne
1585 5724 1901 5780 moderetur
1955 5726 2038 5782 af-

434 5805 734 5865 flictionem
760 5814 930 5862 tuam.
962 5807 1146 5863 Perire
1176 5823 1287 5864 non
1315 5817 1494 5879 potes,
1527 5809 1573 5866 si
1602 5811 1833 5870 devotus
1863 5813 2034 5873 fueris

2163 4578 2377 4642 portas.
2417 4574 2497 4630 Tu
2527 4585 2711 4633 autem
2741 4578 2922 4635 salvus
2971 4581 3083 4637 eris
3130 4581 3389 4652 quoniam
3433 4583 3750 4644 fraudamu-

2165 4667 2280 4716 tum
2309 4662 2368 4718 in
2397 4671 2450 4721 te
2474 4669 2780 4738 permansit
2807 4669 3091 4727 charitatis
3119 4671 3242 4729 Dei.

2787 4794 2873 4851 Da
2909 4810 3145 4854 mnu.

2232 4911 2397 4970 Livor
2423 4913 2590 4972 alieni
2647 4917 2778 4974 boni
2832 4936 2994 4977 suum
3048 4923 3200 4994 punit
3252 4933 3556 4983 auctorem.
3618 4928 3750 4986 Nam

2159 5001 2307 5059 unde
2336 5003 2514 5061 bonus
2556 5006 2787 5078 proﬁcit,
2835 5009 2966 5066 inde
3012 5012 3187 5069 malus
3237 5015 3596 5073 contabescit.
3644 5019 3746 5075 Ho-

2158 5091 2333 5149 mines
2362 5111 2531 5166 prave
2559 5097 2807 5154 videntes
2851 5100 2990 5156 sicut
3048 5101 3120 5158 de
3173 5103 3446 5160 bonorum
3509 5105 3746 5178 lapsibus

2155 5193 2520 5264 gratulantur,
2559 5196 2630 5251 ita
2659 5197 2730 5254 de
2759 5214 2947 5254 eorum
2976 5209 3126 5258 recte
3155 5201 3310 5259 factis
3341 5203 3574 5276 bonique
3615 5222 3740 5278 per-

2158 5285 2472 5339 severantia
2519 5286 2957 5346 confunduntur.
3025 5291 3251 5347 Invidus
3307 5295 3610 5351 membrum
3665 5303 3745 5352 est

2153 5370 2379 5435 diaboli,
2409 5375 2480 5430 ob
2511 5377 2665 5446 cujus
2693 5378 2953 5436 invidiam
2984 5396 3133 5436 mors
3178 5382 3412 5440 introivit
3459 5385 3512 5439 in
3561 5384 3742 5440 orbem

2153 5468 2450 5533 terrarum,
2477 5468 2620 5522 sicut
2649 5475 2702 5523 et
2732 5470 3005 5540 superbus
3036 5472 3343 5528 membrum
3394 5483 3476 5530 est
3522 5473 3736 5541 diaboli,

2151 5551 2221 5607 de
2250 5568 2359 5624 quo
2390 5555 2659 5628 scriptum
2691 5565 2774 5613 est
2809 5577 2822 5614 :
2886 5582 2910 5607 α
2949 5559 3126 5617 Omne
3185 5562 3418 5618 sublime
3471 5563 3634 5629 videt,
3690 5572 3738 5620 et

2149 5641 2268 5710 ipse
2289 5652 2374 5698 est
2394 5660 2483 5698 rex
2505 5661 2671 5716 super
2689 5663 2880 5703 omnes
2903 5648 3042 5706 filios
3064 5651 3336 5722 superbia:
3378 5653 3493 5722 (Job
3538 5658 3679 5722 xu).
3712 5673 3732 5704 ι

2147 5730 2307 5785 Nulla
2337 5742 2420 5788 est
2450 5733 2647 5801 virtus,
2681 5753 2802 5808 quae
2826 5753 2936 5794 non
2984 5740 3181 5796 habeat
3222 5741 3557 5798 contrarium
3604 5742 3734 5799 invi-

2147 5817 2253 5878 dia
2279 5820 2504 5880 malum.
2537 5823 2676 5884 Sola
2703 5827 2931 5887 miseria
2975 5835 3121 5888 caret
3163 5829 3383 5901 invidia,
3436 5832 3563 5906 quia
3579 5847 3734 5891 nemo
