3956 6440
82 403 180 453 217
1253 400 1618 456 MORALIUM
1662 402 1731 456 IN
1770 401 2072 458 GENESIN
2111 401 2249 457 LIB.
2291 403 2430 458 VIII.

3506 412 3613 466 218

81 535 261 587 suerat
288 531 457 598 tollit,
487 547 624 589 cum
651 531 939 590 Christum
962 530 1319 603 singularem
1346 546 1587 589 suorum
1611 531 1784 589 ﬁrmi—
1820 536 1865 591 A
1896 532 2153 589 maxima
2196 533 2541 591 humilitatis
2569 536 2854 609 gravitate
2879 538 3190 610 cogitando
3222 555 3289 597 ac
3321 541 3613 613 loquendo

86 630 289 690 tatem,
344 637 525 694 quem
592 637 695 693 pro
744 622 1122 679 fundamento
1172 622 1328 679 cordi
1386 630 1788 693 supposuerat,

88 726 283 780 manu,
318 711 428 767 hoc
472 719 559 768 est
588 711 776 782 operis
810 711 1125 768 imitatione
1171 711 1573 782 apprehendit,
1614 712 1795 768 hunc-

89 817 200 874 que
245 805 303 857 in
337 804 564 857 titulum
608 801 795 874 erigit,
833 801 973 857 dum
1004 802 1075 857 ad
1105 816 1239 857 eum
1279 802 1446 873 quasi
1475 802 1547 858 ad
1579 817 1795 873 propo-

91 891 261 946 situm
311 890 493 946 totius
546 889 865 945 sanctitatis
910 889 1210 958 exemplar
1271 888 1533 945 attendit.
1591 889 1795 945 Oleum

90 980 320 1048 desuper
372 978 585 1047 fundit,
632 993 763 1034 cum
803 977 1287 1045 excellentiorem,
1333 977 1507 1049 juxta
1551 979 1795 1049 Aposto-

90 1067 231 1135 lum,
265 1069 424 1123 viam
451 1067 750 1124 charitatis
777 1081 845 1123 ac
869 1066 1275 1123 misericordia
1304 1067 1573 1123 sectando
1603 1068 1795 1137 ipsum

88 1158 380 1215 Christum
431 1158 541 1228 piis
570 1157 842 1229 operibus
872 1157 1039 1229 ungit
1072 1156 1115 1227 (1
1148 1159 1267 1214 Cor.
1302 1171 1403 1225 xu,
1447 1158 1558 1228 3t).
1592 1159 1795 1214 Nomen

88 1246 236 1301 urbis
288 1246 474 1302 Bethet
518 1246 785 1317 appellat,
836 1260 970 1302 cum
1023 1245 1279 1302 animam
1334 1247 1559 1303 solertis
1625 1261 1794 1304 muro

88 1335 361 1392 custodiae
411 1336 719 1404 munitam,
768 1335 979 1391 divina
1023 1335 1205 1406 gloria
1236 1335 1605 1392 habitationis
1655 1336 1793 1392 insi-

89 1426 327 1496 gnitam,
381 1424 750 1481 evidentibus
798 1424 1022 1480 indiciis
1066 1425 1287 1495 probat.
1341 1425 1535 1481 Bethel
1582 1425 1795 1482 dicitur

88 1515 276 1569 domus
325 1516 470 1569 Dei:
504 1515 658 1570 Luza
690 1528 845 1582 vero,
898 1514 1054 1583 Boia,
1096 1528 1275 1585 quam
1304 1515 1607 1584 compedem
1644 1515 1793 1571 dici-

87 1617 230 1671 mus,
285 1602 637 1673 appellatur.
674 1603 840 1659 Prius
872 1603 1048 1674 igitur
1090 1618 1222 1673 qua
1255 1603 1444 1658 domus
1492 1604 1598 1657 Dei
1636 1619 1795 1661 nunc

87 1700 185 1759 est,
232 1692 374 1748 Boia
406 1692 744 1760 vocabatur,
791 1691 932 1763 quia
972 1700 1026 1749 et
1050 1692 1107 1747 in
1136 1692 1322 1763 seipsa
1375 1692 1649 1749 vitiorum
1684 1694 1795 1749 mi-

88 1781 232 1837 seria
283 1780 802 1851 coangustabatur,
835 1788 889 1837 et
924 1780 1066 1837 alios
1094 1781 1292 1838 eadem
1330 1781 1598 1838 illecebra
1631 1797 1793 1839 com-

91 1868 281 1939 pedire
311 1867 633 1924 nitebatur.

155 1958 340 2015 Vovet
371 1970 513 2028 ergo
543 1957 738 2012 dicens
774 1970 787 2011 :
818 1956 1023 2024 (Vens.
1066 1958 1156 2024 20,
1187 1956 1299 2025 21.)
1342 1957 1404 2013 Si
1427 1958 1599 2023 fuerit
1630 1960 1789 2026 Deus,

90 2063 306 2114 mecum,
341 2051 395 2101 et
449 2046 765 2101 custodierit
796 2048 854 2100 in
896 2048 989 2100 via
1029 2061 1139 2115 qua
1172 2045 1407 2113 ambulo,
1444 2046 1553 2102 hoc
1598 2055 1681 2103 est
1729 2048 1788 2103 in

89 2137 305 2192 actione
351 2135 668 2207 proposita,
701 2148 819 2206 qua
851 2134 1175 2205 promoveri
1217 2133 1289 2189 ad
1330 2133 1567 2189 meliora
1595 2134 1786 2204 cupio,

91 2230 135 2280 et
162 2225 375 2280 dederit
405 2226 547 2279 mihi
590 2240 782 2294 panem
811 2224 913 2294 qui
943 2224 1012 2279 de
1059 2222 1199 2279 coelo
1228 2223 1539 2291 descendit,
1593 2224 1668 2276 ad
1698 2239 1788 2277 ve-

91 2314 360 2379 scendum,
412 2317 465 2367 et
505 2316 703 2367 vestem
747 2310 1043 2367 charitatis
1090 2325 1158 2367 ac
1207 2311 1544 2368 innocentia
1578 2312 1652 2366 ad
1694 2314 1788 2366 in-

91 2402 379 2467 duendum,
430 2415 784 2471 reversusque
826 2403 984 2467 fuero
1032 2400 1107 2454 ad
1158 2400 1375 2455 domum
1421 2404 1600 2471 patris
1658 2404 1784 2470 mei,

92 2491 573 2561 supercalestem,
623 2492 727 2545 erit
769 2489 907 2544 mihi
952 2491 1214 2545 Dominus
1247 2493 1307 2544 in
1353 2493 1539 2546 Deum.
1584 2491 1637 2547 Is
1667 2492 1787 2547 uti—

92 2596 213 2651 que,
261 2581 357 2636 cui
398 2580 512 2636 sub
560 2578 924 2650 aliquantulo
967 2579 1170 2636 timore
1216 2579 1359 2649 coepi
1397 2580 1630 2648 servire,
1679 2579 1787 2636 erit

92 2669 224 2724 mihi
269 2669 329 2724 in
381 2669 570 2724 Deum
617 2668 831 2724 scilicet
877 2676 1111 2738 paterne
1156 2668 1535 2738 diligendum,
1587 2676 1787 2739 utpote

92 2770 222 2812 mea
254 2757 658 2813 universitatis
680 2764 993 2813 auctorem.
1023 2756 1212 2827 (Vnus.
1249 2757 1363 2828 22.)
1391 2759 1460 2813 Et
1487 2759 1629 2826 lapis
1660 2760 1781 2826 iste,

94 2845 344 2903 Christus
370 2861 548 2918 quem
578 2846 719 2902 mihi
747 2846 1017 2917 proposui
1045 2847 1101 2901 in
1129 2847 1385 2917 signum,
1417 2862 1611 2918 quem,
1645 2848 1786 2903 dum

94 2934 255 3005 capiti
286 2935 594 3006 supposui,
640 2935 828 3005 ipsum
879 2933 1062 3003 indui,
1108 2935 1296 2989 domus
1349 2937 1443 2989 Dei
1480 2936 1782 3002 vocabitur,

95 3025 224 3094 quia
253 3039 387 3081 cum
441 3024 515 3080 sit
545 3024 663 3094 ipse
696 3022 1049 3090 inhabitans,
1084 3024 1201 3094 ipse
1230 3024 1402 3080 etiam
1440 3023 1785 3080 inhabitatio

1901 630 2181 679 servetur.
2229 624 2394 680 Tales
2442 639 2477 681 a
2504 626 2677 682 Josue
2728 626 2943 697 lapides
2971 628 3045 684 ad
3074 643 3137 685 os
3180 630 3493 700 spelunca,
3550 633 3611 689 in

1902 726 2022 782 qua
2047 712 2396 770 delituerant
2421 714 2686 786 quinque
2716 730 2899 788 reges,
2928 717 3336 789 admoventur,
3368 728 3431 777 ut
3462 721 3612 779 fene-

1901 809 2021 858 stra
2078 818 2355 860 sensuum
2402 806 2656 875 corporis
2706 819 2921 878 magna
2969 815 3031 864 ut
3084 807 3300 880 cuique
3339 811 3613 882 competit

1904 892 2325 961 ponderositate
2353 902 2667 964 prematur.

1975 980 2147 1037 Vnus.
2196 984 2249 1037 3.
2280 1012 2350 1022 -—
2391 984 2667 1053 Morisque
2705 988 2825 1039 erat
2856 989 2938 1054 ut,
2984 989 3192 1041 cunctis
3244 988 3434 1044 ovibus
3478 1005 3611 1045 con-

1901 1073 2162 1138 gregatis,
2232 1073 2562 1128 revolverent
2615 1073 2875 1144 lapidem,
2932 1080 3002 1142 et,
3056 1078 3272 1141 refectis
3330 1081 3607 1148 gregibus,

1901 1174 2121 1214 rursum
2157 1175 2322 1230 super
2364 1176 2419 1216 os
2442 1164 2601 1231 putei
2627 1168 2906 1232 ponerent.
2958 1164 3102 1221 Oves
3130 1176 3417 1223 consueta
3466 1183 3610 1224 con-

1904 1256 2244 1319 gregantur,
2295 1265 2427 1306 cum
2476 1266 2675 1307 omnes
2722 1252 2902 1308 animi
2956 1253 3243 1324 simplices
3295 1263 3487 1312 motus
3535 1257 3609 1313 ad

1903 1338 2293 1394 hauriendum
2342 1339 2580 1396 rationis
2623 1341 2924 1398 consilium
2967 1352 3382 1414 congeruntur.
3439 1345 3609 1416 Lapis

1900 1442 2040 1497 ergo
2084 1428 2425 1491 revolvitur,
2457 1444 2591 1485 cum
2636 1444 2861 1501 magna
2905 1432 3265 1489 auctoritatis
3309 1448 3490 1490 manu
3534 1435 3608 1491 ad

1902 1514 2201 1570 referenda
2284 1516 2528 1571 internis
2609 1518 2987 1586 querimoniis
3073 1533 3344 1589 responsa
3402 1521 3606 1592 judicii

1902 1617 2150 1659 censura
2189 1604 2468 1673 aperitur.
2505 1604 2650 1661 Sunt
2691 1606 2843 1661 enim
2877 1607 3033 1677 apud
3067 1622 3213 1679 quos
3242 1609 3406 1665 nulla
3435 1610 3603 1681 lapis,

1903 1692 2257 1762 proferenda
2305 1692 2520 1749 scilicet
2577 1695 2871 1752 sententia
2935 1696 3200 1766 pondus,
3269 1698 3605 1755 difficultate

1903 1780 2231 1849 discutitur,
2282 1781 2379 1838 sed
2429 1782 2585 1838 omni
2630 1784 2796 1853 palea
2833 1784 3151 1842 volubilius
3190 1787 3603 1857 pracipitatur.

1901 1871 2138 1925 Rursum
2187 1870 2493 1942 adaquatis
2522 1872 2818 1944 gregibus,
2868 1889 3033 1944 super
3059 1889 3117 1929 os
3160 1878 3316 1945 putei
3348 1875 3601 1945 ponitur,

1901 1973 2036 2017 cum
2068 1968 2257 2016 mente
2298 1968 2400 2016 aut
2441 1975 2549 2017 sua
2578 1968 2678 2017 aut
2719 1962 2958 2018 alterius
3005 1963 3215 2020 refecta
3266 1978 3368 2035 per
3411 1965 3606 2020 consi-

1902 2046 2067 2115 lium,
2101 2048 2264 2104 nnlla
2295 2048 2363 2104 de
2392 2049 2481 2105 sui
2513 2050 2918 2121 perspicuitate
2947 2053 3161 2123 ingenii
3194 2053 3447 2110 vanitate
3476 2069 3605 2111 mo-

1901 2143 2087 2205 vetur,
2124 2136 2221 2193 sed
2246 2137 2446 2193 eadem
2478 2139 2780 2209 gravitatis
2808 2141 3104 2212 majestate
3130 2142 3492 2212 deprimitur.

1971 2224 2142 2281 Vnus.
2191 2226 2242 2279 4.
2291 2256 2361 2265 —
2409 2229 2669 2296 Dixitque
2713 2228 2789 2282 ad
2832 2236 3080 2299 pastores
3118 2247 3131 2285 :
3172 2235 3408 2299 Fratres,
3460 2231 3605 2287 unde

1898 2316 2079 2368 estis?
2124 2317 2393 2369 Dixerunt
2443 2330 2456 2370 :
2500 2318 2578 2371 De
2623 2317 2851 2371 Haran.
2907 2319 3035 2374 Post
3081 2319 3355 2376 visionem
3408 2320 3604 2391 itaque

1899 2402 2076 2473 putei,
2104 2403 2279 2459 Jacob
2310 2411 2565 2475 pastores
2605 2407 2749 2461 unde
2777 2405 2891 2463 sint
2933 2408 3267 2479 interrogat,
3314 2424 3445 2464 cum
3478 2417 3605 2479 post

1898 2491 2338 2563 intelligentiam
2382 2494 2741 2551 discretionis
2789 2496 3052 2567 animus,
3100 2498 3225 2554 vitii
3272 2498 3605 2569 supplanta-

1896 2588 2001 2648 tor,
2066 2581 2394 2651 spirituales
2442 2584 2545 2654 qui
2602 2598 2661 2639 se
2702 2593 2913 2656 regunt
2961 2594 3168 2654 motus,
3222 2587 3312 2642 vel
3357 2587 3602 2643 virtutes

1895 2671 2037 2725 unde
2079 2671 2215 2737 sint,
2263 2671 2316 2727 id
2347 2679 2431 2728 est
2454 2687 2527 2728 ex
2554 2687 2674 2743 qua
2702 2684 3002 2746 emergant
3034 2675 3344 2732 intentione
3375 2675 3600 2747 disqui-

1898 2759 2000 2828 rit,
2049 2760 2147 2816 sed
2198 2759 2278 2816 illi
2326 2775 2442 2817 non
2497 2762 2567 2818 de
2618 2764 2877 2833 appetitu
2932 2764 3120 2820 laudis
3165 2772 3267 2820 aut
3318 2764 3602 2821 desiderio

1898 2857 2158 2919 quastus
2204 2849 2530 2921 quidquam
2560 2850 2877 2920 insibilant,
2931 2854 3027 2908 sed
3074 2854 3143 2910 de
3175 2855 3386 2921 Haran,
3423 2854 3479 2909 id
3520 2861 3602 2909 est

1897 2953 1969 2995 ex
2003 2939 2302 2995 devotione
2334 2941 2707 3010 assequenda
2742 2942 3034 2998 electionis
3063 2957 3120 2999 se
3152 2943 3457 3013 procedere
3489 2950 3603 2999 tota

1897 3027 2136 3084 aﬂ‘ectus
2181 3028 2438 3085 claritate
2503 3031 2868 3100 respondent.
2923 3032 3119 3089 Haran
3166 3033 3317 3088 enim
3380 3034 3601 3088 electum

92 3122 184 3181 est,
214 3113 354 3185 quia
384 3113 514 3185 ejus
542 3112 911 3169 conformitas
945 3125 1124 3184 quam
1166 3112 1296 3170 fecit
1325 3112 1383 3169 in
1414 3114 1579 3170 nobis
1611 3115 1783 3169 inha-
1824 3124 1866 3180 c
1895 3125 2081 3173 sonat.

95 3200 383 3258 bitabitur.
445 3203 876 3272 Cunctorumque
918 3217 1038 3271 qua
1080 3202 1295 3258 dederis
1342 3205 1499 3270 mihi,
1550 3204 1786 3258 decimus

94 3292 305 3359 offeram
354 3292 480 3358 tibi,
532 3290 745 3347 scilicet
791 3305 992 3348 eorum
1045 3306 1176 3362 qua
1223 3292 1406 3349 fecero
1458 3300 1508 3349 te
1560 3293 1788 3349 favente

94 3382 364 3437 bonorum
416 3380 792 3451 perfectiones
834 3380 937 3437 tibi
968 3380 1304 3437 attribuam.
1356 3382 1423 3438 In
1471 3382 1785 3451 perfectum

99 3469 186 3543 [f.,
220 3467 647 3541 imperfectum]
692 3469 992 3525 novenarii
1024 3469 1185 3538 mihi,
1232 3470 1519 3528 decimum
1550 3472 1786 3544 integri-

97 3559 219 3616 tatis
247 3560 539 3616 ascribam
571 3558 692 3615 tibi.

696 3647 926 3705 CAPUT
964 3648 1178 3705 XXIX.

159 3736 329 3795 Vnus.
384 3740 436 3806 1,
472 3738 526 3790 2.
576 3766 644 3777 -
674 3738 953 3804 Profectus
1000 3752 1125 3804 ergo
1151 3736 1314 3792 Iacob
1360 3740 1511 3794 venit
1555 3739 1630 3794 ad
1673 3743 1788 3794 ter-

98 3842 208 3882 ram
269 3827 611 3895 orientalem,
668 3831 719 3880 et
790 3826 932 3880 vidit
983 3833 1205 3896 puteum
1272 3829 1332 3881 in
1377 3843 1510 3895 agro
1574 3834 1788 3898 tresque

100 3930 272 3985 greges
337 3918 524 3970 ovium
581 3915 900 3970 accubantes
963 3920 1135 3984 Juxta
1180 3931 1317 3970 eum.
1377 3918 1521 3973 Nam
1577 3933 1642 3972 ea:
1691 3920 1787 3973 illo

100 4003 518 4075 adaquabantur
558 4019 775 4074 pecora,
818 4008 869 4058 et
898 4018 955 4059 os
997 4008 1114 4074 ejus
1152 4005 1356 4073 grandi
1400 4005 1589 4075 lapide
1636 4007 1785 4062 clau-

102 4093 333 4149 debatur.
418 4092 832 4162 Proficiscitur,
905 4107 1039 4149 cum
1105 4094 1585 4165 magnanimitate
1656 4110 1786 4166 pro-

103 4183 361 4239 tenditur.
409 4182 506 4238 Ad
542 4186 745 4237 terram
787 4183 1100 4237 orientalem
1128 4184 1293 4238 Jacob
1332 4186 1499 4251 venit,
1550 4199 1683 4240 cum
1715 4185 1787 4241 ad

103 4271 431 4328 soliditatem
477 4284 746 4341 superna
792 4270 1191 4328 illustrationis
1234 4272 1431 4328 anima
1478 4273 1660 4330 fidelis
1701 4282 1787 4331 at-

107 4359 279 4431 tingit.
327 4361 566 4417 Terram
610 4359 703 4415 hic
731 4368 785 4416 et
815 4374 961 4429 sape
996 4360 1137 4416 alias
1184 4375 1288 4431 pro
1319 4362 1586 4419 firmitate
1618 4364 1787 4433 poni-

108 4462 242 4513 mus,
295 4448 436 4519 quia
506 4448 753 4504 solidnm
820 4449 1165 4505 elementum
1221 4457 1324 4506 est.
1394 4453 1559 4507 Terra
1610 4452 1786 4519 enim,

102 4536 261 4607 juxta
313 4538 737 4605 Ecclesiastem,
792 4540 851 4593 in
893 4543 1150 4593 aeternum
1198 4544 1311 4594 stat
1359 4539 1551 4611 (Eccle.
1606 4556 1645 4607 ι,
1706 4544 1785 4612 4).

106 4624 256 4682 Videt
311 4634 537 4696 puteum
585 4628 642 4681 in
700 4643 850 4695 agro,
902 4642 1037 4684 cum
1083 4627 1297 4684 fontem
1348 4630 1669 4699 prudentia
1724 4644 1791 4687 ac

106 4713 448 4772 discretionis
507 4716 566 4770 in
633 4715 917 4785 spirituali
993 4716 1236 4772 attendit
1299 4717 1592 4774 exercitio.
1663 4721 1789 4775 Tres

108 4818 275 4871 greges
332 4807 515 4859 ovium
562 4804 733 4874 juxta
796 4820 916 4859 eum
967 4805 1272 4873 accubant,
1332 4807 1471 4877 quia
1525 4815 1641 4864 tres
1709 4808 1789 4864 illi

110 4889 355 4949 Ecclesia
402 4892 657 4960 ordines,
712 4892 815 4963 qui
858 4893 917 4949 in
960 4894 1174 4965 pagina
1222 4894 1398 4951 veteri
1453 4895 1562 4951 sub
1613 4895 1789 4952 trium

111 4982 365 5049 personis,
397 4982 538 5048 Noe,
574 4981 768 5037 Daniel
813 4989 868 5038 et
894 4982 1015 5050 Job,
1048 4990 1102 5038 et
1132 4982 1190 5038 in
1238 4980 1529 5040 nona'sub
1572 4985 1793 5055 agrico-

114 5064 360 5139 lantium,
397 5069 762 5137 molentium,
797 5078 852 5126 et
884 5070 943 5125 in
995 5070 1138 5126 lecto
1181 5071 1606 5141 quiescentium
1656 5080 1789 5143 typo

115 5165 421 5226 signantur,
453 5174 489 5215 a
519 5157 714 5215 saeculi
745 5158 936 5215 labore
968 5168 1277 5230 pausantes
1302 5159 1617 5230 interdum,
1649 5161 1791 5217 hau-

115 5251 197 5299 stu
241 5247 532 5304 salutifero
593 5260 661 5302 ac
699 5248 1074 5319 contiguitate
1135 5257 1491 5305 recreantur.
1545 5252 1631 5305 Ex
1681 5250 1790 5306 hoc

116 5333 462 5405 adaquantur
508 5349 754 5407 pecora;
803 5351 959 5409 aqua
999 5336 1153 5394 enim
1183 5338 1476 5409 sapientia
1517 5338 1792 5395 salutaris

117 5430 287 5481 nostra
314 5426 558 5482 mitescit
601 5424 885 5483 hebetudo
926 5433 980 5482 et
1009 5426 1264 5496 pecualis
1302 5427 1547 5483 inscitia.
1594 5426 1700 5484 Sed
1730 5443 1792 5484 os

119 5509 227 5578 ejus
272 5514 477 5584 grandi
535 5513 725 5583 lapide
790 5514 1117 5584 clauditur,
1160 5516 1301 5586 quia
1365 5515 1663 5586 sapientia
1726 5531 1792 5573 ac

120 5600 339 5657 scientia
378 5618 411 5659 a
457 5604 577 5659 Deo
627 5602 790 5659 nobis
836 5603 1003 5671 data,
1051 5611 1107 5660 et
1147 5604 1340 5660 aditus
1379 5613 1434 5660 et
1484 5603 1677 5661 exitus
1718 5620 1791 5661 ne

120 5688 237 5755 quid
276 5691 539 5748 indecens
579 5690 805 5747 incedat
842 5699 944 5748 aut
973 5692 1234 5761 excedat,
1282 5698 1420 5749 114
1450 5706 1679 5749 necesse
1707 5701 1793 5750 est

1970 3206 2137 3263 VERS.
2189 3209 2239 3273 5,
2287 3208 2338 3269 6,
2392 3210 2445 3260 7.
2501 3237 2569 3246 ——
2609 3210 2812 3271 Nostis,
2862 3211 2966 3275 ait,
3018 3209 3209 3264 Laban
3248 3209 3434 3277 ﬁlium
3485 3212 3599 3266 Na-

1897 3296 2063 3350 chor?
2106 3296 2277 3351 Aiunt
2316 3311 2330 3349 :
2368 3296 2646 3351 Novimus.
2696 3298 2945 3351 Sanusne
2998 3303 3093 3362 est,
3141 3297 3364 3368 inquit?
3421 3300 3594 3362 Valet,

1897 3387 2175 3455 inquiunt.
2228 3386 2298 3439 Et
2340 3400 2453 3439 ecce
2500 3386 2709 3440 Rachel
2749 3388 2864 3455 ﬁlia
2915 3385 3035 3457 ejus
3080 3391 3227 3442 venit
3275 3404 3393 3442 cum
3440 3404 3599 3456 grege

1897 3490 2012 3531 suo.
2066 3476 2328 3543 Diaitque
2383 3474 2548 3530 Iacob
2590 3490 2603 3528 :
2638 3475 2835 3531 Adhuc
2886 3477 3117 3530 multum
3165 3477 3276 3530 diei
3330 3481 3593 3545 superest.

1897 3565 2112 3627 Nostis,
2145 3565 2250 3631 ait,
2293 3563 2640 3633 experiendo
2683 3563 2925 3620 calestis
2963 3565 3093 3621 vita
3131 3565 3459 3633 candorem,
3494 3566 3598 3636 qui

1897 3666 1970 3708 ex
2001 3652 2117 3707 Deo
2149 3649 2431 3722 gignitur,
2457 3665 2630 3722 quem
2664 3661 2887 3709 constat
2906 3668 3024 3709 esse
3047 3652 3283 3709 luminis
3300 3654 3599 3724 requiem?

1898 3740 1961 3796 Id
2010 3752 2244 3810 quoque
2293 3751 2352 3793 se
2410 3738 2675 3795 didicisse
2725 3740 2821 3809 pia
2880 3740 3179 3796 affectione
3237 3743 3597 3812 respondent.

1898 3827 2124 3885 Sanitas
2168 3826 2405 3897 Laban,
2448 3828 2690 3884 calestis
2738 3828 3005 3886 desiderii
3050 3830 3240 3886 innuit
3291 3831 3599 3902 integrita-

1900 3924 2029 3974 tem.
2076 3916 2280 3975 Valere
2330 3916 2528 3988 itaque
2578 3925 2828 3987 pastores
2868 3919 3206 3989 perhibent,
3254 3935 3387 3977 cum
3435 3921 3600 3977 nulla

1896 4006 2009 4063 nisi
2059 4016 2313 4075 superna
2374 4006 2447 4062 ab
2497 4006 2690 4062 animo
2747 4006 2956 4063 ambiri
3007 4007 3263 4077 ipsarum
3312 4009 3597 4064 virtutum

1899 4094 2225 4152 testimonia
2256 4094 2537 4164 clamant;
2570 4094 2668 4150 sed
2707 4094 2766 4150 in
2814 4095 2919 4151 hoc
2950 4096 3069 4165 ipso
3107 4095 3313 4152 mentis
3345 4104 3499 4153 statu
3531 4109 3600 4152 ac

1897 4184 2097 4255 vigore
2128 4183 2339 4239 Rachel
2382 4198 2517 4240 cum
2557 4198 2729 4255 grege
2761 4199 2865 4241 suo
2895 4185 3146 4253 advenit,
3182 4185 3323 4256 quia
3351 4193 3599 4242 contem-

1898 4272 2168 4343 plationis
2196 4272 2407 4329 divina
2439 4272 2687 4345 gloriosa
2718 4274 2814 4329 illa
2843 4282 2896 4330 et
2922 4274 3184 4345 virginea
3212 4275 3435 4345 puritas
3465 4289 3598 4331 cum

1898 4362 2060 4433 largo
2102 4362 2424 4433 gratiarum
2472 4369 2813 4419 caterarum
2849 4378 3087 4420 munere
3137 4371 3456 4434 opportune
3506 4362 3598 4419 in-

1829 4432 1871 4486 Ῑ)
1902 4432 2048 4507 ﬂuit.
2080 4452 2211 4506 Hac
2255 4451 2450 4506 Laban
2486 4450 2602 4506 ﬁlia
2629 4451 2861 4517 dicitur,
2914 4452 3055 4523 quia
3083 4467 3156 4509 ex
3176 4432 3453 4523 superna
3496 4452 3601 4507 cla-

1899 4540 2086 4596 ritatis
2114 4554 2308 4596 amore
2337 4540 2728 4610 progreditur.
2776 4540 2987 4597 Rachel
3017 4548 3209 4598 autem
3237 4545 3416 4597 visum
3435 4544 3600 4611 prin-

1898 4632 2103 4699 cipium
2150 4629 2591 4699 interpretatur,
2646 4629 2787 4685 illud
2844 4630 3056 4686 scilicet
3104 4631 3259 4700 quod
3308 4631 3596 4701 loquitur,

1897 4733 2034 4789 ergo
2080 4718 2453 4789 principium,
2506 4717 2657 4773 unde
2686 4725 2741 4773 et
2788 4717 2997 4788 loquor
3039 4719 3202 4774 vobis
3252 4719 3427 4790 (Joan.
3476 4734 3597 4785 vm,

1896 4809 2007 4879 25).
2057 4808 2269 4876 Adhuc,
2315 4807 2522 4878 inquit,
2573 4808 2802 4861 multum
2849 4807 2961 4861 diei
3002 4814 3267 4877 superest.
3313 4807 3471 4873 Quod
3516 4816 3601 4864 est

1898 4897 2087 4953 dicere
2120 4912 2132 4951 :
2166 4896 2286 4953 Etsi
2322 4896 2582 4967 aliquam
2611 4895 2825 4952 divina
2858 4896 3166 4952 scintillam
3196 4896 3602 4967 speculationis

1899 4986 2143 5057 attingo,
2182 4986 2305 5056 ipsa
2334 4985 2547 5042 divina
2576 4984 2915 5042 excellentia
2945 4985 3089 5041 lucis
3132 4985 3602 5057 incomparabili-

1901 5082 1986 5130 ter
2029 5074 2381 5145 praeminet,
2433 5089 2564 5145 qua
2621 5074 2780 5130 nullo
2827 5088 2950 5130 meo
2998 5075 3265 5131 acumine
3315 5075 3600 5146 penetrari

1898 5164 2071 5220 valet.
2110 5164 2211 5222 Vel
2246 5164 2413 5219 aliter
2443 5178 2455 5218 :
2493 5163 2635 5220 Cum
2672 5177 2832 5219 mens
2861 5177 3038 5233 supra
3066 5178 3125 5219 se
3157 5164 3378 5236 aliquid
3400 5178 3602 5235 sapere

1900 5251 2103 5322 incipit
2146 5251 2431 5319 divinum,
2460 5252 2717 5323 attigisse
2747 5266 2805 5309 se
2835 5253 3081 5309 aestimat
3124 5253 3299 5308 totius
3322 5253 3443 5323 jam
3492 5251 3604 5308 vir-

1899 5341 2038 5396 tutis
2098 5354 2432 5408 summum,
2482 5341 2576 5396 sed
2630 5341 3016 5412 intelligenter
3078 5341 3189 5397 sibi
3234 5341 3436 5406 infert,
3489 5340 3601 5397 sibi

1900 5429 2135 5484 multum
2179 5427 2311 5494 diei,
2365 5428 2419 5483 id
2458 5437 2542 5484 est
2572 5428 2784 5485 laboris
2816 5430 2873 5484 in
2918 5429 3088 5485 vinea
3132 5429 3328 5501 agenti
3361 5436 3598 5496 restare,

1897 5532 1992 5572 nec
2039 5522 2247 5586 tempus
2297 5532 2409 5571 esse
2468 5522 2528 5571 ut
2565 5518 2643 5573 ad
2678 5519 2865 5572 caulas
2904 5518 3241 5573 reducantur
3281 5533 3489 5587 greges,
3545 5519 3601 5574 id

1898 5611 1982 5660 est
2008 5612 2070 5659 ut
2099 5608 2313 5660 aterna
2338 5605 2456 5676 jam
2490 5606 2690 5675 requie
2715 5607 3005 5663 donentur
3033 5605 3379 5677 imperfecta
3409 5607 3604 5663 adhuc

1900 5694 2163 5750 virtutes.
2222 5697 2359 5749 Date
2401 5700 2526 5751 ante
2555 5700 2738 5751 votum
2780 5696 2988 5762 ovibus,
3032 5696 3349 5753 virtutibus
3388 5696 3604 5753 scilicet
