3924 6418
156 373 296 425 1037
1254 366 1837 424 DEFLORATIONES

1893 365 1992 424 SS.
2034 366 2345 425 PATRUM.
2386 397 2453 408 —
2491 368 2619 423 LIB.
2670 368 2740 423 ll.
3350 366 3489 429 1038

146 490 359 547 invidet
391 492 644 559 misero,
697 493 787 550 cui
835 492 919 549 cui
958 508 1150 549 revera
1185 508 1294 547 non
1333 493 1471 547 livor
1507 491 1780 560 objicitur,
1812 491 1869 551 A
1898 491 2029 545 nihil
2066 499 2169 558 est,
2211 508 2330 563 qua:
2402 491 2652 561 primitus
2732 490 2910 559 ipsum
2994 497 3272 549 auctorem
3326 490 3488 559 rodit,

150 577 248 631 sed
292 577 424 632 sola
495 578 887 634 misericordia
948 577 1262 633 adhibetur.
1313 577 1460 631 Multi
1516 585 1567 631 et
1608 577 1780 630 bonos

147 665 348 719 imitari
384 666 624 732 nolunt,
668 675 723 722 et
776 666 845 722 de
884 666 1151 722 bonorum
1190 664 1522 737 perfectibus
1560 664 1779 719 invidiae

142 752 322 809 livore
353 756 808 811 contabescunt.
856 754 976 824 Quo
1007 754 1064 809 ﬁt
1094 764 1150 809 ut
1178 770 1280 810 nec
1319 754 1395 808 illi
1434 753 1781 825 corrigantur

144 864 179 903 a
206 848 359 904 malo
393 865 529 916 suo,
567 851 672 905 sed
704 867 803 920 per
832 850 1091 905 invidiam
1120 850 1546 914 deteriorentur,
1591 856 1645 903 et
1675 848 1777 902 bo-

140 952 242 992 nos
282 956 315 991 a
343 948 513 993 recto
559 940 750 993 studio
775 946 1034 1011 quantum
1093 938 1148 992 in
1180 937 1313 1009 ipsis
1354 946 1456 999 est,
1492 937 1541 991 si
1580 945 1777 1008 potue-

142 1026 269 1093 rint,
302 1025 647 1098 depravare
679 1037 961 1083 conentur.
996 1026 1230 1097 Quando
1261 1027 1389 1082 boni
1419 1026 1591 1082 malos
1612 1025 1777 1096 proii-

145 1139 272 1179 cere
305 1124 530 1190 vident,
576 1125 1122 1192 nescandalizentur,
1156 1125 1253 1180 sed
1284 1140 1442 1197 quem
1469 1126 1578 1178 sint
1614 1122 1779 1179 ﬁnem

146 1211 393 1268 habituri
418 1214 678 1269 maxime
715 1214 981 1286 cogitent.
1028 1215 1142 1269 Hoc
1171 1214 1349 1270 omnis
1393 1213 1615 1268 invidus
1636 1212 1775 1269 alie-

147 1310 231 1364 nis
262 1311 582 1366 virtutibus
612 1319 835 1382 praestat
863 1330 875 1365 :
918 1312 1063 1383 quod
1092 1312 1252 1367 beato
1300 1311 1407 1367 Job
1438 1312 1603 1366 Satan
1634 1328 1777 1381 prae-

149 1398 285 1455 stitit
315 1401 463 1469 (Job.
502 1402 567 1470 ι).
605 1402 749 1456 Nam
778 1401 908 1455 dum
961 1402 1263 1456 cumulatus
1323 1400 1778 1471 prosperitatibus

147 1489 462 1544 commovit
536 1490 798 1555 adversa,
863 1506 1037 1544 unum
1080 1506 1202 1545 eum
1260 1489 1490 1544 credidit
1527 1489 1778 1543 diabolus

150 1593 317 1648 posse
348 1580 669 1648 prosterni,
701 1580 753 1632 in
779 1594 844 1633 eo
872 1586 1035 1634 aucta
1074 1586 1197 1633 sunt
1229 1580 1439 1642 merita,
1473 1578 1778 1649 atqueinde

152 1663 484 1717 claruerunt
558 1663 933 1734 probabiliora
990 1663 1260 1733 patientiae
1316 1663 1661 1717 documenta.
1702 1664 1778 1717 lta

152 1760 449 1832 requirunt
472 1760 656 1816 invidi
684 1761 889 1815 aditum
937 1760 1095 1817 malae
1128 1761 1303 1825 famae,
1336 1777 1437 1831 per
1478 1776 1637 1832 quam
1675 1760 1778 1814 bo-

1892 581 2215 636 excrucians
2246 580 2511 635 animum.
2546 579 2662 649 Qua
2693 579 2897 635 invidia
2925 579 3055 635 sevi
3089 596 3194 635 non
3228 579 3488 647 invenere

1892 669 2104 738 tyranni
2134 668 2315 739 majus
2345 677 2691 736 tormentum,
2749 670 2910 742 eique
2938 668 3025 725 vel
3080 668 3224 724 mala
3251 685 3352 741 per
3407 685 3489 735 se.

1892 773 1991 812 seu
2023 775 2123 828 per
2152 758 2287 813 alios
2317 757 2605 813 inferendo
2636 757 2723 814 vel
2752 757 3131 827 machinando,
3166 757 3379 830 ipsique
3402 754 3489 814 vel

1890 846 2045 901 factis
2075 848 2216 915 ejus,
2259 847 2377 902 sive
2408 847 2567 902 bonis
2596 846 2713 903 sive
2752 847 2914 901 malis
2944 845 3287 919 derogando,
3321 846 3485 903 etiam

1888 951 1954 990 ea
1984 935 2347 1005 pervertendo
2372 951 2572 991 nocere
2593 936 2762 1006 cupit.
2794 936 2955 990 Bonae
2972 952 3202 1007 quorum
3236 935 3487 992 volunta-

1887 1024 1956 1084 tis
1987 1024 2329 1080 dulcedinem
2361 1039 2544 1080 amaro
2560 1022 2683 1080 felle
2701 1024 2921 1080 malitiae
2941 1024 3158 1095 penitus
3179 1024 3483 1095 exstirpare

1887 1120 1975 1178 vel
2013 1119 2237 1177 inﬁcere
2302 1121 2466 1194 gestit
2520 1121 2836 1178 charitatem
2890 1121 3291 1192 proximorum,
3368 1136 3479 1193 qua

1887 1226 2076 1267 eorum
2106 1210 2193 1265 vel
2247 1209 2392 1265 bona
2430 1209 2517 1267 vel
2554 1209 2699 1266 mala
2751 1217 2934 1266 nostra
2993 1208 3361 1267 existimantes
3399 1210 3482 1267 eis

1884 1305 1980 1363 vel
2020 1307 2365 1379 congaudere
2404 1307 2489 1362 vel
2544 1306 2838 1364 condolere
2875 1306 3157 1375 debemus,
3218 1321 3328 1363 una
3355 1323 3478 1365 cum

1885 1396 2257 1467 superioribus
2287 1395 2536 1467 superbia
2566 1395 2776 1452 scilicet
2803 1403 2857 1451 et
2886 1412 3027 1452 vana
3054 1396 3228 1467 gloria
3248 1412 3478 1468 prorsus

1886 1484 2124 1554 expellit.
2165 1484 2302 1539 Nam
2356 1484 2473 1539 sine
2498 1484 2619 1539 aliis
2650 1485 2767 1540 haec
2795 1486 3019 1540 omnino
3066 1485 3245 1540 locum
3276 1485 3477 1543 habere

1886 1588 1996 1627 non
2043 1573 2256 1643 poterit.
2315 1572 2519 1627 Invidia
2574 1572 2758 1645 itaque
2814 1572 3180 1645 exstinguitur
3235 1572 3480 1630 charitas

1888 1686 1994 1743 qua
2021 1669 2264 1742 diligitur
2293 1668 2516 1737 bonum,
2550 1671 2698 1742 quod
2744 1686 2936 1727 omnes
2964 1670 3246 1743 possidere
3276 1686 3479 1743 possu-

1886 1775 2028 1827 mus,
2079 1766 2131 1814 et
2159 1758 2360 1830 singuli
2394 1767 2585 1813 totum.
2618 1758 2727 1815 Sed
2781 1760 2886 1816 hoc
2914 1774 2947 1814 a
2978 1758 3192 1815 nemine
3220 1759 3480 1831 posside—

157 1864 356 1903 norum
403 1849 591 1904 vitam
658 1848 958 1917 maculent,
1025 1851 1165 1906 sicut
1207 1849 1523 1921 quaerebant
1587 1847 1782 1904 ostium
1812 1844 1866 1905 Β
1897 1856 2000 1914 tur,
2053 1846 2160 1901 nisi
2217 1845 2307 1919 qui
2376 1846 2617 1919 perfecte
2662 1847 2867 1903 deserit
2902 1847 3217 1917 hujusmodi
3268 1848 3480 1921 cupidi-

161 1933 472 1989 Sodomitae
510 1953 526 2000 ;
573 1942 629 1988 ut
662 1934 890 1988 Domum
932 1934 1030 1988 Lot
1074 1934 1303 1989 nocituri
1356 1933 1658 1988 introirent.
1703 1932 1785 1986 Illi

163 2046 296 2085 vero
328 2031 589 2086 caecitate
625 2031 825 2085 erroris
852 2029 1091 2101 parietes
1122 2030 1397 2096 videbant,
1429 2030 1628 2085 ostium
1674 2046 1785 2085 non

163 2118 540 2173 inveniebant
573 2120 737 2188 (Gen.
782 2119 929 2182 xxx).
979 2119 1098 2173 Non
1138 2118 1296 2174 aliter
1352 2118 1519 2173 invidi
1547 2117 1783 2174 videndo

165 2207 315 2262 velut
346 2207 575 2279 pariete
611 2208 830 2263 virtutes
890 2207 1235 2262 dissimulant
1266 2224 1280 2269 ;
1316 2207 1447 2261 vitia
1482 2223 1612 2262 vero
1650 2224 1785 2278 per-

166 2305 419 2375 quirunt,
452 2322 563 2376 per
584 2321 705 2375 quae
769 2321 956 2361 eorum
987 2305 1382 2361 conscientiam
1414 2313 1597 2359 urant.
1645 2304 1785 2359 Invi-

166 2394 271 2449 diae
299 2394 652 2451 diabolicum
684 2393 908 2459 malum,
940 2394 1007 2449 de
1032 2393 1287 2464 superbia
1314 2401 1367 2449 et
1404 2410 1546 2449 vana
1600 2394 1785 2466 gloria

167 2482 564 2553 principaliter
596 2491 957 2555 procreatum,
993 2491 1044 2539 et
1101 2498 1490 2553 nonnunquam
1528 2500 1625 2555 per
1653 2499 1783 2539 ava-

170 2580 344 2635 ritiam
379 2588 638 2644 auctum,
714 2578 859 2651 quod
887 2595 981 2634 cor
1036 2579 1269 2633 hominis
1298 2579 1367 2635 de
1397 2580 1784 2651 temporalibus

168 2670 282 2727 sive
316 2670 704 2741 spiritualibus
744 2667 972 2738 proximi
1011 2668 1169 2724 bonis
1208 2668 1489 2725 tabescere
1519 2678 1572 2725 et
1599 2686 1783 2742 regre-

175 2774 331 2815 scere
373 2758 691 2815 mortaliter
718 2756 845 2812 facit
877 2776 888 2811 :
930 2757 1089 2827 juxta
1128 2757 1228 2813 hoc
1264 2773 1276 2813 :
1309 2758 1526 2813 Justius
1580 2757 1784 2814 invidia

1195 3048 1592 3150 DOMIN
1606 3046 1809 3151 [CA

1892 1951 2073 2010 tatem,
2108 1960 2227 2016 qua:
2255 1951 2337 1999 est
2368 1950 2550 1999 mater
2577 1943 2819 2001 invidiae.
2849 1944 2986 2000 Nam
3018 1944 3283 2017 quidquid
3309 1945 3362 2001 in
3379 1947 3483 2003 hoc

1891 2032 2095 2087 mundo
2131 2031 2591 2103 concupiscimus,
2641 2033 2747 2090 hoc
2775 2032 2967 2105 procul
3024 2034 3188 2090 dubio
3217 2034 3483 2106 proximis

1890 2121 2220 2177 invidemus.
2261 2121 2483 2176 Videtur
2531 2122 2676 2177 enim
2732 2122 2863 2194 quia
2917 2122 3076 2177 nobis
3122 2121 3284 2194 desit,
3334 2123 3482 2196 quod

1890 2210 2023 2266 alter
2051 2210 2376 2281 assequitur.
2412 2210 2477 2265 Et
2503 2210 2628 2283 quia
2667 2226 2884 2281 semper
2913 2210 3113 2266 invidia
3144 2211 3421 2269 discordat
3449 2229 3482 2269 a

1890 2309 2037 2364 bona
2062 2308 2359 2376 voluntate,
2390 2323 2542 2376 mox,
2574 2315 2633 2363 ut
2679 2314 2924 2365 mentem
2977 2310 3094 2367 hac
3130 2311 3356 2382 ceperit,
3387 2310 3486 2367 illa

1890 2396 2148 2453 discedit.
2197 2396 2482 2452 Proximos
2529 2405 2711 2452 autem
2757 2397 3036 2471 diligimus
3092 2398 3236 2457 sicut
3264 2416 3386 2469 nos,
3435 2398 3485 2456 si

1890 2498 1999 2537 non
2057 2490 2275 2553 propter
2302 2480 2513 2553 aliquas
2558 2481 2818 2539 utilitates
2846 2490 3079 2551 nostras,
3123 2500 3231 2540 non
3261 2492 3486 2557 propter

1891 2570 2157 2627 beneficia
2187 2579 2402 2641 sperata
2430 2569 2519 2626 vel
2548 2578 2794 2641 accepta,
2827 2571 2927 2629 sed
2973 2580 3203 2644 propter
3234 2573 3340 2630 hoc
3369 2581 3485 2629 tan-

1890 2668 2026 2726 tum,
2060 2659 2203 2732 quod
2237 2667 2364 2714 sunt
2414 2668 2619 2716 naturae
2646 2668 2850 2717 nostra
2906 2677 3005 2719 seu
3034 2660 3233 2719 divina».
3292 2661 3488 2736 gratia

1891 2758 2203 2832 participes,
2236 2757 2324 2816 vel
2352 2764 2410 2814 ut
2440 2758 2587 2827 fiant,
2619 2757 2918 2833 diligimus.

1912 3045 2474 3173 QUARTA.

1478 3290 1873 3357 Secundum
1904 3290 2179 3356 Lucam.

258 3466 281 3492 ι
308 3444 500 3501 Estote
525 3441 914 3499 misericordes
944 3441 1089 3498 sicut
1116 3446 1173 3497 et
1220 3444 1380 3497 Pater
1413 3450 1592 3498 vester
1621 3442 1791 3499 mise-

1900 3431 1982 3479 est
2008 3423 2265 3497 quoniam
2308 3423 2600 3492 temeritas,
2629 3437 2735 3497 qua
2786 3424 2948 3497 punis
2977 3425 3163 3496 alium,
3223 3430 3278 3485 te
3306 3429 3497 3501 puniat

190 3531 366 3588 ricors
432 3540 519 3589 est
545 3534 707 3604 (Lar.
743 3534 839 3594 v1).
877 3554 899 3580 ι
933 3533 1141 3585 Natura
1170 3531 1271 3586 Dei
1302 3532 1651 3603 impassibilis
1680 3539 1790 3589 est.

190 3619 337 3676 Sicut
366 3630 558 3677 autem
593 3620 731 3676 zelat
759 3620 878 3675 sine
923 3620 1108 3691 aliquo
1147 3619 1341 3687 livore,
1375 3620 1628 3676 irascitur
1680 3622 1798 3677 sine

191 3708 373 3781 aliqua
408 3710 849 3782 perturbatione,
880 3709 1104 3780 poenitet
1132 3725 1253 3764 eum
1272 3709 1392 3765 sine
1424 3710 1653 3779 alicujus
1684 3727 1797 3766 sua:

190 3809 477 3876 pravitatis
512 3808 886 3879 correptione,
920 3809 989 3862 ita
1020 3814 1101 3862 est
1136 3808 1350 3878 patiens
1382 3807 1499 3862 sine
1527 3807 1634 3863 ulla
1668 3824 1796 3880 pas-

194 3895 364 3967 sione,
400 3907 452 3953 et
486 3898 780 3952 miseretur
807 3896 922 3951 sine
950 3896 1132 3967 aliquo
1154 3896 1359 3953 dolore.
1395 3920 1415 3944 ει
1453 3897 1638 3952 Estote
1664 3913 1798 3969 ergo

193 3993 244 4039 et
268 4002 366 4041 vos
397 3986 655 4057 perfecti,
686 3984 823 4040 sicut
853 3993 906 4041 et
964 3986 1123 4040 Pater
1180 3992 1361 4040 vester
1396 3985 1633 4041 ccelestis
1664 4002 1796 4057 per-

194 4078 360 4138 fectus
389 4094 472 4139 est
503 4083 735 4156 (Matth.
774 4100 826 4150 v,
858 4084 971 4153 28).
1012 4105 1033 4130 ιο
1061 4082 1235 4151 Sicut,
1278 4082 1643 4138 similitudinis
1691 4091 1795 4151 est,

188 4185 294 4225 non
324 4172 669 4242 quantitatis.
708 4173 916 4226 Sensus
964 4188 1098 4244 ergo
1154 4171 1277 4226 talis
1307 4180 1390 4227 est
1424 4190 1435 4225 :
1471 4174 1633 4227 Prout
1686 4189 1797 4244 po-

195 4261 364 4332 testis,
396 4260 632 4334 perfecti
664 4270 860 4325 estote,
898 4267 951 4315 ut
984 4260 1191 4332 queatis
1221 4262 1490 4331 prodesse
1520 4262 1681 4317 etiam
1705 4262 1801 4317 ini-

198 4349 349 4405 micis
383 4370 393 4406 :
426 4352 575 4423 quod
606 4352 782 4405 Deum
814 4349 993 4405 facere
1024 4349 1374 4404 manifestum
1409 4356 1509 4405 est.

272 4488 293 4513 ι
343 4466 531 4523 Nolite
591 4465 833 4535 judicare
898 4472 955 4519 ut
1011 4480 1119 4519 non
1164 4465 1514 4533 judicemini.
1582 4467 1641 4521 In
1690 4483 1797 4537 quo

206 4552 344 4608 enim
369 4556 580 4624 judicio
606 4553 982 4624 judicavertis,
1002 4554 1403 4623 judicabimini.
1452 4554 1632 4610 Nolite
1662 4570 1799 4611 con—

208 4641 482 4712 demnare,
518 4652 574 4698 ut
601 4660 709 4699 non
740 4642 1258 4699 condemnabimini.
1298 4666 1320 4691 n
1350 4644 1431 4699 De
1460 4643 1639 4699 dubiis
1655 4643 1799 4713 judi-

197 4744 339 4799 care,
368 4742 424 4789 et
454 4740 746 4805 suspectos
798 4732 955 4802 quasi
987 4747 1113 4787 reos
1153 4732 1542 4800 condemnare,
1575 4733 1795 4805 penitus

199 4829 407 4899 repellit
437 4848 469 4888 a
498 4830 679 4886 nobis.
737 4829 917 4885 Dubia
969 4844 1101 4902 ergo
1130 4828 1185 4883 in
1234 4830 1426 4886 melius
1465 4832 1792 4903 interprete-

199 4926 337 4980 mur,
359 4916 486 4985 quia
536 4915 606 4969 de
636 4912 959 4981 manifestis,
1021 4921 1075 4967 ut
1106 4922 1232 4968 sunt
1288 4922 1497 4986 stupra,
1532 4916 1794 4987 blasphe-

200 5000 337 5065 miae,
369 5004 537 5072 furta,
569 5001 884 5071 ebrietates,
920 5008 973 5057 et
1027 5001 1111 5055 his
1142 5001 1361 5069 similia,
1398 5004 1555 5059 nobis
1586 5012 1794 5060 tantum

200 5096 434 5164 judicare
463 5100 818 5173 permittitur.
851 5099 931 5155 De
961 5098 1141 5154 dubiis
1170 5100 1433 5171 scriptum
1462 5110 1545 5157 est
1578 5122 1590 5158 :
1629 5126 1650 5152 ε
1675 5105 1794 5159 Νο-

207 5185 291 5241 lite
324 5200 441 5245 aute
473 5199 690 5260 tempus
712 5188 984 5261 judicare,
1045 5190 1403 5263 quoadusque
1454 5191 1635 5247 veniat
1687 5194 1796 5248 Do-

208 5284 398 5356 minus,
432 5298 487 5344 et
520 5286 785 5342 illuminet
816 5286 1139 5342 abscondita
1196 5289 1537 5343 tenebrarum
1587 5292 1637 5360 (l
1669 5292 1790 5348 Cor.

208 5375 299 5433 IV).
334 5399 355 5423 η
388 5378 510 5433 Duo
532 5384 653 5431 sunt
680 5376 732 5429 in
756 5375 957 5449 quibus
1013 5377 1360 5432 temerarium
1396 5377 1666 5448 judicium
1697 5397 1791 5436 ca-

211 5485 332 5529 vere
358 5475 638 5543 debemus,
670 5489 797 5531 cum
852 5474 1123 5530 incertum
1153 5490 1260 5547 quo
1289 5476 1469 5532 animo
1498 5476 1625 5534 ﬁant
1671 5496 1794 5551 quae

212 5556 341 5617 bene
396 5572 445 5621 et
475 5564 617 5619 male
670 5561 785 5619 ﬁeri
815 5571 1067 5634 possunt,
1118 5565 1205 5621 vel
1233 5581 1356 5621 cum
1386 5566 1652 5622 incertum
1712 5575 1795 5623 est

216 5650 376 5719 qualis
404 5654 616 5710 futurus
682 5651 872 5723 sitqui
929 5667 1074 5708 nunc
1126 5652 1214 5710 vel
1268 5654 1443 5709 malus
1476 5656 1563 5711 vel
1618 5657 1795 5712 bonus

215 5758 441 5817 apparet.
472 5749 739 5822 Nunquid
769 5748 815 5803 si
871 5757 1078 5806 temere
1103 5750 1557 5822 judicaverimus,
1591 5762 1797 5811 temere

217 5832 352 5894 Deus
379 5840 445 5900 de
475 5838 636 5896 nobis
659 5838 926 5911 judicabit
948 5838 976 5894 τ
1005 5840 1168 5899 Absit
1203 5843 1215 5897 l
1248 5841 1357 5901 Sed
1383 5840 1796 5915 intelligendum

1897 3528 2126 3569 necesse
2157 3520 2261 3568 est.
2322 3513 2461 3570 Hinc
2490 3512 2623 3569 alibi
2678 3513 2787 3571 ait:
2825 3538 2847 3563 -
2883 3514 2987 3586 Qui
3016 3518 3347 3587 percusserit
3374 3519 3496 3592 gla-

1896 3601 2007 3669 dio,
2042 3601 2225 3675 gladio
2253 3601 2453 3673 peribit
2477 3604 2631 3673 (Luc.
2681 3604 2838 3674 xxn),
2896 3628 2920 3654 ιο
2956 3604 3210 3665 videlicet
3258 3608 3495 3681 peccati,

1896 3690 2044 3760 quod
2066 3706 2189 3747 cum
2220 3690 2405 3763 gladio
2434 3690 2619 3747 ferreo
2641 3692 2947 3749 committit.

1972 3810 1995 3836 s
2031 3788 2250 3843 Dimitte
2282 3796 2336 3843 et
2363 3788 2725 3858 dimittemini,
2757 3789 2884 3846 date
2915 3798 2968 3846 et
2995 3789 3217 3848 dabitur
3246 3793 3429 3851 vobis.
3469 3820 3492 3846 .

1897 3875 2162 3931 Dimittite
2218 3876 2457 3946 injurias
2524 3884 2578 3933 et
2632 3878 2754 3934 date
2822 3877 3105 3948 beneﬁcia,
3163 3889 3223 3936 ut
3277 3892 3502 3955 peccata

1896 3973 2084 4022 vestra
2107 3965 2263 4021 vobis
2291 3966 2646 4037 dimittantur,
2674 3976 2728 4025 et
2758 3968 2868 4024 vita
2896 3968 3055 4025 detur
3079 3977 3303 4028 aeterna.

1977 4104 1998 4130 α
2032 4082 2341 4137 Mansuram
2365 4081 2571 4137 bonam
2600 4090 2655 4139 et
2719 4083 2977 4140 refertam
3005 4093 3055 4141 et
3084 4087 3410 4160 coagitatem
3441 4095 3497 4146 et

1900 4170 2380 4241 supereﬂluentem
2410 4171 2619 4226 dabunt
2668 4172 2726 4227 in
2758 4172 2938 4229 sinum
2981 4184 3261 4248 vestrum;
3300 4199 3321 4227 ι
3357 4178 3496 4235 Huic

1897 4258 2077 4314 simile
2107 4267 2194 4315 est
2226 4260 2373 4332 quod
2402 4260 2529 4314 alibi
2557 4259 2762 4317 dicitur
2794 4279 2809 4317 :
2856 4285 2878 4309 α
2913 4263 2981 4319 Ut
3009 4269 3065 4319 et
3095 4264 3198 4336 ipsi
3229 4266 3498 4339 recipiant

1896 4362 1995 4403 vos
2026 4349 2079 4401 in
2109 4356 2310 4403 aeterna
2331 4348 2678 4404 tabernacula
2726 4350 2876 4421 (Luc.
2934 4354 3071 4423 xu).
3110 4377 3131 4402 ιι
3167 4351 3251 4409 Illi
3297 4354 3499 4427 quibus

1896 4436 2279 4506 eleemosynas
2307 4436 2508 4491 dabitis
2527 4437 2751 4505 dabunt,
2776 4439 2829 4493 id
2856 4447 2938 4495 est
2960 4456 3132 4497 causa
3153 4451 3307 4498 erunt
3328 4460 3499 4516 quare

1896 4524 2164 4580 Dominus
2194 4525 2345 4580 dabit
2374 4526 2428 4580 in
2459 4526 2638 4581 sinum
2668 4535 2930 4595 vestrum,
2954 4528 3009 4585 id
3038 4539 3120 4585 est
3149 4530 3206 4586 in
3231 4546 3495 4604 magnam

1896 4622 2250 4678 securitatem
2280 4641 2295 4690 ;
2326 4638 2637 4678 mensuram
2667 4624 2888 4695 bonam,
2922 4626 3087 4682 vitam
3114 4627 3321 4684 scilicet
3338 4635 3498 4686 mter-

1897 4726 2045 4779 nam,
2077 4711 2394 4778 confertam,
2426 4711 2679 4768 omnibus
2706 4712 2960 4770 videlicet
3006 4716 3211 4771 sanctis
3242 4716 3495 4774 collatam

1823 4802 1876 4863 D
1906 4807 1960 4857 et
1989 4816 2113 4856 cum
2142 4800 2353 4873 angelis
2408 4800 2754 4874 coagitatam,
2785 4802 2842 4858 id
2897 4810 2981 4858 est
3008 4804 3350 4874 conjunctam
3383 4824 3399 4875 ;
3440 4814 3499 4864 et

1903 4896 2402 4966 supereﬁluentem,
2435 4897 2539 4955 hoc
2589 4907 2673 4955 est
2722 4915 2889 4971 super
2940 4901 3192 4957 meritum
3246 4911 3492 4962 nostrum

1902 4984 2291 5041 abundantem.
2332 4986 2494 5042 Sinus
2544 4987 2670 5044 ideo
2722 4987 2993 5059 accipitur
3022 5006 3123 5062 pro
3172 4992 3490 5064 securitate,

1903 5073 2027 5145 quia
2058 5073 2222 5130 valde
2252 5075 2431 5131 securi
2458 5092 2644 5132 sumus
2673 5076 2743 5133 de
2771 5077 2855 5132 his
2884 5093 3003 5151 quae
3027 5078 3082 5134 in
3112 5079 3233 5136 sinu
3286 5098 3491 5139 recon-

1902 5171 2100 5225 dimus.
2134 5171 2229 5227 Vel
2260 5189 2357 5242 per
2408 5172 2588 5230 sinum
2616 5174 2864 5249 intelligo
2918 5177 3314 5235 conscientiam
3368 5180 3491 5240 sive

1901 5268 2101 5317 emtum
2131 5270 2464 5320 sanctorum.

1976 5404 1999 5436 ε
2036 5385 2100 5440 Et
2129 5385 2183 5439 in
2231 5403 2336 5458 qua
2384 5403 2600 5443 mesura
2657 5390 2833 5445 mensi
2887 5388 3124 5462 fueritis,
3181 5393 3495 5453 remetiatur

1900 5472 2108 5528 vobis.»
2145 5472 2483 5531 Generaliter
2510 5477 2579 5532 de
2608 5478 2862 5533 omnibus
2919 5496 3041 5552 qua
3068 5490 3268 5550 mente,
3301 5499 3489 5554 manu,

1900 5561 2086 5632 lingua
2112 5562 2358 5634 gerimus
2382 5564 2555 5637 accipi
2585 5574 2782 5637 potest,
2814 5568 2947 5641 quia
2968 5569 3123 5625 Deus
3153 5570 3345 5629 reddet
3373 5579 3494 5629 sin-

1904 5650 2049 5727 gulis
2075 5653 2373 5707 secundum
2405 5669 2578 5726 Opera
2606 5670 2815 5711 eorum.

1979 5780 2000 5806 α
2037 5757 2181 5828 Quid
2211 5768 2397 5817 autem
2427 5761 2580 5819 vides
2608 5760 2877 5820 festucam
2909 5763 2965 5819 in
2993 5765 3151 5823 oculo
3179 5766 3361 5825 fratris
3390 5767 3489 5836 tui,

1906 5854 1960 5905 et
2011 5848 2224 5905 trabem
2253 5848 2311 5905 in
2360 5849 2518 5909 oculo
2564 5857 2658 5909 tuo
2700 5866 2813 5911 non
2839 5851 3021 5913 vides.
3073 5855 3193 5915 Aut
3220 5857 3495 5929 quomodo
