3924 6400
386 387 527 446 ηδε)
1528 367 1873 427 WERNERI
1910 365 2016 423 AB]

2126 360 2198 419 IS
2225 359 2295 418 S.
2335 360 2559 417 BLASII
3557 360 3705 416 ιοιο

386 513 524 571 dicis
551 509 709 568 fratri
731 517 822 566 tuo
852 528 865 565 :
896 539 965 549 —
992 505 1120 563 Sine
1151 498 1368 573 ejiciam
1400 496 1666 553 festucam
1695 494 1801 551 deo
1829 491 1990 551 oculo
2022 491 2076 551 A
2104 502 2250 544 nunc
2274 492 2549 558 postrema
2574 500 2588 554 ;
2622 490 2697 553 et,
2731 481 2876 557 quod
2907 480 3085 573 magis
3112 488 3441 573 me‘gravat,
3499 483 3567 539 ad
3598 498 3706 541 eo-

384 569 498 671 tuo,
530 608 664 657 —et
693 614 825 657 ecce
846 596 1032 654 trabes
1054 593 1109 649 in
1131 569 1292 648 oculo
1312 597 1405 644 tuo
1418 588 1479 642 ἲ»
1502 584 1558 642 Si
1606 584 1728 657 quis
1751 583 1834 638 ira
1855 596 1993 653 pec-
2102 578 2353 632 mitatum
2382 582 2531 671 tuum
2562 588 2670 671 non
2686 579 2896 671 .vocata.
2914 569 3511 671 accedo?.Econtrario
3536 573 3700 630 veri-

384 659 496 759 cat,
521 698 580 747 tu
605 705 723 746 non
745 687 917 745 debes
969 682 1096 742 odio
1123 676 1558 753 reprehendere.
1582 675 1819 730 Tantum
1848 670 1994 727 enim
2104 673 2191 759 tas
2220 664 2519 738 respondit,
2578 662 2635 717 in
2686 662 2791 718 hac
2846 660 2929 716 via
2968 667 3076 759 tua
3114 659 3539 759 misericordiam
3594 678 3703 721 ω-

386 748 549 838 distat
575 779 710 835 inter
735 777 873 834 iram
904 783 959 832 et
986 748 1204 839 odium,
1255 773 1520 840 quantum
1550 764 1695 819 inter
1723 762 1988 819 festucam
2104 753 2288 810 mitem
2320 767 2424 810 nec
2454 767 2583 808 esse
2612 766 2799 824 posse,
2859 764 2964 807 nec
2990 748 3215 817 debere,
3260 748 3384 806 ideo
3411 750 3532 822 quia
3560 766 3709 810 con-

384 888 438 940 et
466 879 702 935 trabem.
733 874 934 933 Odium
963 871 1107 929 enim
1142 876 1226 927 est
1259 867 1345 924 ira
1374 866 1705 923 inveterata.

461 1011 483 1038 α
512 982 833 1060 Hypocrita,
859 980 1000 1053 ejice
1022 978 1262 1052 primum
1291 974 1508 1031 trabem
1569 971 1638 1028 de
1668 967 1838 1060 oculo
1883 975 1994 1060 tuo.

387 1085 441 1137 et
464 1056 837 1133 tunc—videbis
888 1069 1094 1142 ejicere
1144 1067 1406 1123 festucam
1464 1062 1535 1118 de
1593 1058 1755 1117 oculo
1813 1056 2000 1113 fratris

388 1177 484 1246 tui,
520 1199 542 1225 υ
576 1159 734 1231 idest
766 1171 948 1244 primo
973 1168 1075 1224 abs
1106 1175 1179 1233 te,
1217 1164 1430 1223 scilicet
1457 1161 1526 1218 ab
1576 1157 1875 1215 intentione
1903 1164 1999 1246 tua

391 1274 446 1323 et
470 1244 542 1322 de
566 1268 738 1321 corde
767 1270 860 1316 tuo
891 1257 1112 1331 expelle
1128 1256 1335 1319 odium,
1367 1256 1449 1323 ut,
1469 1251 1539 1307 de
1567 1249 1773 1306 lumine
1800 1244 1999 1301 mentis

386 1355 545 1413 trabe
574 1350 821 1409 mortalis
850 1348 1098 1406 criminis
1119 1346 1311 1415 ejecta,
1343 1338 1601 1412 exemplo
1630 1337 1809 1409 potius
1836 1350 1998 1405 quam

388 1453 547 1513 dictis
586 1452 790 1508 docere
818 1447 999 1503 valeas
1029 1444 1245 1500 minora
1265 1439 1489 1498 excludi
1517 1443 1765 1510 peccata,
1792 1450 1912 1506 quae
1941 1432 1998 1487 in

387 1544 599 1602 festuca
661 1537 1075 1612 signiﬁcantur.
1135 1532 1273 1590 Cum
1339 1527 1645 1586 necessitas
1710 1539 1811 1580 nos
1850 1520 1999 1612 cogit

393 1632 633 1704 aliquem
666 1610 1098 1699 reprehendere,
1137 1621 1317 1694 primo
1348 1618 1654 1692 cogitemus
1681 1610 1999 1704 utrumtale

392 1698 581 1780 vitium
630 1698 871 1789 unquam
927 1712 1241 1776 habuimus,
1282 1716 1337 1764 et
1390 1708 1436 1762 si
1474 1719 1750 1776 nunquam
1793 1698 1999 1756 habui-

390 1839 534 1890 mus,
593 1819 905 1891 cogitemus
945 1829 1048 1869 nos
1117 1810 1328 1866 habere
1391 1806 1662 1879 potuisse.
1736 1799 1999 1891 Homines

392 1887 539 1970 enim
567 1887 777 1965 sumus.
803 1905 944 1960 Hinc
974 1910 1056 1958 est
1084 1900 1217 1955 illud
1248 1897 1515 1969 sapientis
1544 1912 1591 1949 εκ
1611 1891 1757 1948 Nihil
1779 1887 2001 1945 humani

393 2001 634 2058 alienum
693 2013 726 2051 a
780 2011 867 2049 me
930 2000 1087 2064 puto.
1131 2011 1152 2038 ι)
1190 1988 1247 2045 Si
1304 2001 1437 2042 vero
1467 1983 1775 2050 habuimus,
1816 1984 2001 2051 tangat

393 2111 695 2156 memoram
726 2090 1033 2149 communis
1064 2086 1373 2151 infirmitas,
1421 2090 1480 2138 ut
1510 2078 2001 2153 reprehensionem

392 2189 544 2246 illam
564 2201 676 2241 non
703 2182 911 2247 odium,
963 2178 1063 2235 sed
1092 2172 1476 2232 misericordia
1504 2169 1803 2243 praecedat.
1844 2165 2001 2235 Quod

395 2277 444 2334 si
470 2292 575 2333 nos
604 2275 748 2330 idem
776 2270 963 2328 vitium
1016 2266 1284 2323 habemus
1312 2263 1368 2318 in
1420 2277 1529 2334 quo
1576 2267 1659 2315 est
1689 2257 1780 2313 ille
1840 2270 2002 2328 quem

397 2363 804 2439 reprehendere
836 2358 1108 2424 volumus,
1164 2370 1274 2410 non
1322 2349 1799 2439 reprehendamus
1827 2345 1999 2410 illum,

394 2434 495 2520 sed
520 2458 1011 2532 congemiscamus,
1034 2461 1090 2509 et
1116 2466 1226 2508 non
1256 2449 1408 2504 illum
1429 2447 1498 2503 ad
1512 2434 2002 2532 obtemperantium

2107 850 2289 907 silium
2319 849 2582 906 voluntati
2612 849 2729 919 ejus
2763 847 3099 907 contrarium
3148 847 3217 902 sit
3262 848 3584 918 ordinatum,
3637 858 3707 906 et

2105 939 2310 997 idcirco
2337 940 2393 994 in
2423 940 2539 1009 ejus
2569 953 2734 1010 opere
2784 952 3031 1010 praesens
3059 935 3181 1009 ipsa
3208 952 3331 994 esse
3357 953 3463 994 non
3495 940 3701 1011 possit:

2106 1036 2221 1085 tum
2251 1028 2417 1085 etiam
2472 1027 2602 1101 quia
2657 1042 2782 1084 cum
2837 1026 2956 1097 ipso
2985 1040 3213 1097 egressa
3265 1041 3373 1083 non
3427 1027 3512 1083 sit.
3552 1027 3703 1085 Dixit

2108 1125 2272 1182 etiam
2303 1125 2426 1198 ipsa
2453 1124 2893 1182 misericordiam
2923 1123 3104 1197 magis
3132 1131 3384 1196 oportere
3432 1124 3701 1182 rationem

2107 1215 2343 1272 reddere
2375 1230 2544 1289 quare
2571 1215 2693 1287 ipsa
2722 1213 3028 1285 egredienti
3062 1214 3295 1269 Domino
3323 1228 3432 1270 non
3467 1213 3697 1280 affuerit,

2108 1312 2162 1360 et
2190 1304 2443 1360 absentia
2471 1305 2590 1374 ejus
2617 1303 2792 1375 magis
2821 1318 2949 1359 esse
2966 1302 3092 1376 (sic)
3121 1303 3309 1359 Iesum
3324 1303 3699 1373 Dominum,in

2105 1410 2316 1458 tantum
2343 1407 2402 1458 ut
2428 1418 2539 1459 uno
2561 1402 2759 1459 comite
2785 1402 2890 1458 iter
2917 1417 3142 1473 carpere
3169 1401 3483 1469 compulsus
3511 1402 3698 1459 sit.Ad

2107 1491 2223 1548 haec
2251 1491 2641 1548 misericordia
2699 1490 2977 1563 respondit
3002 1492 3062 1547 se
3107 1505 3211 1548 nec
3239 1489 3380 1546 mala
3407 1491 3699 1548 intentione

2106 1596 2415 1653 egressam,
2448 1597 2549 1637 nec
2577 1581 2722 1636 malo
2750 1595 2919 1651 opere
2949 1588 3291 1651 occupatam,
3326 1580 3420 1636 sed
3448 1580 3621 1653 magis
3636 1597 3699 1638 se

2107 1670 2301 1726 honori
2331 1678 2385 1726 et
2412 1670 2630 1725 utilitati
2681 1669 2899 1726 Domini
2953 1669 3038 1725 sui
3081 1668 3387 1735 consulere,
3418 1685 3535 1742 qua
3589 1685 3698 1727 non

2106 1768 2340 1839 perdere
2370 1768 2590 1823 studeat
2621 1775 2673 1823 et
2702 1768 3006 1833 destruere,
3040 1767 3181 1824 sicut
3209 1767 3328 1839 ipsa
3354 1768 3569 1836 veritas,
3600 1768 3697 1824 sed

2028 1858 2082 1918 B
2113 1856 2327 1913 salvare
2361 1876 2372 1912 :
2406 1856 2559 1912 illam
2592 1865 2777 1913 autem
2800 1871 2925 1913 esse
2953 1856 3251 1912 notandum
3282 1856 3432 1929 prius
3456 1865 3508 1913 et
3529 1872 3697 1913 accu-

2110 1947 2365 2013 sandam,
2409 1963 2530 2019 quae
2588 1946 2824 2001 famulos
2878 1953 2931 2002 et
2984 1945 3265 2001 ministros
3324 1945 3532 2002 Domini
3569 1946 3699 2003 velit

2110 2043 2368 2113 interimi,
2410 2053 2468 2100 ut
2523 2060 2647 2100 cum
2707 2060 2898 2101 omnes
2936 2042 3181 2109 abierirt,
3213 2043 3418 2100 nullum
3462 2045 3698 2117 patiatur

2110 2149 2209 2206 per
2235 2133 2631 2207 indulgentiam
2659 2132 2895 2207 aliquam
2912 2133 3086 2189 levari
3110 2142 3162 2189 et
3187 2133 3453 2190 revocari.
3482 2133 3695 2190 Veritas

2111 2231 2292 2280 autem
2319 2222 2605 2295 respondit
2633 2239 2740 2279 non
2772 2239 2897 2279 esse
2926 2222 3129 2279 decens
3179 2222 3377 2279 bonum
3409 2223 3696 2280 Dominum

2112 2320 2169 2369 et
2191 2313 2391 2383 justum
2422 2314 2599 2369 malos
2629 2328 2816 2369 servos
2846 2320 2900 2368 et
2927 2312 3165 2384 injustos
3192 2312 3416 2369 habere.
3483 2313 3696 2369 Miseri-

2112 2409 2301 2465 cordia
2345 2410 2483 2465 dixit
2529 2418 2736 2465 tantum
2770 2411 3061 2465 Dominum
3093 2393 3211 2466 sine
3270 2410 3530 2467 ministris
3575 2426 3699 2469 esse

2112 2513 2224 2555 non
2255 2498 2478 2556 debere.
2537 2499 2753 2556 Veritas
2814 2497 3113 2555 afﬁrmavit
3165 2515 3397 2572 nequam
3452 2500 3699 2558 homines

397 2551 581 2619 nobis,
632 2529 731 2604 sed
760 2546 830 2601 ad
882 2543 1089 2616 pariter
1145 2539 1438 2596 curandum
1470 2534 1789 2590 invitemus.
1854 2529 2004 2586 Multi

399 2657 534 2699 vero
572 2635 896 2695 criminibus
923 2628 1188 2704 prmventi
1203 2627 1331 2684 odio
1350 2625 1437 2682 vel
1460 2625 1630 2681 livore
1650 2620 1833 2678 omnia
1847 2636 2005 2676 accu-

400 2755 525 2796 sare
554 2734 876 2807 suscipiunt.
920 2739 977 2787 et
1022 2728 1219 2807 volunt
1280 2725 1452 2781 videri
1482 2720 1851 2786 consultores,
1888 2718 2005 2774 sine

402 2825 664 2898 exemplo
690 2804 805 2879 suae
837 2804 1235 2877 emendationis
1264 2815 1475 2871 leviora
1504 2818 1733 2885 peccata
1755 2810 1809 2864 in
1831 2807 2009 2864 fratri-

401 2918 509 2975 bus
537 2918 913 2985 vituperantes
936 2917 988 2964 et
1016 2907 1364 2963 damnantes.

2113 2588 2309 2645 merito
2337 2589 2542 2645 debere
2574 2587 2839 2644 damnari.
2883 2588 3258 2644 Misericordia
3287 2589 3559 2660 respondit
3580 2605 3697 2659 eos,

2113 2693 2170 2741 ut
2199 2686 2326 2742 boni
2357 2685 2565 2753 ﬁerent,
2631 2694 2930 2758 spontanee
2961 2686 3118 2742 etiam
3150 2686 3348 2759 pietate
3375 2687 3582 2744 debere
3607 2704 3700 2745 re-

2114 2783 2333 2840 vocari.
2373 2784 2591 2840 Veritas
2620 2784 2780 2852 dixit,
2805 2783 2939 2856 quia
2966 2784 3113 2841 Deus
3141 2785 3297 2841 malis
3325 2785 3544 2842 omnino
3572 2802 3702 2858 par-

2116 2888 2244 2929 cere
2288 2888 2397 2928 non
2451 2873 2693 2929 deberet.
2725 2873 3099 2930 Misericordia
3152 2874 3330 2929 dixit:
3389 2874 3446 2931 Si
3501 2876 3705 2932 nemini

2156 2980 2376 3028 arceret
2421 2973 2590 3028 Deus.
2650 2988 2925 3028 nunauam
2980 2973 3151 3028 bonos
3197 2973 3445 3028 haberet.
3486 2973 3611 3028 Veri

405 3054 484 3110 Dc
513 3047 894 3107 altercatione
912 3039 1319 3098 misericordia:
1352 3041 1408 3093 et
1429 3035 1712 3104 veritatis,
1749 3034 1882 3090 hinc
1910 3034 2008 3090 in-

2126 2980 2376 3043 parceret
2421 2973 2590 3039 Deus,
2650 2988 2925 3044 nunquam
2980 2972 3151 3028 bonos
3197 2972 3445 3029 haberet.
3486 2973 3706 3030 Veritas

2126 3071 2254 3125 dixit
2283 3086 2344 3127 se
2372 3070 2519 3126 nolle
2570 3085 2672 3126 nec
2699 3085 2864 3141 posse
2894 3078 2971 3125 tot
3000 3070 3209 3127 scelera
3261 3071 3536 3127 hominum
3565 3071 3710 3128 tole-

687 3137 754 3192 de
781 3149 841 3191 ³⁸
870 3130 1199 3189 accusanti:
1231 3144 1299 3184 ac
1327 3125 1714 3234 defeédenti"
1790 3230 1836 3234 __
1904 3229 1915 3234 _
2040 3220 2083 3234 Α
2120 3176 2274 3215 rare.
2307 3125 2716 3217 misericordia.
2745 3125 3050 3231 respondit
3085 3125 3323 3234 gratiam
3372 3125 3714 3217 Dominirad

471 3246 622 3304 Deus
655 3256 874 3298 sursum
926 3245 1064 3305 erat,
1124 3243 1177 3292 et
1235 3234 1400 3289 homo
1456 3231 1739 3287 deorsum.
1790 3229 2005 3285 Veritas

2126 3248 2512 3321 indulgendum
2549 3220 3022 3320 superabundare.
3080 3220 3290 3307 {feritas
3318 3250 3452 3305 dixit
3482 3264 3496 3305 :
3527 3251 3713 3307 Unus-

405 3354 529 3404 erat
556 3343 615 3400 in
640 3339 783 3399 caelo
803 3354 926 3395 cum
952 3334 1142 3407 judice
1172 3333 1309 3398 Deo,
1333 3338 1387 3386 et
1402 3326 1852 3386 misericordiain
1871 3334 2015 3381 terra

2126 3338 2355 3411 quisque
2410 3347 2569 3410 prout
2598 3336 2771 3409 gessit
2826 3337 2882 3393 in
2933 3352 3163 3410 corpore
3216 3339 3473 3410 accipiat.
3541 3339 3716 3395 Mise—

406 3452 533 3494 cum
587 3430 808 3489 homine
858 3423 1183 3497 judicando.
1266 3420 1372 3478 Ubi
1425 3419 1571 3475 enim
1628 3414 2015 3508 misericordia

2126 3433 2367 3490 ricordia
2394 3433 2530 3489 dixit
2563 3453 2576 3489 :
2609 3432 2802 3490 Omnis
2833 3432 2996 3490 homo
3035 3433 3214 3508 magis
3253 3442 3600 3492 convertatur
3643 3434 3717 3491 ad

410 3531 581 3591 esset,
610 3521 657 3577 si
685 3534 811 3577 cum
840 3516 1044 3573 misero
1097 3528 1211 3568 non
1240 3517 1390 3567 esset
1422 3527 1437 3564 :
1470 3506 1840 3564 descenderat
1868 3503 2016 3561 enim
2126 3522 2439 3591 Dominum,
2472 3530 2528 3580 ει
2554 3523 2732 3580 vivat

410 3615 554 3672 forte
581 3608 860 3668 nesciente
892 3604 1147 3671 veritate,
1178 3598 1435 3673 quoniam
1461 3597 1614 3653 illam
1641 3597 1709 3651 ad
1740 3595 2018 3654 hominem

410 3719 697 3772 venturam
741 3705 969 3769 sciebat,
1019 3709 1074 3757 et
1111 3700 1181 3755 de
1229 3697 1376 3753 illius
1404 3696 1649 3752 adventu
1705 3692 2010 3750 metuebat.

413 3798 715 3860 Descendit
758 3809 892 3868 ergo
921 3791 1075 3864 prius
1129 3785 1526 3851 misericordia,
1592 3801 1682 3853 ne,
1717 3782 1764 3839 si
1820 3783 2021 3839 veritas

415 3888 770 3966 praeveniret,
829 3895 1114 3940 accessum
1165 3877 1236 3935 ad
1309 3875 1586 3933 hominem
1659 3873 1777 3946 ipsa
1830 3879 2025 3944 postea

417 4004 528 4047 non
556 3984 852 4043 inveniret.
916 3982 1160 4048 Accepto
1211 3975 1383 4048 igitur
1435 3980 1682 4044 tempore
1738 3977 2026 4042 assumpta

2199 3658 2296 3713 His
2327 3674 2463 3732 ergo
2494 3657 2569 3714 ita
2597 3658 2701 3713 sibi
2730 3656 3081 3714 obviantibus
3110 3665 3164 3715 et
3190 3657 3260 3716 ad
3288 3657 3505 3715 diversa
3532 3658 3724 3717 volun-

2130 3765 2294 3813 tatem
2326 3757 2424 3813 Dei
2454 3755 2715 3813 inclinare
2742 3756 3195 3825 desiderantibus,
3227 3756 3418 3815 videns
3445 3758 3587 3815 Deus
3608 3767 3724 3816 tam

2131 3845 2380 3903 diversas
2409 3845 2713 3904 sententias
2761 3845 2832 3902 ad
2869 3845 3118 3903 effectum
3174 3845 3343 3903 simul
3400 3863 3511 3903 non
3555 3864 3723 3920 posse

2131 3946 2455 4018 procedere,
2484 3946 2560 4000 ait
2611 3960 2625 4000 :
2676 3944 2952 4016 Scriptum
2997 3952 3114 4000 est:
3153 3966 3177 3994 α
3211 3944 3641 4002 Misericordiam
3668 3953 3726 4002 et

2134 4034 2423 4103 veritatem
2452 4033 2632 4107 diligit
2670 4035 2818 4090 Deus
2832 4034 3024 4104 (Paul.
3053 4034 3304 4104 Lxxxin).
3350 4056 3373 4083 ιι
3416 4033 3562 4103 Quas
3590 4049 3723 4103 ergo

420 4079 657 4137 veritate
731 4068 1016 4129 descendit
1070 4067 1241 4131 Deus,
1319 4071 1378 4118 ut
1443 4062 1714 4118 rationem
1788 4062 2029 4133 poneret

422 4183 551 4227 cum
579 4162 823 4221 homine.
854 4157 1015 4230 Quod
1045 4172 1169 4214 cum
1199 4154 1429 4211 vidisset
1463 4148 1867 4217 misericordia,
1917 4164 2027 4204 non

423 4258 617 4331 ignara
645 4249 815 4308 divini
845 4246 1081 4313 consilii,
1112 4242 1351 4316 perrexit
1378 4241 1435 4297 in
1462 4240 1684 4296 obviam
1714 4237 1812 4306 illi,
1852 4238 2029 4293 Deum

426 4352 659 4426 cupiens
688 4348 964 4418 mitigare,
998 4352 1052 4400 et
1104 4341 1372 4414 placatum
1429 4338 1724 4394 adducere.
1783 4336 2031 4426 Cernens

427 4424 612 4502 autem
642 4437 930 4496 veritatem
958 4431 1240 4489 obstinato
1297 4428 1450 4484 vultu
1493 4426 1858 4493 incedentem,
1912 4424 2031 4497 pri-

426 4547 578 4591 mum
608 4525 816 4586 occurit
871 4522 949 4578 illi
980 4536 1202 4593 rogans,
1236 4526 1293 4573 ut
1353 4516 1599 4591 gaudum
1630 4516 1870 4581 sisteret,
1928 4529 2034 4570 nec

2134 4123 2251 4180 vult
2281 4123 2387 4179 sibi
2418 4140 2639 4195 semper
2670 4130 2874 4195 praesto
2931 4138 3072 4187 esse,
3106 4129 3161 4178 et
3189 4121 3317 4195 quia
3346 4138 3556 4177 rursum
3582 4122 3724 4178 dici-

2136 4221 2224 4268 tur
2244 4213 2313 4268 de
2343 4213 2459 4269 Deo
2492 4229 2506 4269 :
2545 4235 2567 4260 ι
2602 4213 2662 4267 1η
2691 4227 2828 4284 pace
2868 4211 3044 4268 factus
3071 4217 3155 4267 est
3183 4209 3337 4267 locus
3365 4211 3481 4281 ejus
3536 4212 3716 4281 (Psal.

2138 4311 2357 4381 Lxxxv),
2387 4331 2410 4362 ι
2443 4326 2553 4367 non
2583 4318 2758 4383 potest
2786 4309 2909 4366 illas
2951 4308 3236 4366 discordes
3261 4309 3553 4365 sustinere.
3585 4309 3728 4365 Con-

2138 4401 2326 4457 cordia
2353 4408 2535 4456 autem
2565 4415 2688 4456 esse
2716 4415 2824 4455 non
2855 4406 3053 4470 potest,
3088 4397 3180 4454 ubi
3223 4398 3473 4454 voluntas
3500 4406 3611 4453 tam
3638 4397 3727 4453 di-

2139 4506 2299 4547 versa
2327 4498 2434 4546 est.
2474 4490 2689 4546 Veritas
2725 4488 2876 4545 enim
2932 4487 3043 4544 vult
3069 4494 3127 4542 ut
3190 4495 3358 4543 totum
3386 4487 3681 4559 imputetur
3711 4507 3724 4544 :

426 4584 596 4683 minis
626 4584 966 4691 properaret,
1017 4584 1195 4667 donec
1249 4584 1385 4679 ipsa:
1426 4605 1677 4662 funderet
1732 4603 2033 4660 orationem
2061 4591 2114 4653 D
2142 4587 2520 4691 misericordia
2547 4602 2701 4691 vero,
2734 4594 2817 4691 ut“
2822 4595 2990 4643 totum
3022 4584 3361 4642 condonetur
3388 4600 3401 4640 :
3434 4603 3552 4686 quae
3571 4584 3729 4691 simul

430 4735 592 4779 suam
622 4715 693 4772 ad
718 4711 1032 4771 Dominum.
1066 4708 1146 4763 lbi
1166 4721 1304 4779 ergo
1332 4702 1715 4760 misericordia
1748 4709 1803 4757 et
1831 4701 2034 4758 veritas

429 4809 787 4869 obviaverunt
815 4800 941 4857 sibi.
974 4800 1127 4855 Tunc
1148 4794 1525 4851 misericordia
1555 4790 1811 4849 clementi
1842 4804 2037 4848 causa-

428 4900 582 4958 tione
655 4890 942 4970 querelam
1014 4902 1205 4945 coram
1291 4885 1410 4940 Deo
1495 4879 1768 4954 deposuit,
1843 4879 2035 4936 dicens

427 5014 578 5075 aegre
608 5012 671 5054 se
699 4995 846 5051 ferre
875 4989 1024 5062 quod
1052 4988 1122 5045 ad
1149 4988 1255 5045 hoc
1283 4982 1563 5058 negotium
1594 4980 1746 5075 socia
1767 4981 2037 5075 advocata

425 5069 539 5149 adn
595 5084 778 5152 fuerit,
834 5078 1139 5153 praesertim
1195 5092 1318 5133 cum
1377 5088 1653 5145 nunquam
1708 5073 1860 5129 Deus
1912 5069 2037 5127 sine

427 5188 660 5251 utraque
691 5170 892 5232 comite
921 5170 1026 5226 hac
1081 5169 1192 5225 iter
1219 5163 1441 5237 aliquod
1500 5162 1697 5251 facere
1714 5159 2025 5251 consuevit.

426 5249 737 5327 Cum—enim
800 5259 1069 5332 scriptum
1100 5255 1169 5314 sit
1202 5274 1215 5311 :
1252 5279 1274 5305 ι
1310 5253 1594 5312 Universae
1649 5250 1754 5306 vim
1809 5249 2036 5319 Domini

425 5354 805 5415 misericordia
835 5358 885 5407 et
918 5346 1313 5416 veritasU’sal.
1347 5340 1870 5414 xxxn'),»quomodo
1889 5338 2034 5395 veri-

425 5442 536 5512 tate
568 5452 688 5510 sola
756 5454 1067 5513 contentus,
1100 5440 1536 5500 misericordiam
1585 5439 1849 5495 Dominus
1879 5436 2034 5492 Deus

423 5560 532 5600 non
566 5539 800 5605 vocavit,
824 5535 1101 5609 praecipue
1128 5548 1249 5589 cum
1281 5548 1387 5587 non
1413 5529 1590 5587 solum
1613 5526 1899 5601 aequalem,
1936 5524 2034 5581 sed

422 5631 666 5703 priorem
687 5623 1121 5683 misericordiam
1159 5637 1283 5678 esse
1304 5620 1509 5676 debere
1532 5617 1814 5691 Scriptura
1831 5616 2034 5689 ubique

424 5707 865 5787 commemorat?
885 5724 1078 5794 Neque
1100 5720 1244 5776 enim
1288 5718 1550 5789 scriptum
1570 5722 1655 5771 est
1680 5733 1693 5771 :
1719 5714 1933 5771 Veritas
1980 5719 2037 5769 et

423 5814 820 5881 misericordia,
871 5812 972 5867 sed
1012 5807 1392 5865 misericordia
1422 5814 1475 5862 et
1504 5804 1725 5870 veritas,
1760 5802 2034 5859 universas

420 5906 527 5965 viae
556 5900 806 5963 Domini.
844 5899 1026 5970 Quare
1082 5911 1220 5969 ergo
1280 5911 1402 5968 qua:
1430 5893 1606 5966 prima
1635 5907 1759 5950 esse
1815 5890 2031 5961 debuit,

2145 4677 2263 4735 ﬁeri
2310 4693 2420 4733 non
2445 4680 2702 4750 possunt.
2777 4676 3072 4747 Pr0pterea
3098 4690 3202 4732 nec
3253 4690 3377 4747 ego,
3408 4674 3497 4747 qui
3525 4683 3729 4731 amator

2143 4766 2297 4840 pacis
2327 4783 2468 4836 sum,
2496 4765 2797 4839 compellar
2824 4764 3145 4821 societatem
3174 4772 3407 4820 vestram
3452 4763 3728 4836 relinque-

2142 4873 2223 4929 re,
2255 4872 2485 4913 neccsse
2507 4863 2591 4912 est
2618 4862 2677 4911 ut
2712 4868 2810 4912 vos
2838 4854 3099 4910 stndeatis
3122 4852 3374 4926 utrinque
3401 4861 3609 4911 vestras
3627 4867 3728 4909 voc

2143 4953 2382 5012 luntates
2431 4954 2502 5012 ad
2535 4969 2703 5010 unum
2770 4966 3103 5010 consensum
3158 4950 3443 5009 inclinare.
3500 4950 3582 5007 Ad
3629 4952 3729 5008 hoc

2143 5045 2349 5103 veritas
2380 5043 2659 5116 respondit
2714 5058 2776 5099 se
2807 5042 2987 5098 minus
3043 5040 3393 5109 laudabilem,
3427 5039 3474 5097 si
3528 5038 3730 5113 aliquid

2142 5133 2375 5190 inultum
2398 5132 2766 5206 relinquatur.
2814 5129 3187 5187 Misericordia
3240 5129 3374 5186 dixit
3426 5145 3486 5186 se
3555 5128 3731 5185 minus

2142 5233 2451 5299 amabilem,
2493 5231 2540 5287 si
2571 5246 2679 5287 non
2721 5234 2892 5286 totum
2947 5228 3192 5302 gratuita
3229 5227 3432 5301 pietate
3477 5227 3730 5284 solvatur.

2141 5320 2295 5375 Tunc
2326 5317 2496 5384 Deus,
2528 5316 2571 5371 si
2604 5314 2807 5371 vellent
2835 5313 3032 5379 ambas,
3069 5312 3428 5386 interrogavit
3473 5327 3597 5367 suas
3633 5326 3732 5367 vo—

2143 5408 2387 5463 luntates
2418 5405 2473 5461 in
2503 5404 2627 5475 ejus
2655 5404 2862 5460 arbitro
2889 5417 3114 5474 ponere,
3174 5409 3228 5458 et
3273 5399 3419 5473 quod
3449 5398 3565 5472 ipse
3610 5398 3735 5456 inde

2142 5498 2483 5555 discerneret
2555 5493 2675 5550 sine
2747 5490 3181 5550 contradictione
3251 5505 3506 5546 annuere.
3579 5487 3738 5558 Quod

2142 5606 2377 5669 utraque
2420 5594 2743 5666 inquantum
2802 5589 2921 5648 fieri
2956 5587 3157 5662 poesit,
3215 5589 3334 5645 sine
3388 5586 3733 5643 diminutione

2140 5686 2382 5744 nominis
2413 5693 2467 5741 et
2504 5681 2785 5757 dignitatis
2850 5695 2966 5736 suae
3003 5678 3363 5745 concedente,
3402 5675 3548 5732 dixit
3596 5674 3735 5732 Dens

2140 5799 2360 5861 equum
2390 5783 2495 5841 sibi
2524 5780 2701 5840 videri
2729 5787 2785 5835 ut
2813 5785 3103 5853 peccatum
3131 5775 3365 5834 hominis
3404 5782 3457 5831 et
3484 5788 3557 5831 ex
3592 5780 3734 5847 parte

2141 5892 2371 5961 propter
2398 5881 2681 5943 veritatem
2707 5876 2985 5953 puniatur,
3008 5882 3062 5934 et
3088 5891 3154 5935 ex
3182 5881 3343 5950 parte
3370 5879 3599 5948 propter
3628 5869 3732 5929 mi-
