  <div class='ocr_page' id='page_1' title='image "/cluster/home/n/w/nwhite01/storage/ocr_20150623/156-157/uc1.31175010662024/1162.png"; bbox 0 0 3924 6408; ppageno 0'>
   <div class='ocr_carea' id='block_1_1' title="bbox 194 460 328 516">
    <p class='ocr_par' dir='ltr' id='par_1_1' title="bbox 194 460 328 516">
     <span class='ocr_line' id='line_1_1' title="bbox 194 460 328 516; baseline 0.022 -3"><span class='ocrx_word' id='word_1_1' title='bbox 194 460 328 516; x_wconf 69' lang='grc'><strong>1041</strong></span> 
     </span>
    </p>
   </div>
   <div class='ocr_carea' id='block_1_2' title="bbox 1139 467 2598 526">
    <p class='ocr_par' dir='ltr' id='par_1_2' title="bbox 1139 467 2598 526">
     <span class='ocr_line' id='line_1_2' title="bbox 1139 467 2598 526; baseline 0 -4"><span class='ocrx_word' id='word_1_2' title='bbox 1139 467 1728 526; x_wconf 80' lang='lat' dir='ltr'><strong>DEFLORATIONES</strong></span> <span class='ocrx_word' id='word_1_3' title='bbox 1759 469 1858 526; x_wconf 89' lang='lat' dir='ltr'><strong>SS.</strong></span> <span class='ocrx_word' id='word_1_4' title='bbox 1891 467 2200 524; x_wconf 79' lang='lat' dir='ltr'><strong>PATRUM.</strong></span> <span class='ocrx_word' id='word_1_5' title='bbox 2233 499 2300 509; x_wconf 98' lang='lat'>—</span> <span class='ocrx_word' id='word_1_6' title='bbox 2347 467 2485 524; x_wconf 85' lang='lat' dir='ltr'><strong>LIB.</strong></span> <span class='ocrx_word' id='word_1_7' title='bbox 2528 470 2598 523; x_wconf 89' lang='lat' dir='ltr'><strong>Il.</strong></span> 
     </span>
    </p>
   </div>
   <div class='ocr_carea' id='block_1_3' title="bbox 3386 471 3522 524">
    <p class='ocr_par' dir='ltr' id='par_1_3' title="bbox 3386 471 3522 524">
     <span class='ocr_line' id='line_1_3' title="bbox 3386 471 3522 524; baseline 0.007 -2"><span class='ocrx_word' id='word_1_8' title='bbox 3386 471 3522 524; x_wconf 67' lang='lat' dir='ltr'><strong>10H.</strong></span> 
     </span>
    </p>
   </div>
   <div class='ocr_carea' id='block_1_4' title="bbox 189 583 3525 668">
    <p class='ocr_par' dir='ltr' id='par_1_4' title="bbox 189 583 3525 668">
     <span class='ocr_line' id='line_1_4' title="bbox 189 583 3525 668; baseline 0.002 -28"><span class='ocrx_word' id='word_1_9' title='bbox 189 583 575 642; x_wconf 87' lang='lat' dir='ltr'><strong>sericordiam</strong></span> <span class='ocrx_word' id='word_1_10' title='bbox 601 586 933 645; x_wconf 89' lang='lat' dir='ltr'><strong>dimittatur.</strong></span> <span class='ocrx_word' id='word_1_11' title='bbox 966 591 1029 645; x_wconf 92' lang='lat' dir='ltr'><strong>In</strong></span> <span class='ocrx_word' id='word_1_12' title='bbox 1061 592 1167 648; x_wconf 91' lang='lat' dir='ltr'><strong>hoc</strong></span> <span class='ocrx_word' id='word_1_13' title='bbox 1197 608 1351 665; x_wconf 86' lang='lat' dir='ltr'><strong>ergo,</strong></span> <span class='ocrx_word' id='word_1_14' title='bbox 1387 593 1652 649; x_wconf 89' lang='lat' dir='ltr'><strong>ambabus</strong></span> <span class='ocrx_word' id='word_1_15' title='bbox 1687 609 1818 650; x_wconf 85' lang='lat' dir='ltr'><strong>con-</strong></span> <span class='ocrx_word' id='word_1_16' title='bbox 1850 597 1905 659; x_wconf 78' lang='grc' dir='ltr'><strong>Α</strong></span> <span class='ocrx_word' id='word_1_17' title='bbox 1933 594 2077 650; x_wconf 91' lang='lat' dir='ltr'><strong>enim</strong></span> <span class='ocrx_word' id='word_1_18' title='bbox 2109 603 2383 650; x_wconf 88' lang='lat' dir='ltr'><strong>terrenum</strong></span> <span class='ocrx_word' id='word_1_19' title='bbox 2412 593 2549 664; x_wconf 90' lang='lat' dir='ltr'><strong>perit</strong></span> <span class='ocrx_word' id='word_1_20' title='bbox 2582 612 2594 657; x_wconf 92' lang='lat'><strong>;</strong></span> <span class='ocrx_word' id='word_1_21' title='bbox 2640 602 2824 650; x_wconf 89' lang='lat' dir='ltr'><strong>manet</strong></span> <span class='ocrx_word' id='word_1_22' title='bbox 2871 601 2996 650; x_wconf 89' lang='lat' dir='ltr'><strong>ante</strong></span> <span class='ocrx_word' id='word_1_23' title='bbox 3043 600 3354 668; x_wconf 73' lang='lat' dir='ltr'><strong>erogatum.</strong></span> <span class='ocrx_word' id='word_1_24' title='bbox 3419 591 3525 648; x_wconf 90' lang='lat' dir='ltr'><strong>Diu</strong></span> 
     </span>
    </p>
   </div>
   <div class='ocr_carea' id='block_1_5' title="bbox 191 685 1828 760">
    <p class='ocr_par' dir='ltr' id='par_1_5' title="bbox 191 685 1828 760">
     <span class='ocr_line' id='line_1_5' title="bbox 191 685 1828 760; baseline 0.005 -23"><span class='ocrx_word' id='word_1_25' title='bbox 191 685 605 752; x_wconf 73' lang='lat' dir='ltr'><strong>sentientibus,</strong></span> <span class='ocrx_word' id='word_1_26' title='bbox 645 687 852 742; x_wconf 87' lang='lat' dir='ltr'><strong>veritas</strong></span> <span class='ocrx_word' id='word_1_27' title='bbox 873 687 1078 758; x_wconf 79' lang='lat' dir='ltr'><strong>adjecit</strong></span> <span class='ocrx_word' id='word_1_28' title='bbox 1097 689 1304 756; x_wconf 88' lang='lat' dir='ltr'><strong>dicens,</strong></span> <span class='ocrx_word' id='word_1_29' title='bbox 1327 691 1534 760; x_wconf 90' lang='lat' dir='ltr'><strong>justum</strong></span> <span class='ocrx_word' id='word_1_30' title='bbox 1578 707 1719 758; x_wconf 88' lang='lat' dir='ltr'><strong>esse,</strong></span> <span class='ocrx_word' id='word_1_31' title='bbox 1771 699 1828 745; x_wconf 92' lang='lat' dir='ltr'><strong>ut</strong></span> 
     </span>
    </p>
   </div>
   <div class='ocr_carea' id='block_1_6' title="bbox 191 772 1827 849">
    <p class='ocr_par' dir='ltr' id='par_1_6' title="bbox 191 772 1827 849">
     <span class='ocr_line' id='line_1_6' title="bbox 191 772 1827 849; baseline 0.004 -22"><span class='ocrx_word' id='word_1_32' title='bbox 191 772 335 828; x_wconf 91' lang='lat' dir='ltr'><strong>sicut</strong></span> <span class='ocrx_word' id='word_1_33' title='bbox 364 772 534 842; x_wconf 91' lang='lat' dir='ltr'><strong>prius</strong></span> <span class='ocrx_word' id='word_1_34' title='bbox 569 775 961 831; x_wconf 86' lang='lat' dir='ltr'><strong>misericordia</strong></span> <span class='ocrx_word' id='word_1_35' title='bbox 991 791 1117 833; x_wconf 91' lang='lat' dir='ltr'><strong>cum</strong></span> <span class='ocrx_word' id='word_1_36' title='bbox 1165 779 1390 833; x_wconf 89' lang='lat' dir='ltr'><strong>homine</strong></span> <span class='ocrx_word' id='word_1_37' title='bbox 1439 779 1558 845; x_wconf 89' lang='lat' dir='ltr'><strong>fuit,</strong></span> <span class='ocrx_word' id='word_1_38' title='bbox 1608 788 1662 834; x_wconf 90' lang='lat' dir='ltr'><strong>et</strong></span> <span class='ocrx_word' id='word_1_39' title='bbox 1708 779 1827 849; x_wconf 84' lang='lat' dir='ltr'><strong>ipsa</strong></span> 
     </span>
    </p>
   </div>
   <div class='ocr_carea' id='block_1_7' title="bbox 185 861 1823 937">
    <p class='ocr_par' dir='ltr' id='par_1_7' title="bbox 185 861 1823 937">
     <span class='ocr_line' id='line_1_7' title="bbox 185 861 1823 937; baseline 0.004 -21"><span class='ocrx_word' id='word_1_40' title='bbox 185 861 241 916; x_wconf 92' lang='lat' dir='ltr'><strong>in</strong></span> <span class='ocrx_word' id='word_1_41' title='bbox 274 861 426 918; x_wconf 77' lang='lat' dir='ltr'><strong>coelo</strong></span> <span class='ocrx_word' id='word_1_42' title='bbox 458 863 804 934; x_wconf 91' lang='lat' dir='ltr'><strong>permansit,</strong></span> <span class='ocrx_word' id='word_1_43' title='bbox 837 865 911 920; x_wconf 88' lang='lat' dir='ltr'><strong>ita</strong></span> <span class='ocrx_word' id='word_1_44' title='bbox 940 881 1082 922; x_wconf 91' lang='lat' dir='ltr'><strong>nunc</strong></span> <span class='ocrx_word' id='word_1_45' title='bbox 1114 866 1234 937; x_wconf 89' lang='lat' dir='ltr'><strong>ipsa</strong></span> <span class='ocrx_word' id='word_1_46' title='bbox 1263 869 1317 922; x_wconf 91' lang='lat' dir='ltr'><strong>in</strong></span> <span class='ocrx_word' id='word_1_47' title='bbox 1361 875 1505 922; x_wconf 87' lang='lat' dir='ltr'><strong>terra</strong></span> <span class='ocrx_word' id='word_1_48' title='bbox 1552 885 1670 924; x_wconf 93' lang='lat' dir='ltr'><strong>cum</strong></span> <span class='ocrx_word' id='word_1_49' title='bbox 1721 869 1823 922; x_wconf 94' lang='lat' dir='ltr'><strong>ho-</strong></span> 
     </span>
    </p>
   </div>
   <div class='ocr_carea' id='block_1_8' title="bbox 185 960 1823 1031">
    <p class='ocr_par' dir='ltr' id='par_1_8' title="bbox 185 960 1823 1031">
     <span class='ocr_line' id='line_1_8' title="bbox 185 960 1823 1031; baseline 0.004 -17"><span class='ocrx_word' id='word_1_50' title='bbox 185 960 336 1014; x_wconf 91' lang='lat' dir='ltr'><strong>mine</strong></span> <span class='ocrx_word' id='word_1_51' title='bbox 369 970 752 1031; x_wconf 75' lang='lat' dir='ltr'><strong>permaneat,</strong></span> <span class='ocrx_word' id='word_1_52' title='bbox 786 970 839 1018; x_wconf 92' lang='lat' dir='ltr'><strong>et</strong></span> <span class='ocrx_word' id='word_1_53' title='bbox 867 962 1245 1019; x_wconf 80' lang='lat' dir='ltr'><strong>misericordia</strong></span> <span class='ocrx_word' id='word_1_54' title='bbox 1293 981 1413 1022; x_wconf 90' lang='lat' dir='ltr'><strong>cum</strong></span> <span class='ocrx_word' id='word_1_55' title='bbox 1464 967 1577 1021; x_wconf 92' lang='lat' dir='ltr'><strong>Deo</strong></span> <span class='ocrx_word' id='word_1_56' title='bbox 1626 966 1823 1021; x_wconf 77' lang='lat' dir='ltr'><strong>corlum</strong></span> 
     </span>
    </p>
   </div>
   <div class='ocr_carea' id='block_1_9' title="bbox 185 1049 1823 1122">
    <p class='ocr_par' dir='ltr' id='par_1_9' title="bbox 185 1049 1823 1122">
     <span class='ocr_line' id='line_1_9' title="bbox 185 1049 1823 1122; baseline 0.003 -18"><span class='ocrx_word' id='word_1_57' title='bbox 185 1049 567 1104; x_wconf 85' lang='lat' dir='ltr'><strong>conscendat.</strong></span> <span class='ocrx_word' id='word_1_58' title='bbox 612 1050 894 1122; x_wconf 83' lang='lat' dir='ltr'><strong>Scriptum</strong></span> <span class='ocrx_word' id='word_1_59' title='bbox 919 1060 1002 1107; x_wconf 91' lang='lat' dir='ltr'><strong>est</strong></span> <span class='ocrx_word' id='word_1_60' title='bbox 1023 1055 1186 1121; x_wconf 83' lang='lat' dir='ltr'><strong>enim,</strong></span> <span class='ocrx_word' id='word_1_61' title='bbox 1229 1053 1338 1108; x_wconf 87' lang='lat' dir='ltr'><strong>ait:</strong></span> <span class='ocrx_word' id='word_1_62' title='bbox 1390 1078 1411 1103; x_wconf 77' lang='grc' dir='ltr'><strong>ιι</strong></span> <span class='ocrx_word' id='word_1_63' title='bbox 1456 1055 1823 1110; x_wconf 84' lang='lat' dir='ltr'><strong>Misericordia</strong></span> 
     </span>
    </p>
   </div>
   <div class='ocr_carea' id='block_1_10' title="bbox 183 1137 1814 1213">
    <p class='ocr_par' dir='ltr' id='par_1_10' title="bbox 183 1137 1814 1213">
     <span class='ocr_line' id='line_1_10' title="bbox 183 1137 1814 1213; baseline 0.002 -22"><span class='ocrx_word' id='word_1_64' title='bbox 183 1144 236 1192; x_wconf 91' lang='lat' dir='ltr'><strong>et</strong></span> <span class='ocrx_word' id='word_1_65' title='bbox 271 1137 493 1192; x_wconf 86' lang='lat' dir='ltr'><strong>veritas</strong></span> <span class='ocrx_word' id='word_1_66' title='bbox 526 1141 855 1209; x_wconf 66' lang='lat' dir='ltr'><strong>praecedant</strong></span> <span class='ocrx_word' id='word_1_67' title='bbox 883 1140 1076 1196; x_wconf 87' lang='lat' dir='ltr'><strong>faciem</strong></span> <span class='ocrx_word' id='word_1_68' title='bbox 1110 1149 1256 1197; x_wconf 89' lang='lat' dir='ltr'><strong>tuam</strong></span> <span class='ocrx_word' id='word_1_69' title='bbox 1288 1145 1461 1213; x_wconf 73' lang='lat' dir='ltr'><strong>(Psal.</strong></span> <span class='ocrx_word' id='word_1_70' title='bbox 1484 1146 1765 1213; x_wconf 80' lang='lat' dir='ltr'><strong>Lxxxvui).</strong></span> <span class='ocrx_word' id='word_1_71' title='bbox 1793 1167 1814 1192; x_wconf 82' lang='lat'><strong>»</strong></span> 
     </span>
    </p>
   </div>
   <div class='ocr_carea' id='block_1_11' title="bbox 184 1233 1823 1312">
    <p class='ocr_par' dir='ltr' id='par_1_11' title="bbox 184 1233 1823 1312">
     <span class='ocr_line' id='line_1_11' title="bbox 184 1233 1823 1312; baseline 0.004 -23"><span class='ocrx_word' id='word_1_72' title='bbox 184 1233 243 1289; x_wconf 90' lang='lat' dir='ltr'><strong>Si</strong></span> <span class='ocrx_word' id='word_1_73' title='bbox 274 1251 422 1307; x_wconf 86' lang='lat' dir='ltr'><strong>ergo</strong></span> <span class='ocrx_word' id='word_1_74' title='bbox 455 1235 862 1293; x_wconf 85' lang='lat' dir='ltr'><strong>misericordia</strong></span> <span class='ocrx_word' id='word_1_75' title='bbox 891 1240 1194 1309; x_wconf 69' lang='lat' dir='ltr'><strong>praecessit,</strong></span> <span class='ocrx_word' id='word_1_76' title='bbox 1229 1248 1281 1296; x_wconf 91' lang='lat' dir='ltr'><strong>et</strong></span> <span class='ocrx_word' id='word_1_77' title='bbox 1312 1241 1515 1296; x_wconf 86' lang='lat' dir='ltr'><strong>veritas</strong></span> <span class='ocrx_word' id='word_1_78' title='bbox 1561 1257 1823 1312; x_wconf 81' lang='lat' dir='ltr'><strong>perman-</strong></span> 
     </span>
    </p>
   </div>
   <div class='ocr_carea' id='block_1_12' title="bbox 185 1321 1821 1398">
    <p class='ocr_par' dir='ltr' id='par_1_12' title="bbox 185 1321 1821 1398">
     <span class='ocr_line' id='line_1_12' title="bbox 185 1321 1821 1398; baseline 0.005 -22"><span class='ocrx_word' id='word_1_79' title='bbox 185 1321 276 1388; x_wconf 78' lang='lat' dir='ltr'><strong>sit,</strong></span> <span class='ocrx_word' id='word_1_80' title='bbox 305 1323 538 1391; x_wconf 88' lang='lat' dir='ltr'><strong>justum</strong></span> <span class='ocrx_word' id='word_1_81' title='bbox 571 1341 704 1381; x_wconf 87' lang='lat' dir='ltr'><strong>esse</strong></span> <span class='ocrx_word' id='word_1_82' title='bbox 754 1333 816 1382; x_wconf 87' lang='lat' dir='ltr'><strong>ut</strong></span> <span class='ocrx_word' id='word_1_83' title='bbox 864 1343 1009 1384; x_wconf 91' lang='lat' dir='ltr'><strong>nunc</strong></span> <span class='ocrx_word' id='word_1_84' title='bbox 1057 1329 1436 1386; x_wconf 79' lang='lat' dir='ltr'><strong>misericordia</strong></span> <span class='ocrx_word' id='word_1_85' title='bbox 1485 1338 1717 1398; x_wconf 82' lang='lat' dir='ltr'><strong>maneat,</strong></span> <span class='ocrx_word' id='word_1_86' title='bbox 1768 1336 1821 1386; x_wconf 92' lang='lat' dir='ltr'><strong>et</strong></span> 
     </span>
    </p>
   </div>
   <div class='ocr_carea' id='block_1_13' title="bbox 183 1411 1818 1492">
    <p class='ocr_par' dir='ltr' id='par_1_13' title="bbox 183 1411 1818 1492">
     <span class='ocr_line' id='line_1_13' title="bbox 183 1411 1818 1492; baseline 0.006 -27"><span class='ocrx_word' id='word_1_87' title='bbox 183 1411 394 1468; x_wconf 89' lang='lat' dir='ltr'><strong>veritas</strong></span> <span class='ocrx_word' id='word_1_88' title='bbox 426 1415 758 1485; x_wconf 76' lang='lat' dir='ltr'><strong>praecedat.</strong></span> <span class='ocrx_word' id='word_1_89' title='bbox 797 1417 952 1472; x_wconf 89' lang='lat' dir='ltr'><strong>Tunc</strong></span> <span class='ocrx_word' id='word_1_90' title='bbox 979 1417 1360 1474; x_wconf 81' lang='lat' dir='ltr'><strong>misericordia</strong></span> <span class='ocrx_word' id='word_1_91' title='bbox 1382 1434 1587 1492; x_wconf 84' lang='lat' dir='ltr'><strong>rogans</strong></span> <span class='ocrx_word' id='word_1_92' title='bbox 1609 1419 1818 1475; x_wconf 87' lang='lat' dir='ltr'><strong>verita-</strong></span> 
     </span>
    </p>
   </div>
   <div class='ocr_carea' id='block_1_14' title="bbox 179 1515 1817 1586">
    <p class='ocr_par' dir='ltr' id='par_1_14' title="bbox 179 1515 1817 1586">
     <span class='ocr_line' id='line_1_14' title="bbox 179 1515 1817 1586; baseline 0.004 -23"><span class='ocrx_word' id='word_1_93' title='bbox 179 1517 293 1564; x_wconf 87' lang='lat' dir='ltr'><strong>tem</strong></span> <span class='ocrx_word' id='word_1_94' title='bbox 353 1526 682 1568; x_wconf 88' lang='lat' dir='ltr'><strong>memorem</strong></span> <span class='ocrx_word' id='word_1_95' title='bbox 743 1529 866 1570; x_wconf 90' lang='lat' dir='ltr'><strong>esse</strong></span> <span class='ocrx_word' id='word_1_96' title='bbox 920 1515 1224 1570; x_wconf 86' lang='lat' dir='ltr'><strong>communis</strong></span> <span class='ocrx_word' id='word_1_97' title='bbox 1280 1516 1443 1586; x_wconf 83' lang='lat' dir='ltr'><strong>pacti,</strong></span> <span class='ocrx_word' id='word_1_98' title='bbox 1495 1517 1701 1572; x_wconf 77' lang='lat' dir='ltr'><strong>scilicet</strong></span> <span class='ocrx_word' id='word_1_99' title='bbox 1747 1533 1817 1570; x_wconf 90' lang='lat' dir='ltr'><strong>ne</strong></span> 
     </span>
    </p>
   </div>
   <div class='ocr_carea' id='block_1_15' title="bbox 180 1597 1815 1670">
    <p class='ocr_par' dir='ltr' id='par_1_15' title="bbox 180 1597 1815 1670">
     <span class='ocr_line' id='line_1_15' title="bbox 180 1597 1815 1670; baseline 0.005 -19"><span class='ocrx_word' id='word_1_100' title='bbox 180 1597 500 1670; x_wconf 83' lang='lat' dir='ltr'><strong>quidquam</strong></span> <span class='ocrx_word' id='word_1_101' title='bbox 534 1599 684 1654; x_wconf 91' lang='lat' dir='ltr'><strong>ultra</strong></span> <span class='ocrx_word' id='word_1_102' title='bbox 716 1616 1039 1658; x_wconf 87' lang='lat' dir='ltr'><strong>concessum</strong></span> <span class='ocrx_word' id='word_1_103' title='bbox 1069 1611 1256 1659; x_wconf 89' lang='lat' dir='ltr'><strong>contra</strong></span> <span class='ocrx_word' id='word_1_104' title='bbox 1294 1603 1570 1660; x_wconf 85' lang='lat' dir='ltr'><strong>hominem</strong></span> <span class='ocrx_word' id='word_1_105' title='bbox 1619 1603 1815 1660; x_wconf 88' lang='lat' dir='ltr'><strong>molia-</strong></span> 
     </span>
    </p>
   </div>
   <div class='ocr_carea' id='block_1_16' title="bbox 178 1689 1815 1753">
    <p class='ocr_par' dir='ltr' id='par_1_16' title="bbox 178 1689 1815 1753">
     <span class='ocr_line' id='line_1_16' title="bbox 178 1689 1815 1753; baseline 0.005 -13"><span class='ocrx_word' id='word_1_106' title='bbox 178 1692 290 1753; x_wconf 89' lang='lat' dir='ltr'><strong>tur,</strong></span> <span class='ocrx_word' id='word_1_107' title='bbox 324 1703 462 1742; x_wconf 91' lang='lat' dir='ltr'><strong>cum</strong></span> <span class='ocrx_word' id='word_1_108' title='bbox 502 1689 749 1745; x_wconf 90' lang='lat' dir='ltr'><strong>Domino</strong></span> <span class='ocrx_word' id='word_1_109' title='bbox 778 1691 1046 1747; x_wconf 87' lang='lat' dir='ltr'><strong>ascendit.</strong></span> <span class='ocrx_word' id='word_1_110' title='bbox 1109 1692 1324 1748; x_wconf 85' lang='lat' dir='ltr'><strong>Veritas</strong></span> <span class='ocrx_word' id='word_1_111' title='bbox 1369 1702 1554 1749; x_wconf 87' lang='lat' dir='ltr'><strong>autem</strong></span> <span class='ocrx_word' id='word_1_112' title='bbox 1606 1693 1815 1749; x_wconf 87' lang='lat' dir='ltr'><strong>intrans</strong></span> 
     </span>
    </p>
   </div>
   <div class='ocr_carea' id='block_1_17' title="bbox 182 1783 1812 1862">
    <p class='ocr_par' dir='ltr' id='par_1_17' title="bbox 182 1783 1812 1862">
     <span class='ocr_line' id='line_1_17' title="bbox 182 1783 1812 1862; baseline 0.005 -25"><span class='ocrx_word' id='word_1_113' title='bbox 182 1796 281 1838; x_wconf 89' lang='lat' dir='ltr'><strong>cor</strong></span> <span class='ocrx_word' id='word_1_114' title='bbox 309 1783 600 1850; x_wconf 87' lang='lat' dir='ltr'><strong>hominis,</strong></span> <span class='ocrx_word' id='word_1_115' title='bbox 633 1785 840 1840; x_wconf 89' lang='lat' dir='ltr'><strong>invenit</strong></span> <span class='ocrx_word' id='word_1_116' title='bbox 870 1785 945 1842; x_wconf 91' lang='lat' dir='ltr'><strong>ibi</strong></span> <span class='ocrx_word' id='word_1_117' title='bbox 971 1788 1152 1842; x_wconf 91' lang='lat' dir='ltr'><strong>omnia</strong></span> <span class='ocrx_word' id='word_1_118' title='bbox 1182 1789 1345 1854; x_wconf 90' lang='lat' dir='ltr'><strong>mala,</strong></span> <span class='ocrx_word' id='word_1_119' title='bbox 1379 1797 1432 1844; x_wconf 90' lang='lat' dir='ltr'><strong>et</strong></span> <span class='ocrx_word' id='word_1_120' title='bbox 1478 1789 1648 1862; x_wconf 88' lang='lat' dir='ltr'><strong>digna</strong></span> <span class='ocrx_word' id='word_1_121' title='bbox 1689 1807 1812 1861; x_wconf 74' lang='lat' dir='ltr'><strong>pm-</strong></span> 
     </span>
    </p>
   </div>
   <div class='ocr_carea' id='block_1_18' title="bbox 181 1870 1800 1945">
    <p class='ocr_par' dir='ltr' id='par_1_18' title="bbox 181 1870 1800 1945">
     <span class='ocr_line' id='line_1_18' title="bbox 181 1870 1800 1945; baseline 0.006 -21"><span class='ocrx_word' id='word_1_122' title='bbox 181 1870 286 1936; x_wconf 90' lang='lat' dir='ltr'><strong>nis,</strong></span> <span class='ocrx_word' id='word_1_123' title='bbox 323 1880 381 1926; x_wconf 93' lang='lat' dir='ltr'><strong>et</strong></span> <span class='ocrx_word' id='word_1_124' title='bbox 410 1872 674 1929; x_wconf 87' lang='lat' dir='ltr'><strong>clamare</strong></span> <span class='ocrx_word' id='word_1_125' title='bbox 697 1875 861 1945; x_wconf 69' lang='lat' dir='ltr'><strong>coepit</strong></span> <span class='ocrx_word' id='word_1_126' title='bbox 890 1875 959 1930; x_wconf 91' lang='lat' dir='ltr'><strong>de</strong></span> <span class='ocrx_word' id='word_1_127' title='bbox 991 1884 1152 1943; x_wconf 89' lang='lat' dir='ltr'><strong>terra,</strong></span> <span class='ocrx_word' id='word_1_128' title='bbox 1187 1877 1458 1933; x_wconf 89' lang='lat' dir='ltr'><strong>hominem</strong></span> <span class='ocrx_word' id='word_1_129' title='bbox 1512 1894 1800 1934; x_wconf 85' lang='lat' dir='ltr'><strong>accusans.</strong></span> 
     </span>
    </p>
   </div>
   <div class='ocr_carea' id='block_1_19' title="bbox 1943 692 3523 764">
    <p class='ocr_par' dir='ltr' id='par_1_19' title="bbox 1943 692 3523 764">
     <span class='ocr_line' id='line_1_19' title="bbox 1943 692 3523 764; baseline 0 -18"><span class='ocrx_word' id='word_1_130' title='bbox 1943 692 2088 746; x_wconf 88' lang='lat' dir='ltr'><strong>enim</strong></span> <span class='ocrx_word' id='word_1_131' title='bbox 2125 708 2248 749; x_wconf 92' lang='lat' dir='ltr'><strong>cum</strong></span> <span class='ocrx_word' id='word_1_132' title='bbox 2290 693 2453 747; x_wconf 91' lang='lat' dir='ltr'><strong>rebus</strong></span> <span class='ocrx_word' id='word_1_133' title='bbox 2517 693 2717 748; x_wconf 83' lang='lat' dir='ltr'><strong>nostris</strong></span> <span class='ocrx_word' id='word_1_134' title='bbox 2783 693 2980 748; x_wconf 88' lang='lat' dir='ltr'><strong>durare</strong></span> <span class='ocrx_word' id='word_1_135' title='bbox 3042 707 3152 748; x_wconf 92' lang='lat' dir='ltr'><strong>non</strong></span> <span class='ocrx_word' id='word_1_136' title='bbox 3213 706 3523 764; x_wconf 84' lang='lat' dir='ltr'><strong>possumus,</strong></span> 
     </span>
    </p>
   </div>
   <div class='ocr_carea' id='block_1_20' title="bbox 1934 780 3527 852">
    <p class='ocr_par' dir='ltr' id='par_1_20' title="bbox 1934 780 3527 852">
     <span class='ocr_line' id='line_1_20' title="bbox 1934 780 3527 852; baseline 0.001 -18"><span class='ocrx_word' id='word_1_137' title='bbox 1934 780 2027 852; x_wconf 92' lang='lat' dir='ltr'><strong>qui</strong></span> <span class='ocrx_word' id='word_1_138' title='bbox 2055 788 2148 835; x_wconf 93' lang='lat' dir='ltr'><strong>aut</strong></span> <span class='ocrx_word' id='word_1_139' title='bbox 2175 797 2275 836; x_wconf 91' lang='lat' dir='ltr'><strong>nos</strong></span> <span class='ocrx_word' id='word_1_140' title='bbox 2304 780 2428 835; x_wconf 90' lang='lat' dir='ltr'><strong>illas</strong></span> <span class='ocrx_word' id='word_1_141' title='bbox 2459 781 2742 837; x_wconf 87' lang='lat' dir='ltr'><strong>moriendo</strong></span> <span class='ocrx_word' id='word_1_142' title='bbox 2771 781 3095 846; x_wconf 88' lang='lat' dir='ltr'><strong>deserimus,</strong></span> <span class='ocrx_word' id='word_1_143' title='bbox 3147 788 3238 836; x_wconf 91' lang='lat' dir='ltr'><strong>aut</strong></span> <span class='ocrx_word' id='word_1_144' title='bbox 3281 780 3378 835; x_wconf 87' lang='lat' dir='ltr'><strong>ille</strong></span> <span class='ocrx_word' id='word_1_145' title='bbox 3424 795 3527 836; x_wconf 88' lang='lat' dir='ltr'><strong>nos</strong></span> 
     </span>
    </p>
   </div>
   <div class='ocr_carea' id='block_1_21' title="bbox 1934 873 3524 947">
    <p class='ocr_par' dir='ltr' id='par_1_21' title="bbox 1934 873 3524 947">
     <span class='ocr_line' id='line_1_21' title="bbox 1934 873 3524 947; baseline -0.001 -16"><span class='ocrx_word' id='word_1_146' title='bbox 1934 877 2178 932; x_wconf 87' lang='lat' dir='ltr'><strong>viventes</strong></span> <span class='ocrx_word' id='word_1_147' title='bbox 2207 878 2466 933; x_wconf 89' lang='lat' dir='ltr'><strong>deserunt</strong></span> <span class='ocrx_word' id='word_1_148' title='bbox 2496 894 2597 947; x_wconf 86' lang='lat' dir='ltr'><strong>per</strong></span> <span class='ocrx_word' id='word_1_149' title='bbox 2616 877 2943 932; x_wconf 87' lang='lat' dir='ltr'><strong>diversitate</strong></span> <span class='ocrx_word' id='word_1_150' title='bbox 2964 892 3116 931; x_wconf 90' lang='lat' dir='ltr'><strong>usus.</strong></span> <span class='ocrx_word' id='word_1_151' title='bbox 3140 875 3249 930; x_wconf 80' lang='lat' dir='ltr'><strong>Alii</strong></span> <span class='ocrx_word' id='word_1_152' title='bbox 3269 875 3338 930; x_wconf 89' lang='lat' dir='ltr'><strong>de</strong></span> <span class='ocrx_word' id='word_1_153' title='bbox 3359 873 3524 930; x_wconf 87' lang='lat' dir='ltr'><strong>rebus</strong></span> 
     </span>
    </p>
   </div>
   <div class='ocr_carea' id='block_1_22' title="bbox 1932 961 3522 1036">
    <p class='ocr_par' dir='ltr' id='par_1_22' title="bbox 1932 961 3522 1036">
     <span class='ocr_line' id='line_1_22' title="bbox 1932 961 3522 1036; baseline -0.001 -16"><span class='ocrx_word' id='word_1_154' title='bbox 1932 966 2223 1020; x_wconf 86' lang='lat' dir='ltr'><strong>mundanis</strong></span> <span class='ocrx_word' id='word_1_155' title='bbox 2281 973 2533 1036; x_wconf 88' lang='lat' dir='ltr'><strong>pereunt,</strong></span> <span class='ocrx_word' id='word_1_156' title='bbox 2593 981 2731 1036; x_wconf 85' lang='lat' dir='ltr'><strong>quas</strong></span> <span class='ocrx_word' id='word_1_157' title='bbox 2786 965 3034 1036; x_wconf 87' lang='lat' dir='ltr'><strong>cupidius</strong></span> <span class='ocrx_word' id='word_1_158' title='bbox 3097 963 3355 1035; x_wconf 87' lang='lat' dir='ltr'><strong>rapiunt:</strong></span> <span class='ocrx_word' id='word_1_159' title='bbox 3428 961 3522 1018; x_wconf 91' lang='lat' dir='ltr'><strong>alii</strong></span> 
     </span>
    </p>
   </div>
   <div class='ocr_carea' id='block_1_23' title="bbox 1932 1061 3519 1134">
    <p class='ocr_par' dir='ltr' id='par_1_23' title="bbox 1932 1061 3519 1134">
     <span class='ocr_line' id='line_1_23' title="bbox 1932 1061 3519 1134; baseline 0 -17"><span class='ocrx_word' id='word_1_160' title='bbox 1932 1079 2067 1118; x_wconf 91' lang='lat' dir='ltr'><strong>vero</strong></span> <span class='ocrx_word' id='word_1_161' title='bbox 2094 1063 2388 1130; x_wconf 88' lang='lat' dir='ltr'><strong>salvantur,</strong></span> <span class='ocrx_word' id='word_1_162' title='bbox 2419 1064 2547 1118; x_wconf 90' lang='lat' dir='ltr'><strong>dum</strong></span> <span class='ocrx_word' id='word_1_163' title='bbox 2574 1063 2630 1118; x_wconf 89' lang='lat' dir='ltr'><strong>in</strong></span> <span class='ocrx_word' id='word_1_164' title='bbox 2676 1079 2864 1118; x_wconf 90' lang='lat' dir='ltr'><strong>earum</strong></span> <span class='ocrx_word' id='word_1_165' title='bbox 2913 1062 3314 1134; x_wconf 87' lang='lat' dir='ltr'><strong>pulchritudine</strong></span> <span class='ocrx_word' id='word_1_166' title='bbox 3369 1061 3519 1118; x_wconf 76' lang='lat' dir='ltr'><strong>Con-</strong></span> 
     </span>
    </p>
   </div>
   <div class='ocr_carea' id='block_1_24' title="bbox 1930 1149 3518 1223">
    <p class='ocr_par' dir='ltr' id='par_1_24' title="bbox 1930 1149 3518 1223">
     <span class='ocr_line' id='line_1_24' title="bbox 1930 1149 3518 1223; baseline 0 -19"><span class='ocrx_word' id='word_1_167' title='bbox 1930 1151 2117 1207; x_wconf 86' lang='lat' dir='ltr'><strong>ditoris</strong></span> <span class='ocrx_word' id='word_1_168' title='bbox 2158 1152 2583 1223; x_wconf 83' lang='lat' dir='ltr'><strong>pulcherrimam</strong></span> <span class='ocrx_word' id='word_1_169' title='bbox 2631 1153 3030 1223; x_wconf 83' lang='lat' dir='ltr'><strong>providentiam</strong></span> <span class='ocrx_word' id='word_1_170' title='bbox 3075 1151 3358 1206; x_wconf 88' lang='lat' dir='ltr'><strong>laudantes</strong></span> <span class='ocrx_word' id='word_1_171' title='bbox 3409 1149 3518 1204; x_wconf 85' lang='lat' dir='ltr'><strong>mi-</strong></span> 
     </span>
    </p>
   </div>
   <div class='ocr_carea' id='block_1_25' title="bbox 1930 1240 3515 1312">
    <p class='ocr_par' dir='ltr' id='par_1_25' title="bbox 1930 1240 3515 1312">
     <span class='ocr_line' id='line_1_25' title="bbox 1930 1240 3515 1312; baseline 0.001 -17"><span class='ocrx_word' id='word_1_172' title='bbox 1930 1248 2137 1306; x_wconf 86' lang='lat' dir='ltr'><strong>rantur,</strong></span> <span class='ocrx_word' id='word_1_173' title='bbox 2171 1241 2257 1296; x_wconf 90' lang='lat' dir='ltr'><strong>vel</strong></span> <span class='ocrx_word' id='word_1_174' title='bbox 2287 1241 2414 1296; x_wconf 93' lang='lat' dir='ltr'><strong>dum</strong></span> <span class='ocrx_word' id='word_1_175' title='bbox 2445 1257 2546 1312; x_wconf 89' lang='lat' dir='ltr'><strong>per</strong></span> <span class='ocrx_word' id='word_1_176' title='bbox 2574 1241 2972 1297; x_wconf 72' lang='lat' dir='ltr'><strong>misericordia:</strong></span> <span class='ocrx_word' id='word_1_177' title='bbox 2998 1255 3135 1312; x_wconf 87' lang='lat' dir='ltr'><strong>opus</strong></span> <span class='ocrx_word' id='word_1_178' title='bbox 3177 1255 3244 1295; x_wconf 91' lang='lat' dir='ltr'><strong>ex</strong></span> <span class='ocrx_word' id='word_1_179' title='bbox 3292 1240 3373 1294; x_wconf 89' lang='lat' dir='ltr'><strong>eis</strong></span> <span class='ocrx_word' id='word_1_180' title='bbox 3405 1253 3515 1296; x_wconf 70' lang='lat' dir='ltr'><strong>ca:-</strong></span> 
     </span>
    </p>
   </div>
   <div class='ocr_carea' id='block_1_26' title="bbox 1927 1335 3515 1408">
    <p class='ocr_par' dir='ltr' id='par_1_26' title="bbox 1927 1335 3515 1408">
     <span class='ocr_line' id='line_1_26' title="bbox 1927 1335 3515 1408; baseline 0 -16"><span class='ocrx_word' id='word_1_181' title='bbox 1927 1336 2086 1392; x_wconf 89' lang='lat' dir='ltr'><strong>lestia</strong></span> <span class='ocrx_word' id='word_1_182' title='bbox 2113 1338 2257 1394; x_wconf 88' lang='lat' dir='ltr'><strong>bona</strong></span> <span class='ocrx_word' id='word_1_183' title='bbox 2287 1347 2586 1394; x_wconf 89' lang='lat' dir='ltr'><strong>merentur.</strong></span> <span class='ocrx_word' id='word_1_184' title='bbox 2647 1337 3022 1394; x_wconf 82' lang='lat' dir='ltr'><strong>Misericordia</strong></span> <span class='ocrx_word' id='word_1_185' title='bbox 3064 1353 3098 1394; x_wconf 88' lang='lat' dir='ltr'><strong>a</strong></span> <span class='ocrx_word' id='word_1_186' title='bbox 3134 1335 3515 1408; x_wconf 89' lang='lat' dir='ltr'><strong>compatiendo</strong></span> 
     </span>
    </p>
   </div>
   <div class='ocr_carea' id='block_1_27' title="bbox 1927 1425 3514 1483">
    <p class='ocr_par' dir='ltr' id='par_1_27' title="bbox 1927 1425 3514 1483">
     <span class='ocr_line' id='line_1_27' title="bbox 1927 1425 3514 1483; baseline 0 -3"><span class='ocrx_word' id='word_1_187' title='bbox 1927 1425 2122 1482; x_wconf 72' lang='lat' dir='ltr'><strong>aliena:</strong></span> <span class='ocrx_word' id='word_1_188' title='bbox 2141 1428 2390 1482; x_wconf 77' lang='lat' dir='ltr'><strong>miseriae</strong></span> <span class='ocrx_word' id='word_1_189' title='bbox 2408 1427 2741 1483; x_wconf 87' lang='lat' dir='ltr'><strong>vocabulum</strong></span> <span class='ocrx_word' id='word_1_190' title='bbox 2763 1427 2952 1483; x_wconf 88' lang='lat' dir='ltr'><strong>sortita</strong></span> <span class='ocrx_word' id='word_1_191' title='bbox 2973 1434 3072 1482; x_wconf 90' lang='lat' dir='ltr'><strong>est.</strong></span> <span class='ocrx_word' id='word_1_192' title='bbox 3108 1426 3304 1482; x_wconf 90' lang='lat' dir='ltr'><strong>Nullus</strong></span> <span class='ocrx_word' id='word_1_193' title='bbox 3333 1433 3514 1482; x_wconf 85' lang='lat' dir='ltr'><strong>autem</strong></span> 
     </span>
    </p>
   </div>
   <div class='ocr_carea' id='block_1_28' title="bbox 1925 1523 3512 1596">
    <p class='ocr_par' dir='ltr' id='par_1_28' title="bbox 1925 1523 3512 1596">
     <span class='ocr_line' id='line_1_28' title="bbox 1925 1523 3512 1596; baseline 0 -18"><span class='ocrx_word' id='word_1_194' title='bbox 1925 1523 1980 1578; x_wconf 91' lang='lat' dir='ltr'><strong>in</strong></span> <span class='ocrx_word' id='word_1_195' title='bbox 2010 1524 2188 1580; x_wconf 90' lang='lat' dir='ltr'><strong>alieno</strong></span> <span class='ocrx_word' id='word_1_196' title='bbox 2219 1525 2535 1581; x_wconf 88' lang='lat' dir='ltr'><strong>misericors</strong></span> <span class='ocrx_word' id='word_1_197' title='bbox 2565 1541 2688 1581; x_wconf 90' lang='lat' dir='ltr'><strong>esse</strong></span> <span class='ocrx_word' id='word_1_198' title='bbox 2715 1533 2914 1596; x_wconf 88' lang='lat' dir='ltr'><strong>potest,</strong></span> <span class='ocrx_word' id='word_1_199' title='bbox 2937 1525 3173 1596; x_wconf 89' lang='lat' dir='ltr'><strong>quandiu</strong></span> <span class='ocrx_word' id='word_1_200' title='bbox 3213 1540 3381 1595; x_wconf 88' lang='lat' dir='ltr'><strong>prave</strong></span> <span class='ocrx_word' id='word_1_201' title='bbox 3424 1523 3512 1580; x_wconf 92' lang='lat' dir='ltr'><strong>vi-</strong></span> 
     </span>
    </p>
   </div>
   <div class='ocr_carea' id='block_1_29' title="bbox 1924 1611 3512 1683">
    <p class='ocr_par' dir='ltr' id='par_1_29' title="bbox 1924 1611 3512 1683">
     <span class='ocr_line' id='line_1_29' title="bbox 1924 1611 3512 1683; baseline 0 -15"><span class='ocrx_word' id='word_1_202' title='bbox 1924 1613 2122 1680; x_wconf 87' lang='lat' dir='ltr'><strong>vendo,</strong></span> <span class='ocrx_word' id='word_1_203' title='bbox 2148 1613 2200 1668; x_wconf 92' lang='lat' dir='ltr'><strong>in</strong></span> <span class='ocrx_word' id='word_1_204' title='bbox 2225 1630 2284 1668; x_wconf 87' lang='lat' dir='ltr'><strong>se</strong></span> <span class='ocrx_word' id='word_1_205' title='bbox 2311 1614 2626 1671; x_wconf 87' lang='lat' dir='ltr'><strong>misericors</strong></span> <span class='ocrx_word' id='word_1_206' title='bbox 2646 1630 2756 1669; x_wconf 88' lang='lat' dir='ltr'><strong>non</strong></span> <span class='ocrx_word' id='word_1_207' title='bbox 2787 1621 2886 1669; x_wconf 90' lang='lat' dir='ltr'><strong>est.</strong></span> <span class='ocrx_word' id='word_1_208' title='bbox 2921 1613 3024 1683; x_wconf 90' lang='lat' dir='ltr'><strong>Qui</strong></span> <span class='ocrx_word' id='word_1_209' title='bbox 3067 1613 3207 1668; x_wconf 89' lang='lat' dir='ltr'><strong>enim</strong></span> <span class='ocrx_word' id='word_1_210' title='bbox 3259 1611 3362 1667; x_wconf 91' lang='lat' dir='ltr'><strong>sibi</strong></span> <span class='ocrx_word' id='word_1_211' title='bbox 3407 1627 3512 1668; x_wconf 86' lang='lat' dir='ltr'><strong>ne-</strong></span> 
     </span>
    </p>
   </div>
   <div class='ocr_carea' id='block_1_30' title="bbox 1923 1701 3507 1774">
    <p class='ocr_par' dir='ltr' id='par_1_30' title="bbox 1923 1701 3507 1774">
     <span class='ocr_line' id='line_1_30' title="bbox 1923 1701 3507 1774; baseline 0.001 -19"><span class='ocrx_word' id='word_1_212' title='bbox 1923 1717 2080 1774; x_wconf 88' lang='lat' dir='ltr'><strong>quam</strong></span> <span class='ocrx_word' id='word_1_213' title='bbox 2113 1710 2215 1769; x_wconf 89' lang='lat' dir='ltr'><strong>est,</strong></span> <span class='ocrx_word' id='word_1_214' title='bbox 2238 1703 2325 1759; x_wconf 92' lang='lat' dir='ltr'><strong>cui</strong></span> <span class='ocrx_word' id='word_1_215' title='bbox 2355 1703 2530 1758; x_wconf 90' lang='lat' dir='ltr'><strong>bonus</strong></span> <span class='ocrx_word' id='word_1_216' title='bbox 2586 1710 2666 1758; x_wconf 87' lang='lat' dir='ltr'><strong>est</strong></span> <span class='ocrx_word' id='word_1_217' title='bbox 2696 1704 2724 1757; x_wconf 84' lang='lat'><strong>?</strong></span> <span class='ocrx_word' id='word_1_218' title='bbox 2781 1703 2936 1757; x_wconf 91' lang='lat' dir='ltr'><strong>Nulla</strong></span> <span class='ocrx_word' id='word_1_219' title='bbox 2996 1701 3202 1759; x_wconf 90' lang='lat' dir='ltr'><strong>scelera</strong></span> <span class='ocrx_word' id='word_1_220' title='bbox 3261 1701 3507 1757; x_wconf 83' lang='lat' dir='ltr'><strong>eleemo-</strong></span> 
     </span>
    </p>
   </div>
   <div class='ocr_carea' id='block_1_31' title="bbox 1922 1798 3508 1872">
    <p class='ocr_par' dir='ltr' id='par_1_31' title="bbox 1922 1798 3508 1872">
     <span class='ocr_line' id='line_1_31' title="bbox 1922 1798 3508 1872; baseline 0.001 -19"><span class='ocrx_word' id='word_1_221' title='bbox 1922 1798 2072 1870; x_wconf 83' lang='lat' dir='ltr'><strong>synis</strong></span> <span class='ocrx_word' id='word_1_222' title='bbox 2110 1816 2275 1872; x_wconf 89' lang='lat' dir='ltr'><strong>posse</strong></span> <span class='ocrx_word' id='word_1_223' title='bbox 2312 1801 2507 1856; x_wconf 90' lang='lat' dir='ltr'><strong>redimi</strong></span> <span class='ocrx_word' id='word_1_224' title='bbox 2543 1843 2556 1869; x_wconf 93' lang='lat'><strong>,</strong></span> <span class='ocrx_word' id='word_1_225' title='bbox 2598 1800 2644 1856; x_wconf 88' lang='lat' dir='ltr'><strong>si</strong></span> <span class='ocrx_word' id='word_1_226' title='bbox 2701 1801 2756 1855; x_wconf 89' lang='lat' dir='ltr'><strong>in</strong></span> <span class='ocrx_word' id='word_1_227' title='bbox 2809 1800 3050 1872; x_wconf 86' lang='lat' dir='ltr'><strong>peccatis</strong></span> <span class='ocrx_word' id='word_1_228' title='bbox 3105 1800 3341 1872; x_wconf 82' lang='lat' dir='ltr'><strong>quisque</strong></span> <span class='ocrx_word' id='word_1_229' title='bbox 3378 1816 3508 1870; x_wconf 91' lang='lat' dir='ltr'><strong>per-</strong></span> 
     </span>
    </p>
   </div>
   <div class='ocr_carea' id='block_1_32' title="bbox 1925 1887 3508 1960">
    <p class='ocr_par' dir='ltr' id='par_1_32' title="bbox 1925 1887 3508 1960">
     <span class='ocr_line' id='line_1_32' title="bbox 1925 1887 3508 1960; baseline 0 -19"><span class='ocrx_word' id='word_1_230' title='bbox 1925 1889 2204 1943; x_wconf 87' lang='lat' dir='ltr'><strong>manserit.</strong></span> <span class='ocrx_word' id='word_1_231' title='bbox 2236 1890 2387 1944; x_wconf 90' lang='lat' dir='ltr'><strong>Tunc</strong></span> <span class='ocrx_word' id='word_1_232' title='bbox 2417 1897 2596 1945; x_wconf 89' lang='lat' dir='ltr'><strong>autem</strong></span> <span class='ocrx_word' id='word_1_233' title='bbox 2628 1889 3094 1960; x_wconf 83' lang='lat' dir='ltr'><strong>eleemosynarum</strong></span> <span class='ocrx_word' id='word_1_234' title='bbox 3123 1887 3302 1944; x_wconf 89' lang='lat' dir='ltr'><strong>fructu</strong></span> <span class='ocrx_word' id='word_1_235' title='bbox 3323 1887 3508 1942; x_wconf 85' lang='lat' dir='ltr'><strong>indul-</strong></span> 
     </span>
    </p>
   </div>
   <div class='ocr_carea' id='block_1_33' title="bbox 182 1952 3507 2058">
    <p class='ocr_par' dir='ltr' id='par_1_33' title="bbox 182 1952 3507 2058">
     <span class='ocr_line' id='line_1_33' title="bbox 182 1952 3507 2058; baseline 0.004 -45"><span class='ocrx_word' id='word_1_236' title='bbox 182 1959 597 2017; x_wconf 73' lang='lat' dir='ltr'><strong>Misericordia</strong></span> <span class='ocrx_word' id='word_1_237' title='bbox 628 1979 760 2019; x_wconf 91' lang='lat' dir='ltr'><strong>vero</strong></span> <span class='ocrx_word' id='word_1_238' title='bbox 789 1978 897 2018; x_wconf 93' lang='lat' dir='ltr'><strong>non</strong></span> <span class='ocrx_word' id='word_1_239' title='bbox 927 1965 1225 2021; x_wconf 88' lang='lat' dir='ltr'><strong>desistebat</strong></span> <span class='ocrx_word' id='word_1_240' title='bbox 1253 1967 1306 2021; x_wconf 92' lang='lat' dir='ltr'><strong>in</strong></span> <span class='ocrx_word' id='word_1_241' title='bbox 1337 1967 1476 2022; x_wconf 78' lang='lat' dir='ltr'><strong>coelo</strong></span> <span class='ocrx_word' id='word_1_242' title='bbox 1508 1968 1804 2024; x_wconf 88' lang='lat' dir='ltr'><strong>Dominum</strong></span> <span class='ocrx_word' id='word_1_243' title='bbox 1833 1952 1884 2012; x_wconf 82' lang='grc' dir='ltr'>Β</span> <span class='ocrx_word' id='word_1_244' title='bbox 1913 1985 2154 2056; x_wconf 58' lang='lat' dir='ltr'><strong>gentiam</strong></span> <span class='ocrx_word' id='word_1_245' title='bbox 2186 1986 2525 2053; x_wconf 54' lang='lat' dir='ltr'><strong>conceditur,</strong></span> <span class='ocrx_word' id='word_1_246' title='bbox 2560 1987 2775 2058; x_wconf 72' lang='lat' dir='ltr'><strong>quando</strong></span> <span class='ocrx_word' id='word_1_247' title='bbox 2807 1952 2886 2040; x_wconf 57' lang='lat' dir='ltr'><strong>at;</strong></span> <span class='ocrx_word' id='word_1_248' title='bbox 2909 1986 3177 2042; x_wconf 61' lang='lat' dir='ltr'><strong>scelerum</strong></span> <span class='ocrx_word' id='word_1_249' title='bbox 3208 2001 3372 2056; x_wconf 69' lang='grc' dir='ltr'>ορειιε</span> <span class='ocrx_word' id='word_1_250' title='bbox 3399 1984 3507 2040; x_wconf 76' lang='grc' dir='ltr'><strong>ἀθ-</strong></span> 
     </span>
    </p>
   </div>
   <div class='ocr_carea' id='block_1_34' title="bbox 179 2058 1807 2134">
    <p class='ocr_par' dir='ltr' id='par_1_34' title="bbox 179 2058 1807 2134">
     <span class='ocr_line' id='line_1_34' title="bbox 179 2058 1807 2134; baseline 0.006 -25"><span class='ocrx_word' id='word_1_251' title='bbox 179 2069 346 2112; x_wconf 89' lang='lat' dir='ltr'><strong>orare</strong></span> <span class='ocrx_word' id='word_1_252' title='bbox 380 2073 494 2128; x_wconf 89' lang='lat' dir='ltr'><strong>pro</strong></span> <span class='ocrx_word' id='word_1_253' title='bbox 530 2058 757 2115; x_wconf 90' lang='lat' dir='ltr'><strong>homine</strong></span> <span class='ocrx_word' id='word_1_254' title='bbox 786 2059 1088 2130; x_wconf 84' lang='lat' dir='ltr'><strong>postulans.</strong></span> <span class='ocrx_word' id='word_1_255' title='bbox 1113 2062 1295 2117; x_wconf 84' lang='lat' dir='ltr'><strong>Homo</strong></span> <span class='ocrx_word' id='word_1_256' title='bbox 1324 2061 1379 2116; x_wconf 91' lang='lat' dir='ltr'><strong>in</strong></span> <span class='ocrx_word' id='word_1_257' title='bbox 1409 2071 1555 2117; x_wconf 88' lang='lat' dir='ltr'><strong>terra</strong></span> <span class='ocrx_word' id='word_1_258' title='bbox 1585 2079 1679 2134; x_wconf 87' lang='lat' dir='ltr'><strong>per</strong></span> <span class='ocrx_word' id='word_1_259' title='bbox 1706 2079 1807 2119; x_wconf 90' lang='lat' dir='ltr'><strong>ve-</strong></span> 
     </span>
    </p>
   </div>
   <div class='ocr_carea' id='block_1_35' title="bbox 179 2143 1805 2219">
    <p class='ocr_par' dir='ltr' id='par_1_35' title="bbox 179 2143 1805 2219">
     <span class='ocr_line' id='line_1_35' title="bbox 179 2143 1805 2219; baseline 0.004 -20"><span class='ocrx_word' id='word_1_260' title='bbox 179 2143 402 2200; x_wconf 86' lang='lat' dir='ltr'><strong>ritatem</strong></span> <span class='ocrx_word' id='word_1_261' title='bbox 436 2146 789 2214; x_wconf 88' lang='lat' dir='ltr'><strong>stimulatus,</strong></span> <span class='ocrx_word' id='word_1_262' title='bbox 824 2164 1088 2219; x_wconf 90' lang='lat' dir='ltr'><strong>peccasse</strong></span> <span class='ocrx_word' id='word_1_263' title='bbox 1132 2149 1509 2216; x_wconf 82' lang='lat' dir='ltr'><strong>conﬁtebatur,</strong></span> <span class='ocrx_word' id='word_1_264' title='bbox 1560 2160 1612 2206; x_wconf 90' lang='lat' dir='ltr'><strong>et</strong></span> <span class='ocrx_word' id='word_1_265' title='bbox 1660 2153 1805 2207; x_wconf 84' lang='lat' dir='ltr'><strong>Deus</strong></span> 
     </span>
    </p>
   </div>
   <div class='ocr_carea' id='block_1_36' title="bbox 177 2233 1803 2307">
    <p class='ocr_par' dir='ltr' id='par_1_36' title="bbox 177 2233 1803 2307">
     <span class='ocr_line' id='line_1_36' title="bbox 177 2233 1803 2307; baseline 0.006 -19"><span class='ocrx_word' id='word_1_266' title='bbox 177 2233 233 2288; x_wconf 93' lang='lat' dir='ltr'><strong>in</strong></span> <span class='ocrx_word' id='word_1_267' title='bbox 263 2235 415 2291; x_wconf 64' lang='lat' dir='ltr'><strong>caelo</strong></span> <span class='ocrx_word' id='word_1_268' title='bbox 451 2253 562 2307; x_wconf 86' lang='lat' dir='ltr'><strong>per</strong></span> <span class='ocrx_word' id='word_1_269' title='bbox 594 2237 1030 2294; x_wconf 83' lang='lat' dir='ltr'><strong>misericordiam</strong></span> <span class='ocrx_word' id='word_1_270' title='bbox 1063 2238 1232 2294; x_wconf 82' lang='lat' dir='ltr'><strong>ﬂexus</strong></span> <span class='ocrx_word' id='word_1_271' title='bbox 1263 2241 1541 2295; x_wconf 78' lang='lat' dir='ltr'><strong>confitenti</strong></span> <span class='ocrx_word' id='word_1_272' title='bbox 1571 2241 1803 2298; x_wconf 85' lang='lat' dir='ltr'><strong>misere-</strong></span> 
     </span>
    </p>
   </div>
   <div class='ocr_carea' id='block_1_37' title="bbox 178 2330 1804 2409">
    <p class='ocr_par' dir='ltr' id='par_1_37' title="bbox 178 2330 1804 2409">
     <span class='ocr_line' id='line_1_37' title="bbox 178 2330 1804 2409; baseline 0.006 -23"><span class='ocrx_word' id='word_1_273' title='bbox 178 2330 367 2387; x_wconf 86' lang='lat' dir='ltr'><strong>batur.</strong></span> <span class='ocrx_word' id='word_1_274' title='bbox 415 2335 608 2390; x_wconf 87' lang='lat' dir='ltr'><strong>Homo</strong></span> <span class='ocrx_word' id='word_1_275' title='bbox 639 2335 1039 2391; x_wconf 89' lang='lat' dir='ltr'><strong>confessionem</strong></span> <span class='ocrx_word' id='word_1_276' title='bbox 1071 2337 1141 2392; x_wconf 87' lang='lat' dir='ltr'><strong>ad</strong></span> <span class='ocrx_word' id='word_1_277' title='bbox 1171 2337 1399 2392; x_wconf 88' lang='lat' dir='ltr'><strong>salutem</strong></span> <span class='ocrx_word' id='word_1_278' title='bbox 1419 2339 1690 2409; x_wconf 84' lang='lat' dir='ltr'><strong>prOpriam</strong></span> <span class='ocrx_word' id='word_1_279' title='bbox 1712 2355 1804 2395; x_wconf 91' lang='lat' dir='ltr'><strong>ore</strong></span> 
     </span>
    </p>
   </div>
   <div class='ocr_carea' id='block_1_38' title="bbox 183 2419 1801 2496">
    <p class='ocr_par' dir='ltr' id='par_1_38' title="bbox 183 2419 1801 2496">
     <span class='ocr_line' id='line_1_38' title="bbox 183 2419 1801 2496; baseline 0.005 -22"><span class='ocrx_word' id='word_1_280' title='bbox 183 2419 447 2488; x_wconf 78' lang='lat' dir='ltr'><strong>faciebat,</strong></span> <span class='ocrx_word' id='word_1_281' title='bbox 501 2431 560 2478; x_wconf 90' lang='lat' dir='ltr'><strong>et</strong></span> <span class='ocrx_word' id='word_1_282' title='bbox 607 2425 981 2480; x_wconf 81' lang='lat' dir='ltr'><strong>misericordia</strong></span> <span class='ocrx_word' id='word_1_283' title='bbox 1038 2427 1298 2496; x_wconf 79' lang='lat' dir='ltr'><strong>precibus</strong></span> <span class='ocrx_word' id='word_1_284' title='bbox 1345 2427 1456 2480; x_wconf 87' lang='lat' dir='ltr'><strong>suis</strong></span> <span class='ocrx_word' id='word_1_285' title='bbox 1510 2428 1801 2482; x_wconf 92' lang='lat' dir='ltr'><strong>Dominum</strong></span> 
     </span>
    </p>
   </div>
   <div class='ocr_carea' id='block_1_39' title="bbox 185 2509 1802 2586">
    <p class='ocr_par' dir='ltr' id='par_1_39' title="bbox 185 2509 1802 2586">
     <span class='ocr_line' id='line_1_39' title="bbox 185 2509 1802 2586; baseline 0.005 -23"><span class='ocrx_word' id='word_1_286' title='bbox 185 2509 256 2564; x_wconf 88' lang='lat' dir='ltr'><strong>ad</strong></span> <span class='ocrx_word' id='word_1_287' title='bbox 284 2509 752 2579; x_wconf 72' lang='lat' dir='ltr'><strong>iustificationem</strong></span> <span class='ocrx_word' id='word_1_288' title='bbox 785 2513 1021 2568; x_wconf 86' lang='lat' dir='ltr'><strong>hominis</strong></span> <span class='ocrx_word' id='word_1_289' title='bbox 1051 2514 1434 2586; x_wconf 87' lang='lat' dir='ltr'><strong>compellebat.</strong></span> <span class='ocrx_word' id='word_1_290' title='bbox 1470 2516 1682 2570; x_wconf 68' lang='lat' dir='ltr'><strong>Veritas</strong></span> <span class='ocrx_word' id='word_1_291' title='bbox 1734 2517 1802 2572; x_wconf 91' lang='lat' dir='ltr'><strong>dc</strong></span> 
     </span>
    </p>
   </div>
   <div class='ocr_carea' id='block_1_40' title="bbox 190 2611 1804 2682">
    <p class='ocr_par' dir='ltr' id='par_1_40' title="bbox 190 2611 1804 2682">
     <span class='ocr_line' id='line_1_40' title="bbox 190 2611 1804 2682; baseline 0.003 -21"><span class='ocrx_word' id='word_1_292' title='bbox 190 2614 333 2662; x_wconf 88' lang='lat' dir='ltr'><strong>terra</strong></span> <span class='ocrx_word' id='word_1_293' title='bbox 367 2625 475 2680; x_wconf 91' lang='lat' dir='ltr'><strong>per</strong></span> <span class='ocrx_word' id='word_1_294' title='bbox 508 2611 920 2666; x_wconf 82' lang='lat' dir='ltr'><strong>confessionem</strong></span> <span class='ocrx_word' id='word_1_295' title='bbox 951 2611 1189 2666; x_wconf 84' lang='lat' dir='ltr'><strong>hominis</strong></span> <span class='ocrx_word' id='word_1_296' title='bbox 1218 2611 1511 2678; x_wconf 89' lang='lat' dir='ltr'><strong>oriebatur,</strong></span> <span class='ocrx_word' id='word_1_297' title='bbox 1549 2620 1598 2667; x_wconf 92' lang='lat' dir='ltr'><strong>et</strong></span> <span class='ocrx_word' id='word_1_298' title='bbox 1640 2613 1804 2682; x_wconf 89' lang='lat' dir='ltr'><strong>justi-</strong></span> 
     </span>
    </p>
   </div>
   <div class='ocr_carea' id='block_1_41' title="bbox 188 2695 1804 2770">
    <p class='ocr_par' dir='ltr' id='par_1_41' title="bbox 188 2695 1804 2770">
     <span class='ocr_line' id='line_1_41' title="bbox 188 2695 1804 2770; baseline 0.004 -21"><span class='ocrx_word' id='word_1_299' title='bbox 188 2695 262 2750; x_wconf 87' lang='lat' dir='ltr'><strong>tia</strong></span> <span class='ocrx_word' id='word_1_300' title='bbox 297 2697 375 2752; x_wconf 87' lang='lat' dir='ltr'><strong>de</strong></span> <span class='ocrx_word' id='word_1_301' title='bbox 408 2698 561 2754; x_wconf 66' lang='lat' dir='ltr'><strong>cazlo</strong></span> <span class='ocrx_word' id='word_1_302' title='bbox 593 2699 951 2770; x_wconf 86' lang='lat' dir='ltr'><strong>prospiciens,</strong></span> <span class='ocrx_word' id='word_1_303' title='bbox 983 2715 1079 2770; x_wconf 88' lang='lat' dir='ltr'><strong>per</strong></span> <span class='ocrx_word' id='word_1_304' title='bbox 1108 2700 1543 2755; x_wconf 89' lang='lat' dir='ltr'><strong>misericordiam</strong></span> <span class='ocrx_word' id='word_1_305' title='bbox 1589 2702 1686 2756; x_wconf 92' lang='lat' dir='ltr'><strong>Dei</strong></span> <span class='ocrx_word' id='word_1_306' title='bbox 1735 2700 1804 2756; x_wconf 91' lang='lat' dir='ltr'><strong>ad</strong></span> 
     </span>
    </p>
   </div>
   <div class='ocr_carea' id='block_1_42' title="bbox 187 2787 1799 2860">
    <p class='ocr_par' dir='ltr' id='par_1_42' title="bbox 187 2787 1799 2860">
     <span class='ocr_line' id='line_1_42' title="bbox 187 2787 1799 2860; baseline 0.004 -22"><span class='ocrx_word' id='word_1_307' title='bbox 187 2791 366 2841; x_wconf 85' lang='lat' dir='ltr'><strong>terras</strong></span> <span class='ocrx_word' id='word_1_308' title='bbox 395 2787 749 2843; x_wconf 89' lang='lat' dir='ltr'><strong>mittebatur.</strong></span> <span class='ocrx_word' id='word_1_309' title='bbox 793 2788 1008 2842; x_wconf 87' lang='lat' dir='ltr'><strong>Veritas</strong></span> <span class='ocrx_word' id='word_1_310' title='bbox 1056 2789 1199 2843; x_wconf 81' lang='lat' dir='ltr'><strong>dixit</strong></span> <span class='ocrx_word' id='word_1_311' title='bbox 1247 2789 1400 2859; x_wconf 86' lang='lat' dir='ltr'><strong>prius</strong></span> <span class='ocrx_word' id='word_1_312' title='bbox 1439 2789 1799 2860; x_wconf 90' lang='lat' dir='ltr'><strong>puniendum,</strong></span> 
     </span>
    </p>
   </div>
   <div class='ocr_carea' id='block_1_43' title="bbox 188 2883 1802 2958">
    <p class='ocr_par' dir='ltr' id='par_1_43' title="bbox 188 2883 1802 2958">
     <span class='ocr_line' id='line_1_43' title="bbox 188 2883 1802 2958; baseline 0.004 -22"><span class='ocrx_word' id='word_1_313' title='bbox 188 2883 278 2954; x_wconf 88' lang='lat' dir='ltr'><strong>qui</strong></span> <span class='ocrx_word' id='word_1_314' title='bbox 309 2884 471 2954; x_wconf 90' lang='lat' dir='ltr'><strong>prius</strong></span> <span class='ocrx_word' id='word_1_315' title='bbox 503 2886 710 2941; x_wconf 89' lang='lat' dir='ltr'><strong>malum</strong></span> <span class='ocrx_word' id='word_1_316' title='bbox 744 2885 944 2942; x_wconf 88' lang='lat' dir='ltr'><strong>fecerat</strong></span> <span class='ocrx_word' id='word_1_317' title='bbox 976 2903 989 2950; x_wconf 90' lang='lat'><strong>;</strong></span> <span class='ocrx_word' id='word_1_318' title='bbox 1021 2887 1406 2943; x_wconf 89' lang='lat' dir='ltr'><strong>misericordia</strong></span> <span class='ocrx_word' id='word_1_319' title='bbox 1435 2887 1574 2942; x_wconf 83' lang='lat' dir='ltr'><strong>dixit</strong></span> <span class='ocrx_word' id='word_1_320' title='bbox 1613 2897 1802 2958; x_wconf 89' lang='lat' dir='ltr'><strong>postea</strong></span> 
     </span>
    </p>
   </div>
   <div class='ocr_carea' id='block_1_44' title="bbox 185 2969 1802 3046">
    <p class='ocr_par' dir='ltr' id='par_1_44' title="bbox 185 2969 1802 3046">
     <span class='ocr_line' id='line_1_44' title="bbox 185 2969 1802 3046; baseline 0.004 -21"><span class='ocrx_word' id='word_1_321' title='bbox 185 2969 557 3037; x_wconf 81' lang='lat' dir='ltr'><strong>justiﬁcatum</strong></span> <span class='ocrx_word' id='word_1_322' title='bbox 596 2975 946 3038; x_wconf 87' lang='lat' dir='ltr'><strong>salvandum,</strong></span> <span class='ocrx_word' id='word_1_323' title='bbox 982 2975 1073 3046; x_wconf 92' lang='lat' dir='ltr'><strong>qui</strong></span> <span class='ocrx_word' id='word_1_324' title='bbox 1130 2984 1182 3029; x_wconf 91' lang='lat' dir='ltr'><strong>et</strong></span> <span class='ocrx_word' id='word_1_325' title='bbox 1238 2975 1439 3030; x_wconf 88' lang='lat' dir='ltr'><strong>malum</strong></span> <span class='ocrx_word' id='word_1_326' title='bbox 1496 2975 1802 3032; x_wconf 85' lang='lat' dir='ltr'><strong>confitendo</strong></span> 
     </span>
    </p>
   </div>
   <div class='ocr_carea' id='block_1_45' title="bbox 191 3058 1800 3136">
    <p class='ocr_par' dir='ltr' id='par_1_45' title="bbox 191 3058 1800 3136">
     <span class='ocr_line' id='line_1_45' title="bbox 191 3058 1800 3136; baseline 0.004 -23"><span class='ocrx_word' id='word_1_327' title='bbox 191 3058 329 3116; x_wconf 89' lang='lat' dir='ltr'><strong>bene</strong></span> <span class='ocrx_word' id='word_1_328' title='bbox 360 3062 595 3118; x_wconf 88' lang='lat' dir='ltr'><strong>fecerat.</strong></span> <span class='ocrx_word' id='word_1_329' title='bbox 629 3064 730 3118; x_wconf 89' lang='lat' dir='ltr'><strong>Per</strong></span> <span class='ocrx_word' id='word_1_330' title='bbox 758 3064 1044 3119; x_wconf 80' lang='lat' dir='ltr'><strong>veritatem</strong></span> <span class='ocrx_word' id='word_1_331' title='bbox 1075 3065 1456 3133; x_wconf 90' lang='lat' dir='ltr'><strong>accusabatur,</strong></span> <span class='ocrx_word' id='word_1_332' title='bbox 1486 3073 1539 3118; x_wconf 90' lang='lat' dir='ltr'><strong>et</strong></span> <span class='ocrx_word' id='word_1_333' title='bbox 1568 3082 1667 3136; x_wconf 91' lang='lat' dir='ltr'><strong>per</strong></span> <span class='ocrx_word' id='word_1_334' title='bbox 1693 3066 1800 3119; x_wconf 92' lang='lat' dir='ltr'><strong>mi-</strong></span> 
     </span>
    </p>
   </div>
   <div class='ocr_carea' id='block_1_46' title="bbox 191 3158 1802 3232">
    <p class='ocr_par' dir='ltr' id='par_1_46' title="bbox 191 3158 1802 3232">
     <span class='ocr_line' id='line_1_46' title="bbox 191 3158 1802 3232; baseline 0.003 -21"><span class='ocrx_word' id='word_1_335' title='bbox 191 3158 559 3216; x_wconf 86' lang='lat' dir='ltr'><strong>sericordiam</strong></span> <span class='ocrx_word' id='word_1_336' title='bbox 605 3169 834 3231; x_wconf 87' lang='lat' dir='ltr'><strong>propter</strong></span> <span class='ocrx_word' id='word_1_337' title='bbox 878 3160 1162 3216; x_wconf 90' lang='lat' dir='ltr'><strong>veritatem</strong></span> <span class='ocrx_word' id='word_1_338' title='bbox 1199 3160 1620 3230; x_wconf 87' lang='lat' dir='ltr'><strong>justiﬁcabatur,</strong></span> <span class='ocrx_word' id='word_1_339' title='bbox 1675 3161 1802 3232; x_wconf 89' lang='lat' dir='ltr'><strong>quia</strong></span> 
     </span>
    </p>
   </div>
   <div class='ocr_carea' id='block_1_47' title="bbox 188 3248 1800 3322">
    <p class='ocr_par' dir='ltr' id='par_1_47' title="bbox 188 3248 1800 3322">
     <span class='ocr_line' id='line_1_47' title="bbox 188 3248 1800 3322; baseline 0.004 -23"><span class='ocrx_word' id='word_1_340' title='bbox 188 3248 400 3303; x_wconf 85' lang='lat' dir='ltr'><strong>veritas</strong></span> <span class='ocrx_word' id='word_1_341' title='bbox 433 3249 507 3305; x_wconf 90' lang='lat' dir='ltr'><strong>de</strong></span> <span class='ocrx_word' id='word_1_342' title='bbox 542 3258 688 3305; x_wconf 88' lang='lat' dir='ltr'><strong>terra</strong></span> <span class='ocrx_word' id='word_1_343' title='bbox 717 3257 838 3306; x_wconf 87' lang='lat' dir='ltr'><strong>orta</strong></span> <span class='ocrx_word' id='word_1_344' title='bbox 869 3258 971 3316; x_wconf 89' lang='lat' dir='ltr'><strong>est,</strong></span> <span class='ocrx_word' id='word_1_345' title='bbox 1003 3258 1056 3305; x_wconf 92' lang='lat' dir='ltr'><strong>et</strong></span> <span class='ocrx_word' id='word_1_346' title='bbox 1080 3250 1286 3320; x_wconf 86' lang='lat' dir='ltr'><strong>justitia</strong></span> <span class='ocrx_word' id='word_1_347' title='bbox 1315 3251 1383 3305; x_wconf 90' lang='lat' dir='ltr'><strong>de</strong></span> <span class='ocrx_word' id='word_1_348' title='bbox 1411 3250 1550 3306; x_wconf 69' lang='lat' dir='ltr'><strong>cmlo</strong></span> <span class='ocrx_word' id='word_1_349' title='bbox 1572 3267 1800 3322; x_wconf 89' lang='lat' dir='ltr'><strong>prospe-</strong></span> 
     </span>
    </p>
   </div>
   <div class='ocr_carea' id='block_1_48' title="bbox 189 3334 1796 3412">
    <p class='ocr_par' dir='ltr' id='par_1_48' title="bbox 189 3334 1796 3412">
     <span class='ocr_line' id='line_1_48' title="bbox 189 3334 1796 3412; baseline 0.006 -25"><span class='ocrx_word' id='word_1_350' title='bbox 189 3334 290 3388; x_wconf 86' lang='lat' dir='ltr'><strong>xit.</strong></span> <span class='ocrx_word' id='word_1_351' title='bbox 330 3336 472 3406; x_wconf 87' lang='lat' dir='ltr'><strong>Quia</strong></span> <span class='ocrx_word' id='word_1_352' title='bbox 507 3355 648 3412; x_wconf 88' lang='lat' dir='ltr'><strong>ergo</strong></span> <span class='ocrx_word' id='word_1_353' title='bbox 681 3338 1061 3395; x_wconf 90' lang='lat' dir='ltr'><strong>misericordia</strong></span> <span class='ocrx_word' id='word_1_354' title='bbox 1109 3355 1233 3394; x_wconf 89' lang='lat' dir='ltr'><strong>cum</strong></span> <span class='ocrx_word' id='word_1_355' title='bbox 1282 3341 1396 3395; x_wconf 91' lang='lat' dir='ltr'><strong>Deo</strong></span> <span class='ocrx_word' id='word_1_356' title='bbox 1443 3355 1540 3410; x_wconf 92' lang='lat' dir='ltr'><strong>pro</strong></span> <span class='ocrx_word' id='word_1_357' title='bbox 1578 3339 1796 3396; x_wconf 90' lang='lat' dir='ltr'><strong>homine</strong></span> 
     </span>
    </p>
   </div>
   <div class='ocr_carea' id='block_1_49' title="bbox 189 3435 1796 3506">
    <p class='ocr_par' dir='ltr' id='par_1_49' title="bbox 189 3435 1796 3506">
     <span class='ocr_line' id='line_1_49' title="bbox 189 3435 1796 3506; baseline 0.002 -20"><span class='ocrx_word' id='word_1_358' title='bbox 189 3441 326 3501; x_wconf 89' lang='lat' dir='ltr'><strong>erat,</strong></span> <span class='ocrx_word' id='word_1_359' title='bbox 361 3444 417 3490; x_wconf 90' lang='lat' dir='ltr'><strong>et</strong></span> <span class='ocrx_word' id='word_1_360' title='bbox 442 3435 666 3506; x_wconf 87' lang='lat' dir='ltr'><strong>justitia</strong></span> <span class='ocrx_word' id='word_1_361' title='bbox 695 3445 749 3492; x_wconf 90' lang='lat' dir='ltr'><strong>et</strong></span> <span class='ocrx_word' id='word_1_362' title='bbox 778 3436 981 3492; x_wconf 88' lang='lat' dir='ltr'><strong>veritas</strong></span> <span class='ocrx_word' id='word_1_363' title='bbox 1011 3451 1043 3491; x_wconf 91' lang='lat' dir='ltr'><strong>a</strong></span> <span class='ocrx_word' id='word_1_364' title='bbox 1071 3436 1188 3492; x_wconf 88' lang='lat' dir='ltr'><strong>Deo</strong></span> <span class='ocrx_word' id='word_1_365' title='bbox 1217 3452 1341 3493; x_wconf 90' lang='lat' dir='ltr'><strong>cum</strong></span> <span class='ocrx_word' id='word_1_366' title='bbox 1392 3436 1610 3492; x_wconf 91' lang='lat' dir='ltr'><strong>homine</strong></span> <span class='ocrx_word' id='word_1_367' title='bbox 1657 3444 1796 3504; x_wconf 85' lang='lat' dir='ltr'><strong>erat,</strong></span> 
     </span>
    </p>
   </div>
   <div class='ocr_carea' id='block_1_50' title="bbox 185 3522 1793 3597">
    <p class='ocr_par' dir='ltr' id='par_1_50' title="bbox 185 3522 1793 3597">
     <span class='ocr_line' id='line_1_50' title="bbox 185 3522 1793 3597; baseline 0.002 -22"><span class='ocrx_word' id='word_1_368' title='bbox 185 3523 296 3589; x_wconf 80' lang='lat' dir='ltr'><strong>jam</strong></span> <span class='ocrx_word' id='word_1_369' title='bbox 331 3522 476 3580; x_wconf 90' lang='lat' dir='ltr'><strong>inter</strong></span> <span class='ocrx_word' id='word_1_370' title='bbox 506 3527 682 3580; x_wconf 89' lang='lat' dir='ltr'><strong>Deum</strong></span> <span class='ocrx_word' id='word_1_371' title='bbox 715 3533 767 3580; x_wconf 88' lang='lat' dir='ltr'><strong>et</strong></span> <span class='ocrx_word' id='word_1_372' title='bbox 792 3525 1070 3581; x_wconf 89' lang='lat' dir='ltr'><strong>hominem</strong></span> <span class='ocrx_word' id='word_1_373' title='bbox 1122 3540 1222 3596; x_wconf 88' lang='lat' dir='ltr'><strong>pro</strong></span> <span class='ocrx_word' id='word_1_374' title='bbox 1255 3525 1462 3595; x_wconf 85' lang='lat' dir='ltr'><strong>justitia</strong></span> <span class='ocrx_word' id='word_1_375' title='bbox 1509 3541 1615 3597; x_wconf 89' lang='lat' dir='ltr'><strong>pax</strong></span> <span class='ocrx_word' id='word_1_376' title='bbox 1662 3534 1793 3593; x_wconf 90' lang='lat' dir='ltr'><strong>erat,</strong></span> 
     </span>
    </p>
   </div>
   <div class='ocr_carea' id='block_1_51' title="bbox 187 3613 1798 3686">
    <p class='ocr_par' dir='ltr' id='par_1_51' title="bbox 187 3613 1798 3686">
     <span class='ocr_line' id='line_1_51' title="bbox 187 3613 1798 3686; baseline 0.004 -23"><span class='ocrx_word' id='word_1_377' title='bbox 187 3617 239 3664; x_wconf 88' lang='lat' dir='ltr'><strong>et</strong></span> <span class='ocrx_word' id='word_1_378' title='bbox 267 3615 528 3670; x_wconf 69' lang='lat' dir='ltr'><strong>ascendit</strong></span> <span class='ocrx_word' id='word_1_379' title='bbox 553 3614 764 3684; x_wconf 89' lang='lat' dir='ltr'><strong>justitia</strong></span> <span class='ocrx_word' id='word_1_380' title='bbox 813 3613 882 3668; x_wconf 88' lang='lat' dir='ltr'><strong>ad</strong></span> <span class='ocrx_word' id='word_1_381' title='bbox 941 3614 1118 3668; x_wconf 89' lang='lat' dir='ltr'><strong>Deum</strong></span> <span class='ocrx_word' id='word_1_382' title='bbox 1175 3614 1244 3668; x_wconf 90' lang='lat' dir='ltr'><strong>ab</strong></span> <span class='ocrx_word' id='word_1_383' title='bbox 1302 3613 1546 3676; x_wconf 87' lang='lat' dir='ltr'><strong>homine.</strong></span> <span class='ocrx_word' id='word_1_384' title='bbox 1602 3629 1798 3686; x_wconf 76' lang='lat' dir='ltr'><strong>pacem</strong></span> 
     </span>
    </p>
   </div>
   <div class='ocr_carea' id='block_1_52' title="bbox 187 3709 1795 3793">
    <p class='ocr_par' dir='ltr' id='par_1_52' title="bbox 187 3709 1795 3793">
     <span class='ocr_line' id='line_1_52' title="bbox 187 3709 1795 3793; baseline 0.003 -31"><span class='ocrx_word' id='word_1_385' title='bbox 187 3709 475 3778; x_wconf 86' lang='lat' dir='ltr'><strong>postulans</strong></span> <span class='ocrx_word' id='word_1_386' title='bbox 511 3727 526 3781; x_wconf 89' lang='lat'><strong>;</strong></span> <span class='ocrx_word' id='word_1_387' title='bbox 560 3719 615 3768; x_wconf 88' lang='lat' dir='ltr'><strong>et</strong></span> <span class='ocrx_word' id='word_1_388' title='bbox 641 3711 924 3767; x_wconf 84' lang='lat' dir='ltr'><strong>descendit</strong></span> <span class='ocrx_word' id='word_1_389' title='bbox 957 3725 1063 3782; x_wconf 85' lang='lat' dir='ltr'><strong>pax</strong></span> <span class='ocrx_word' id='word_1_390' title='bbox 1107 3726 1139 3765; x_wconf 91' lang='lat' dir='ltr'><strong>a</strong></span> <span class='ocrx_word' id='word_1_391' title='bbox 1195 3711 1312 3766; x_wconf 90' lang='lat' dir='ltr'><strong>Deo</strong></span> <span class='ocrx_word' id='word_1_392' title='bbox 1367 3712 1435 3766; x_wconf 90' lang='lat' dir='ltr'><strong>ad</strong></span> <span class='ocrx_word' id='word_1_393' title='bbox 1492 3711 1795 3793; x_wconf 45' lang='lat' dir='ltr'><strong>hominem.</strong></span> 
     </span>
    </p>
   </div>
   <div class='ocr_carea' id='block_1_53' title="bbox 184 3795 1796 3872">
    <p class='ocr_par' dir='ltr' id='par_1_53' title="bbox 184 3795 1796 3872">
     <span class='ocr_line' id='line_1_53' title="bbox 184 3795 1796 3872; baseline 0.003 -22"><span class='ocrx_word' id='word_1_394' title='bbox 184 3795 453 3864; x_wconf 87' lang='lat' dir='ltr'><strong>justitiam</strong></span> <span class='ocrx_word' id='word_1_395' title='bbox 483 3801 822 3872; x_wconf 90' lang='lat' dir='ltr'><strong>amplectens</strong></span> <span class='ocrx_word' id='word_1_396' title='bbox 848 3809 902 3856; x_wconf 89' lang='lat' dir='ltr'><strong>et</strong></span> <span class='ocrx_word' id='word_1_397' title='bbox 947 3799 1222 3856; x_wconf 91' lang='lat' dir='ltr'><strong>osculans.</strong></span> <span class='ocrx_word' id='word_1_398' title='bbox 1273 3801 1423 3856; x_wconf 90' lang='lat' dir='ltr'><strong>Tunc</strong></span> <span class='ocrx_word' id='word_1_399' title='bbox 1470 3801 1545 3856; x_wconf 88' lang='lat' dir='ltr'><strong>ait</strong></span> <span class='ocrx_word' id='word_1_400' title='bbox 1586 3801 1796 3870; x_wconf 87' lang='lat' dir='ltr'><strong>justitia</strong></span> 
     </span>
    </p>
   </div>
   <div class='ocr_carea' id='block_1_54' title="bbox 189 3885 1794 3961">
    <p class='ocr_par' dir='ltr' id='par_1_54' title="bbox 189 3885 1794 3961">
     <span class='ocr_line' id='line_1_54' title="bbox 189 3885 1794 3961; baseline 0.003 -22"><span class='ocrx_word' id='word_1_401' title='bbox 189 3885 256 3940; x_wconf 82' lang='lat' dir='ltr'><strong>ad</strong></span> <span class='ocrx_word' id='word_1_402' title='bbox 284 3903 486 3958; x_wconf 89' lang='lat' dir='ltr'><strong>pacem</strong></span> <span class='ocrx_word' id='word_1_403' title='bbox 523 3910 536 3945; x_wconf 89' lang='lat'>:</span> <span class='ocrx_word' id='word_1_404' title='bbox 571 3890 826 3961; x_wconf 89' lang='lat' dir='ltr'><strong>Nunquid</strong></span> <span class='ocrx_word' id='word_1_405' title='bbox 858 3891 1066 3958; x_wconf 90' lang='lat' dir='ltr'><strong>optimo</strong></span> <span class='ocrx_word' id='word_1_406' title='bbox 1097 3890 1225 3944; x_wconf 89' lang='lat' dir='ltr'><strong>satis</strong></span> <span class='ocrx_word' id='word_1_407' title='bbox 1275 3894 1360 3945; x_wconf 87' lang='lat' dir='ltr'><strong>est</strong></span> <span class='ocrx_word' id='word_1_408' title='bbox 1410 3890 1552 3944; x_wconf 88' lang='lat' dir='ltr'><strong>mala</strong></span> <span class='ocrx_word' id='word_1_409' title='bbox 1609 3889 1794 3944; x_wconf 92' lang='lat' dir='ltr'><strong>dimit-</strong></span> 
     </span>
    </p>
   </div>
   <div class='ocr_carea' id='block_1_55' title="bbox 189 3987 1792 4050">
    <p class='ocr_par' dir='ltr' id='par_1_55' title="bbox 189 3987 1792 4050">
     <span class='ocr_line' id='line_1_55' title="bbox 189 3987 1792 4050; baseline 0.004 -14"><span class='ocrx_word' id='word_1_410' title='bbox 189 3989 326 4050; x_wconf 85' lang='lat' dir='ltr'><strong>tere,</strong></span> <span class='ocrx_word' id='word_1_411' title='bbox 367 3988 475 4042; x_wconf 87' lang='lat' dir='ltr'><strong>nisi</strong></span> <span class='ocrx_word' id='word_1_412' title='bbox 517 3988 680 4043; x_wconf 89' lang='lat' dir='ltr'><strong>etiam</strong></span> <span class='ocrx_word' id='word_1_413' title='bbox 739 3989 953 4043; x_wconf 89' lang='lat' dir='ltr'><strong>studeat</strong></span> <span class='ocrx_word' id='word_1_414' title='bbox 1007 3989 1148 4044; x_wconf 91' lang='lat' dir='ltr'><strong>bona</strong></span> <span class='ocrx_word' id='word_1_415' title='bbox 1211 3987 1519 4043; x_wconf 82' lang='lat' dir='ltr'><strong>conferre?</strong></span> <span class='ocrx_word' id='word_1_416' title='bbox 1575 3987 1792 4042; x_wconf 82' lang='lat' dir='ltr'><strong>Laxavit</strong></span> 
     </span>
    </p>
   </div>
   <div class='ocr_carea' id='block_1_56' title="bbox 190 4075 1790 4151">
    <p class='ocr_par' dir='ltr' id='par_1_56' title="bbox 190 4075 1790 4151">
     <span class='ocr_line' id='line_1_56' title="bbox 190 4075 1790 4151; baseline 0.001 -23"><span class='ocrx_word' id='word_1_417' title='bbox 190 4083 413 4142; x_wconf 86' lang='lat' dir='ltr'><strong>peccata</strong></span> <span class='ocrx_word' id='word_1_418' title='bbox 434 4094 539 4149; x_wconf 91' lang='lat' dir='ltr'><strong>per</strong></span> <span class='ocrx_word' id='word_1_419' title='bbox 560 4077 976 4151; x_wconf 76' lang='lat' dir='ltr'><strong>indulgentiam,</strong></span> <span class='ocrx_word' id='word_1_420' title='bbox 1009 4093 1152 4132; x_wconf 88' lang='lat' dir='ltr'><strong>nunc</strong></span> <span class='ocrx_word' id='word_1_421' title='bbox 1174 4075 1421 4132; x_wconf 89' lang='lat' dir='ltr'><strong>conferat</strong></span> <span class='ocrx_word' id='word_1_422' title='bbox 1440 4077 1586 4131; x_wconf 92' lang='lat' dir='ltr'><strong>dona</strong></span> <span class='ocrx_word' id='word_1_423' title='bbox 1617 4075 1790 4131; x_wconf 89' lang='lat' dir='ltr'><strong>virtu-</strong></span> 
     </span>
    </p>
   </div>
   <div class='ocr_carea' id='block_1_57' title="bbox 191 4164 1790 4238">
    <p class='ocr_par' dir='ltr' id='par_1_57' title="bbox 191 4164 1790 4238">
     <span class='ocr_line' id='line_1_57' title="bbox 191 4164 1790 4238; baseline 0.003 -24"><span class='ocrx_word' id='word_1_424' title='bbox 191 4167 296 4216; x_wconf 88' lang='lat' dir='ltr'><strong>tum</strong></span> <span class='ocrx_word' id='word_1_425' title='bbox 330 4181 432 4234; x_wconf 91' lang='lat' dir='ltr'><strong>per</strong></span> <span class='ocrx_word' id='word_1_426' title='bbox 460 4166 717 4237; x_wconf 77' lang='lat' dir='ltr'><strong>gratiam.</strong></span> <span class='ocrx_word' id='word_1_427' title='bbox 752 4165 1058 4238; x_wconf 86' lang='lat' dir='ltr'><strong>Respondit</strong></span> <span class='ocrx_word' id='word_1_428' title='bbox 1086 4181 1212 4238; x_wconf 89' lang='lat' dir='ltr'><strong>pax,</strong></span> <span class='ocrx_word' id='word_1_429' title='bbox 1247 4172 1304 4221; x_wconf 87' lang='lat' dir='ltr'><strong>et</strong></span> <span class='ocrx_word' id='word_1_430' title='bbox 1329 4165 1495 4220; x_wconf 89' lang='lat' dir='ltr'><strong>dixit:</strong></span> <span class='ocrx_word' id='word_1_431' title='bbox 1526 4164 1790 4220; x_wconf 91' lang='lat' dir='ltr'><strong>Dominus</strong></span> 
     </span>
    </p>
   </div>
   <div class='ocr_carea' id='block_1_58' title="bbox 191 4255 1788 4332">
    <p class='ocr_par' dir='ltr' id='par_1_58' title="bbox 191 4255 1788 4332">
     <span class='ocr_line' id='line_1_58' title="bbox 191 4255 1788 4332; baseline 0.003 -21"><span class='ocrx_word' id='word_1_432' title='bbox 191 4255 338 4314; x_wconf 85' lang='lat' dir='ltr'><strong>dabit</strong></span> <span class='ocrx_word' id='word_1_433' title='bbox 367 4262 784 4332; x_wconf 74' lang='lat' dir='ltr'><strong>benignitatem,</strong></span> <span class='ocrx_word' id='word_1_434' title='bbox 819 4271 872 4318; x_wconf 90' lang='lat' dir='ltr'><strong>et</strong></span> <span class='ocrx_word' id='word_1_435' title='bbox 914 4271 1059 4318; x_wconf 91' lang='lat' dir='ltr'><strong>terra</strong></span> <span class='ocrx_word' id='word_1_436' title='bbox 1107 4271 1294 4319; x_wconf 89' lang='lat' dir='ltr'><strong>nostra</strong></span> <span class='ocrx_word' id='word_1_437' title='bbox 1350 4261 1496 4316; x_wconf 87' lang='lat' dir='ltr'><strong>dabit</strong></span> <span class='ocrx_word' id='word_1_438' title='bbox 1551 4262 1788 4316; x_wconf 81' lang='lat' dir='ltr'><strong>fructum</strong></span> 
     </span>
    </p>
   </div>
   <div class='ocr_carea' id='block_1_59' title="bbox 190 4350 1784 4421">
    <p class='ocr_par' dir='ltr' id='par_1_59' title="bbox 190 4350 1784 4421">
     <span class='ocr_line' id='line_1_59' title="bbox 190 4350 1784 4421; baseline 0.003 -21"><span class='ocrx_word' id='word_1_439' title='bbox 190 4360 345 4403; x_wconf 84' lang='lat' dir='ltr'><strong>suum</strong></span> <span class='ocrx_word' id='word_1_440' title='bbox 376 4352 552 4420; x_wconf 71' lang='lat' dir='ltr'><strong>(Paal.</strong></span> <span class='ocrx_word' id='word_1_441' title='bbox 583 4353 833 4421; x_wconf 76' lang='lat' dir='ltr'><strong>Lxxxiv).</strong></span> <span class='ocrx_word' id='word_1_442' title='bbox 871 4374 893 4400; x_wconf 76' lang='grc' dir='ltr'>ι»</span> <span class='ocrx_word' id='word_1_443' title='bbox 928 4353 1085 4408; x_wconf 87' lang='lat' dir='ltr'><strong>Nunc</strong></span> <span class='ocrx_word' id='word_1_444' title='bbox 1115 4359 1296 4407; x_wconf 88' lang='lat' dir='ltr'><strong>autem</strong></span> <span class='ocrx_word' id='word_1_445' title='bbox 1328 4350 1540 4406; x_wconf 90' lang='lat' dir='ltr'><strong>interim</strong></span> <span class='ocrx_word' id='word_1_446' title='bbox 1575 4375 1596 4399; x_wconf 75' lang='grc' dir='ltr'>α</span> <span class='ocrx_word' id='word_1_447' title='bbox 1617 4351 1784 4420; x_wconf 90' lang='lat' dir='ltr'><strong>justi-</strong></span> 
     </span>
    </p>
   </div>
   <div class='ocr_carea' id='block_1_60' title="bbox 189 4435 1783 4513">
    <p class='ocr_par' dir='ltr' id='par_1_60' title="bbox 189 4435 1783 4513">
     <span class='ocr_line' id='line_1_60' title="bbox 189 4435 1783 4513; baseline 0.004 -25"><span class='ocrx_word' id='word_1_448' title='bbox 189 4435 262 4490; x_wconf 87' lang='lat' dir='ltr'><strong>tia</strong></span> <span class='ocrx_word' id='word_1_449' title='bbox 289 4447 415 4496; x_wconf 86' lang='lat' dir='ltr'><strong>ante</strong></span> <span class='ocrx_word' id='word_1_450' title='bbox 445 4457 574 4498; x_wconf 90' lang='lat' dir='ltr'><strong>eum</strong></span> <span class='ocrx_word' id='word_1_451' title='bbox 617 4441 934 4509; x_wconf 89' lang='lat' dir='ltr'><strong>ambulabit,</strong></span> <span class='ocrx_word' id='word_1_452' title='bbox 986 4450 1041 4496; x_wconf 91' lang='lat' dir='ltr'><strong>et</strong></span> <span class='ocrx_word' id='word_1_453' title='bbox 1088 4449 1253 4513; x_wconf 87' lang='lat' dir='ltr'><strong>ponet</strong></span> <span class='ocrx_word' id='word_1_454' title='bbox 1308 4441 1364 4496; x_wconf 93' lang='lat' dir='ltr'><strong>in</strong></span> <span class='ocrx_word' id='word_1_455' title='bbox 1419 4441 1506 4496; x_wconf 88' lang='lat' dir='ltr'><strong>via</strong></span> <span class='ocrx_word' id='word_1_456' title='bbox 1561 4457 1783 4513; x_wconf 78' lang='lat' dir='ltr'><strong>gressus</strong></span> 
     </span>
    </p>
   </div>
   <div class='ocr_carea' id='block_1_61' title="bbox 192 4537 1778 4610">
    <p class='ocr_par' dir='ltr' id='par_1_61' title="bbox 192 4537 1778 4610">
     <span class='ocr_line' id='line_1_61' title="bbox 192 4537 1778 4610; baseline 0.005 -26"><span class='ocrx_word' id='word_1_457' title='bbox 192 4545 318 4589; x_wconf 86' lang='lat' dir='ltr'><strong>suos</strong></span> <span class='ocrx_word' id='word_1_458' title='bbox 351 4538 564 4609; x_wconf 55' lang='lat' dir='ltr'><strong>(ibid).</strong></span> <span class='ocrx_word' id='word_1_459' title='bbox 595 4561 618 4585; x_wconf 75' lang='grc' dir='ltr'><strong><em>η</em></strong></span> <span class='ocrx_word' id='word_1_460' title='bbox 641 4537 799 4606; x_wconf 85' lang='lat' dir='ltr'><strong>Quod</strong></span> <span class='ocrx_word' id='word_1_461' title='bbox 828 4538 1054 4594; x_wconf 87' lang='lat' dir='ltr'><strong>audiens</strong></span> <span class='ocrx_word' id='word_1_462' title='bbox 1089 4538 1296 4606; x_wconf 88' lang='lat' dir='ltr'><strong>justitia</strong></span> <span class='ocrx_word' id='word_1_463' title='bbox 1317 4555 1659 4610; x_wconf 77' lang='lat' dir='ltr'><strong>praecurrens</strong></span> <span class='ocrx_word' id='word_1_464' title='bbox 1689 4555 1778 4592; x_wconf 87' lang='lat' dir='ltr'><strong>re-</strong></span> 
     </span>
    </p>
   </div>
   <div class='ocr_carea' id='block_1_62' title="bbox 1913 2073 3504 2146">
    <p class='ocr_par' dir='ltr' id='par_1_62' title="bbox 1913 2073 3504 2146">
     <span class='ocr_line' id='line_1_62' title="bbox 1913 2073 3504 2146; baseline 0.001 -18"><span class='ocrx_word' id='word_1_465' title='bbox 1913 2074 2140 2129; x_wconf 88' lang='lat' dir='ltr'><strong>sinitur.</strong></span> <span class='ocrx_word' id='word_1_466' title='bbox 2181 2075 2379 2130; x_wconf 85' lang='lat' dir='ltr'><strong>Verum</strong></span> <span class='ocrx_word' id='word_1_467' title='bbox 2411 2083 2494 2131; x_wconf 88' lang='lat' dir='ltr'><strong>est</strong></span> <span class='ocrx_word' id='word_1_468' title='bbox 2524 2077 2650 2146; x_wconf 88' lang='lat' dir='ltr'><strong>quia</strong></span> <span class='ocrx_word' id='word_1_469' title='bbox 2697 2083 2924 2144; x_wconf 88' lang='lat' dir='ltr'><strong>peccata</strong></span> <span class='ocrx_word' id='word_1_470' title='bbox 2971 2074 3152 2130; x_wconf 88' lang='lat' dir='ltr'><strong>omnia</strong></span> <span class='ocrx_word' id='word_1_471' title='bbox 3194 2073 3504 2130; x_wconf 89' lang='lat' dir='ltr'><strong>misericor-</strong></span> 
     </span>
    </p>
   </div>
   <div class='ocr_carea' id='block_1_63' title="bbox 1911 2162 3502 2235">
    <p class='ocr_par' dir='ltr' id='par_1_63' title="bbox 1911 2162 3502 2235">
     <span class='ocr_line' id='line_1_63' title="bbox 1911 2162 3502 2235; baseline 0.002 -18"><span class='ocrx_word' id='word_1_472' title='bbox 1911 2162 2015 2217; x_wconf 65' lang='lat' dir='ltr'><strong>diae</strong></span> <span class='ocrx_word' id='word_1_473' title='bbox 2042 2163 2298 2232; x_wconf 86' lang='lat' dir='ltr'><strong>Operibus</strong></span> <span class='ocrx_word' id='word_1_474' title='bbox 2330 2171 2726 2235; x_wconf 83' lang='lat' dir='ltr'><strong>expurgentur,</strong></span> <span class='ocrx_word' id='word_1_475' title='bbox 2757 2164 2854 2218; x_wconf 88' lang='lat' dir='ltr'><strong>sed</strong></span> <span class='ocrx_word' id='word_1_476' title='bbox 2887 2163 2934 2218; x_wconf 91' lang='lat' dir='ltr'><strong>si</strong></span> <span class='ocrx_word' id='word_1_477' title='bbox 2974 2164 3088 2233; x_wconf 91' lang='lat' dir='ltr'><strong>jam</strong></span> <span class='ocrx_word' id='word_1_478' title='bbox 3135 2169 3322 2219; x_wconf 83' lang='lat' dir='ltr'><strong>caveat</strong></span> <span class='ocrx_word' id='word_1_479' title='bbox 3368 2179 3502 2234; x_wconf 83' lang='lat' dir='ltr'><strong>pec—</strong></span> 
     </span>
    </p>
   </div>
   <div class='ocr_carea' id='block_1_64' title="bbox 1911 2260 3504 2332">
    <p class='ocr_par' dir='ltr' id='par_1_64' title="bbox 1911 2260 3504 2332">
     <span class='ocr_line' id='line_1_64' title="bbox 1911 2260 3504 2332; baseline 0.001 -16"><span class='ocrx_word' id='word_1_480' title='bbox 1911 2275 2036 2316; x_wconf 88' lang='lat' dir='ltr'><strong>care</strong></span> <span class='ocrx_word' id='word_1_481' title='bbox 2071 2260 2161 2332; x_wconf 92' lang='lat' dir='ltr'><strong>qui</strong></span> <span class='ocrx_word' id='word_1_482' title='bbox 2194 2260 2627 2316; x_wconf 87' lang='lat' dir='ltr'><strong>misericordiam</strong></span> <span class='ocrx_word' id='word_1_483' title='bbox 2662 2261 2995 2332; x_wconf 81' lang='lat' dir='ltr'><strong>impertitur.</strong></span> <span class='ocrx_word' id='word_1_484' title='bbox 3035 2261 3302 2315; x_wconf 72' lang='lat' dir='ltr'><strong>Caeterum</strong></span> <span class='ocrx_word' id='word_1_485' title='bbox 3353 2261 3504 2317; x_wconf 86' lang='lat' dir='ltr'><strong>nulla</strong></span> 
     </span>
    </p>
   </div>
   <div class='ocr_carea' id='block_1_65' title="bbox 1911 2341 3498 2421">
    <p class='ocr_par' dir='ltr' id='par_1_65' title="bbox 1911 2341 3498 2421">
     <span class='ocr_line' id='line_1_65' title="bbox 1911 2341 3498 2421; baseline 0.001 -18"><span class='ocrx_word' id='word_1_486' title='bbox 1911 2355 1993 2403; x_wconf 90' lang='lat' dir='ltr'><strong>est</strong></span> <span class='ocrx_word' id='word_1_487' title='bbox 2023 2348 2237 2402; x_wconf 88' lang='lat' dir='ltr'><strong>delictis</strong></span> <span class='ocrx_word' id='word_1_488' title='bbox 2267 2348 2443 2414; x_wconf 89' lang='lat' dir='ltr'><strong>venia,</strong></span> <span class='ocrx_word' id='word_1_489' title='bbox 2475 2349 2692 2421; x_wconf 89' lang='lat' dir='ltr'><strong>quando</strong></span> <span class='ocrx_word' id='word_1_490' title='bbox 2723 2349 2807 2404; x_wconf 89' lang='lat' dir='ltr'><strong>sic</strong></span> <span class='ocrx_word' id='word_1_491' title='bbox 2827 2348 3074 2419; x_wconf 90' lang='lat' dir='ltr'><strong>procedit</strong></span> <span class='ocrx_word' id='word_1_492' title='bbox 3101 2341 3498 2418; x_wconf 81' lang='lat' dir='ltr'><strong>misericordia,</strong></span> 
     </span>
    </p>
   </div>
   <div class='ocr_carea' id='block_1_66' title="bbox 1912 2446 3522 2519">
    <p class='ocr_par' dir='ltr' id='par_1_66' title="bbox 1912 2446 3522 2519">
     <span class='ocr_line' id='line_1_66' title="bbox 1912 2446 3522 2519; baseline 0.002 -20"><span class='ocrx_word' id='word_1_493' title='bbox 1912 2454 2116 2500; x_wconf 88' lang='lat' dir='ltr'><strong>uteam</strong></span> <span class='ocrx_word' id='word_1_494' title='bbox 2150 2455 2447 2518; x_wconf 84' lang='lat' dir='ltr'><strong>sequantur</strong></span> <span class='ocrx_word' id='word_1_495' title='bbox 2503 2454 2750 2517; x_wconf 90' lang='lat' dir='ltr'><strong>peccata.</strong></span> <span class='ocrx_word' id='word_1_496' title='bbox 2815 2447 2935 2501; x_wconf 87' lang='lat' dir='ltr'><strong>Non</strong></span> <span class='ocrx_word' id='word_1_497' title='bbox 2994 2455 3077 2502; x_wconf 89' lang='lat' dir='ltr'><strong>est</strong></span> <span class='ocrx_word' id='word_1_498' title='bbox 3128 2446 3522 2519; x_wconf 64' lang='lat' dir='ltr'><strong>eleemosyna,</strong></span> 
     </span>
    </p>
   </div>
   <div class='ocr_carea' id='block_1_67' title="bbox 1911 2535 3504 2608">
    <p class='ocr_par' dir='ltr' id='par_1_67' title="bbox 1911 2535 3504 2608">
     <span class='ocr_line' id='line_1_67' title="bbox 1911 2535 3504 2608; baseline 0.001 -20"><span class='ocrx_word' id='word_1_499' title='bbox 1911 2552 2032 2606; x_wconf 74' lang='lat' dir='ltr'><strong>qua:</strong></span> <span class='ocrx_word' id='word_1_500' title='bbox 2061 2535 2251 2607; x_wconf 69' lang='lat' dir='ltr'><strong>gloria:</strong></span> <span class='ocrx_word' id='word_1_501' title='bbox 2282 2537 2458 2606; x_wconf 88' lang='lat' dir='ltr'><strong>magis</strong></span> <span class='ocrx_word' id='word_1_502' title='bbox 2489 2551 2675 2601; x_wconf 89' lang='lat' dir='ltr'><strong>causa,</strong></span> <span class='ocrx_word' id='word_1_503' title='bbox 2698 2551 2856 2608; x_wconf 91' lang='lat' dir='ltr'><strong>quam</strong></span> <span class='ocrx_word' id='word_1_504' title='bbox 2883 2535 3273 2591; x_wconf 70' lang='lat' dir='ltr'><strong>misericordia:</strong></span> <span class='ocrx_word' id='word_1_505' title='bbox 3293 2536 3504 2605; x_wconf 89' lang='lat' dir='ltr'><strong>imper-</strong></span> 
     </span>
    </p>
   </div>
   <div class='ocr_carea' id='block_1_68' title="bbox 1912 2623 3504 2698">
    <p class='ocr_par' dir='ltr' id='par_1_68' title="bbox 1912 2623 3504 2698">
     <span class='ocr_line' id='line_1_68' title="bbox 1912 2623 3504 2698; baseline 0.002 -20"><span class='ocrx_word' id='word_1_506' title='bbox 1912 2624 2044 2678; x_wconf 90' lang='lat' dir='ltr'><strong>titur</strong></span> <span class='ocrx_word' id='word_1_507' title='bbox 2074 2623 2284 2678; x_wconf 89' lang='lat' dir='ltr'><strong>intuitu.</strong></span> <span class='ocrx_word' id='word_1_508' title='bbox 2324 2623 2485 2693; x_wconf 87' lang='lat' dir='ltr'><strong>Quali</strong></span> <span class='ocrx_word' id='word_1_509' title='bbox 2518 2625 2662 2680; x_wconf 90' lang='lat' dir='ltr'><strong>enim</strong></span> <span class='ocrx_word' id='word_1_510' title='bbox 2703 2624 3006 2680; x_wconf 89' lang='lat' dir='ltr'><strong>intentione</strong></span> <span class='ocrx_word' id='word_1_511' title='bbox 3053 2625 3122 2679; x_wconf 90' lang='lat' dir='ltr'><strong>ab</strong></span> <span class='ocrx_word' id='word_1_512' title='bbox 3175 2641 3504 2698; x_wconf 60' lang='lat' dir='ltr'><strong>unoquoque</strong></span> 
     </span>
    </p>
   </div>
   <div class='ocr_carea' id='block_1_69' title="bbox 1910 2720 3506 2794">
    <p class='ocr_par' dir='ltr' id='par_1_69' title="bbox 1910 2720 3506 2794">
     <span class='ocr_line' id='line_1_69' title="bbox 1910 2720 3506 2794; baseline 0.002 -19"><span class='ocrx_word' id='word_1_513' title='bbox 1910 2720 2141 2792; x_wconf 78' lang='lat' dir='ltr'><strong>largitur</strong></span> <span class='ocrx_word' id='word_1_514' title='bbox 2170 2721 2350 2777; x_wconf 87' lang='lat' dir='ltr'><strong>taliter</strong></span> <span class='ocrx_word' id='word_1_515' title='bbox 2379 2730 2431 2777; x_wconf 92' lang='lat' dir='ltr'><strong>et</strong></span> <span class='ocrx_word' id='word_1_516' title='bbox 2472 2722 2615 2793; x_wconf 88' lang='lat' dir='ltr'><strong>apud</strong></span> <span class='ocrx_word' id='word_1_517' title='bbox 2663 2723 2836 2778; x_wconf 90' lang='lat' dir='ltr'><strong>Deum</strong></span> <span class='ocrx_word' id='word_1_518' title='bbox 2880 2723 3158 2794; x_wconf 85' lang='lat' dir='ltr'><strong>recipitur.</strong></span> <span class='ocrx_word' id='word_1_519' title='bbox 3208 2722 3312 2792; x_wconf 92' lang='lat' dir='ltr'><strong>Qui</strong></span> <span class='ocrx_word' id='word_1_520' title='bbox 3361 2723 3506 2792; x_wconf 86' lang='lat' dir='ltr'><strong>enim</strong></span> 
     </span>
    </p>
   </div>
   <div class='ocr_carea' id='block_1_70' title="bbox 1909 2809 3506 2883">
    <p class='ocr_par' dir='ltr' id='par_1_70' title="bbox 1909 2809 3506 2883">
     <span class='ocr_line' id='line_1_70' title="bbox 1909 2809 3506 2883; baseline 0.003 -19"><span class='ocrx_word' id='word_1_521' title='bbox 1909 2809 1995 2865; x_wconf 91' lang='lat' dir='ltr'><strong>hic</strong></span> <span class='ocrx_word' id='word_1_522' title='bbox 2023 2811 2091 2865; x_wconf 91' lang='lat' dir='ltr'><strong>de</strong></span> <span class='ocrx_word' id='word_1_523' title='bbox 2122 2811 2265 2866; x_wconf 90' lang='lat' dir='ltr'><strong>bono</strong></span> <span class='ocrx_word' id='word_1_524' title='bbox 2289 2827 2454 2882; x_wconf 85' lang='lat' dir='ltr'><strong>Opere</strong></span> <span class='ocrx_word' id='word_1_525' title='bbox 2501 2811 2715 2866; x_wconf 88' lang='lat' dir='ltr'><strong>laudem</strong></span> <span class='ocrx_word' id='word_1_526' title='bbox 2752 2820 3074 2882; x_wconf 86' lang='lat' dir='ltr'><strong>praesentem</strong></span> <span class='ocrx_word' id='word_1_527' title='bbox 3096 2813 3319 2883; x_wconf 91' lang='lat' dir='ltr'><strong>appetit,</strong></span> <span class='ocrx_word' id='word_1_528' title='bbox 3351 2829 3506 2883; x_wconf 87' lang='lat' dir='ltr'><strong>spem</strong></span> 
     </span>
    </p>
   </div>
   <div class='ocr_carea' id='block_1_71' title="bbox 1908 2882 3507 2972">
    <p class='ocr_par' dir='ltr' id='par_1_71' title="bbox 1908 2882 3507 2972">
     <span class='ocr_line' id='line_1_71' title="bbox 1908 2882 3507 2972; baseline 0.002 -18"><span class='ocrx_word' id='word_1_529' title='bbox 1908 2899 2102 2970; x_wconf 90' lang='lat' dir='ltr'><strong>perdit,</strong></span> <span class='ocrx_word' id='word_1_530' title='bbox 2128 2907 2180 2953; x_wconf 89' lang='lat' dir='ltr'><strong>et</strong></span> <span class='ocrx_word' id='word_1_531' title='bbox 2199 2899 2431 2969; x_wconf 80' lang='lat' dir='ltr'><strong>gloriam</strong></span> <span class='ocrx_word' id='word_1_532' title='bbox 2443 2900 2716 2955; x_wconf 87' lang='lat' dir='ltr'><strong>mercedis</strong></span> <span class='ocrx_word' id='word_1_533' title='bbox 2732 2902 2786 2954; x_wconf 90' lang='lat' dir='ltr'><strong>in</strong></span> <span class='ocrx_word' id='word_1_534' title='bbox 2803 2899 2995 2957; x_wconf 89' lang='lat' dir='ltr'><strong>futuro</strong></span> <span class='ocrx_word' id='word_1_535' title='bbox 3018 2917 3123 2956; x_wconf 91' lang='lat' dir='ltr'><strong>non</strong></span> <span class='ocrx_word' id='word_1_536' title='bbox 3147 2882 3507 2972; x_wconf 75' lang='lat' dir='ltr'><strong>recipit.Dum</strong></span> 
     </span>
    </p>
   </div>
   <div class='ocr_carea' id='block_1_72' title="bbox 1909 2995 3506 3069">
    <p class='ocr_par' dir='ltr' id='par_1_72' title="bbox 1909 2995 3506 3069">
     <span class='ocr_line' id='line_1_72' title="bbox 1909 2995 3506 3069; baseline 0.001 -18"><span class='ocrx_word' id='word_1_537' title='bbox 1909 2995 2051 3051; x_wconf 86' lang='lat' dir='ltr'><strong>enim</strong></span> <span class='ocrx_word' id='word_1_538' title='bbox 2082 3011 2241 3051; x_wconf 89' lang='lat' dir='ltr'><strong>causa</strong></span> <span class='ocrx_word' id='word_1_539' title='bbox 2265 2996 2542 3064; x_wconf 68' lang='lat' dir='ltr'><strong>jactantize</strong></span> <span class='ocrx_word' id='word_1_540' title='bbox 2568 3013 2774 3068; x_wconf 90' lang='lat' dir='ltr'><strong>pauper</strong></span> <span class='ocrx_word' id='word_1_541' title='bbox 2803 2998 3064 3068; x_wconf 87' lang='lat' dir='ltr'><strong>pascitur,</strong></span> <span class='ocrx_word' id='word_1_542' title='bbox 3116 2999 3277 3053; x_wconf 83' lang='lat' dir='ltr'><strong>etiam</strong></span> <span class='ocrx_word' id='word_1_543' title='bbox 3323 2998 3506 3069; x_wconf 89' lang='lat' dir='ltr'><strong>ipsum</strong></span> 
     </span>
    </p>
   </div>
   <div class='ocr_carea' id='block_1_73' title="bbox 1908 3083 3506 3155">
    <p class='ocr_par' dir='ltr' id='par_1_73' title="bbox 1908 3083 3506 3155">
     <span class='ocr_line' id='line_1_73' title="bbox 1908 3083 3506 3155; baseline 0.002 -17"><span class='ocrx_word' id='word_1_544' title='bbox 1908 3083 2302 3140; x_wconf 73' lang='lat' dir='ltr'><strong>misericordiae</strong></span> <span class='ocrx_word' id='word_1_545' title='bbox 2331 3101 2468 3155; x_wconf 93' lang='lat' dir='ltr'><strong>opus</strong></span> <span class='ocrx_word' id='word_1_546' title='bbox 2499 3085 2557 3139; x_wconf 91' lang='lat' dir='ltr'><strong>in</strong></span> <span class='ocrx_word' id='word_1_547' title='bbox 2589 3093 2876 3155; x_wconf 81' lang='lat' dir='ltr'><strong>peccatum</strong></span> <span class='ocrx_word' id='word_1_548' title='bbox 2911 3086 3198 3142; x_wconf 86' lang='lat' dir='ltr'><strong>convertit.</strong></span> <span class='ocrx_word' id='word_1_549' title='bbox 3233 3085 3506 3142; x_wconf 88' lang='lat' dir='ltr'><strong>Intantum</strong></span> 
     </span>
    </p>
   </div>
   <div class='ocr_carea' id='block_1_74' title="bbox 1907 3171 3504 3246">
    <p class='ocr_par' dir='ltr' id='par_1_74' title="bbox 1907 3171 3504 3246">
     <span class='ocr_line' id='line_1_74' title="bbox 1907 3171 3504 3246; baseline 0.001 -18"><span class='ocrx_word' id='word_1_550' title='bbox 1907 3171 2381 3244; x_wconf 82' lang='lat' dir='ltr'><strong>eleemosynarum</strong></span> <span class='ocrx_word' id='word_1_551' title='bbox 2411 3188 2582 3243; x_wconf 84' lang='lat' dir='ltr'><strong>Opera</strong></span> <span class='ocrx_word' id='word_1_552' title='bbox 2627 3182 2852 3243; x_wconf 89' lang='lat' dir='ltr'><strong>peccata</strong></span> <span class='ocrx_word' id='word_1_553' title='bbox 2910 3174 3283 3246; x_wconf 85' lang='lat' dir='ltr'><strong>exstinguunt,</strong></span> <span class='ocrx_word' id='word_1_554' title='bbox 3337 3183 3504 3246; x_wconf 88' lang='lat' dir='ltr'><strong>atque</strong></span> 
     </span>
    </p>
   </div>
   <div class='ocr_carea' id='block_1_75' title="bbox 1908 3269 3504 3342">
    <p class='ocr_par' dir='ltr' id='par_1_75' title="bbox 1908 3269 3504 3342">
     <span class='ocr_line' id='line_1_75' title="bbox 1908 3269 3504 3342; baseline 0.002 -18"><span class='ocrx_word' id='word_1_555' title='bbox 1908 3269 2168 3324; x_wconf 88' lang='lat' dir='ltr'><strong>intantum</strong></span> <span class='ocrx_word' id='word_1_556' title='bbox 2187 3270 2256 3324; x_wconf 91' lang='lat' dir='ltr'><strong>ad</strong></span> <span class='ocrx_word' id='word_1_557' title='bbox 2277 3286 2507 3342; x_wconf 80' lang='lat' dir='ltr'><strong>regnum</strong></span> <span class='ocrx_word' id='word_1_558' title='bbox 2531 3269 2692 3325; x_wconf 87' lang='lat' dir='ltr'><strong>futuri</strong></span> <span class='ocrx_word' id='word_1_559' title='bbox 2716 3271 2902 3327; x_wconf 70' lang='lat' dir='ltr'><strong>saeculi</strong></span> <span class='ocrx_word' id='word_1_560' title='bbox 2927 3271 3229 3342; x_wconf 88' lang='lat' dir='ltr'><strong>perficiunt,</strong></span> <span class='ocrx_word' id='word_1_561' title='bbox 3263 3271 3504 3327; x_wconf 89' lang='lat' dir='ltr'><strong>utetiam</strong></span> 
     </span>
    </p>
   </div>
   <div class='ocr_carea' id='block_1_76' title="bbox 1903 3358 3505 3431">
    <p class='ocr_par' dir='ltr' id='par_1_76' title="bbox 1903 3358 3505 3431">
     <span class='ocr_line' id='line_1_76' title="bbox 1903 3358 3505 3431; baseline 0.001 -17"><span class='ocrx_word' id='word_1_562' title='bbox 1903 3359 2078 3431; x_wconf 80' lang='lat' dir='ltr'><strong>judex</strong></span> <span class='ocrx_word' id='word_1_563' title='bbox 2110 3359 2348 3415; x_wconf 71' lang='lat' dir='ltr'><strong>cmlestis</strong></span> <span class='ocrx_word' id='word_1_564' title='bbox 2380 3359 2430 3413; x_wconf 90' lang='lat' dir='ltr'><strong>in</strong></span> <span class='ocrx_word' id='word_1_565' title='bbox 2448 3358 2653 3428; x_wconf 89' lang='lat' dir='ltr'><strong>judicio</strong></span> <span class='ocrx_word' id='word_1_566' title='bbox 2687 3359 2867 3414; x_wconf 89' lang='lat' dir='ltr'><strong>futuro</strong></span> <span class='ocrx_word' id='word_1_567' title='bbox 2900 3360 3144 3426; x_wconf 88' lang='lat' dir='ltr'><strong>veniens,</strong></span> <span class='ocrx_word' id='word_1_568' title='bbox 3203 3360 3258 3416; x_wconf 92' lang='lat' dir='ltr'><strong>in</strong></span> <span class='ocrx_word' id='word_1_569' title='bbox 3305 3361 3505 3416; x_wconf 87' lang='lat' dir='ltr'><strong>dextra</strong></span> 
     </span>
    </p>
   </div>
   <div class='ocr_carea' id='block_1_77' title="bbox 1910 3457 3504 3524">
    <p class='ocr_par' dir='ltr' id='par_1_77' title="bbox 1910 3457 3504 3524">
     <span class='ocr_line' id='line_1_77' title="bbox 1910 3457 3504 3524; baseline 0 -10"><span class='ocrx_word' id='word_1_570' title='bbox 1910 3457 2336 3514; x_wconf 87' lang='lat' dir='ltr'><strong>consistentibus</strong></span> <span class='ocrx_word' id='word_1_571' title='bbox 2367 3457 2558 3513; x_wconf 87' lang='lat' dir='ltr'><strong>dicat:</strong></span> <span class='ocrx_word' id='word_1_572' title='bbox 2622 3480 2643 3504; x_wconf 76' lang='grc' dir='ltr'>α</span> <span class='ocrx_word' id='word_1_573' title='bbox 2680 3457 2918 3524; x_wconf 84' lang='lat' dir='ltr'><strong>Esurivi,</strong></span> <span class='ocrx_word' id='word_1_574' title='bbox 2978 3466 3032 3513; x_wconf 90' lang='lat' dir='ltr'><strong>et</strong></span> <span class='ocrx_word' id='word_1_575' title='bbox 3087 3457 3314 3512; x_wconf 91' lang='lat' dir='ltr'><strong>dedistis</strong></span> <span class='ocrx_word' id='word_1_576' title='bbox 3370 3458 3504 3514; x_wconf 90' lang='lat' dir='ltr'><strong>mihi</strong></span> 
     </span>
    </p>
   </div>
   <div class='ocr_carea' id='block_1_78' title="bbox 1909 3545 3502 3617">
    <p class='ocr_par' dir='ltr' id='par_1_78' title="bbox 1909 3545 3502 3617">
     <span class='ocr_line' id='line_1_78' title="bbox 1909 3545 3502 3617; baseline 0 -17"><span class='ocrx_word' id='word_1_577' title='bbox 1909 3546 2239 3601; x_wconf 90' lang='lat' dir='ltr'><strong>manducare</strong></span> <span class='ocrx_word' id='word_1_578' title='bbox 2272 3561 2286 3615; x_wconf 88' lang='lat'><strong>;</strong></span> <span class='ocrx_word' id='word_1_579' title='bbox 2317 3545 2479 3612; x_wconf 88' lang='lat' dir='ltr'><strong>sitivi,</strong></span> <span class='ocrx_word' id='word_1_580' title='bbox 2513 3553 2566 3600; x_wconf 90' lang='lat' dir='ltr'><strong>et</strong></span> <span class='ocrx_word' id='word_1_581' title='bbox 2600 3545 2828 3600; x_wconf 91' lang='lat' dir='ltr'><strong>dedistis</strong></span> <span class='ocrx_word' id='word_1_582' title='bbox 2858 3545 2990 3602; x_wconf 86' lang='lat' dir='ltr'><strong>mihi</strong></span> <span class='ocrx_word' id='word_1_583' title='bbox 3029 3545 3255 3616; x_wconf 90' lang='lat' dir='ltr'><strong>bibere;</strong></span> <span class='ocrx_word' id='word_1_584' title='bbox 3299 3547 3502 3617; x_wconf 87' lang='lat' dir='ltr'><strong>hospes</strong></span> 
     </span>
    </p>
   </div>
   <div class='ocr_carea' id='block_1_79' title="bbox 1909 3633 3500 3706">
    <p class='ocr_par' dir='ltr' id='par_1_79' title="bbox 1909 3633 3500 3706">
     <span class='ocr_line' id='line_1_79' title="bbox 1909 3633 3500 3706; baseline 0.001 -16"><span class='ocrx_word' id='word_1_585' title='bbox 1909 3650 2079 3700; x_wconf 90' lang='lat' dir='ltr'><strong>eram,</strong></span> <span class='ocrx_word' id='word_1_586' title='bbox 2112 3643 2166 3690; x_wconf 90' lang='lat' dir='ltr'><strong>et</strong></span> <span class='ocrx_word' id='word_1_587' title='bbox 2193 3633 2496 3706; x_wconf 85' lang='lat' dir='ltr'><strong>collegistis</strong></span> <span class='ocrx_word' id='word_1_588' title='bbox 2525 3650 2613 3690; x_wconf 91' lang='lat' dir='ltr'><strong>me</strong></span> <span class='ocrx_word' id='word_1_589' title='bbox 2648 3653 2662 3698; x_wconf 86' lang='lat'><strong>;</strong></span> <span class='ocrx_word' id='word_1_590' title='bbox 2693 3633 2891 3702; x_wconf 89' lang='lat' dir='ltr'><strong>nudus,</strong></span> <span class='ocrx_word' id='word_1_591' title='bbox 2924 3643 2978 3691; x_wconf 92' lang='lat' dir='ltr'><strong>et</strong></span> <span class='ocrx_word' id='word_1_592' title='bbox 3005 3633 3369 3706; x_wconf 89' lang='lat' dir='ltr'><strong>cooperuistis</strong></span> <span class='ocrx_word' id='word_1_593' title='bbox 3411 3651 3500 3692; x_wconf 90' lang='lat' dir='ltr'><strong>me</strong></span> 
     </span>
    </p>
   </div>
   <div class='ocr_carea' id='block_1_80' title="bbox 1909 3730 3496 3802">
    <p class='ocr_par' dir='ltr' id='par_1_80' title="bbox 1909 3730 3496 3802">
     <span class='ocr_line' id='line_1_80' title="bbox 1909 3730 3496 3802; baseline 0 -16"><span class='ocrx_word' id='word_1_594' title='bbox 1909 3731 2129 3801; x_wconf 80' lang='lat' dir='ltr'><strong>(Matth.</strong></span> <span class='ocrx_word' id='word_1_595' title='bbox 2162 3732 2309 3801; x_wconf 86' lang='lat' dir='ltr'><strong>xxv).</strong></span> <span class='ocrx_word' id='word_1_596' title='bbox 2341 3756 2362 3780; x_wconf 72' lang='grc' dir='ltr'><strong>ιι</strong></span> <span class='ocrx_word' id='word_1_597' title='bbox 2384 3730 2594 3800; x_wconf 90' lang='lat' dir='ltr'><strong>Quibus</strong></span> <span class='ocrx_word' id='word_1_598' title='bbox 2615 3731 2773 3787; x_wconf 72' lang='lat' dir='ltr'><strong>etia&#39;n</strong></span> <span class='ocrx_word' id='word_1_599' title='bbox 2795 3732 2934 3787; x_wconf 90' lang='lat' dir='ltr'><strong>bene</strong></span> <span class='ocrx_word' id='word_1_600' title='bbox 2966 3731 3230 3802; x_wconf 91' lang='lat' dir='ltr'><strong>promittit</strong></span> <span class='ocrx_word' id='word_1_601' title='bbox 3267 3731 3496 3787; x_wconf 90' lang='lat' dir='ltr'><strong>dicens:</strong></span> 
     </span>
    </p>
   </div>
   <div class='ocr_carea' id='block_1_81' title="bbox 1908 3820 3502 3892">
    <p class='ocr_par' dir='ltr' id='par_1_81' title="bbox 1908 3820 3502 3892">
     <span class='ocr_line' id='line_1_81' title="bbox 1908 3820 3502 3892; baseline 0.001 -17"><span class='ocrx_word' id='word_1_602' title='bbox 1908 3843 1932 3868; x_wconf 74' lang='grc' dir='ltr'><strong><em>α</em></strong></span> <span class='ocrx_word' id='word_1_603' title='bbox 1963 3820 2174 3890; x_wconf 88' lang='lat' dir='ltr'><strong>Venite,</strong></span> <span class='ocrx_word' id='word_1_604' title='bbox 2198 3820 2471 3876; x_wconf 90' lang='lat' dir='ltr'><strong>benedicti</strong></span> <span class='ocrx_word' id='word_1_605' title='bbox 2495 3821 2668 3876; x_wconf 83' lang='lat' dir='ltr'><strong>Patris</strong></span> <span class='ocrx_word' id='word_1_606' title='bbox 2685 3821 2814 3887; x_wconf 90' lang='lat' dir='ltr'><strong>mei,</strong></span> <span class='ocrx_word' id='word_1_607' title='bbox 2838 3820 3102 3892; x_wconf 85' lang='lat' dir='ltr'><strong>percipite</strong></span> <span class='ocrx_word' id='word_1_608' title='bbox 3123 3829 3372 3891; x_wconf 87' lang='lat' dir='ltr'><strong>paratum</strong></span> <span class='ocrx_word' id='word_1_609' title='bbox 3407 3836 3502 3876; x_wconf 92' lang='lat' dir='ltr'><strong>vo-</strong></span> 
     </span>
    </p>
   </div>
   <div class='ocr_carea' id='block_1_82' title="bbox 1906 3909 3497 3982">
    <p class='ocr_par' dir='ltr' id='par_1_82' title="bbox 1906 3909 3497 3982">
     <span class='ocr_line' id='line_1_82' title="bbox 1906 3909 3497 3982; baseline 0.002 -19"><span class='ocrx_word' id='word_1_610' title='bbox 1906 3909 1990 3964; x_wconf 89' lang='lat' dir='ltr'><strong>bis</strong></span> <span class='ocrx_word' id='word_1_611' title='bbox 2022 3926 2250 3982; x_wconf 83' lang='lat' dir='ltr'><strong>regnum</strong></span> <span class='ocrx_word' id='word_1_612' title='bbox 2285 3909 2487 3980; x_wconf 83' lang='lat' dir='ltr'><strong>(ibid.).</strong></span> <span class='ocrx_word' id='word_1_613' title='bbox 2527 3932 2547 3957; x_wconf 80' lang='grc' dir='ltr'>ι)</span> <span class='ocrx_word' id='word_1_614' title='bbox 2585 3910 2679 3965; x_wconf 86' lang='lat' dir='ltr'><strong>His</strong></span> <span class='ocrx_word' id='word_1_615' title='bbox 2709 3918 2891 3966; x_wconf 87' lang='lat' dir='ltr'><strong>autem</strong></span> <span class='ocrx_word' id='word_1_616' title='bbox 2923 3926 3060 3982; x_wconf 90' lang='lat' dir='ltr'><strong>quos</strong></span> <span class='ocrx_word' id='word_1_617' title='bbox 3104 3909 3249 3964; x_wconf 88' lang='lat' dir='ltr'><strong>nulla</strong></span> <span class='ocrx_word' id='word_1_618' title='bbox 3289 3925 3497 3980; x_wconf 63' lang='lat' dir='ltr'><strong>prince-</strong></span> 
     </span>
    </p>
   </div>
   <div class='ocr_carea' id='block_1_83' title="bbox 1901 4005 3495 4080">
    <p class='ocr_par' dir='ltr' id='par_1_83' title="bbox 1901 4005 3495 4080">
     <span class='ocr_line' id='line_1_83' title="bbox 1901 4005 3495 4080; baseline 0.001 -19"><span class='ocrx_word' id='word_1_619' title='bbox 1901 4007 2084 4063; x_wconf 90' lang='lat' dir='ltr'><strong>dentia</strong></span> <span class='ocrx_word' id='word_1_620' title='bbox 2113 4005 2586 4078; x_wconf 88' lang='lat' dir='ltr'><strong>eleemosynarum</strong></span> <span class='ocrx_word' id='word_1_621' title='bbox 2631 4005 2770 4064; x_wconf 90' lang='lat' dir='ltr'><strong>facta</strong></span> <span class='ocrx_word' id='word_1_622' title='bbox 2810 4016 3128 4080; x_wconf 89' lang='lat' dir='ltr'><strong>sequuntur,</strong></span> <span class='ocrx_word' id='word_1_623' title='bbox 3173 4007 3362 4063; x_wconf 69' lang='lat' dir='ltr'><strong>aeterni</strong></span> <span class='ocrx_word' id='word_1_624' title='bbox 3402 4006 3495 4076; x_wconf 86' lang='lat' dir='ltr'><strong>ju-</strong></span> 
     </span>
    </p>
   </div>
   <div class='ocr_carea' id='block_1_84' title="bbox 1900 4095 3493 4164">
    <p class='ocr_par' dir='ltr' id='par_1_84' title="bbox 1900 4095 3493 4164">
     <span class='ocr_line' id='line_1_84' title="bbox 1900 4095 3493 4164; baseline 0.001 -14"><span class='ocrx_word' id='word_1_625' title='bbox 1900 4096 2037 4150; x_wconf 90' lang='lat' dir='ltr'><strong>dicis</strong></span> <span class='ocrx_word' id='word_1_626' title='bbox 2071 4110 2203 4152; x_wconf 90' lang='lat' dir='ltr'><strong>voce</strong></span> <span class='ocrx_word' id='word_1_627' title='bbox 2233 4096 2314 4151; x_wconf 88' lang='lat' dir='ltr'><strong>sic</strong></span> <span class='ocrx_word' id='word_1_628' title='bbox 2347 4096 2546 4152; x_wconf 90' lang='lat' dir='ltr'><strong>dicitur</strong></span> <span class='ocrx_word' id='word_1_629' title='bbox 2580 4116 2591 4150; x_wconf 92' lang='lat'><strong>:</strong></span> <span class='ocrx_word' id='word_1_630' title='bbox 2658 4119 2680 4145; x_wconf 72' lang='grc' dir='ltr'><strong><em>α</em></strong></span> <span class='ocrx_word' id='word_1_631' title='bbox 2714 4097 2952 4164; x_wconf 82' lang='lat' dir='ltr'><strong>Esurivi,</strong></span> <span class='ocrx_word' id='word_1_632' title='bbox 2993 4105 3047 4151; x_wconf 91' lang='lat' dir='ltr'><strong>et</strong></span> <span class='ocrx_word' id='word_1_633' title='bbox 3101 4110 3209 4150; x_wconf 91' lang='lat' dir='ltr'><strong>non</strong></span> <span class='ocrx_word' id='word_1_634' title='bbox 3265 4095 3493 4151; x_wconf 88' lang='lat' dir='ltr'><strong>dedistis</strong></span> 
     </span>
    </p>
   </div>
   <div class='ocr_carea' id='block_1_85' title="bbox 1897 4188 3485 4261">
    <p class='ocr_par' dir='ltr' id='par_1_85' title="bbox 1897 4188 3485 4261">
     <span class='ocr_line' id='line_1_85' title="bbox 1897 4188 3485 4261; baseline -0.001 -16"><span class='ocrx_word' id='word_1_635' title='bbox 1897 4191 2028 4245; x_wconf 90' lang='lat' dir='ltr'><strong>mihi</strong></span> <span class='ocrx_word' id='word_1_636' title='bbox 2058 4191 2405 4258; x_wconf 85' lang='lat' dir='ltr'><strong>manducare,</strong></span> <span class='ocrx_word' id='word_1_637' title='bbox 2440 4199 2546 4246; x_wconf 89' lang='lat' dir='ltr'><strong>etc.</strong></span> <span class='ocrx_word' id='word_1_638' title='bbox 2579 4191 2716 4258; x_wconf 83' lang='lat' dir='ltr'><strong>(ibid</strong></span> <span class='ocrx_word' id='word_1_639' title='bbox 2729 4191 2774 4261; x_wconf 93' lang='lat'><strong>.)</strong></span> <span class='ocrx_word' id='word_1_640' title='bbox 2803 4215 2824 4240; x_wconf 74' lang='grc' dir='ltr'><strong>υ</strong></span> <span class='ocrx_word' id='word_1_641' title='bbox 2880 4191 3089 4259; x_wconf 86' lang='lat' dir='ltr'><strong>Quibus</strong></span> <span class='ocrx_word' id='word_1_642' title='bbox 3128 4191 3272 4260; x_wconf 90' lang='lat' dir='ltr'><strong>juste</strong></span> <span class='ocrx_word' id='word_1_643' title='bbox 3312 4188 3441 4245; x_wconf 87' lang='lat' dir='ltr'><strong>dicit</strong></span> <span class='ocrx_word' id='word_1_644' title='bbox 3472 4208 3485 4245; x_wconf 91' lang='lat'>:</span> 
     </span>
    </p>
   </div>
   <div class='ocr_carea' id='block_1_86' title="bbox 1901 4279 3485 4352">
    <p class='ocr_par' dir='ltr' id='par_1_86' title="bbox 1901 4279 3485 4352">
     <span class='ocr_line' id='line_1_86' title="bbox 1901 4279 3485 4352; baseline 0 -19"><span class='ocrx_word' id='word_1_645' title='bbox 1901 4301 1924 4326; x_wconf 75' lang='grc' dir='ltr'><strong>ι</strong></span> <span class='ocrx_word' id='word_1_646' title='bbox 1961 4279 2234 4335; x_wconf 91' lang='lat' dir='ltr'><strong>Discedite</strong></span> <span class='ocrx_word' id='word_1_647' title='bbox 2263 4293 2296 4333; x_wconf 87' lang='lat' dir='ltr'><strong>a</strong></span> <span class='ocrx_word' id='word_1_648' title='bbox 2330 4294 2438 4346; x_wconf 90' lang='lat' dir='ltr'><strong>me,</strong></span> <span class='ocrx_word' id='word_1_649' title='bbox 2501 4280 2806 4346; x_wconf 84' lang='lat' dir='ltr'><strong>maledicti,</strong></span> <span class='ocrx_word' id='word_1_650' title='bbox 2857 4279 2912 4333; x_wconf 89' lang='lat' dir='ltr'><strong>in</strong></span> <span class='ocrx_word' id='word_1_651' title='bbox 2961 4280 3146 4352; x_wconf 86' lang='lat' dir='ltr'><strong>ignem</strong></span> <span class='ocrx_word' id='word_1_652' title='bbox 3199 4287 3485 4342; x_wconf 67' lang='lat' dir='ltr'><strong>aeternum,</strong></span> 
     </span>
    </p>
   </div>
   <div class='ocr_carea' id='block_1_87' title="bbox 1897 4367 3485 4442">
    <p class='ocr_par' dir='ltr' id='par_1_87' title="bbox 1897 4367 3485 4442">
     <span class='ocr_line' id='line_1_87' title="bbox 1897 4367 3485 4442; baseline 0.003 -20"><span class='ocrx_word' id='word_1_653' title='bbox 1897 4368 1986 4439; x_wconf 91' lang='lat' dir='ltr'><strong>qui</strong></span> <span class='ocrx_word' id='word_1_654' title='bbox 2017 4376 2244 4439; x_wconf 89' lang='lat' dir='ltr'><strong>paratus</strong></span> <span class='ocrx_word' id='word_1_655' title='bbox 2275 4376 2358 4423; x_wconf 88' lang='lat' dir='ltr'><strong>est</strong></span> <span class='ocrx_word' id='word_1_656' title='bbox 2385 4367 2602 4423; x_wconf 91' lang='lat' dir='ltr'><strong>diabolo</strong></span> <span class='ocrx_word' id='word_1_657' title='bbox 2625 4377 2680 4423; x_wconf 91' lang='lat' dir='ltr'><strong>et</strong></span> <span class='ocrx_word' id='word_1_658' title='bbox 2706 4368 2916 4442; x_wconf 88' lang='lat' dir='ltr'><strong>angelis</strong></span> <span class='ocrx_word' id='word_1_659' title='bbox 2947 4369 3074 4440; x_wconf 82' lang='lat' dir='ltr'><strong>ejus</strong></span> <span class='ocrx_word' id='word_1_660' title='bbox 3107 4369 3340 4440; x_wconf 80' lang='lat' dir='ltr'><strong>(ibid.).-</strong></span> <span class='ocrx_word' id='word_1_661' title='bbox 3361 4369 3485 4426; x_wconf 91' lang='lat' dir='ltr'><strong>Non</strong></span> 
     </span>
    </p>
   </div>
   <div class='ocr_carea' id='block_1_88' title="bbox 1893 4466 3482 4538">
    <p class='ocr_par' dir='ltr' id='par_1_88' title="bbox 1893 4466 3482 4538">
     <span class='ocr_line' id='line_1_88' title="bbox 1893 4466 3482 4538; baseline 0 -15"><span class='ocrx_word' id='word_1_662' title='bbox 1893 4467 2072 4523; x_wconf 90' lang='lat' dir='ltr'><strong>solum</strong></span> <span class='ocrx_word' id='word_1_663' title='bbox 2133 4467 2311 4538; x_wconf 91' lang='lat' dir='ltr'><strong>itaque</strong></span> <span class='ocrx_word' id='word_1_664' title='bbox 2371 4466 2463 4538; x_wconf 91' lang='lat' dir='ltr'><strong>qui</strong></span> <span class='ocrx_word' id='word_1_665' title='bbox 2522 4467 2778 4523; x_wconf 82' lang='lat' dir='ltr'><strong>esurienti</strong></span> <span class='ocrx_word' id='word_1_666' title='bbox 2834 4474 2892 4523; x_wconf 89' lang='lat' dir='ltr'><strong>et</strong></span> <span class='ocrx_word' id='word_1_667' title='bbox 2947 4467 3147 4523; x_wconf 90' lang='lat' dir='ltr'><strong>sitienti</strong></span> <span class='ocrx_word' id='word_1_668' title='bbox 3214 4477 3266 4523; x_wconf 90' lang='lat' dir='ltr'><strong>et</strong></span> <span class='ocrx_word' id='word_1_669' title='bbox 3335 4467 3482 4524; x_wconf 93' lang='lat' dir='ltr'><strong>nudo</strong></span> 
     </span>
    </p>
   </div>
   <div class='ocr_carea' id='block_1_89' title="bbox 1891 4554 3481 4628">
    <p class='ocr_par' dir='ltr' id='par_1_89' title="bbox 1891 4554 3481 4628">
     <span class='ocr_line' id='line_1_89' title="bbox 1891 4554 3481 4628; baseline 0 -17"><span class='ocrx_word' id='word_1_670' title='bbox 1891 4554 2212 4612; x_wconf 84' lang='lat' dir='ltr'><strong>beneﬁcium</strong></span> <span class='ocrx_word' id='word_1_671' title='bbox 2246 4555 2518 4627; x_wconf 84' lang='lat' dir='ltr'><strong>largitatis</strong></span> <span class='ocrx_word' id='word_1_672' title='bbox 2565 4557 2850 4627; x_wconf 88' lang='lat' dir='ltr'><strong>impendit,</strong></span> <span class='ocrx_word' id='word_1_673' title='bbox 2908 4558 2995 4612; x_wconf 88' lang='lat' dir='ltr'><strong>vel</strong></span> <span class='ocrx_word' id='word_1_674' title='bbox 3051 4556 3097 4611; x_wconf 89' lang='lat' dir='ltr'><strong>si</strong></span> <span class='ocrx_word' id='word_1_675' title='bbox 3149 4557 3278 4628; x_wconf 89' lang='lat' dir='ltr'><strong>quid</strong></span> <span class='ocrx_word' id='word_1_676' title='bbox 3335 4557 3481 4612; x_wconf 88' lang='lat' dir='ltr'><strong>aliud</strong></span> 
     </span>
    </p>
   </div>
   <div class='ocr_carea' id='block_1_90' title="bbox 192 4626 3480 4718">
    <p class='ocr_par' dir='ltr' id='par_1_90' title="bbox 192 4626 3480 4718">
     <span class='ocr_line' id='line_1_90' title="bbox 192 4626 3480 4718; baseline 0.001 -20"><span class='ocrx_word' id='word_1_677' title='bbox 192 4635 347 4718; x_wconf 60' lang='grc' dir='ltr'>ἵετεε</span> <span class='ocrx_word' id='word_1_678' title='bbox 375 4636 468 4718; x_wconf 55' lang='grc' dir='ltr'><strong>(ξεί</strong></span> <span class='ocrx_word' id='word_1_679' title='bbox 513 4627 583 4718; x_wconf 49' lang='grc' dir='ltr'><strong>ειιά</strong></span> <span class='ocrx_word' id='word_1_680' title='bbox 638 4626 934 4718; x_wconf 66' lang='lat' dir='ltr'><strong>hominem.</strong></span> <span class='ocrx_word' id='word_1_681' title='bbox 990 4634 1048 4718; x_wconf 62' lang='grc' dir='ltr'><strong>ῐιι</strong></span> <span class='ocrx_word' id='word_1_682' title='bbox 1103 4627 1174 4681; x_wconf 69' lang='grc' dir='ltr'><strong>ιι)</strong></span> <span class='ocrx_word' id='word_1_683' title='bbox 1230 4643 1295 4682; x_wconf 81' lang='lat' dir='ltr'><strong>eo</strong></span> <span class='ocrx_word' id='word_1_684' title='bbox 1352 4645 1459 4682; x_wconf 80' lang='lat' dir='ltr'><strong>non</strong></span> <span class='ocrx_word' id='word_1_685' title='bbox 1517 4628 1778 4718; x_wconf 60' lang='lat' dir='ltr'><strong>discedat.</strong></span> <span class='ocrx_word' id='word_1_686' title='bbox 1811 4641 1862 4702; x_wconf 93' lang='lat' dir='ltr'><strong>D</strong></span> <span class='ocrx_word' id='word_1_687' title='bbox 1894 4645 2160 4718; x_wconf 88' lang='lat' dir='ltr'><strong>indigenti</strong></span> <span class='ocrx_word' id='word_1_688' title='bbox 2190 4626 2441 4716; x_wconf 76' lang='lat' dir='ltr'><strong>largitur,</strong></span> <span class='ocrx_word' id='word_1_689' title='bbox 2485 4645 2579 4700; x_wconf 89' lang='lat' dir='ltr'><strong>sed</strong></span> <span class='ocrx_word' id='word_1_690' title='bbox 2614 4626 2666 4700; x_wconf 90' lang='lat' dir='ltr'><strong>et</strong></span> <span class='ocrx_word' id='word_1_691' title='bbox 2697 4644 2788 4716; x_wconf 87' lang='lat' dir='ltr'><strong>qui</strong></span> <span class='ocrx_word' id='word_1_692' title='bbox 2833 4645 3109 4702; x_wconf 91' lang='lat' dir='ltr'><strong>inimicum</strong></span> <span class='ocrx_word' id='word_1_693' title='bbox 3151 4626 3374 4718; x_wconf 87' lang='lat' dir='ltr'><strong>diligit:</strong></span> <span class='ocrx_word' id='word_1_694' title='bbox 3426 4654 3480 4701; x_wconf 91' lang='lat' dir='ltr'><strong>et</strong></span> 
     </span>
    </p>
   </div>
   <div class='ocr_carea' id='block_1_91' title="bbox 192 4708 1772 4787">
    <p class='ocr_par' dir='ltr' id='par_1_91' title="bbox 192 4708 1772 4787">
     <span class='ocr_line' id='line_1_91' title="bbox 192 4708 1772 4787; baseline 0.006 -25"><span class='ocrx_word' id='word_1_695' title='bbox 192 4708 364 4770; x_wconf 90' lang='lat' dir='ltr'><strong>donec</strong></span> <span class='ocrx_word' id='word_1_696' title='bbox 393 4715 663 4772; x_wconf 87' lang='lat' dir='ltr'><strong>Dominus</strong></span> <span class='ocrx_word' id='word_1_697' title='bbox 684 4723 852 4786; x_wconf 88' lang='lat' dir='ltr'><strong>ponat</strong></span> <span class='ocrx_word' id='word_1_698' title='bbox 878 4715 931 4770; x_wconf 91' lang='lat' dir='ltr'><strong>in</strong></span> <span class='ocrx_word' id='word_1_699' title='bbox 954 4715 1040 4771; x_wconf 92' lang='lat' dir='ltr'><strong>via</strong></span> <span class='ocrx_word' id='word_1_700' title='bbox 1061 4730 1290 4787; x_wconf 84' lang='lat' dir='ltr'><strong>gressus</strong></span> <span class='ocrx_word' id='word_1_701' title='bbox 1320 4732 1468 4782; x_wconf 88' lang='lat' dir='ltr'><strong>suos,</strong></span> <span class='ocrx_word' id='word_1_702' title='bbox 1491 4724 1545 4772; x_wconf 91' lang='lat' dir='ltr'><strong>et</strong></span> <span class='ocrx_word' id='word_1_703' title='bbox 1568 4717 1744 4772; x_wconf 90' lang='lat' dir='ltr'><strong>veniat</strong></span> <span class='ocrx_word' id='word_1_704' title='bbox 1759 4757 1772 4772; x_wconf 96' lang='lat'><strong>.</strong></span> 
     </span>
    </p>
   </div>
   <div class='ocr_carea' id='block_1_92' title="bbox 521 4900 1432 4958">
    <p class='ocr_par' dir='ltr' id='par_1_92' title="bbox 521 4900 1432 4958">
     <span class='ocr_line' id='line_1_92' title="bbox 521 4900 1432 4958; baseline 0.001 -4"><span class='ocrx_word' id='word_1_705' title='bbox 521 4900 598 4956; x_wconf 82' lang='lat' dir='ltr'><strong>De</strong></span> <span class='ocrx_word' id='word_1_706' title='bbox 627 4900 974 4957; x_wconf 70' lang='lat' dir='ltr'><strong>amatoribus</strong></span> <span class='ocrx_word' id='word_1_707' title='bbox 1006 4900 1432 4958; x_wconf 50' lang='lat' dir='ltr'><strong>misericordia.</strong></span> 
     </span>
    </p>
   </div>
   <div class='ocr_carea' id='block_1_93' title="bbox 261 5010 1777 5105">
    <p class='ocr_par' dir='ltr' id='par_1_93' title="bbox 261 5010 1777 5105">
     <span class='ocr_line' id='line_1_93' title="bbox 261 5010 1777 5105; baseline 0.003 -21"><span class='ocrx_word' id='word_1_708' title='bbox 261 5026 514 5088; x_wconf 87' lang='lat' dir='ltr'><strong>Graviter</strong></span> <span class='ocrx_word' id='word_1_709' title='bbox 543 5031 598 5086; x_wconf 92' lang='lat' dir='ltr'><strong>in</strong></span> <span class='ocrx_word' id='word_1_710' title='bbox 623 5031 796 5088; x_wconf 90' lang='lat' dir='ltr'><strong>Deum</strong></span> <span class='ocrx_word' id='word_1_711' title='bbox 827 5032 1167 5105; x_wconf 84' lang='lat' dir='ltr'><strong>delinquunt,</strong></span> <span class='ocrx_word' id='word_1_712' title='bbox 1199 5033 1291 5105; x_wconf 92' lang='lat' dir='ltr'><strong>qui</strong></span> <span class='ocrx_word' id='word_1_713' title='bbox 1321 5033 1540 5089; x_wconf 87' lang='lat' dir='ltr'><strong>divitias</strong></span> <span class='ocrx_word' id='word_1_714' title='bbox 1575 5048 1609 5088; x_wconf 89' lang='lat' dir='ltr'><strong>a</strong></span> <span class='ocrx_word' id='word_1_715' title='bbox 1662 5010 1777 5088; x_wconf 90' lang='lat' dir='ltr'><strong>Deo</strong></span> 
     </span>
    </p>
   </div>
   <div class='ocr_carea' id='block_1_94' title="bbox 195 5130 1777 5198">
    <p class='ocr_par' dir='ltr' id='par_1_94' title="bbox 195 5130 1777 5198">
     <span class='ocr_line' id='line_1_94' title="bbox 195 5130 1777 5198; baseline 0.004 -19"><span class='ocrx_word' id='word_1_716' title='bbox 195 5136 502 5197; x_wconf 85' lang='lat' dir='ltr'><strong>concessas,</strong></span> <span class='ocrx_word' id='word_1_717' title='bbox 533 5146 646 5185; x_wconf 93' lang='lat' dir='ltr'><strong>non</strong></span> <span class='ocrx_word' id='word_1_718' title='bbox 676 5130 730 5186; x_wconf 92' lang='lat' dir='ltr'><strong>in</strong></span> <span class='ocrx_word' id='word_1_719' title='bbox 764 5131 928 5186; x_wconf 89' lang='lat' dir='ltr'><strong>rebus</strong></span> <span class='ocrx_word' id='word_1_720' title='bbox 955 5131 1308 5198; x_wconf 87' lang='lat' dir='ltr'><strong>salutaribus,</strong></span> <span class='ocrx_word' id='word_1_721' title='bbox 1345 5133 1441 5188; x_wconf 85' lang='lat' dir='ltr'><strong>sed</strong></span> <span class='ocrx_word' id='word_1_722' title='bbox 1489 5132 1544 5186; x_wconf 92' lang='lat' dir='ltr'><strong>in</strong></span> <span class='ocrx_word' id='word_1_723' title='bbox 1588 5131 1777 5188; x_wconf 90' lang='lat' dir='ltr'><strong>usibus</strong></span> 
     </span>
    </p>
   </div>
   <div class='ocr_carea' id='block_1_95' title="bbox 195 5218 1772 5294">
    <p class='ocr_par' dir='ltr' id='par_1_95' title="bbox 195 5218 1772 5294">
     <span class='ocr_line' id='line_1_95' title="bbox 195 5218 1772 5294; baseline 0.004 -24"><span class='ocrx_word' id='word_1_724' title='bbox 195 5218 365 5282; x_wconf 85' lang='lat' dir='ltr'><strong>pravis</strong></span> <span class='ocrx_word' id='word_1_725' title='bbox 385 5226 634 5277; x_wconf 86' lang='lat' dir='ltr'><strong>utuntur.</strong></span> <span class='ocrx_word' id='word_1_726' title='bbox 653 5221 917 5276; x_wconf 88' lang='lat' dir='ltr'><strong>Nesciunt</strong></span> <span class='ocrx_word' id='word_1_727' title='bbox 940 5221 1088 5276; x_wconf 89' lang='lat' dir='ltr'><strong>enim</strong></span> <span class='ocrx_word' id='word_1_728' title='bbox 1122 5221 1400 5293; x_wconf 90' lang='lat' dir='ltr'><strong>impartire</strong></span> <span class='ocrx_word' id='word_1_729' title='bbox 1424 5222 1772 5294; x_wconf 86' lang='lat' dir='ltr'><strong>pauperibus,</strong></span> 
     </span>
    </p>
   </div>
   <div class='ocr_carea' id='block_1_96' title="bbox 194 5318 1773 5392">
    <p class='ocr_par' dir='ltr' id='par_1_96' title="bbox 194 5318 1773 5392">
     <span class='ocr_line' id='line_1_96' title="bbox 194 5318 1773 5392; baseline 0.005 -26"><span class='ocrx_word' id='word_1_730' title='bbox 194 5319 461 5384; x_wconf 85' lang='lat' dir='ltr'><strong>Oppressis</strong></span> <span class='ocrx_word' id='word_1_731' title='bbox 501 5318 796 5375; x_wconf 89' lang='lat' dir='ltr'><strong>subvenire</strong></span> <span class='ocrx_word' id='word_1_732' title='bbox 825 5319 1156 5391; x_wconf 88' lang='lat' dir='ltr'><strong>despiciunt,</strong></span> <span class='ocrx_word' id='word_1_733' title='bbox 1186 5327 1240 5375; x_wconf 92' lang='lat' dir='ltr'><strong>et</strong></span> <span class='ocrx_word' id='word_1_734' title='bbox 1284 5319 1410 5374; x_wconf 91' lang='lat' dir='ltr'><strong>inde</strong></span> <span class='ocrx_word' id='word_1_735' title='bbox 1447 5319 1623 5392; x_wconf 82' lang='lat' dir='ltr'><strong>magis</strong></span> <span class='ocrx_word' id='word_1_736' title='bbox 1669 5334 1773 5374; x_wconf 91' lang='lat' dir='ltr'><strong>au-</strong></span> 
     </span>
    </p>
   </div>
   <div class='ocr_carea' id='block_1_97' title="bbox 197 5407 1774 5472">
    <p class='ocr_par' dir='ltr' id='par_1_97' title="bbox 197 5407 1774 5472">
     <span class='ocr_line' id='line_1_97' title="bbox 197 5407 1774 5472; baseline 0.004 -16"><span class='ocrx_word' id='word_1_737' title='bbox 197 5412 315 5470; x_wconf 73' lang='lat' dir='ltr'><strong>gent</strong></span> <span class='ocrx_word' id='word_1_738' title='bbox 343 5407 559 5472; x_wconf 89' lang='lat' dir='ltr'><strong>delicta,</strong></span> <span class='ocrx_word' id='word_1_739' title='bbox 589 5408 734 5464; x_wconf 91' lang='lat' dir='ltr'><strong>unde</strong></span> <span class='ocrx_word' id='word_1_740' title='bbox 763 5407 1037 5463; x_wconf 88' lang='lat' dir='ltr'><strong>redimere</strong></span> <span class='ocrx_word' id='word_1_741' title='bbox 1065 5408 1388 5464; x_wconf 88' lang='lat' dir='ltr'><strong>debuerant.</strong></span> <span class='ocrx_word' id='word_1_742' title='bbox 1422 5409 1538 5464; x_wconf 87' lang='lat' dir='ltr'><strong>lloc</strong></span> <span class='ocrx_word' id='word_1_743' title='bbox 1567 5416 1774 5463; x_wconf 89' lang='lat' dir='ltr'><strong>tantum</strong></span> 
     </span>
    </p>
   </div>
   <div class='ocr_carea' id='block_1_98' title="bbox 195 5487 1773 5569">
    <p class='ocr_par' dir='ltr' id='par_1_98' title="bbox 195 5487 1773 5569">
     <span class='ocr_line' id='line_1_98' title="bbox 195 5487 1773 5569; baseline 0.003 -23"><span class='ocrx_word' id='word_1_744' title='bbox 195 5487 378 5552; x_wconf 89' lang='lat' dir='ltr'><strong>bonum</strong></span> <span class='ocrx_word' id='word_1_745' title='bbox 410 5496 575 5552; x_wconf 86' lang='lat' dir='ltr'><strong>habet</strong></span> <span class='ocrx_word' id='word_1_746' title='bbox 604 5496 882 5568; x_wconf 87' lang='lat' dir='ltr'><strong>possessio</strong></span> <span class='ocrx_word' id='word_1_747' title='bbox 912 5497 1263 5569; x_wconf 65' lang='lat' dir='ltr'><strong>praesentium</strong></span> <span class='ocrx_word' id='word_1_748' title='bbox 1294 5513 1496 5564; x_wconf 91' lang='lat' dir='ltr'><strong>rerum,</strong></span> <span class='ocrx_word' id='word_1_749' title='bbox 1530 5498 1575 5552; x_wconf 90' lang='lat' dir='ltr'><strong>si</strong></span> <span class='ocrx_word' id='word_1_750' title='bbox 1608 5497 1773 5553; x_wconf 90' lang='lat' dir='ltr'><strong>vitam</strong></span> 
     </span>
    </p>
   </div>
   <div class='ocr_carea' id='block_1_99' title="bbox 196 5588 1772 5666">
    <p class='ocr_par' dir='ltr' id='par_1_99' title="bbox 196 5588 1772 5666">
     <span class='ocr_line' id='line_1_99' title="bbox 196 5588 1772 5666; baseline 0.004 -22"><span class='ocrx_word' id='word_1_751' title='bbox 196 5588 383 5651; x_wconf 82' lang='lat' dir='ltr'><strong>reﬁciat</strong></span> <span class='ocrx_word' id='word_1_752' title='bbox 413 5593 764 5650; x_wconf 89' lang='lat' dir='ltr'><strong>miserorum.</strong></span> <span class='ocrx_word' id='word_1_753' title='bbox 806 5595 1038 5666; x_wconf 88' lang='lat' dir='ltr'><strong>Propter</strong></span> <span class='ocrx_word' id='word_1_754' title='bbox 1069 5595 1174 5651; x_wconf 92' lang='lat' dir='ltr'><strong>hoc</strong></span> <span class='ocrx_word' id='word_1_755' title='bbox 1205 5594 1429 5650; x_wconf 91' lang='lat' dir='ltr'><strong>tentatio</strong></span> <span class='ocrx_word' id='word_1_756' title='bbox 1457 5601 1537 5651; x_wconf 92' lang='lat' dir='ltr'><strong>est</strong></span> <span class='ocrx_word' id='word_1_757' title='bbox 1585 5591 1772 5651; x_wconf 84' lang='lat' dir='ltr'><strong>mundi</strong></span> 
     </span>
    </p>
   </div>
   <div class='ocr_carea' id='block_1_100' title="bbox 198 5671 1768 5756">
    <p class='ocr_par' dir='ltr' id='par_1_100' title="bbox 198 5671 1768 5756">
     <span class='ocr_line' id='line_1_100' title="bbox 198 5671 1768 5756; baseline 0.004 -25"><span class='ocrx_word' id='word_1_758' title='bbox 198 5671 412 5751; x_wconf 85' lang='lat' dir='ltr'><strong>lucrum,</strong></span> <span class='ocrx_word' id='word_1_759' title='bbox 446 5690 706 5756; x_wconf 87' lang='lat' dir='ltr'><strong>tantoque</strong></span> <span class='ocrx_word' id='word_1_760' title='bbox 735 5683 940 5751; x_wconf 85' lang='lat' dir='ltr'><strong>maiora</strong></span> <span class='ocrx_word' id='word_1_761' title='bbox 959 5683 1229 5754; x_wconf 86' lang='lat' dir='ltr'><strong>supplicia</strong></span> <span class='ocrx_word' id='word_1_762' title='bbox 1251 5683 1305 5738; x_wconf 90' lang='lat' dir='ltr'><strong>in</strong></span> <span class='ocrx_word' id='word_1_763' title='bbox 1331 5683 1506 5739; x_wconf 92' lang='lat' dir='ltr'><strong>futuro</strong></span> <span class='ocrx_word' id='word_1_764' title='bbox 1539 5683 1768 5751; x_wconf 88' lang='lat' dir='ltr'><strong>dabunt,</strong></span> 
     </span>
    </p>
   </div>
   <div class='ocr_carea' id='block_1_101' title="bbox 201 5772 1772 5844">
    <p class='ocr_par' dir='ltr' id='par_1_101' title="bbox 201 5772 1772 5844">
     <span class='ocr_line' id='line_1_101' title="bbox 201 5772 1772 5844; baseline 0.004 -24"><span class='ocrx_word' id='word_1_765' title='bbox 201 5781 380 5835; x_wconf 83' lang='lat' dir='ltr'><strong>quanto</strong></span> <span class='ocrx_word' id='word_1_766' title='bbox 406 5782 460 5830; x_wconf 89' lang='lat' dir='ltr'><strong>et</strong></span> <span class='ocrx_word' id='word_1_767' title='bbox 487 5772 611 5844; x_wconf 87' lang='lat' dir='ltr'><strong>ipsa</strong></span> <span class='ocrx_word' id='word_1_768' title='bbox 641 5772 852 5841; x_wconf 86' lang='lat' dir='ltr'><strong>majora</strong></span> <span class='ocrx_word' id='word_1_769' title='bbox 882 5779 1023 5828; x_wconf 87' lang='lat' dir='ltr'><strong>sunt.</strong></span> <span class='ocrx_word' id='word_1_770' title='bbox 1059 5773 1310 5828; x_wconf 85' lang='lat' dir='ltr'><strong>Potentes</strong></span> <span class='ocrx_word' id='word_1_771' title='bbox 1341 5772 1484 5827; x_wconf 89' lang='lat' dir='ltr'><strong>enim</strong></span> <span class='ocrx_word' id='word_1_772' title='bbox 1524 5779 1772 5843; x_wconf 90' lang='lat' dir='ltr'><strong>potenter</strong></span> 
     </span>
    </p>
   </div>
   <div class='ocr_carea' id='block_1_102' title="bbox 202 5869 1770 5945">
    <p class='ocr_par' dir='ltr' id='par_1_102' title="bbox 202 5869 1770 5945">
     <span class='ocr_line' id='line_1_102' title="bbox 202 5869 1770 5945; baseline 0.003 -25"><span class='ocrx_word' id='word_1_773' title='bbox 202 5869 443 5930; x_wconf 86' lang='lat' dir='ltr'><strong>tormenta</strong></span> <span class='ocrx_word' id='word_1_774' title='bbox 473 5871 756 5945; x_wconf 89' lang='lat' dir='ltr'><strong>patiuntur</strong></span> <span class='ocrx_word' id='word_1_775' title='bbox 782 5869 938 5944; x_wconf 85' lang='lat' dir='ltr'><strong>(Sap.</strong></span> <span class='ocrx_word' id='word_1_776' title='bbox 974 5872 1082 5940; x_wconf 73' lang='lat' dir='ltr'><strong>vn).</strong></span> <span class='ocrx_word' id='word_1_777' title='bbox 1139 5872 1380 5928; x_wconf 90' lang='lat' dir='ltr'><strong>Terrena</strong></span> <span class='ocrx_word' id='word_1_778' title='bbox 1421 5870 1604 5926; x_wconf 87' lang='lat' dir='ltr'><strong>omnia</strong></span> <span class='ocrx_word' id='word_1_779' title='bbox 1645 5886 1770 5926; x_wconf 87' lang='lat' dir='ltr'><strong>ser-</strong></span> 
     </span>
    </p>
   </div>
   <div class='ocr_carea' id='block_1_103' title="bbox 202 5958 1770 6032">
    <p class='ocr_par' dir='ltr' id='par_1_103' title="bbox 202 5958 1770 6032">
     <span class='ocr_line' id='line_1_103' title="bbox 202 5958 1770 6032; baseline 0.001 -19"><span class='ocrx_word' id='word_1_780' title='bbox 202 5958 357 6017; x_wconf 77' lang='lat' dir='ltr'><strong>vando</strong></span> <span class='ocrx_word' id='word_1_781' title='bbox 383 5961 711 6029; x_wconf 87' lang='lat' dir='ltr'><strong>amittimus,</strong></span> <span class='ocrx_word' id='word_1_782' title='bbox 739 5959 1026 6032; x_wconf 71' lang='lat' dir='ltr'><strong>largiendo</strong></span> <span class='ocrx_word' id='word_1_783' title='bbox 1052 5971 1353 6020; x_wconf 77' lang='lat' dir='ltr'><strong>servamus.</strong></span> <span class='ocrx_word' id='word_1_784' title='bbox 1385 5958 1770 6018; x_wconf 89' lang='lat' dir='ltr'><strong>Patrimonium</strong></span> 
     </span>
    </p>
   </div>
   <div class='ocr_carea' id='block_1_104' title="bbox 1890 4741 3478 4816">
    <p class='ocr_par' dir='ltr' id='par_1_104' title="bbox 1890 4741 3478 4816">
     <span class='ocr_line' id='line_1_104' title="bbox 1890 4741 3478 4816; baseline 0.001 -18"><span class='ocrx_word' id='word_1_785' title='bbox 1890 4743 1981 4815; x_wconf 90' lang='lat' dir='ltr'><strong>qui</strong></span> <span class='ocrx_word' id='word_1_786' title='bbox 2009 4742 2218 4816; x_wconf 86' lang='lat' dir='ltr'><strong>lugenti</strong></span> <span class='ocrx_word' id='word_1_787' title='bbox 2245 4741 2501 4798; x_wconf 81' lang='lat' dir='ltr'><strong>aﬂ&#39;ectum</strong></span> <span class='ocrx_word' id='word_1_788' title='bbox 2548 4742 2943 4814; x_wconf 83' lang='lat' dir='ltr'><strong>compassionis</strong></span> <span class='ocrx_word' id='word_1_789' title='bbox 2990 4751 3041 4799; x_wconf 91' lang='lat' dir='ltr'><strong>et</strong></span> <span class='ocrx_word' id='word_1_790' title='bbox 3089 4743 3478 4800; x_wconf 87' lang='lat' dir='ltr'><strong>consolationis</strong></span> 
     </span>
    </p>
   </div>
   <div class='ocr_carea' id='block_1_105' title="bbox 1887 4831 3482 4905">
    <p class='ocr_par' dir='ltr' id='par_1_105' title="bbox 1887 4831 3482 4905">
     <span class='ocr_line' id='line_1_105' title="bbox 1887 4831 3482 4905; baseline 0.001 -19"><span class='ocrx_word' id='word_1_791' title='bbox 1887 4831 2144 4903; x_wconf 89' lang='lat' dir='ltr'><strong>impertit,</strong></span> <span class='ocrx_word' id='word_1_792' title='bbox 2205 4839 2296 4887; x_wconf 91' lang='lat' dir='ltr'><strong>aut</strong></span> <span class='ocrx_word' id='word_1_793' title='bbox 2353 4833 2407 4887; x_wconf 90' lang='lat' dir='ltr'><strong>in</strong></span> <span class='ocrx_word' id='word_1_794' title='bbox 2464 4831 2794 4905; x_wconf 90' lang='lat' dir='ltr'><strong>quibuslibet</strong></span> <span class='ocrx_word' id='word_1_795' title='bbox 2836 4833 3254 4888; x_wconf 88' lang='lat' dir='ltr'><strong>necessitatibus</strong></span> <span class='ocrx_word' id='word_1_796' title='bbox 3300 4833 3482 4889; x_wconf 91' lang='lat' dir='ltr'><strong>consi-</strong></span> 
     </span>
    </p>
   </div>
   <div class='ocr_carea' id='block_1_106' title="bbox 1886 4918 3470 4993">
    <p class='ocr_par' dir='ltr' id='par_1_106' title="bbox 1886 4918 3470 4993">
     <span class='ocr_line' id='line_1_106' title="bbox 1886 4918 3470 4993; baseline 0.002 -20"><span class='ocrx_word' id='word_1_797' title='bbox 1886 4918 2018 4975; x_wconf 92' lang='lat' dir='ltr'><strong>lium</strong></span> <span class='ocrx_word' id='word_1_798' title='bbox 2071 4920 2314 4988; x_wconf 90' lang='lat' dir='ltr'><strong>adhibet,</strong></span> <span class='ocrx_word' id='word_1_799' title='bbox 2374 4920 2776 4993; x_wconf 82' lang='lat' dir='ltr'><strong>eleemosynam</strong></span> <span class='ocrx_word' id='word_1_800' title='bbox 2845 4921 3037 4992; x_wconf 86' lang='lat' dir='ltr'><strong>procul</strong></span> <span class='ocrx_word' id='word_1_801' title='bbox 3095 4921 3262 4976; x_wconf 91' lang='lat' dir='ltr'><strong>dubio</strong></span> <span class='ocrx_word' id='word_1_802' title='bbox 3320 4921 3470 4977; x_wconf 90' lang='lat' dir='ltr'><strong>facit.</strong></span> 
     </span>
    </p>
   </div>
   <div class='ocr_carea' id='block_1_107' title="bbox 1884 5019 3477 5092">
    <p class='ocr_par' dir='ltr' id='par_1_107' title="bbox 1884 5019 3477 5092">
     <span class='ocr_line' id='line_1_107' title="bbox 1884 5019 3477 5092; baseline 0.002 -18"><span class='ocrx_word' id='word_1_803' title='bbox 1884 5019 2024 5074; x_wconf 90' lang='lat' dir='ltr'><strong>Nam</strong></span> <span class='ocrx_word' id='word_1_804' title='bbox 2056 5028 2108 5075; x_wconf 91' lang='lat' dir='ltr'><strong>et</strong></span> <span class='ocrx_word' id='word_1_805' title='bbox 2135 5019 2457 5091; x_wconf 82' lang='lat' dir='ltr'><strong>disciplinae,</strong></span> <span class='ocrx_word' id='word_1_806' title='bbox 2490 5019 2578 5076; x_wconf 90' lang='lat' dir='ltr'><strong>vel</strong></span> <span class='ocrx_word' id='word_1_807' title='bbox 2607 5019 2866 5076; x_wconf 74' lang='lat' dir='ltr'><strong>doctrina:</strong></span> <span class='ocrx_word' id='word_1_808' title='bbox 2886 5021 3088 5076; x_wconf 90' lang='lat' dir='ltr'><strong>bonum</strong></span> <span class='ocrx_word' id='word_1_809' title='bbox 3125 5019 3477 5092; x_wconf 82' lang='lat' dir='ltr'><strong>eleemosyna</strong></span> 
     </span>
    </p>
   </div>
   <div class='ocr_carea' id='block_1_108' title="bbox 1883 5116 3473 5188">
    <p class='ocr_par' dir='ltr' id='par_1_108' title="bbox 1883 5116 3473 5188">
     <span class='ocr_line' id='line_1_108' title="bbox 1883 5116 3473 5188; baseline 0 -16"><span class='ocrx_word' id='word_1_810' title='bbox 1883 5123 1986 5184; x_wconf 89' lang='lat' dir='ltr'><strong>est,</strong></span> <span class='ocrx_word' id='word_1_811' title='bbox 2019 5125 2070 5172; x_wconf 91' lang='lat' dir='ltr'><strong>et</strong></span> <span class='ocrx_word' id='word_1_812' title='bbox 2097 5117 2467 5188; x_wconf 65' lang='lat' dir='ltr'><strong>eleemosynaa</strong></span> <span class='ocrx_word' id='word_1_813' title='bbox 2499 5117 2712 5173; x_wconf 87' lang='lat' dir='ltr'><strong>carnali</strong></span> <span class='ocrx_word' id='word_1_814' title='bbox 2734 5117 3057 5174; x_wconf 91' lang='lat' dir='ltr'><strong>eminentior</strong></span> <span class='ocrx_word' id='word_1_815' title='bbox 3087 5125 3188 5174; x_wconf 91' lang='lat' dir='ltr'><strong>est.</strong></span> <span class='ocrx_word' id='word_1_816' title='bbox 3224 5116 3473 5187; x_wconf 91' lang='lat' dir='ltr'><strong>Quicun-</strong></span> 
     </span>
    </p>
   </div>
   <div class='ocr_carea' id='block_1_109' title="bbox 1883 5206 3470 5279">
    <p class='ocr_par' dir='ltr' id='par_1_109' title="bbox 1883 5206 3470 5279">
     <span class='ocr_line' id='line_1_109' title="bbox 1883 5206 3470 5279; baseline 0.002 -20"><span class='ocrx_word' id='word_1_817' title='bbox 1883 5221 1988 5277; x_wconf 91' lang='lat' dir='ltr'><strong>que</strong></span> <span class='ocrx_word' id='word_1_818' title='bbox 2019 5221 2125 5260; x_wconf 92' lang='lat' dir='ltr'><strong>non</strong></span> <span class='ocrx_word' id='word_1_819' title='bbox 2155 5221 2326 5279; x_wconf 84' lang='lat' dir='ltr'><strong>egens</strong></span> <span class='ocrx_word' id='word_1_820' title='bbox 2353 5206 2548 5277; x_wconf 86' lang='lat' dir='ltr'><strong>poscit,</strong></span> <span class='ocrx_word' id='word_1_821' title='bbox 2582 5221 2711 5263; x_wconf 90' lang='lat' dir='ltr'><strong>cum</strong></span> <span class='ocrx_word' id='word_1_822' title='bbox 2744 5223 2803 5262; x_wconf 91' lang='lat' dir='ltr'><strong>se</strong></span> <span class='ocrx_word' id='word_1_823' title='bbox 2851 5206 3188 5278; x_wconf 81' lang='lat' dir='ltr'><strong>indigentem</strong></span> <span class='ocrx_word' id='word_1_824' title='bbox 3232 5206 3470 5275; x_wconf 91' lang='lat' dir='ltr'><strong>simulet,</strong></span> 
     </span>
    </p>
   </div>
   <div class='ocr_carea' id='block_1_110' title="bbox 1881 5302 3474 5375">
    <p class='ocr_par' dir='ltr' id='par_1_110' title="bbox 1881 5302 3474 5375">
     <span class='ocr_line' id='line_1_110' title="bbox 1881 5302 3474 5375; baseline 0.001 -17"><span class='ocrx_word' id='word_1_825' title='bbox 1881 5302 2043 5358; x_wconf 88' lang='lat' dir='ltr'><strong>etiam</strong></span> <span class='ocrx_word' id='word_1_826' title='bbox 2069 5310 2182 5359; x_wconf 90' lang='lat' dir='ltr'><strong>toto</strong></span> <span class='ocrx_word' id='word_1_827' title='bbox 2204 5303 2371 5358; x_wconf 90' lang='lat' dir='ltr'><strong>corde</strong></span> <span class='ocrx_word' id='word_1_828' title='bbox 2393 5303 2984 5360; x_wconf 85' lang='lat' dir='ltr'><strong>illicommiserandum</strong></span> <span class='ocrx_word' id='word_1_829' title='bbox 3015 5310 3244 5375; x_wconf 90' lang='lat' dir='ltr'><strong>oportet.</strong></span> <span class='ocrx_word' id='word_1_830' title='bbox 3291 5305 3362 5360; x_wconf 88' lang='lat' dir='ltr'><strong>Et</strong></span> <span class='ocrx_word' id='word_1_831' title='bbox 3409 5305 3474 5360; x_wconf 85' lang='lat' dir='ltr'><strong>li-</strong></span> 
     </span>
    </p>
   </div>
   <div class='ocr_carea' id='block_1_111' title="bbox 1881 5391 3470 5466">
    <p class='ocr_par' dir='ltr' id='par_1_111' title="bbox 1881 5391 3470 5466">
     <span class='ocr_line' id='line_1_111' title="bbox 1881 5391 3470 5466; baseline 0.001 -19"><span class='ocrx_word' id='word_1_832' title='bbox 1881 5398 1968 5447; x_wconf 90' lang='lat' dir='ltr'><strong>cet</strong></span> <span class='ocrx_word' id='word_1_833' title='bbox 1998 5391 2088 5446; x_wconf 90' lang='lat' dir='ltr'><strong>ille</strong></span> <span class='ocrx_word' id='word_1_834' title='bbox 2119 5391 2349 5446; x_wconf 87' lang='lat' dir='ltr'><strong>fortasse</strong></span> <span class='ocrx_word' id='word_1_835' title='bbox 2377 5391 2571 5447; x_wconf 84' lang='lat' dir='ltr'><strong>falsam</strong></span> <span class='ocrx_word' id='word_1_836' title='bbox 2600 5392 2899 5466; x_wconf 81' lang='lat' dir='ltr'><strong>indigentis</strong></span> <span class='ocrx_word' id='word_1_837' title='bbox 2929 5393 3174 5463; x_wconf 86' lang='lat' dir='ltr'><strong>speciem</strong></span> <span class='ocrx_word' id='word_1_838' title='bbox 3208 5394 3470 5466; x_wconf 81' lang='lat' dir='ltr'><strong>proferat,</strong></span> 
     </span>
    </p>
   </div>
   <div class='ocr_carea' id='block_1_112' title="bbox 1878 5478 3479 5554">
    <p class='ocr_par' dir='ltr' id='par_1_112' title="bbox 1878 5478 3479 5554">
     <span class='ocr_line' id='line_1_112' title="bbox 1878 5478 3479 5554; baseline 0.002 -18"><span class='ocrx_word' id='word_1_839' title='bbox 1878 5478 1928 5536; x_wconf 90' lang='lat' dir='ltr'><strong>is</strong></span> <span class='ocrx_word' id='word_1_840' title='bbox 1958 5488 2134 5536; x_wconf 87' lang='lat' dir='ltr'><strong>tamen</strong></span> <span class='ocrx_word' id='word_1_841' title='bbox 2162 5480 2255 5552; x_wconf 92' lang='lat' dir='ltr'><strong>qui</strong></span> <span class='ocrx_word' id='word_1_842' title='bbox 2285 5481 2605 5553; x_wconf 90' lang='lat' dir='ltr'><strong>simpliciter</strong></span> <span class='ocrx_word' id='word_1_843' title='bbox 2649 5481 2911 5554; x_wconf 89' lang='lat' dir='ltr'><strong>impertit,</strong></span> <span class='ocrx_word' id='word_1_844' title='bbox 2971 5481 3200 5538; x_wconf 88' lang='lat' dir='ltr'><strong>fructum</strong></span> <span class='ocrx_word' id='word_1_845' title='bbox 3253 5482 3479 5552; x_wconf 62' lang='lat' dir='ltr'><strong>justitia</strong></span> 
     </span>
    </p>
   </div>
   <div class='ocr_carea' id='block_1_113' title="bbox 1880 5577 3481 5653">
    <p class='ocr_par' dir='ltr' id='par_1_113' title="bbox 1880 5577 3481 5653">
     <span class='ocr_line' id='line_1_113' title="bbox 1880 5577 3481 5653; baseline 0.003 -21"><span class='ocrx_word' id='word_1_846' title='bbox 1880 5593 1989 5634; x_wconf 93' lang='lat' dir='ltr'><strong>non</strong></span> <span class='ocrx_word' id='word_1_847' title='bbox 2018 5578 2241 5633; x_wconf 91' lang='lat' dir='ltr'><strong>amittit.</strong></span> <span class='ocrx_word' id='word_1_848' title='bbox 2290 5577 2551 5647; x_wconf 89' lang='lat' dir='ltr'><strong>Quamvis</strong></span> <span class='ocrx_word' id='word_1_849' title='bbox 2602 5579 2885 5650; x_wconf 83' lang='lat' dir='ltr'><strong>quisquam</strong></span> <span class='ocrx_word' id='word_1_850' title='bbox 2919 5578 2988 5634; x_wconf 89' lang='lat' dir='ltr'><strong>sit</strong></span> <span class='ocrx_word' id='word_1_851' title='bbox 3044 5595 3236 5653; x_wconf 81' lang='lat' dir='ltr'><strong>egens,</strong></span> <span class='ocrx_word' id='word_1_852' title='bbox 3291 5580 3481 5638; x_wconf 89' lang='lat' dir='ltr'><strong>nullus</strong></span> 
     </span>
    </p>
   </div>
   <div class='ocr_carea' id='block_1_114' title="bbox 1880 5675 3479 5752">
    <p class='ocr_par' dir='ltr' id='par_1_114' title="bbox 1880 5675 3479 5752">
     <span class='ocr_line' id='line_1_114' title="bbox 1880 5675 3479 5752; baseline 0.004 -22"><span class='ocrx_word' id='word_1_853' title='bbox 1880 5683 2063 5731; x_wconf 90' lang='lat' dir='ltr'><strong>tamen</strong></span> <span class='ocrx_word' id='word_1_854' title='bbox 2087 5675 2230 5731; x_wconf 89' lang='lat' dir='ltr'><strong>unde</strong></span> <span class='ocrx_word' id='word_1_855' title='bbox 2263 5675 2461 5732; x_wconf 90' lang='lat' dir='ltr'><strong>tribuat</strong></span> <span class='ocrx_word' id='word_1_856' title='bbox 2491 5676 2777 5750; x_wconf 88' lang='lat' dir='ltr'><strong>indigenti,</strong></span> <span class='ocrx_word' id='word_1_857' title='bbox 2827 5677 3233 5735; x_wconf 86' lang='lat' dir='ltr'><strong>excusationem</strong></span> <span class='ocrx_word' id='word_1_858' title='bbox 3279 5679 3479 5752; x_wconf 76' lang='lat' dir='ltr'><strong>inopiae</strong></span> 
     </span>
    </p>
   </div>
   <div class='ocr_carea' id='block_1_115' title="bbox 1880 5773 3477 5846">
    <p class='ocr_par' dir='ltr' id='par_1_115' title="bbox 1880 5773 3477 5846">
     <span class='ocr_line' id='line_1_115' title="bbox 1880 5773 3477 5846; baseline 0.003 -18"><span class='ocrx_word' id='word_1_859' title='bbox 1880 5781 2062 5845; x_wconf 90' lang='lat' dir='ltr'><strong>potest</strong></span> <span class='ocrx_word' id='word_1_860' title='bbox 2089 5773 2410 5840; x_wconf 87' lang='lat' dir='ltr'><strong>obtendere,</strong></span> <span class='ocrx_word' id='word_1_861' title='bbox 2457 5776 2676 5846; x_wconf 90' lang='lat' dir='ltr'><strong>quando</strong></span> <span class='ocrx_word' id='word_1_862' title='bbox 2729 5791 2793 5830; x_wconf 90' lang='lat' dir='ltr'><strong>ex</strong></span> <span class='ocrx_word' id='word_1_863' title='bbox 2849 5783 3126 5846; x_wconf 80' lang='lat' dir='ltr'><strong>praecepto</strong></span> <span class='ocrx_word' id='word_1_864' title='bbox 3179 5775 3477 5834; x_wconf 87' lang='lat' dir='ltr'><strong>Salvatoris</strong></span> 
     </span>
    </p>
   </div>
   <div class='ocr_carea' id='block_1_116' title="bbox 1881 5861 3477 5939">
    <p class='ocr_par' dir='ltr' id='par_1_116' title="bbox 1881 5861 3477 5939">
     <span class='ocr_line' id='line_1_116' title="bbox 1881 5861 3477 5939; baseline 0 -20"><span class='ocrx_word' id='word_1_865' title='bbox 1881 5861 2043 5919; x_wconf 88' lang='lat' dir='ltr'><strong>etiam</strong></span> <span class='ocrx_word' id='word_1_866' title='bbox 2074 5861 2300 5919; x_wconf 88' lang='lat' dir='ltr'><strong>calicem</strong></span> <span class='ocrx_word' id='word_1_867' title='bbox 2333 5877 2496 5935; x_wconf 74' lang='lat' dir='ltr'><strong>aquae</strong></span> <span class='ocrx_word' id='word_1_868' title='bbox 2522 5862 2739 5936; x_wconf 65' lang='lat' dir='ltr'><strong>frigidae</strong></span> <span class='ocrx_word' id='word_1_869' title='bbox 2781 5863 3168 5936; x_wconf 73' lang='lat' dir='ltr'><strong>praecipiamur</strong></span> <span class='ocrx_word' id='word_1_870' title='bbox 3210 5864 3477 5939; x_wconf 85' lang='lat' dir='ltr'><strong>indigenti</strong></span> 
     </span>
    </p>
   </div>
   <div class='ocr_carea' id='block_1_117' title="bbox 1880 5959 3476 6033">
    <p class='ocr_par' dir='ltr' id='par_1_117' title="bbox 1880 5959 3476 6033">
     <span class='ocr_line' id='line_1_117' title="bbox 1880 5959 3476 6033; baseline 0.001 -16"><span class='ocrx_word' id='word_1_871' title='bbox 1880 5961 2157 6033; x_wconf 59' lang='lat' dir='ltr'><strong>prabere.</strong></span> <span class='ocrx_word' id='word_1_872' title='bbox 2193 5961 2332 6017; x_wconf 86' lang='lat' dir='ltr'><strong>Nam</strong></span> <span class='ocrx_word' id='word_1_873' title='bbox 2364 5960 2410 6016; x_wconf 89' lang='lat' dir='ltr'><strong>si</strong></span> <span class='ocrx_word' id='word_1_874' title='bbox 2438 5959 2584 6019; x_wconf 89' lang='lat' dir='ltr'><strong>aliud</strong></span> <span class='ocrx_word' id='word_1_875' title='bbox 2611 5975 2722 6019; x_wconf 92' lang='lat' dir='ltr'><strong>non</strong></span> <span class='ocrx_word' id='word_1_876' title='bbox 2753 5960 3034 6032; x_wconf 80' lang='lat' dir='ltr'><strong>habentes,</strong></span> <span class='ocrx_word' id='word_1_877' title='bbox 3071 5961 3322 6033; x_wconf 87' lang='lat' dir='ltr'><strong>&#39;idipsum</strong></span> <span class='ocrx_word' id='word_1_878' title='bbox 3368 5961 3476 6018; x_wconf 87' lang='lat' dir='ltr'><strong>be-</strong></span> 
     </span>
    </p>
   </div>
  </div>
