3924 6404
405 470 546 528 1043

1560 462 1908 522 WERNERI
1947 461 2236 519 ABBATIS
2276 461 2334 519 S.
2375 461 2597 517 BLASII

3574 462 3731 518 1044

407 595 580 670 nigne
599 591 926 662 tribuamus,
966 591 1280 649 mercedem
1302 588 1492 664 procul
1512 589 1680 646 dubio
1705 604 1814 644 non
1843 588 2011 644 amit-
2040 587 2094 652 Α
2122 595 2462 645 meruerunt.
2484 585 2798 659 Hypocrita
2818 593 2998 643 autem
3022 587 3280 644 malitiam
3310 603 3463 645 suam
3501 585 3732 644 occulte

412 693 619 742 tamus.
658 685 928 740 Caterum
959 682 1005 738 si
1033 681 1278 754 amplius
1305 696 1620 753 possumus,
1645 688 1694 735 et
1716 686 2013 751 egestatem

415 773 726 832 simulando
756 772 939 828 minus
967 770 1254 844 largimur,
1285 786 1395 825 non
1425 777 1683 843 egentem
1713 769 1809 824 sed
1840 769 2016 824 Deum

413 864 676 929 fallimus,
709 861 797 918 cui
827 860 1217 918 conscientiam
1247 867 1494 917 nostram
1517 858 1859 914 abscondere
1906 873 2021 912 non

418 967 734 1028 possumus.
767 952 901 1006 Dua.
929 957 1055 1005 sunt
1097 948 1486 1020 eleemosyna,
1535 962 1646 1003 una
1687 947 2016 1018 corporalis,

420 1042 603 1117 egenti
631 1040 764 1097 dare
793 1038 1059 1112 quidquid
1093 1037 1357 1110 potueris,
1389 1037 1566 1093 altera
1613 1035 1889 1108 spiritalis,
1941 1035 2021 1090 di-

418 1132 640 1190 mittere
669 1145 700 1184 a
729 1144 840 1200 quo
871 1127 1037 1183 lasus
1061 1126 1359 1183 exstiteris.
1391 1127 1592 1182 Harum
1644 1125 1823 1196 prima
1869 1124 2022 1180 adhi-

419 1228 602 1287 benda
628 1225 869 1294 miseris,
899 1223 1144 1282 secunda
1171 1224 1350 1280 malis.
1380 1223 1492 1279 Erit
1522 1238 1658 1296 ergo
1687 1222 1834 1296 quod
1869 1238 2023 1278 sem-

419 1335 523 1394 per
553 1316 858 1389 impertias,
889 1315 993 1371 etsi
1022 1329 1134 1371 non
1159 1313 1482 1386 pecuniam,
1543 1313 1628 1370 vel
1681 1313 1913 1369 salutem
1969 1319 2023 1368 et

417 1407 682 1481 gratiam.
719 1405 880 1460 Nunc
906 1403 1010 1460 erit
1037 1403 1390 1475 eleemosyna
1419 1418 1542 1458 cum
1574 1417 1724 1458 mora
1762 1402 2025 1474 praben-

421 1500 514 1563 da,
545 1510 638 1562 ne,
669 1493 964 1551 comitante
992 1492 1230 1560 tristitia,
1288 1507 1506 1550 merces
1561 1498 1750 1564 pereat
1802 1491 2026 1562 dispen-

423 1592 566 1643 sata.
597 1585 753 1640 Tunc
780 1591 962 1639 autem
989 1582 1130 1638 bene
1156 1581 1430 1648 tribuitur,
1455 1581 1677 1654 quando
1699 1595 1824 1637 cum
1845 1596 2026 1636 mem-

422 1675 492 1731 tis
520 1673 791 1730 hilaritate
819 1671 1124 1745 prabctur.
1162 1671 1320 1728 Unde
1351 1678 1406 1726 et
1433 1669 1731 1742 Apostolus
1763 1687 1777 1724 :
1815 1693 1836 1718 α
1873 1669 2026 1725 Hila-

423 1779 564 1832 rem,
597 1761 793 1836 inquit,
825 1764 1076 1819 datorem
1121 1759 1303 1834 diligit
1351 1760 1503 1816 Deus
1549 1759 1624 1831 (ll
1679 1758 1802 1817 Cor.
1858 1760 1962 1829 rx).
2001 1781 2022 1807 η

2121 696 2370 760 agentes,
2405 695 2532 742 ante
2572 685 2762 742 oculos
2791 687 3071 742 hominum
3115 689 3352 761 quadam
3396 687 3732 745 innocentia

2127 776 2414 832 sanctitate
2444 792 2506 830 se
2537 777 2777 831 vestiunt
2807 783 2870 830 ut
2901 785 3247 834 venerentur.
3306 778 3513 849 Quibus
3574 777 3730 833 bene

2126 865 2315 921 divina
2344 880 2484 920 voce
2512 865 2758 920 dicitur:
2797 888 2819 913 «
2857 865 2949 920 Va
3003 867 3172 936 vobis,
3228 868 3541 940 hypocrita,
3590 867 3730 939 quia

2129 963 2337 1019 similes
2367 963 2494 1019 facti
2527 964 2660 1018 estis
2682 962 2950 1033 sepulcris
2985 964 3269 1032 dealbatis,
3294 967 3382 1038 qui
3421 966 3550 1021 foris
3595 965 3734 1036 qui-

2128 1053 2254 1109 dem
2289 1061 2555 1124 apparent
2585 1053 2896 1108 hominihus
2927 1053 3197 1123 speciosa,
3224 1055 3371 1110 intus
3415 1071 3544 1110 vero
3592 1061 3734 1109 sunt

2130 1143 2297 1214 plana
2325 1142 2543 1198 ossibus
2573 1150 2913 1197 mortuorum
2936 1143 3154 1211 (Matth.
3187 1147 3366 1214 xxiii),
3398 1168 3419 1193 ι»
3443 1144 3515 1199 ita
3544 1151 3595 1199 et
3613 1159 3732 1198 vos

2135 1240 2268 1296 foris
2291 1240 2510 1313 quidem
2540 1241 2821 1311 apparetis
2867 1243 3180 1298 hominibus
3217 1243 3370 1313 justi,
3413 1242 3556 1297 intus
3587 1255 3733 1297 vero

2130 1328 2279 1402 pleni
2312 1329 2443 1385 estis
2468 1330 2698 1385 avaritia
2721 1338 2770 1386 et
2803 1330 3110 1404 iniquitate.
3145 1331 3439 1402 Dupliciter
3457 1331 3734 1386 damnan-

2129 1425 2221 1474 tur
2247 1418 2564 1491 hypocrita,
2595 1419 2710 1475 sive
2741 1435 2839 1492 pro
2869 1420 3086 1478 occulta
3114 1420 3412 1494 iniquitate,
3461 1420 3573 1475 sive
3617 1433 3731 1490 pro

2132 1524 2319 1589 aperta
2348 1517 2716 1573 simulatione.
2770 1518 2846 1573 Ex
2903 1518 2998 1575 illo
3073 1519 3217 1574 enim
3292 1519 3729 1575 condemnentur

2135 1605 2266 1678 quia
2295 1605 2467 1679 iniqui
2493 1614 2638 1672 sunt,
2671 1622 2742 1662 ex
2768 1607 2874 1663 isto
2920 1607 3044 1680 quia
3090 1607 3382 1664 ostendunt
3428 1607 3570 1680 quod
3615 1622 3735 1662 non

2137 1703 2287 1752 sunt.
2322 1697 2444 1751 Non
2476 1712 2696 1767 semper
2737 1695 2904 1752 latent
2961 1697 3285 1769 hypocrita,
3345 1698 3466 1770 quia
3519 1695 3618 1752 etsi
3669 1695 3736 1750 in

2135 1791 2406 1864 principio
2434 1793 2518 1848 sui
2547 1792 2766 1864 quidem
2798 1809 2906 1849 non
2936 1801 3142 1866 patent,
3176 1796 3324 1866 prius
3357 1799 3530 1849 tamen
3561 1809 3735 1866 quam

424 1859 778 1919 Metuendum
807 1867 893 1914 est
918 1857 1105 1932 itaque
1149 1873 1221 1915 ne
1267 1873 1480 1930 pauper
1535 1865 1629 1914 aut
1682 1873 1810 1914 cum
1863 1856 2030 1913 tadio

2153 1881 2246 1937 vita
2273 1897 2464 1937 eorum
2495 1880 2734 1949 ﬁniatur,
2766 1898 2929 1954 quam
2992 1882 3243 1940 simulate
3296 1883 3525 1940 vixerint
3569 1883 3734 1938 dete-

424 1948 660 2022 accipiat
723 1947 912 2005 oblata
935 1992 949 2015 ,
1016 1955 1106 2004 aut
1169 1963 1240 2004 ne
1305 1947 1528 2003 omnino
1592 1946 2024 2020 praetermissus,

2153 1978 2364 2043 guntur.
2397 1970 2574 2027 Omne
2605 1972 2751 2027 enim
2793 1971 3068 2028 sincerum
3115 1980 3418 2044 permanet,
3465 1972 3564 2028 sed
3607 1987 3734 2044 qua

425 2053 668 2097 marens
695 2036 978 2110 tristisque
1007 2037 1250 2094 recedat.
1279 2037 1361 2093 De
1392 2036 1594 2108 rapinis
1634 2035 1830 2092 alienis
1881 2035 2034 2091 elee-

427 2143 718 2201 mosynam
749 2127 950 2194 facere,
983 2141 1095 2183 non
1125 2133 1208 2182 est
1233 2124 1474 2182 ofﬁcium
1504 2125 1899 2193 miserationis,
1923 2123 2038 2180 sci-

427 2218 558 2276 licet
606 2215 1038 2274 emolumentum
1093 2214 1350 2272 sceleris.
1407 2214 1566 2273 Unde
1610 2223 1664 2271 et
1725 2214 2034 2271 Salomon:

438 2329 461 2356 ι
497 2305 604 2377 Qui
635 2304 812 2374 oﬁ'ert,
841 2304 1036 2378 inquit.
1069 2302 1396 2361 sacriﬁcium
1451 2304 1520 2360 de
1576 2303 1767 2376 rapina
1823 2319 2039 2376 paupe-

434 2411 580 2465 rum,
614 2403 875 2470 tanquam
905 2393 953 2450 si
981 2393 1104 2468 quis
1127 2392 1370 2451 victimet
1415 2392 1586 2449 ﬁlium
1638 2393 1695 2450 in
1740 2401 2041 2466 conspectu

433 2493 607 2570 patris
635 2493 722 2550 sui
751 2492 949 2563 (Eccli.
979 2493 1201 2563 xxxrv).
1241 2514 1264 2540 η
1296 2490 1403 2561 Qui
1433 2490 1581 2546 enim
1622 2491 1824 2562 injuste
1877 2490 2038 2559 tollit,

430 2584 583 2656 juste
612 2596 912 2655 numquam
939 2579 1238 2648 distribuit,
1283 2596 1386 2638 nec
1427 2579 1570 2637 bene
1617 2580 1775 2636 alteri
1830 2580 2045 2653 prabet

438 2671 585 2746 quod
614 2671 686 2728 ab
715 2670 822 2728 alio
851 2668 996 2728 male
1023 2677 1332 2742 extorquet.
1363 2670 1624 2744 Magnum
1653 2669 1831 2726 scelus
1851 2676 1934 2726 est
1953 2685 2044 2726 res

439 2776 746 2836 pauperum
773 2767 1047 2832 praestare
1070 2757 1346 2827 divitibus,
1379 2766 1434 2815 et
1480 2759 1550 2816 de
1596 2761 1905 2831 sumptibus
1953 2759 2042 2814 in-

441 2865 612 2924 opum
639 2847 926 2924 acquirere
951 2847 1174 2906 favores
1228 2855 1560 2921 potentum;
1619 2848 1827 2905 arentis
1883 2855 2045 2906 terra

440 2954 644 3014 aquam
674 2936 888 3006 tollere,
919 2944 973 2995 et
1003 2937 1227 2993 ﬂumina
1256 2954 1378 3010 qua
1397 2954 1508 2995 non
1528 2937 2043 3013 indigentirrigare.

435 3025 844 3098 Nonnunquam
873 3023 1100 3097 largitas
1127 3021 1354 3080 divitum
1381 3023 1640 3095 pradica,
1671 3039 1782 3079 non
1825 3023 1894 3078 ad
1944 3022 2048 3080 uti-

439 3122 668 3190 litatem,
701 3121 800 3180 sed
830 3121 900 3178 ad
929 3121 1218 3179 elationem
1268 3120 1592 3177 effunditur.
1647 3121 2050 3195 Comparantur

433 3205 764 3286 hypocritis,
796 3211 889 3284 qui
933 3225 1045 3268 non
1098 3209 1171 3266 ad
1227 3209 1649 3267 aediﬁcationem
1705 3211 1906 3268 docent
1960 3228 2055 3267 au-

444 3301 730 3370 dientium,
764 3301 864 3358 sed
893 3300 960 3356 ad
991 3316 1108 3356 sua
1137 3299 1331 3373 gloria
1360 3301 1815 3375 exaggerandum
1863 3316 2054 3358 cumu-
2083 3317 2132 3380 ρ

450 3390 592 3448 lum.
645 3387 1116 3462 Reprehensibilis
1159 3393 1246 3444 est
1284 3389 1570 3461 superﬂua
1610 3388 1808 3446 eﬁ'usio
1877 3390 2053 3464 largi-

445 3481 600 3536 tatis.
637 3480 778 3536 Nam
809 3479 902 3552 qui
947 3478 1170 3534 modum
1229 3487 1427 3546 servat,
1484 3494 1690 3536 avarus
1748 3478 1888 3535 nulli
1948 3489 2052 3548 est,

447 3569 547 3626 sed
567 3568 822 3626 omnibus
843 3587 858 3636 ;
881 3568 1072 3640 largus
1095 3567 1447 3639 dispensator
1466 3583 1577 3624 non
1598 3569 1763 3625 debet
1778 3585 1902 3625 esse
1925 3585 2057 3640 pro-

449 3658 632 3732 digus,
663 3657 766 3714 sed
807 3657 1111 3714 discretus.
1186 3657 1400 3731 Largiri
1453 3657 1607 3714 enim
1665 3658 1828 3714 debet
1885 3675 2057 3731 quan-

443 3756 561 3805 tum
591 3754 829 3820 oportet,
860 3755 920 3804 ut
971 3746 1210 3804 tenendo
1264 3762 1587 3804 mensuram
1643 3745 1880 3805 sufﬁciat
1935 3747 2057 3822 plu-

441 3853 625 3895 τιωιε.

1025 3981 1103 4038 De
1134 3979 1447 4055 hypocrita
1461 4022 1474 4038 .

522 4087 816 4162 Hypocrita
832 4087 1004 4146 verba
1027 4095 1338 4146 sanctorum
1360 4088 1543 4156 habet,
1584 4086 1755 4144 vitam
1800 4103 1911 4145 non
1957 4088 2058 4143 ha-

453 4179 546 4236 bet
577 4196 594 4246 ;
625 4186 679 4234 et
706 4193 846 4251 quos
875 4194 976 4250 per
1003 4193 1315 4234 sermonem
1347 4178 1616 4234 doctrina
1646 4177 1903 4251 genuerit
1947 4193 2059 4233 non

455 4267 605 4324 fovet
623 4267 1015 4338 exemplis,sed
1039 4268 1268 4333 deserit,
1287 4268 1420 4338 quia
1441 4284 1583 4340 quos
1605 4267 1790 4322 verbis
1810 4266 2055 4333 adiﬁcat,

457 4355 570 4413 vita
601 4364 658 4413 et
685 4356 934 4412 moribus
961 4357 1208 4413 destruit.
1240 4356 1550 4430 Hypocrita
1578 4356 1924 4412 simulatores
1970 4357 2059 4412 di-

457 4452 675 4508 cuntur,
708 4444 801 4518 qui
825 4444 956 4514 justi
981 4461 1106 4502 esse
1137 4461 1244 4502 non
1276 4453 1546 4518 quarunt,
1580 4445 1680 4501 sed
1730 4453 1938 4500 tantum
1984 4445 2065 4502 vi-

461 4533 579 4591 deri
608 4534 860 4605 cupiunt.
898 4533 972 4589 Hi
1000 4533 1148 4591 mala
1177 4543 1369 4610 agunt,
1419 4542 1478 4592 et
1526 4535 1672 4591 bona
1711 4533 2052 4606 proﬁtentur.

461 4623 566 4680 Per
593 4622 1014 4680 ostentationem
1047 4625 1252 4696 quippe
1275 4623 1403 4681 boni
1434 4632 1712 4696 apparent,
1746 4641 1847 4694 per
1885 4624 2062 4680 actio-

2144 2069 2396 2124 simulata
2427 2078 2572 2136 sunt,
2605 2069 2858 2124 diuturna
2888 2085 3016 2126 esse
3045 2087 3154 2126 non
3183 2074 3430 2141 possunt.
3460 2070 3580 2124 Non
3627 2083 3733 2124 eo-

2144 2174 2268 2213 rum
2299 2157 2652 2228 desperanda
2683 2166 2765 2213 est
2795 2157 2970 2225 salus,
3004 2158 3094 2230 qui
3124 2158 3299 2214 adhuc
3327 2157 3526 2229 aliquid
3564 2165 3737 2213 terre-

2145 2263 2277 2302 num
2309 2247 2546 2318 sapiunt,
2603 2247 2732 2302 dum
2787 2247 3002 2318 possint
3067 2255 3120 2304 et
3173 2247 3227 2302 in
3292 2247 3515 2304 occultis
3569 2262 3736 2320 agere

2147 2345 2294 2401 unde
2321 2343 2704 2415 justiﬁcentur.
2739 2345 2804 2401 Hi
2835 2345 3088 2401 meliores
3135 2353 3259 2401 sunt
3305 2346 3620 2419 hypocritis,
3667 2360 3738 2401 eo

2149 2435 2297 2507 quod
2325 2435 2454 2490 mali
2485 2434 2592 2490 sint
2613 2434 2668 2488 in
2693 2443 2900 2506 aperto,
2933 2443 2986 2491 et
3023 2434 3078 2489 in
3099 2435 3309 2491 occulto
3357 2435 3501 2491 boni.
3560 2435 3744 2507 Hypo-

2150 2523 2304 2581 crita
2333 2539 2467 2579 vero
2496 2524 2712 2580 occulte
2741 2523 2872 2579 mali
2922 2531 3067 2592 sunt,
3113 2531 3168 2580 et
3218 2524 3392 2580 bonos
3448 2540 3506 2580 se
3562 2524 3744 2595 palam

2150 2621 2465 2678 ostendunt.
2498 2621 2854 2694 Hypocritam
2876 2621 3062 2692 justus
3117 2639 3348 2696 arguere
3401 2622 3741 2694 prohibetur,

2151 2726 2223 2766 ne
2251 2710 2498 2767 deterior
2528 2710 2828 2784 castigatus
2876 2710 3092 2779 existat,
3143 2711 3357 2768 dicente
3405 2711 3738 2768 Salomone:

2157 2822 2180 2848 α
2210 2799 2338 2856 Noli
2363 2816 2596 2872 arguere
2624 2800 2946 2868 derisorem,
2979 2816 3050 2856 ne
3079 2799 3258 2857 oderit
3285 2804 3339 2857 te
3368 2799 3561 2871 (Prov.
3593 2801 3690 2870 rx).
3715 2823 3739 2848 ι

2155 2897 2450 2956 Sciendum
2474 2913 2693 2972 quoque
2724 2897 2871 2971 quod
2920 2897 3066 2968 vitia,
3125 2914 3236 2955 non
3290 2899 3553 2969 homines,
3616 2898 3748 2955 odio

2156 2995 2282 3044 sunt
2311 2987 2586 3043 habenda.
2625 2987 2906 3044 Flebiliter
2935 2995 3117 3043 autem
3148 2987 3467 3059 deplorandi
3495 2997 3614 3044 sunt
3651 2988 3747 3060 qui

2157 3077 2283 3133 odio
2312 3076 2368 3132 in
2395 3075 2556 3133 fratre
2583 3076 2885 3146 tabescunt,
2918 3080 2972 3133 et
3003 3085 3190 3133 contra
3217 3077 3354 3134 alios
3381 3077 3748 3150 perniciosum

2158 3175 2344 3232 odium
2373 3175 2540 3230 animi
2571 3184 2811 3232 servant.
2844 3178 2888 3231 A
2918 3191 3091 3249 regno
3122 3175 3265 3232 enim
3295 3176 3394 3232 Dei
3424 3193 3482 3232 se
3498 3184 3749 3248 separant

2162 3265 2257 3338 qui
2294 3265 2622 3337 semetipsos
2652 3280 2685 3320 a
2715 3265 2975 3322 charitate
3021 3265 3338 3324 dissociant.
3390 3266 3534 3322 Sicut
3580 3274 3753 3321 mater

2161 3355 2409 3412 Ecclesia
2438 3371 2610 3426 grave
2640 3354 2956 3410 hominibus
3009 3355 3278 3412 hareticis
3323 3355 3600 3426 premitur,
3650 3355 3752 3411 sed

2163 3460 2346 3508 tamen
2375 3469 2472 3509 eos
2502 3453 2572 3508 ad
2603 3469 2663 3509 se
2687 3453 2967 3509 venientes
3023 3453 3260 3526 benigna
3316 3454 3577 3510 charitate
3633 3469 3755 3509 am-

2165 3542 2438 3615 plectitur,
2473 3542 2542 3597 ita
2572 3550 2626 3597 et
2673 3542 2879 3615 singuli
2939 3542 3194 3598 nimirum
3241 3559 3596 3615 quoscunque
3642 3541 3756 3598 ini-

2168 3633 2342 3689 micos
2375 3632 2727 3698 sustinemus,
2775 3640 3115 3688 revertentes
3166 3640 3406 3688 materna
3460 3632 3757 3688 imitatione

2167 3721 2423 3793 amplecti
2456 3722 2643 3776 statim
2699 3721 2990 3777 debemus.
3057 3721 3173 3778 Cito
3231 3729 3312 3778 est
3363 3721 3758 3794 ignoscendum

2165 3811 2383 3884 cuique,
2418 3811 2546 3866 dum
2576 3810 2792 3867 veniam
2841 3809 3100 3882 postulat.
3159 3811 3281 3866 Non
3335 3812 3476 3866 enim
3533 3820 3763 3882 possunt

2164 3908 2390 3972 peccata
2419 3899 2615 3955 dimitti
2645 3900 2717 3966 ei,
2751 3899 2845 3972 qui
2875 3899 2930 3954 in
2955 3915 3016 3954 se
3043 3899 3288 3971 peccanti
3317 3899 3501 3955 debita
3531 3915 3635 3957 non
3666 3900 3758 3954 di-

2166 3989 2350 4045 mittit.
2384 3988 2638 4044 Formam
2682 3988 2827 4044 enim
2883 3987 3044 4044 nobis
3099 3988 3447 4061 indulgentia
3493 3990 3639 4044 Deus
3691 4005 3760 4045 ex

2168 4078 2365 4134 merito
2393 4077 2726 4134 conditionis
2752 4085 2958 4133 nostra
3011 4077 3293 4150 imposuit,
3350 4078 3475 4133 dum
3527 4079 3600 4133 ita
3651 4095 3759 4134 nos

2167 4183 2331 4223 orare
2383 4166 2694 4238 pracepit:
2760 4188 2784 4216 ι
2823 4167 3048 4222 Dimitte
3102 4166 3263 4222 nobis
3315 4167 3500 4223 debita
3554 4176 3757 4236 nostra,

2168 4257 2310 4312 sicut
2343 4265 2395 4312 et
2426 4272 2527 4312 nos
2551 4254 2870 4311 dimittimus
2898 4255 3237 4311 debitoribus
3278 4257 3476 4311 nostris
3524 4257 3748 4326 (Matth.

2169 4347 2273 4416 vr).
2313 4365 2334 4395 ι
2367 4345 2576 4400 Juslum
2635 4353 2718 4400 est
2774 4345 2919 4400 enim
2973 4344 3074 4399 Dei
3123 4344 3386 4414 judicium
3443 4352 3757 4416 tantumque

2167 4433 2439 4507 peccatori
2468 4449 2502 4488 a
2531 4450 2590 4488 se
2621 4432 2892 4504 indulgeri
2922 4434 3182 4501 ostendit,
3214 4441 3472 4506 quantum
3503 4434 3756 4490 alterutro

2168 4523 2546 4595 unusquisque
2567 4522 2620 4576 in
2642 4539 2704 4578 se
2723 4522 2938 4578 oﬂ‘enso
2973 4523 3236 4596 indulget.
3272 4523 3502 4591 Quidam
3535 4522 3604 4578 de
3643 4523 3758 4579 suis

2170 4611 2510 4669 conﬁdentes
2541 4613 2770 4675 meritis,
2803 4611 2957 4683 pigre
2986 4611 3038 4665 in
3070 4627 3132 4667 se
3179 4611 3618 4682 delinquentibus
3665 4629 3757 4669 ve-

461 4729 588 4769 nem
621 4728 760 4769 γει-ο
789 4713 918 4768 mali
948 4687 1205 4769 εχίεῖυιξιξ
1241 4713 1436 4771 Omnia
1459 4687 1708 4786 ρδεευηί
1735 4687 1799 4769 έχ
1844 4713 2062 4784 simpli-
2093 4687 2144 4747 D
2173 4702 2321 4758 niam
2349 4710 2631 4774 praestant.
2662 4702 2770 4758 Sed
2817 4701 2950 4755 nihil
2993 4700 3207 4772 proﬁcit
3245 4702 3504 4756 illibatum
3552 4718 3674 4758 esse
3728 4719 3756 4758 a

460 4802 618 4858 cibus
649 4802 776 4857 vitia
806 4803 1124 4874 perpetrari,
1163 4802 1437 4859 simulatio
1484 4811 1538 4858 et
1585 4801 1897 4874 hypocrisis
1956 4818 2065 4857 non

459 4891 836 4962 committitur,
869 4891 973 4947 nisi
1005 4907 1040 4947 a
1091 4891 1234 4949 male
1289 4891 1504 4959 astutia,
1556 4908 1657 4964 per
1711 4891 2064 4948 calliditatem

461 4979 771 5037 valentibus
803 4980 929 5036 vitia
958 4981 1061 5037 sub
1095 4981 1280 5053 specie
1309 4980 1574 5036 virtutum
1621 4980 1822 5050 celare,
1870 4987 1926 5036 et
1956 4996 2064 5036 non

459 5084 652 5127 veram
682 5071 1029 5127 sanctitatem
1053 5070 1323 5141 objicere.
1363 5071 1545 5128 Sancti
1575 5086 1685 5126 non
1715 5069 1893 5127 solum
1935 5069 2064 5142 glo—

463 5158 601 5217 riam
632 5174 802 5230 supra
827 5160 1048 5216 modum
1107 5177 1268 5216 suum
1324 5161 1549 5217 omnino
1605 5175 1715 5216 non
1772 5166 2059 5231 appetunt,

461 5248 560 5306 sed
592 5246 758 5306 etiam
783 5248 894 5307 hoc
936 5248 1118 5324 ipsum
1175 5248 1356 5307 videri
1415 5249 1699 5324 refugiunt
1754 5249 1900 5323 quod
1938 5263 2064 5306 esse

2174 4793 2333 4863 culpa
2363 4791 2456 4862 qui
2485 4807 2593 4846 non
2623 4800 2704 4846 est
2736 4799 2954 4862 paratus
2997 4791 3062 4845 ad
3114 4791 3344 4857 veniam,
3401 4791 3527 4846 dum
3584 4791 3757 4862 potius

2174 4882 2278 4937 hoc
2332 4896 2538 4954 magna
2578 4880 2646 4935 sit
2685 4880 2866 4951 culpa,
2917 4880 3132 4952 quando
3174 4880 3381 4934 tardius
3453 4879 3760 4936 relaxantur

2175 4970 2421 5026 fraterna
2452 4970 2674 5026 delicta.
2709 4969 2821 5032 Qui
2851 4970 3076 5023 fratrem
3123 4968 3226 5024 sibi
3272 4969 3474 5024 tardius
3523 4969 3759 5026 reconci-

2175 5061 2290 5130 liat,
2325 5061 2498 5115 Deum
2531 5060 2634 5114 sibi
2668 5059 2874 5114 tardius
2906 5059 3100 5130 placat.
3135 5059 3360 5114 Frustra
3396 5057 3538 5114 enim
3593 5058 3761 5130 pr0pi-

2173 5159 2299 5215 tiari
2331 5158 2434 5214 sibi
2466 5159 2640 5214 Deum
2671 5157 2886 5230 quaerit,
2917 5157 3010 5230 qui
3043 5157 3150 5214 cito
3179 5156 3399 5229 placare
3429 5155 3530 5212 sibi
3571 5156 3758 5228 proxio

2171 5266 2321 5306 mum
2350 5247 2610 5321 negligit.

1500 5585 2122 5692 DOMINICA
2219 5583 2739 5712 QUINTA.

1747 5795 2149 5863 Secundum
2205 5796 2483 5860 Lucam.

547 5991 577 6021 ι
609 5972 745 6030 Cum
776 5975 952 6036 turba
983 5979 1262 6036 irruerent
1279 5979 1350 6036 ad
1366 5981 1575 6050 Iesum,
1598 5988 1657 6038 ut
1674 5981 1926 6038 audirent
1945 5997 2066 6040 ver-

2166 5983 2295 6040 bum
2325 5982 2447 6056 Dei,
2480 5989 2532 6041 et
2557 5981 2679 6057 ipse
2707 5980 2886 6040 stabat
2915 5995 3075 6040 secus
3121 5985 3379 6054 stagnum
3428 5975 3754 6036 Genesareth
