3924 6400
90 478 113 529 1
125 476 231 530 045

1054 470 1645 530 DEFLORATIONES
1680 471 1779 529 SS.
1823 472 2117 531 PATRUM.
2151 503 2219 516 —
2256 474 2384 529 LIB.
2411 473 2479 528 Il.

3280 468 3416 525 1046

87 598 246 669 (Luc.
280 598 371 667 v).
417 617 443 649 ι
470 598 754 672 Stagnum
802 597 1142 654 Genesareth
1198 597 1339 652 idem
1372 598 1555 653 dicunt
1592 614 1714 653 esse
1745 598 1801 659 Α
1828 602 1999 654 totam
2037 606 2256 653 noctem
2290 598 2625 665 laborantes,
2676 596 2809 652 nihil
2839 596 3104 667 cepimus,
3136 595 3192 650 in
3249 593 3418 650 verbo

87 688 235 757 quod
262 703 421 742 mare
455 687 737 755 Galilaetn,
770 687 859 743 vel
890 702 1043 741 mare
1074 686 1404 742 Tiberiadis.
1432 687 1539 741 Sed
1571 702 1722 742 mare

88 774 339 833 Galilaae
369 775 676 845 adjacente
707 775 990 845 provincia
1018 783 1099 830 est
1129 775 1328 829 dictum
1360 790 1513 830 mare
1560 776 1722 831 Tibe-

85 866 255 920 riadis
283 882 314 919 a
340 866 617 936 proxima
648 866 884 922 civitate.
917 866 1089 920 Porro
1120 863 1368 919 Genesar
1395 864 1592 919 Graeco
1620 878 1722 919 vo-

86 962 293 1019 cabulo
325 963 503 1034 quasi
538 964 656 1019 sibi
696 979 907 1018 auram
946 961 1145 1017 dicitur
1174 978 1204 1015 a
1260 961 1594 1031 preprietate
1624 961 1723 1015 laci

84 1052 280 1123 ipsius,
325 1051 426 1122 qui
482 1065 520 1105 ι
572 1050 938 1121 crispantibus
974 1050 1132 1119 aquis
1205 1050 1272 1103 de
1310 1066 1372 1104 se
1408 1048 1723 1118 frequenter

83 1155 250 1195 auras
287 1140 541 1195 excitat.
578 1142 733 1211 Aqua
765 1140 985 1211 quidem
1014 1138 1189 1194 dulcis
1218 1145 1319 1205 est,
1351 1139 1448 1193 sed
1477 1139 1722 1193 Hebraeae

83 1239 296 1311 linguas
356 1238 783 1295 consuetudine
819 1236 999 1293 omnis
1057 1252 1316 1309 aquarum
1345 1236 1717 1308 congregatio,

86 1328 204 1384 sive
235 1327 427 1383 dulcis
461 1328 591 1383 sive
622 1326 786 1393 salsa,
820 1342 972 1381 mare
1002 1334 1369 1397 nuncupatur.
1424 1324 1528 1394 Qui
1568 1325 1721 1381 lacus

89 1416 458 1474 interﬂuente
490 1416 735 1472 Jordane
765 1431 834 1470 ιιι.
860 1414 1047 1470 stadiis
1080 1416 1136 1469 in
1191 1414 1606 1487 longitudinem,
1667 1422 1720 1470 et

91 1522 160 1562 ιι,
218 1506 561 1561 extenditur
602 1506 659 1560 in
716 1505 1033 1561 latudinem.
1095 1503 1231 1572 Quia
1275 1520 1412 1575 ergo
1468 1512 1719 1575 stagnum

93 1603 216 1659 sive
244 1618 409 1658 mare
443 1619 706 1675 praesens
763 1601 1018 1657 saeculum
1062 1602 1332 1673 designat,
1387 1603 1534 1657 Deus
1562 1617 1720 1657 secus

95 1706 249 1747 mare
281 1699 417 1759 stat,
475 1700 773 1763 postquam
827 1690 1175 1746 stabilitatem
1214 1698 1490 1762 perpetuae
1525 1690 1722 1762 quietis

95 1780 228 1835 adiit
286 1780 531 1837 devicta.
569 1780 902 1836 mortalitate
966 1778 1199 1834 labentis
1228 1780 1374 1833 vitae.
1415 1780 1720 1834 Turbarum

96 1886 412 1934 conventus
481 1878 731 1951 gentium
790 1877 845 1933 in
884 1878 1048 1933 ﬁdem
1086 1879 1525 1934 concurrentium
1564 1883 1723 1949 typus

94 1974 200 2035 est,
242 1968 317 2023 de
383 1967 600 2039 quibus
637 1968 714 2021 ait
749 1985 763 2023 :

94 2064 313 2126 gentes,
361 2065 418 2111 et
507 2057 663 2111 ibunt
710 2055 895 2127 populi
942 2054 1094 2110 multi
1158 2063 1209 2110 et
1246 2055 1472 2111 dicent:
1514 2056 1725 2123 Venite,

98 2145 484 2200 ascendamus
517 2144 574 2199 in
604 2152 845 2199 montem
878 2143 1092 2199 Domini
1123 2144 1251 2211 (Isa.
1287 2150 1373 2214 ll).
1417 2168 1438 2192 ι»

171 2262 196 2288 ιι
233 2241 301 2295 Et
334 2241 478 2296 vidit
540 2240 676 2294 duas
730 2256 898 2295 naves
945 2247 1152 2295 stantes
1184 2255 1351 2295 secus
1379 2246 1654 2311 stagnum.
1698 2265 1719 2290 ιι

100 2329 234 2385 Duas
266 2345 456 2384 naves
517 2329 873 2387 circumcisio
924 2337 1128 2385 suntet
1185 2330 1539 2401 praeputium.
1578 2331 1729 2400 Quas

98 2418 262 2472 Jesus
291 2417 461 2485 vidit,
515 2418 642 2490 quia
671 2418 739 2473 de
795 2425 1029 2490 utroque
1058 2418 1260 2489 populo
1300 2418 1389 2490 qui
1428 2419 1571 2474 siunt
1609 2421 1726 2488 ejus

103 2516 254 2570 novit
282 2516 365 2586 (11
403 2518 559 2573 Tim.
589 2517 671 2585 ιι),
722 2524 774 2571 et
803 2515 1234 2571 misericorditer
1282 2517 1352 2571 ad
1382 2516 1573 2573 futurae
1604 2518 1727 2575 vitae

105 2605 570 2676 tranquillitatem
602 2606 756 2678 quasi
780 2605 849 2660 ad
880 2605 1024 2661 littus
1049 2605 1321 2677 provehit.

180 2743 203 2769 α
230 2720 567 2777 Piscatores
598 2729 782 2777 autem
842 2721 1241 2777 descenderant
1272 2729 1326 2777 et
1352 2721 1602 2778 lavabant
1632 2740 1724 2780 re-

110 2809 210 2865 tia.
250 2832 273 2859 »
314 2811 642 2867 Piscatores
692 2818 819 2865 sunt
847 2811 1123 2877 doctores,
1158 2810 1245 2881 qui
1277 2827 1380 2867 nos
1427 2813 1631 2867 retibus
1659 2811 1728 2866 fi-

114 2907 202 2963 dei
220 2911 688 2979 comprehensos,
716 2915 768 2963 et
808 2908 877 2963 de
914 2908 1185 2979 profundo
1215 2908 1285 2963 ad
1314 2908 1498 2964 lumen
1554 2910 1728 2966 elatos

113 3002 276 3052 terra:
306 2997 625 3053 viventium
657 2996 811 3069 quasi
835 2997 998 3051 littori
1030 2997 1333 3053 advehunt.
1380 2997 1545 3066 Quasi
1586 2998 1729 3053 enim

144 3086 253 3140 etia
283 3094 417 3141 sunt
448 3085 761 3157 complexae
790 3086 1098 3142 dictionnes
1130 3086 1545 3157 praedicantium
1597 3088 1730 3142 reti—

112 3190 309 3237 nentes
340 3198 445 3239 eos
475 3184 531 3237 in
560 3182 668 3238 fide
701 3198 838 3253 quos
869 3184 1107 3253 capiunt.
1135 3182 1288 3237 Retia
1311 3198 1548 3255 namque
1573 3184 1729 3256 quasi

112 3266 407 3322 retinentia
440 3276 571 3324 sunt
591 3275 805 3323 vocata.
839 3268 968 3323 Haec
1006 3266 1145 3321 retia
1176 3266 1341 3322 modo
1364 3267 1613 3323 laxantur
1666 3267 1721 3322 in

114 3364 420 3425 capturam,
486 3357 652 3413 modo
699 3356 809 3411 lota
866 3356 1155 3427 plicantur,
1218 3356 1347 3428 quia
1377 3372 1521 3413 nunc
1560 3373 1722 3412 exer-

115 3444 286 3499 cenda
317 3454 407 3501 est
435 3446 679 3502 doctoris
709 3445 916 3517 lingua,
951 3461 1094 3499 nunc
1111 3444 1305 3499 suimet
1336 3460 1468 3501 cura
1488 3445 1722 3516 agenda.

192 3582 213 3607 σ
249 3560 589 3617 Ascendens
619 3568 799 3615 autem
843 3560 896 3615 in
924 3576 1087 3615 unam
1128 3576 1326 3615 navem
1351 3577 1472 3633 qua:
1502 3569 1616 3615 erat
1646 3561 1728 3617 Si-

118 3648 295 3703 monis
334 3650 563 3722 rogavit
601 3666 725 3704 eum
766 3664 799 3703 a
856 3656 1000 3705 terra
1040 3650 1303 3704 reducere
1340 3649 1621 3719 pusillum.
1660 3651 1728 3705 Et

121 3735 319 3791 sedens
350 3739 590 3795 docebat
620 3738 688 3793 de
720 3738 979 3793 navicula
1014 3738 1214 3791 turbas.
1246 3761 1267 3784 η
1292 3737 1459 3793 Navis
1489 3738 1725 3793 Simonis

122 3832 202 3879 est
231 3826 522 3897 primitiva
536 3827 803 3895 Ecclesia,
837 3826 905 3881 de
935 3842 1038 3899 qua
1072 3827 1269 3881 Paulus
1289 3826 1396 3881 ait:
1425 3850 1446 3875 α
1474 3826 1579 3896 Qui
1604 3842 1730 3898 ope.

125 3930 266 3977 ratus
295 3934 380 3980 est
413 3928 575 3981 Petro
606 3925 660 3980 in
689 3923 993 3996 apostolatu
1026 3924 1480 3987 circumcisionis,
1520 3940 1721 3995 Opera-

123 4016 208 4065 tus
237 4020 321 4068 est
351 4022 407 4070 et
464 4013 596 4069 mihi
654 4014 795 4068 inter
827 4021 1021 4085 gentes
1051 4014 1201 4084 (Gal.
1250 4013 1329 4083 ιι).
1368 4036 1389 4061 ιι
1430 4014 1549 4070 Una
1578 4013 1724 4070 dicta

126 4099 247 4170 quia
298 4124 322 4150 α
380 4101 747 4158 multitudinis
788 4101 1127 4158 credentium
1168 4110 1287 4157 erat
1326 4117 1425 4157 cor
1472 4118 1636 4157 unum
1670 4110 1723 4158 et

123 4196 295 4253 anima
326 4201 605 4269 una(Act.
638 4202 736 4271 iv).
771 4219 793 4249 ι
832 4200 909 4255 De
939 4214 1045 4271 qua
1095 4198 1329 4255 docebat
1358 4201 1564 4266 turbas,
1596 4200 1722 4272 quia

127 4290 449 4345 auctoritate
475 4288 647 4361 ipsius
694 4288 961 4345 Ecclesiae
1004 4287 1167 4344 docet
1195 4304 1370 4361 usque
1390 4288 1551 4344 hodie
1580 4304 1721 4361 gen-

124 4378 222 4429 tes.

198 4512 220 4536 α
254 4490 321 4546 Ut
350 4491 614 4549 cessavitt
642 4497 825 4547 autem
876 4488 1027 4561 loqui
1056 4489 1191 4544 dixit
1245 4489 1315 4545 ad
1372 4489 1650 4546 Simonem
1704 4508 1717 4545 :

132 4608 155 4633 ιι
188 4587 308 4645 Duc
338 4590 391 4645 in
426 4590 615 4659 altum,
636 4597 689 4645 et
709 4588 891 4644 laxate
921 4587 1058 4644 retia
1086 4595 1264 4643 vestra
1282 4588 1335 4643 in
1365 4596 1662 4659 capturam.
1692 4610 1713 4637 »ι

1828 695 2006 741 autem
2028 694 2119 741 tuo
2150 687 2346 742 laxabo
2369 694 2505 741 rete.
2525 710 2547 734 η
2581 686 2697 741 Nisi
2759 687 3021 741 Dominus
3050 700 3147 741 cor
3174 684 3417 738 illustra-

1830 778 1965 830 verit
1995 776 2327 841 auditorum,
2359 775 2617 831 doctorin
2648 784 2805 831 nocte
2827 774 3065 843 laborat;
3089 773 3192 828 nisi
3220 772 3274 827 in
3306 787 3422 842 gra-

1829 864 1899 918 tia
1930 880 2163 934 superna
2184 864 2378 919 laxatae
2401 863 2597 919 fuerint
2620 864 3030 934 disputationes,
3048 861 3249 917 frustra
3271 876 3419 931 pra:-

1829 961 2034 1016 dicator
2058 962 2261 1030 jaculat
2289 977 2471 1029 voces,
2509 960 2637 1037 quia
2666 960 2804 1015 ﬁdes
2835 975 2942 1015 non
2973 960 3123 1015 verbi
3151 956 3421 1029 sapientia

1828 1050 2095 1121 provenit,
2125 1050 2220 1105 sed
2237 1065 2466 1105 munere
2482 1049 2685 1104 divino.
2699 1049 2897 1104 Aliter:
2924 1072 2946 1096 α
2972 1050 3303 1117 Praeceptor,
3318 1062 3421 1117 per

1828 1147 1995 1194 totam
2023 1146 2246 1194 noetem
2276 1138 2704 1204 laboravimus,»
2724 1147 2829 1194 etc.
2850 1137 3079 1193 Sanctus
3098 1138 3291 1191 Petrus
3307 1138 3419 1190 tota

1827 1244 1987 1292 nocte
2039 1237 2095 1290 in
2141 1236 2445 1307 piscatione
2491 1235 2748 1291 laborans
2782 1234 2915 1289 nihil
2952 1234 3116 1305 cepit,
3156 1233 3211 1287 in
3249 1233 3419 1288 verbo

1828 1333 2011 1380 autem
2045 1324 2263 1379 Domini
2298 1332 2415 1380 rete
2480 1323 2698 1393 laxans,
2738 1322 3136 1379 multitudinem
3186 1321 3418 1391 piscium

1826 1413 2119 1470 conclusit.
2156 1415 2237 1469 Ita
2257 1429 2359 1469 nos
2395 1429 2517 1469 cum
2544 1412 2689 1468 vitiis
2717 1420 2771 1468 et
2805 1410 3048 1484 peccatis
3063 1409 3419 1467 contenebra-

1828 1513 1896 1568 tis
1924 1513 2305 1583 praedicamus,
2337 1513 2491 1583 quasi
2529 1514 2585 1567 in
2622 1517 2780 1567 nocte
2836 1510 3040 1566 frustra
3084 1509 3416 1574 laboramus,

1828 1609 1882 1657 et
1918 1602 2043 1657 ideo
2080 1600 2213 1655 nihil
2279 1601 2543 1671 capimus,
2593 1600 2691 1655 sed
2718 1598 2889 1654 verba
2922 1597 3202 1654 incassum
3231 1596 3418 1651 fundi—

1826 1701 1969 1752 mus,
2003 1685 2130 1757 quia
2159 1685 2412 1739 uimirum
2443 1699 2626 1739 sermo
2644 1683 2743 1738 Dei
2777 1683 2831 1737 in
2860 1683 2966 1738 hoc
2992 1698 3100 1737 non
3131 1680 3295 1752 capit,
3321 1681 3415 1753 qui

1828 1790 2037 1838 tantum
2091 1790 2313 1838 terrena
2376 1782 2540 1853 sapit.
2588 1782 2647 1836 In
2687 1781 2791 1835 hoc
2833 1779 3006 1836 verbo
3060 1778 3278 1833 Domini
3306 1784 3419 1833 rete

1828 1872 2094 1937 laxamus,
2170 1871 2301 1926 dum
2363 1870 2568 1942 papulo
2627 1868 2838 1940 justitia
2880 1866 3141 1923 esurienti
3194 1867 3418 1922 verbum

835 1991 857 2014 α
919 1968 985 2021 Et
1032 1967 1197 2021 fluent
1252 1967 1322 2021 ad
1379 1983 1501 2021 eum
1531 1981 1722 2021 omnes
1753 1953 1803 2014 Β
1834 1960 1956 2015 vitae
1985 1959 2455 2015 administramus.
2495 1958 2650 2013 Tunc
2695 1956 3091 2012 multitudinem
3134 1954 3419 2011 concludi-

1826 2065 1967 2114 mus,
2000 2048 2219 2119 quando
2248 2047 2512 2119 plurimos
2542 2050 2659 2102 rete
2687 2045 2957 2101 sermonis
2987 2051 3175 2115 captos
3203 2044 3273 2099 de
3288 2059 3417 2115 gur-

1827 2146 1940 2220 gite
1968 2153 2318 2217 peccatorum
2376 2161 2441 2201 ac
2469 2144 2615 2199 littus
2651 2143 2985 2215 poenitentiae
3030 2138 3411 2214 producimus.

1828 2235 1961 2289 lnde
1988 2234 2117 2289 dicit
2170 2234 2485 2304 Scriptura:
2522 2255 2543 2279 ι
2584 2233 2839 2304 Loquere
2894 2230 3123 2286 verbum
3158 2230 3278 2286 auri
3315 2244 3419 2286 au-

1827 2322 1999 2391 dienti
2028 2323 2227 2392 (Eccli.
2259 2323 2406 2392 xxv).
2444 2344 2465 2369 η
2501 2320 2747 2375 Inaniter
2799 2319 2942 2375 enim
2987 2318 3283 2391 perstrepit
3312 2333 3417 2374 vox

1827 2420 2099 2492 loquentis
2160 2438 2172 2475 :
2239 2417 2333 2474 ubi
2375 2433 2568 2475 aversa
2612 2424 2695 2474 est
2740 2432 2897 2473 mens
2950 2416 3245 2474 audientis.
3309 2416 3415 2472 Sc-

1828 2509 2008 2581 quitur
2042 2527 2057 2564 :

1903 2638 1925 2663 ‹ι
1962 2616 2031 2671 Et
2089 2630 2212 2671 cum
2250 2614 2370 2670 haec
2426 2612 2702 2679 fecissent,
2758 2611 3141 2669 conclusemnt
3191 2609 3420 2684 piscium

1826 2704 2229 2760 multitudinem
2285 2702 2588 2774 copiosam.
2646 2701 3017 2773 Rumpebatur
3065 2708 3244 2757 autem
3296 2707 3418 2757 rete

1828 2818 2047 2859 eorum.
2089 2824 2111 2849 ι»
2176 2802 2311 2857 Rete
2342 2800 2712 2872 rumpebatur,
2770 2799 2900 2872 quia
2927 2815 3072 2856 nunc
3096 2799 3163 2854 ad
3200 2798 3425 2855 confes-

1830 2892 2040 2947 sionem
2071 2889 2201 2945 ﬁdei
2231 2897 2306 2945 tot
2335 2906 2458 2945 cum
2515 2890 2706 2946 electis
2735 2888 2900 2944 etiam
2951 2888 3170 2959 reprobi
3197 2887 3424 2958 intrant,

1828 2988 1886 3035 ut
1934 2979 2238 3035 hmresibus
2277 2978 2533 3035 Ecclesia
2590 2978 2891 3033 scindatur.
2949 2977 3237 3049 Rumpitur
3285 2984 3422 3042 rete,

1828 3078 1927 3133 sed
1981 3092 2092 3133 non
2150 3075 2355 3131 labitur
2407 3075 2597 3147 piscis,
2637 3075 2761 3147 quia
2800 3090 2930 3130 suos
2960 3074 3224 3130 Dominus
3268 3074 3428 3130 etiam

1828 3166 1968 3221 inter
1984 3164 2394 3237 persequesium
2420 3164 2683 3219 scandala
2711 3171 2917 3218 servat.

1908 3287 1930 3313 «
1963 3264 2028 3318 Et
2054 3269 2361 3317 annuerunt
2400 3261 2565 3318 sociis
2595 3261 2685 3332 qui
2726 3268 2877 3317 erant
2904 3260 2963 3314 in
3022 3258 3131 3315 alia
3166 3259 3312 3328 navi,
3365 3266 3426 3316 ut

1831 3361 2079 3417 venirent
2109 3367 2162 3415 et
2189 3359 2513 3429 adjuvarent
2541 3374 2689 3414 eos.»
2725 3357 2845 3413 Alia
2872 3356 3029 3412 navis
3058 3365 3140 3413 est
3168 3355 3423 3414 Ecclesia

1832 3450 1899 3507 de
1929 3450 2204 3522 gentibus,
2237 3448 2363 3521 quia
2392 3463 2501 3503 non
2532 3455 2657 3502 sunt
2703 3447 2772 3502 de
2801 3446 2992 3502 Iudaea
3020 3453 3099 3503 tot
3143 3445 3422 3512 credituri,

1832 3547 1964 3612 quot
1992 3540 2060 3595 ad
2088 3537 2256 3593 vitam
2287 3544 2410 3592 sunt
2439 3536 2836 3607 praedestinati.
2875 3535 3009 3592 Rete
3041 3534 3185 3590 enim
3212 3534 3427 3606 rumpi-

1832 3636 1919 3683 tur
1949 3629 2002 3683 in
2032 3626 2280 3683 Ecclesia
2308 3625 2758 3691 circumcisionis,
2810 3625 3067 3695 quoniam
3094 3624 3265 3678 ludas
3293 3638 3427 3695 pro-

1831 3726 1975 3780 ditor
2003 3733 2056 3781 et
2086 3725 2273 3781 Simon
2304 3725 2493 3796 Magus
2524 3723 2706 3794 pisces
2724 3721 3061 3793 nequissimi,
3091 3730 3144 3777 et
3171 3721 3426 3777 Ananias

1830 3822 1885 3869 et
1910 3814 2157 3884 Saphira,
2190 3821 2244 3868 et
2294 3812 2447 3868 mutti
2499 3811 2591 3867 alii
2643 3810 2890 3866 abierunt
2944 3820 3093 3866 retro
3130 3818 3426 3882 antequam

1829 3902 2111 3958 Barnabas
2142 3910 2194 3958 et
2225 3901 2419 3958 Paulus
2436 3901 2505 3957 ad
2527 3900 2774 3973 gentium
2802 3899 3163 3972 apostolatum
3197 3898 3423 3956 fuissent

1827 3998 2136 4073 segregati.

1905 4138 1926 4162 ‹‹
1956 4115 2024 4169 Et
2057 4119 2322 4169 venerunt
2386 4120 2441 4168 et
2470 4111 2833 4184 impleverunt
2878 4109 3066 4166 ambas
3121 4107 3419 4177 naviculas,

1828 4203 1904 4259 ita
1932 4211 1990 4258 ut
2045 4218 2184 4274 pene
2213 4209 2612 4273 mergerentur.
2649 4222 2671 4251 ι
2707 4202 2841 4255 Haec
2884 4199 3125 4269 impletio
3152 4214 3326 4271 usque
3365 4197 3423 4253 in

1826 4291 1883 4347 in
1915 4290 2078 4347 tinem
2128 4289 2311 4347 saeculi
2340 4292 2565 4345 crescit.
2602 4290 2937 4361 Merguntur,
2962 4289 3066 4344 hoc
3090 4296 3173 4343 est
3201 4288 3257 4342 in
3286 4287 3422 4343 sub-

1827 4389 2099 4444 mersione
2150 4395 2494 4459 premuntur.
2540 4387 2664 4442 Non
2698 4386 2843 4442 enim
2906 4394 3030 4441 sunt
3097 4386 3416 4452 submersas,

1828 4474 1927 4529 sed
1973 4472 2264 4544 periclitas.
2332 4471 2489 4527 Unde
2530 4472 2874 4542 Apostolus:
2936 4492 2959 4523 ι
3010 4470 3072 4524 In
3107 4470 3421 4527 novissimis

1828 4562 2021 4617 diebus
2050 4568 2211 4616 erunt
2250 4568 2491 4631 tempora
2536 4559 2862 4631 periculosa,
2925 4568 2979 4615 et
3020 4559 3271 4615 homines
3324 4574 3418 4614 se-

132 4672 282 4743 Quod
314 4656 609 4735 Simonem'
627 4677 839 4750 rogavit
876 4693 1069 4733 navem
1090 4692 1123 4732 a
1153 4684 1302 4732 terra
1331 4656 1598 4734 reducere
1624 4692 1724 4749 pu-

1835 4660 1981 4732 ipsos
2008 4666 2256 4714 amantes
2286 4657 2359 4728 (II
2391 4657 2534 4713 Tim.
2582 4660 2665 4717 ιι).
2693 4676 2717 4707 ι
2778 4656 2953 4727 Mergi
2976 4671 3112 4728 ergo
3143 4671 3311 4713 naves
3333 4662 3419 4711 est

132 4762 328 4837 sillum,
362 4766 639 4840 signiﬁcat
682 4766 767 4823 vel
810 4773 1109 4838 temperate
1159 4766 1417 4821 utendum
1447 4766 1614 4822 verbo
1651 4766 1719 4821 ad

138 4861 336 4930 turbas,
370 4882 442 4922 ne
472 4865 524 4919 in
545 4862 819 4935 profunda
849 4871 1317 4920 sacramentorum
1361 4864 1571 4919 interim
1623 4879 1719 4919 ea-

137 4953 243 5016 tur,
275 4962 331 5007 ut
380 4954 657 5010 auditores
712 4968 823 5007 non
871 4952 1189 5024 intelligant,
1243 4952 1329 5007 vel
1368 4951 1423 5006 in
1451 4952 1722 5024 proximis

139 5039 465 5109 regionibus
504 5041 930 5113 praedicandum,
988 5049 1046 5095 ut
1093 5040 1237 5112 quod
1267 5041 1481 5108 dicitur,
1518 5042 1631 5098 duc
1667 5041 1721 5096 in

139 5126 316 5197 altum,
348 5132 422 5187 ad
451 5132 778 5187 remotiores
802 5138 993 5203 gentes
1008 5130 1299 5201 pertineat,
1316 5130 1512 5201 quibus
1530 5139 1722 5203 postea

140 5226 536 5292 praedicandum
600 5237 701 5284 est.
740 5230 982 5283 Joannes
1030 5227 1494 5299 Chrysostomus:
1540 5228 1722 5283 Habe-

142 5326 255 5368 mus
282 5333 377 5387 pro
410 5333 551 5372 nave
582 5316 901 5381 Ecclesiam,
936 5332 1038 5388 pro
1066 5316 1459 5388 gubernaculis
1481 5332 1721 5382 crucem,

145 5414 240 5469 pro
308 5408 680 5476 gubernatore
736 5405 1032 5473 Christum,
1074 5420 1175 5474 pro
1213 5413 1434 5475 proreta
1489 5406 1722 5471 Patrem,

145 5513 235 5568 pro
263 5514 422 5562 vento
461 5502 723 5575 Spiritum
755 5510 1022 5569 sanctum,
1042 5517 1138 5572 pro
1160 5500 1285 5557 velo
1343 5503 1594 5574 gratiam,
1625 5519 1727 5574 pro

152 5593 316 5648 nautis
335 5592 639 5661 apostolos,
696 5607 797 5662 pro
855 5591 1237 5662 navigantibus
1273 5591 1584 5662 prOphetas,
1626 5607 1728 5663 pro

153 5692 288 5737 mare
314 5684 481 5739 Vetus
511 5682 937 5746 Testamentum,
972 5687 1023 5735 et
1051 5680 1284 5735 Novum.
1317 5680 1730 5734 Committamus

158 5779 279 5839 ergo
331 5788 434 5827 nos
464 5769 647 5842 pelagi
678 5769 843 5838 hujus
873 5767 1166 5840 profundo,
1199 5767 1269 5823 ad
1309 5768 1731 5839 perquirendam

159 5846 210 5903 in
235 5854 527 5929 Scripturis
554 5852 752 5908 divinis
782 5852 1131 5925 margaritam
1160 5851 1439 5908 latentem.

232 5980 251 6006 α
279 5962 342 6021 Et
388 5960 733 6036 respondens
788 5960 977 6018 Simon
1013 5960 1151 6017 dixit
1193 5974 1205 6015 :
1247 5960 1578 6033 Praeceptor,
1636 5975 1737 6032 per

1826 4748 2075 4804 homines
2127 4746 2185 4801 in
2254 4746 2514 4802 saeculum
2559 4744 2753 4812 relabi,
2815 4760 2953 4817 quos
2999 4746 3187 4800 Petrus
3239 4744 3417 4801 adhuc

1827 4838 1887 4893 in
1910 4836 2222 4892 inﬁrmitate
2250 4835 2460 4908 positus
2484 4834 2821 4890 demonstrat
2848 4834 2933 4889 his
2963 4834 3152 4890 verbis
3185 4848 3199 4889 :

1901 4974 1925 5003 σι
1964 4951 2122 5022 Quod
2150 4967 2275 5008 cum
2329 4950 2538 5007 videret
2582 4949 2776 5006 Simon
2807 4950 3028 5016 Petrus,
3060 4947 3293 5021 procidit
3343 4947 3415 5005 ad

1828 5065 2010 5123 genua
2036 5052 2167 5105 Jesu
2188 5050 2376 5105 dicens
2411 5066 2423 5103 :
2455 5048 2559 5104 Exi
2604 5063 2638 5104 a
2665 5064 2753 5104 me
2814 5048 2942 5120 quia
2968 5048 3133 5103 homo
3161 5054 3418 5119 peccator

1829 5156 1972 5207 sum,
2002 5139 2256 5195 Domiue.
2298 5138 2499 5209 Stupor
2527 5138 2670 5193 enim
2698 5136 3130 5194 circumdederat
3159 5152 3303 5202 eum,
3361 5143 3417 5192 et

1830 5240 2020 5281 omnes
2051 5224 2142 5295 qui
2176 5240 2302 5279 cum
2331 5222 2422 5283 illo
2453 5229 2606 5278 erant
2635 5222 2689 5277 in
2720 5230 2949 5293 captura
2989 5221 3219 5293 piscium
3251 5234 3417 5293 quam

1832 5329 2102 5390 ceperant.
2183 5320 2441 5377 Similiter
2496 5328 2673 5375 autem
2731 5320 3000 5376 Jacobum
3056 5326 3111 5374 et
3151 5318 3419 5374 Joannem

1833 5410 1975 5467 ﬁlios
2004 5409 2252 5465 Zebedaei
2282 5410 2373 5480 qui
2402 5416 2556 5464 erant
2595 5408 2728 5465 socii
2782 5407 3039 5464 Simonis.
3076 5429 3098 5456 »ι
3162 5406 3393 5463 Carnale

1832 5500 1888 5555 in
1916 5499 2163 5556 Ecclesia
2192 5499 2441 5571 regimen
2472 5497 2852 5569 spiritualium,
2877 5497 2932 5552 in
2961 5495 3161 5568 quibus
3187 5495 3423 5554 maxime

1834 5588 2038 5645 Christi
2085 5603 2321 5660 persona
2356 5587 2576 5653 eminet,
2599 5602 2631 5641 a
2659 5602 2720 5643 se
2739 5586 3144 5659 quodammodo
3158 5584 3430 5657 repellunt

1835 5702 1946 5743 non
1975 5685 2182 5759 lingua,
2239 5685 2337 5740 sed
2370 5685 2615 5742 moribus
2645 5692 2698 5740 et
2743 5684 2974 5751 actione,
3007 5684 3260 5740 timentes
3316 5698 3428 5740 non

1840 5791 2006 5849 posse
2034 5774 2147 5846 pati
2176 5774 2425 5844 regimen
2473 5788 2683 5840 eorum,
2716 5781 2769 5829 et
2824 5780 3007 5829 tamen
3066 5788 3163 5830 eos
3191 5771 3427 5828 maxime

1839 5866 2131 5930 honorant,
2164 5863 2290 5919 licet
2310 5862 2378 5917 ab
2408 5862 2487 5918 eis
2540 5862 2787 5918 moribus
2814 5869 2864 5917 et
2895 5861 3051 5918 factis
3081 5860 3424 5918 dissentiant.

1842 5959 2322 6021 Honoriﬁcentiam
2352 5958 2682 6034 signiﬁcavit
2710 5960 2903 6017 Petrus
2930 5959 3132 6016 cadens
3158 5957 3231 6013 ad
3256 5955 3426 6027 pedes
