3924 6398
467 419 493 471 ί
503 417 609 473 047

1577 424 1918 482 WERNERI
1965 426 2253 485 ABBATIS
2318 428 2382 486 5.
2430 431 2653 490 BLASII

3625 446 3777 504 1058

467 541 725 607 Domini;
757 558 942 601 mores
990 552 1175 603 autem
1197 545 1495 604 dissimiles
1525 546 1583 604 in
1613 564 1681 607 eo
1727 551 1875 623 quod
1923 551 1997 608 ait
2055 568 2068 608 :
2097 551 2155 613 A
2181 552 2332 610 natio
2351 554 2423 612 de
2448 560 2874 630 superponenda
2890 563 3076 636 gladio
3094 567 3379 638 materiali,
3410 569 3581 627 sinon
3607 571 3783 628 sum-

470 652 493 680 «
528 631 629 687 Exi
650 647 684 688 a
712 649 822 700 me,
846 634 974 706 quia
1002 636 1166 691 homo
1187 645 1448 707 peccator
1474 655 1618 696 sum.
1653 662 1675 688 ιι
1700 640 1966 697 Dominus
1989 648 2071 698 ta-

466 736 593 777 men
621 738 732 777 non
760 723 995 781 recessit
1022 725 1095 780 ab
1124 741 1210 794 eo,
1243 726 1391 799 quod
1444 726 1715 801 signiﬁcat
1755 731 2071 801 spirituales

472 809 619 867 viros
647 826 756 867 non
787 812 992 869 debere
1012 815 1354 870 commoveri
1401 817 1643 888 peccatis
1700 818 1982 875 turbarum
2012 827 2071 876 ut

464 904 724 963 deserant
756 924 953 965 munus
981 909 1445 970 ecclesiasticum.

541 1026 564 1052 ι
599 1005 668 1060 Et
693 1004 768 1061 ait
797 1007 869 1062 ad
898 1006 1219 1064 Simonem:
1269 1009 1396 1065 Noli
1426 1010 1652 1068 timere.
1692 1014 1781 1069 Ex
1824 1013 1928 1071 hoc
1950 1013 2068 1085 jam

468 1092 727 1150 homines
755 1094 866 1151 eris
893 1096 1145 1168 capiens.
1185 1097 1446 1156 Carnales
1476 1100 1829 1159 eonfortandi
1860 1113 1986 1160 sunt
2039 1121 2071 1160 a

468 1189 850 1262 spiritualibus
878 1208 949 1248 ne
978 1194 1049 1250 de
1079 1196 1422 1253 conscientia
1451 1198 1629 1270 culpae
1653 1216 1767 1257 suae
1794 1201 2066 1270 timentes,

467 1286 523 1334 et
549 1278 789 1336 aliorum
815 1281 1127 1339 innocentia
1153 1292 1458 1355 stupentes,
1491 1288 1800 1344 sanctitatis
1820 1290 1922 1346 iter
1948 1290 2070 1347 for-

466 1367 676 1423 mident
731 1370 992 1442 aggredi.
1039 1370 1198 1442 Quod
1249 1381 1433 1431 autem
1478 1376 1724 1446 sequitur
1754 1396 1765 1433 :
1796 1399 1818 1430 ι
1848 1381 1936 1435 Ex
1967 1381 2071 1437 hoc

463 1467 576 1537 jam
604 1468 859 1526 homines
912 1471 1024 1527 eris
1059 1472 1341 1544 capiens,»
1374 1475 1444 1531 ad
1495 1477 1714 1534 Petrum
1758 1479 2077 1551 specialiter.

461 1555 745 1627 pertinet:
784 1557 874 1614 cui
902 1559 1170 1617 Dominus
1226 1563 1450 1634 exponit
1505 1567 1654 1638 quod
1701 1577 1931 1639 captura
1986 1569 2067 1641 pi-

464 1644 640 1700 scium
661 1644 1006 1717 signiﬁcabat
1033 1658 1312 1721 captarem
1340 1652 1620 1709 hominum
1649 1672 1749 1726 per
1776 1673 1922 1712 eum.

541 1756 563 1782 ι
601 1734 669 1789 Ει
696 1735 1053 1793 crediderunt
1079 1737 1135 1794 in
1167 1756 1291 1796 eum
1322 1741 1576 1814 discipuli
1605 1744 1747 1813 ejus.
1768 1746 1837 1801 Et
1853 1747 2064 1804 subdu-

460 1829 570 1886 etis
592 1830 662 1886 ad
693 1839 900 1889 terram
942 1835 1181 1891 navibus
1209 1837 1414 1895 relictis
1440 1840 1698 1896 omnibus
1736 1844 1910 1899 secuti
1940 1853 2065 1900 sunt

462 1934 607 1975 eum.
650 1943 672 1969 ι

466 2022 660 2065 amare
688 2010 1037 2067 studuerunt.
1071 2013 1242 2069 Multa
1287 2016 1627 2089 reliquerunt
1655 2020 1749 2092 qui
1789 2020 2069 2080 desideria

458 2104 699 2162 habendi
727 2106 1160 2180 dereliquerunt.
1192 2113 1254 2166 In
1274 2112 1358 2168 his
1388 2113 1654 2172 docemur.
1673 2116 1948 2173 Christum
1978 2134 2065 2174 se-

459 2194 574 2267 qui,
606 2202 662 2251 et
690 2195 975 2253 saecularis
1004 2198 1129 2255 vita:
1170 2200 1558 2273 sollicitudine,
1600 2220 1665 2261 ac
1693 2213 1940 2276 paternae
1968 2208 2065 2263 do-

448 2299 570 2339 mus
597 2284 992 2342 consuetudine
1013 2302 1124 2343 non
1153 2290 1355 2345 teneri.

523 2390 667 2447 Nota
694 2390 824 2463 quia
853 2392 975 2448 viso
1023 2393 1293 2452 miraculo
1322 2396 1394 2452 de
1424 2405 1648 2470 captura
1676 2399 1909 2472 piscium
1938 2410 2061 2458 tan-

453 2503 621 2560 quam
641 2487 853 2545 ﬁrmius
880 2491 1171 2549 credentes
1200 2494 1293 2564 qui
1324 2495 1688 2565 vocabantur,
1737 2515 1847 2555 non
1876 2501 2059 2556 solum

452 2576 683 2645 retibus,
710 2578 828 2648 sed,
863 2579 1120 2637 omnibus
1150 2582 1373 2653 relictis,
1407 2586 1580 2641 secuti
1611 2591 1741 2642 sunt
1768 2590 1957 2645 Iesum
1988 2592 2059 2647 ad

450 2666 790 2723 manendum
810 2682 938 2724 cum
967 2668 1083 2725 illo.
1114 2670 1297 2729 Naves
1340 2680 1519 2729 autem
1550 2674 1756 2733 idcirco
1787 2677 2059 2736 subduxe-

450 2771 578 2820 runt
602 2764 674 2820 ad
702 2771 930 2834 terram,
961 2763 1095 2824 licet
1123 2783 1233 2824 non
1263 2779 1457 2842 postea
1486 2772 1717 2829 redituri
1745 2775 1813 2831 ad
1831 2778 2058 2849 propria

444 2860 502 2910 ut
556 2853 639 2911 sic
666 2854 883 2911 cautius
943 2865 1298 2915 servarentur
1345 2861 1417 2916 ad
1446 2878 1624 2930 usum,
1659 2881 1945 2938 quousque
1998 2867 2054 2923 in

449 2949 690 3022 alicujus
749 2953 1163 3024 possessionem
1231 2957 1552 3015 transirent.
1610 2960 1858 3017 Decebat
1910 2964 2053 3019 enim

443 3038 728 3111 apostolos
755 3056 894 3113 quos
952 3042 1101 3099 Deus
1150 3043 1386 3101 formam
1423 3064 1567 3104 verae
1616 3049 1900 3120 religionis
1940 3060 2052 3108 toto

438 3127 648 3184 mundo
676 3129 1062 3198 constituebat,
1094 3147 1205 3188 non
1231 3135 1490 3205 superbe,
1523 3152 1637 3193 non
1678 3139 1861 3195 minus
1890 3148 2049 3197 caute

436 3216 701 3274 mundum
745 3227 1099 3277 contemnere
1150 3239 1164 3276 :
1212 3224 1359 3294 quod
1400 3224 1642 3299 legimus
1686 3229 2046 3301 philOSOphos

2177 651 2252 707 cit
2277 652 2567 724 spiritalis.
2607 659 2708 716 Hie
2735 666 2920 717 tamen
2949 664 3102 720 canis
3131 665 3258 723 fune
3287 670 3556 725 tenendus
3570 681 3668 741 est,
3698 688 3784 728 ne

2176 739 2483 812 impetuose
2509 745 2798 815 discurrat,
2843 751 2968 822 quia
3022 753 3218 812 dandae
3246 765 3371 811 sunt
3401 739 3659 830 induciae,
3677 762 3786 818 fa-

2177 829 2408 900 ciendas,
2448 835 2765 892 vocationes
2796 854 2896 910 pro
2925 842 3089 898 modo
3118 843 3266 912 facti,
3298 854 3348 901 et
3363 847 3622 920 dignitate
3638 867 3786 922 per-

2179 938 2357 985 sonae.
2396 931 2600 989 Baculo
2630 938 3204 997 excommunicationis
3231 946 3451 1001 arcendi
3480 955 3608 1003 sunt
3625 947 3779 1021 lupi.

2180 1016 2239 1073 Si
2263 1016 2457 1074 iterum
2507 1022 2654 1092 quod
2681 1024 2912 1081 debetur
2939 1030 3111 1085 amori
3161 1031 3280 1099 Dei,
3313 1041 3363 1089 et
3391 1034 3601 1091 utilitati
3628 1016 3781 1108 pro-

2178 1104 2336 1173 ximi,
2369 1115 2425 1163 et
2454 1111 2601 1180 quod
2630 1120 2714 1167 est
2737 1113 2955 1182 justitiaa
2983 1117 3153 1187 canis,
3192 1128 3251 1175 ut
3292 1121 3565 1194 impendet
3590 1104 3778 1182 amori

2178 1204 2266 1261 vel
2295 1205 2441 1275 odio,
2493 1211 2756 1267 utendum
2785 1222 2866 1270 est
2896 1214 3112 1284 baculo,
3169 1219 3225 1275 id
3273 1229 3356 1277 est
3381 1238 3489 1278 non
3514 1232 3598 1279 est
3624 1225 3775 1282 sibi-

2176 1292 2287 1364 ipsi
2314 1298 2674 1365 parcendum,
2711 1303 2835 1373 quia
2849 1304 3030 1374 justus
3069 1308 3247 1379 primo
3267 1320 3551 1369 accusator
3576 1323 3656 1369 est
3676 1315 3776 1371 sui

2177 1382 2364 1453 (Prov.
2398 1387 2578 1458 xvm).
2619 1389 2788 1463 Virga
2836 1400 3040 1451 tenerae
3070 1399 3428 1455 correctionis
3477 1404 3775 1475 tangenda:

2177 1489 2304 1536 sunt
2333 1497 2485 1552 oves,
2535 1486 2593 1542 id
2622 1496 2705 1543 est
2752 1490 3050 1562 simplices,
3110 1511 3183 1551 ue
3210 1496 3482 1554 aberrent.
3513 1502 3575 1556 In
3628 1518 3777 1572 pera

2176 1569 2340 1627 debet
2368 1573 2571 1632 habere
2600 1592 2797 1646 panem
2828 1582 2982 1637 verbi
3003 1583 3105 1639 Dei
3131 1586 3495 1654 reconditum,
3513 1596 3569 1643 ut
3587 1569 3654 1644 sit
3668 1606 3777 1661 pa-

2176 1663 2326 1715 ratus
2347 1662 2609 1720 rationem
2627 1667 2855 1725 reddere
2887 1671 3034 1726 omni
3081 1675 3346 1744 poscenti.
3378 1678 3550 1732 Nares
3576 1678 3771 1752 itaque

2175 1756 2301 1804 sunt
2320 1752 2715 1824 archidiaconi,
2745 1758 2835 1829 qui
2868 1761 3055 1832 sagaci
3101 1762 3329 1819 odoratu
3365 1764 3559 1822 debent
3614 1767 3765 1824 olfa-

2172 1859 2298 1903 cere
2327 1848 2492 1906 vitam
2522 1853 2891 1924 subditorum,
2942 1867 2997 1913 et
3051 1861 3122 1915 ad
3152 1861 3465 1934 episcopum
3522 1865 3755 1923 referre.

726 1920 891 1977 Multa
936 1922 1279 1997 reliquerunt
1337 1928 1429 2000 qui
1457 1929 1512 1984 in
1568 1930 1674 1987 hoc
1731 1932 1934 1990 saeculo
1987 1934 2064 1989 nil
2091 1915 2145 1977 Β
2173 1936 2355 1993 Aures
2393 1949 2520 1996 sunt
2546 1941 2782 2014 diaconi,
2815 1915 2907 2018 qui
2935 1947 3137 2005 debent
3162 1915 3771 2022 a'udirerludicia,

2173 2026 2470 2083 secundum
2512 2031 2659 2102 quod
2699 2034 2974 2091 audierint
3004 2038 3270 2106 judicent.
3328 2041 3481 2097 Unde
3529 2059 3541 2098 :
3601 2042 3764 2113 Quod

2171 2122 2357 2191 audio,
2388 2141 2498 2181 non
2528 2129 2676 2200 quod
2700 2131 2810 2198 odi,
2846 2147 2953 2189 non
3008 2136 3157 2207 quod
3186 2152 3330 2194 amo.
3388 2137 3464 2195 Os
3492 2144 3545 2196 et
3573 2141 3767 2212 lingua

2170 2219 2298 2266 sunt
2328 2215 2656 2288 presbyteri,
2688 2219 2974 2289 diaconos,
3009 2226 3403 2295 prmdicatores
3447 2229 3594 2284 verbi
3636 2231 3758 2297 Dei,

2171 2299 2375 2369 quisic
2418 2318 2542 2360 esse
2587 2306 2871 2377 deberent,
2941 2313 3043 2368 sed
3070 2314 3238 2371 modo
3285 2317 3467 2372 omnia
3493 2334 3763 2375 conversa

2169 2391 2315 2451 sunt,
2348 2394 2407 2442 et
2434 2401 2846 2461 praeposteram.
2898 2394 3056 2452 Oculi
3112 2414 3220 2454 non
3250 2408 3375 2456 sunt
3428 2403 3616 2469 erecti,
3648 2405 3762 2460 imo

2166 2477 2498 2539 inclinantur
2526 2486 2596 2542 ad
2628 2504 2870 2557 munera,
2919 2493 2989 2548 ad
3019 2493 3222 2564 odium,
3253 2496 3323 2552 ad
3365 2513 3632 2555 amorem.
3698 2503 3761 2556 In

2166 2568 2244 2657 eis
2265 2579 2348 2625 est
2379 2573 2525 2643 quod
2547 2575 2746 2632 dicitur
2776 2594 2789 2633 :
2828 2603 2851 2628 α
2884 2581 3145 2639 Tenebras
3173 2594 3324 2640 erant
3370 2603 3534 2657 super
3562 2587 3759 2646 faciem

2164 2655 2351 2729 abyssi
2382 2660 2549 2731 (Gen.
2586 2664 2646 2731 ι).
2684 2689 2706 2713 κ
2743 2667 2803 2722 In
2824 2667 2904 2724 eis
2926 2668 3093 2726 facies
3112 2672 3298 2728 Lazari
3325 2655 3491 2747 ligata
3512 2677 3754 2734 sudario.

2163 2753 2222 2807 In
2256 2754 2335 2810 eis
2356 2766 2476 2813 sunt
2499 2761 2641 2816 oculi
2671 2765 3049 2834 apostolorum
3105 2784 3296 2826 somno
3323 2772 3553 2842 gravati.
3591 2774 3650 2829 In
3677 2775 3757 2831 eis

2159 2850 2244 2897 est
2273 2844 2470 2903 Saulus
2520 2866 2784 2922 squamas
2822 2855 3028 2912 habens
3085 2874 3253 2930 super
3307 2860 3519 2918 oculos.
3574 2864 3756 2921 Nares

2160 2932 2477 2992 amiserunt
2523 2939 2832 3014 odoratum,
2868 2953 3125 3015 putantes
3181 2948 3385 3005 bonum
3442 2951 3658 3019 malum,
3704 2963 3759 3010 et

2160 3042 2491 3089 econverso.
2530 3035 2772 3093 Tuentur
2802 3056 2940 3111 quos
2972 3043 3177 3112 volunt,
3228 3055 3461 3116 gravant
3491 3064 3627 3120 quos
3655 3066 3760 3106 vo-

2153 3115 2291 3173 lunt.
2319 3121 2502 3179 Aures
2532 3136 2852 3195 pervertunt
2876 3130 3100 3202 judicia,
3162 3115 3315 3190 osiet
3352 3115 3537 3209 lingua
3567 3138 3754 3197 silent.

2158 3206 2376 3274 Pectus,
2418 3212 2674 3277 dorsum.
2709 3215 2953 3286 brachia,
3015 3230 3066 3276 et
3093 3238 3291 3278 manus
3328 3206 3587 3283 Ecclesiae
3627 3237 3758 3283 sunt

436 3305 663 3364 fecisse.
695 3308 886 3364 Crates
917 3309 1061 3365 enim
1105 3279 1419 3383 Thebanus,
1451 3279 1510 3370 ιῖι
1546 3316 1622 3372 ait
1677 3279 2045 3390 ﬁieronyrmus
2077 3279 2125 3343 Ο
2156 3296 2376 3356 milites“
2408 3301 2468 3356 In
2498 3312 2722 3374 Ρθθίοτθ
2750 3316 2831 3362 θδί
2860 3324 2976 3378 σοι’,
3003 3310 3057 3365 in
3092 3328 3199 3384 quo
3231 3321 3313 3368 θδί
3384 3314 3633 3373 θυάθοίιο
3688 3317 3759 3373 Hi

440 3396 511 3452 ad
568 3396 932 3465 Iovinianum,
990 3398 1235 3470 projecto
1265 3401 1320 3456 in
1376 3404 1514 3459 mari
1538 3420 1651 3461 non
1715 3422 1889 3478 parvo
1937 3410 2056 3465 auri

435 3485 715 3558 pondere:
752 3508 775 3533 «ι
809 3486 989 3557 Abite,
1018 3488 1212 3561 inquit,
1237 3505 1463 3562 pessum
1505 3494 1665 3551 malm
1694 3495 2042 3567 cupiditates.

436 3582 560 3656 Ego
590 3597 692 3640 vos
715 3598 987 3657 mergam,
1018 3600 1088 3641 ne
1106 3588 1226 3658 ipse
1255 3603 1473 3661 mergar
1499 3604 1533 3646 ο.
1583 3590 1766 3648 vobis.
1809 3616 1832 3642 η

831 3695 1072 3754 SERMO
1130 3696 1230 3755 DE
1280 3700 1647 3758 ECCLESIA.

511 3799 760 3858 Christus
788 3809 841 3858 et
868 3802 1142 3869 Ecclesia,
1163 3820 1272 3875 qua
1303 3805 1627 3880 designatur
1653 3808 1709 3864 in
1729 3809 1849 3866 istis
1878 3827 2050 3869 evan-

442 3898 644 3973 gelieis
674 3900 931 3969 navibus,
966 3917 1133 3957 unum
1166 3918 1370 3975 corpus
1425 3907 1757 3964 contituunt.
1806 3909 2050 3968 Christus

433 3988 620 4061 itaque
647 3997 732 4046 est
769 3997 948 4062 caput,
982 4006 1185 4063 corpus
1242 4008 1374 4050 vero
1414 3994 1681 4053 Ecclesia.
1719 3997 1860 4055 Nam
1912 4000 2051 4057 sicut

443 4085 502 4141 in
531 4084 712 4158 capite
756 4086 869 4143 vita
899 4095 954 4143 et
1009 4089 1288 4161 vegetatio
1333 4090 1498 4147 totius
1536 4096 1805 4165 corporis,
1862 4096 1937 4152 ita
1993 4097 2052 4153 in

446 4174 666 4231 Christo
690 4176 798 4233 vita
827 4184 882 4233 et
912 4184 1409 4235 sustentamentum
1432 4180 1686 4240 Eclesiae.
1708 4184 1844 4242 Haec
1873 4185 1921 4241 si
1947 4202 2047 4243 ve-

443 4262 505 4319 lit
526 4264 695 4334 capiti
730 4264 1082 4334 eonformari,
1146 4276 1199 4323 et
1228 4267 1280 4324 ei
1307 4270 1532 4341 servire,
1568 4287 1673 4342 pro
1730 4274 2048 4332 diversitate

442 4368 806 4424 personarum
831 4362 888 4411 et
914 4352 1222 4412 otﬁciorum
1244 4355 1337 4413 ﬁet
1363 4374 1533 4415 unum
1561 4376 1690 4417 cum
1719 4377 1787 4418 eo
1804 4363 1860 4418 in
1887 4371 2048 4421 aeter-

444 4457 597 4498 num.
624 4443 797 4513 Hujus
825 4444 1080 4516 corporis
1106 4445 1254 4504 oculi
1291 4447 1383 4519 qui
1434 4449 1640 4506 debent
1665 4453 1928 4508 membris
1957 4453 2044 4508 in-

443 4539 735 4597 ferioribus
763 4542 1076 4614 providere,
1128 4552 1256 4601 sunt
1286 4546 1554 4619 episcopi,
1605 4549 1697 4620 qui
1726 4565 1836 4606 non
1865 4552 2044 4608 solum

441 4639 609 4705 oeuli,
646 4639 746 4696 sed
791 4639 957 4697 etiam
1002 4649 1256 4713 pastores
1300 4652 1353 4699 et
1408 4645 1629 4711 subditi,
1688 4663 1803 4703 non
1860 4649 2039 4704 solum
2070 4643 2122 4705 D

438 4727 816 4785 membrorum
845 4729 1090 4797 nomine,
1114 4730 1212 4788 sed
1244 4732 1439 4787 horum
1472 4742 1725 4805 respectu
1757 4735 2031 4795 dicuntur.

438 4817 671 4873 Multum
696 4817 925 4876 interest
954 4818 1097 4877 inter
1122 4828 1402 4893 pastorem
1444 4831 1497 4878 et
1543 4839 1724 4893 ovem,
1757 4826 2046 4896 praelatum

441 4922 496 4971 et
510 4915 813 4972 subditum.
845 4917 940 4973 Ille
970 4917 1132 4993 regit,
1163 4918 1268 4976 iste
1290 4919 1537 4993 regitur;
1576 4921 1673 4979 ille
1701 4924 1895 4995 pascit,
1944 4926 2045 4983 iste

442 5005 723 5076 pascitur.
751 5007 821 5063 Et
851 5007 991 5064 sicut
1034 5016 1222 5081 pastor
1265 5017 1466 5080 praeest
1519 5011 1710 5068 ovibus
1774 5014 2045 5087 dignitate

438 5094 755 5163 creationis,
804 5095 932 5170 quia
980 5098 1266 5153 rationalis
1319 5106 1373 5155 et
1424 5108 1640 5157 erectus
1693 5103 1765 5159 ad
1819 5105 2039 5176 cmlum,

437 5199 569 5243 oves
598 5193 781 5243 autem
810 5200 1000 5257 pronae
1029 5188 1100 5243 ad
1124 5188 1488 5261 pascendum,
1514 5189 1591 5246 ita
1649 5192 1894 5263 episcOpi
1939 5194 2042 5251 de-

437 5282 567 5341 bent
594 5283 703 5342 dici
730 5284 1023 5341 rationales
1054 5294 1112 5342 et
1139 5286 1369 5343 discreti
1400 5289 1819 5360 comparatione
1848 5290 2040 5347 subdi-

436 5378 642 5431 torum.
672 5373 738 5430 Hi
768 5374 970 5431 debent
999 5375 1207 5451 habere
1238 5391 1454 5444 canem,
1489 5378 1671 5434 funem
1711 5379 1783 5436 ad
1839 5388 2042 5438 tenen-

436 5459 565 5518 dum
586 5463 759 5535 illum,
786 5464 1042 5521 baculum
1062 5465 1132 5521 ad
1161 5466 1465 5523 arcendum
1486 5475 1599 5522 tum
1656 5467 1864 5540 lupum,
1926 5477 2042 5526 tum

439 5549 602 5607 etiam
624 5560 678 5608 et
706 5568 922 5621 canem,
956 5554 1003 5611 si
1043 5570 1183 5628 opus
1229 5554 1410 5611 fuerit.
1470 5556 1691 5629 Virgam
1707 5574 1925 5633 quoque
1972 5561 2040 5617 ad

435 5647 708 5719 regendas
729 5665 881 5719 oves,
906 5668 1029 5724 quae
1058 5668 1169 5709 non
1191 5660 1424 5725 possunt
1452 5651 1706 5711 baculum
1744 5657 1877 5727 pati,
1933 5675 2036 5730 pe-

2162 3395 2427 3455 audacter
2457 3401 2660 3457 debent
2695 3403 2998 3463 defendere
3019 3408 3291 3467 ministros
3310 3412 3591 3470 Ecclesiae.
3621 3415 3761 3471 Dor-

2162 3499 2281 3538 sum
2315 3489 2572 3561 congruit
2599 3494 2858 3549 oneribus
2899 3498 3199 3567 portandis,
3234 3500 3456 3557 brachia
3481 3501 3754 3572 lavandis,

2161 3588 2354 3630 manus
2386 3582 2810 3639 contrectandis.
2832 3584 2899 3639 Hi
2937 3585 3137 3642 debent
3163 3597 3401 3660 portare,
3438 3592 3752 3662 sustollere,

2160 3679 2505 3731 contrectare
2533 3677 2827 3752 diligenter
2871 3683 3244 3741 ecclesiastica
3274 3703 3462 3744 onera.
3500 3689 3607 3746 Sed
3634 3691 3755 3748 haec

2158 3762 2346 3817 omnia
2402 3780 2664 3822 conversa
2705 3778 2854 3825 sunt.
2921 3771 3097 3841 Quam
3135 3773 3333 3846 iniquas
3389 3794 3580 3834 manus
3629 3797 3752 3851 quae

2158 3851 2413 3921 proprios
2440 3855 2724 3912 tenebrant
2755 3866 2809 3914 et
2838 3869 3034 3916 eruunt
3064 3863 3271 3932 oculos,
3330 3883 3462 3938 quos
3491 3868 3753 3924 deberent

2157 3937 2495 4015 abstergere,
2527 3945 2883 4005 obstruncant
2911 3966 3073 4005 nares
3103 3969 3240 4024 quos
3260 3937 3525 4011 deberent
3551 3974 3749 4014 emun-

2159 4052 2314 4108 gere,
2347 4046 2629 4110 amputant
2658 4060 2822 4101 aures
2853 4064 2988 4120 quas
3017 4047 3282 4106 deberent
3311 4070 3558 4124 purgare,
3590 4056 3743 4111 clau-

2158 4133 2293 4190 dunt
2323 4152 2384 4191 os
2432 4138 2520 4194 cui
2564 4141 2827 4199 deberent
2882 4145 3227 4204 ministrare!
3283 4150 3408 4206 Haac
3436 4160 3615 4208 autem
3663 4162 3744 4211 est

2157 4223 2267 4277 vita
2299 4225 2643 4292 clericorum,
2677 4231 2767 4304 qui
2799 4232 3014 4306 litigant
3042 4235 3094 4289 in
3153 4237 3434 4303 conviviis,
3466 4255 3531 4296 ac
3557 4240 3742 4299 disce-

2156 4321 2428 4390 ptationes
2458 4325 2659 4383 habent
2690 4329 2945 4386 intruﬁs.
2994 4332 3197 4389 Venter
3250 4343 3447 4404 autem,
3501 4338 3594 4411 qui
3647 4356 3741 4411 pro

2153 4407 2469 4470 infirmitate
2501 4432 2601 4471 sua
2635 4418 2746 4475 vile
2803 4419 3053 4488 habetur,
3114 4430 3166 4477 et
3212 4432 3294 4478 est
3349 4407 3741 4497 receptalucum

2155 4504 2358 4555 tantum
2383 4503 2649 4571 ciborum,
2685 4515 2738 4562 et
2793 4508 3140 4565 nutritorium
3181 4513 3444 4584 corporis,
3494 4516 3741 4589 decoquit

2153 4587 2326 4656 cibos,
2361 4593 2595 4665 porrigit
2620 4596 2819 4652 vitales
2842 4614 3036 4655 succos
3057 4601 3427 4671 superioribus
3447 4611 3499 4659 et
3524 4587 3741 4663 inferio-

2154 4688 2303 4743 ribus
2358 4693 2635 4749 membris.
2696 4696 2831 4751 Sunt
2883 4699 3137 4756 monachi
3196 4707 3248 4756 et
3296 4704 3547 4772 eremilae,
3606 4720 3739 4777 quos

2147 4787 2385 4845 mundus
2427 4791 2675 4864 despicit,
2712 4803 2765 4850 et
2812 4811 3024 4863 manus,
3086 4797 3139 4852 id
3198 4807 3282 4854 est
3309 4800 3504 4856 milites
3559 4804 3738 4875 Oppri-

2147 4893 2325 4940 munt.
2361 4888 2428 4942 Hi
2487 4889 2762 4961 recipiunt
2817 4891 2997 4948 cibum
3029 4893 3283 4965 spiritalis
3333 4895 3637 4953 doctrinae:
3684 4900 3738 4956 hi

2146 4992 2648 5043 sustentamentum
2697 4990 2976 5059 Ecclesiae,
3034 4992 3320 5065 signiﬁcati
3366 5012 3465 5065 per
3520 4984 3736 5069 Moysen

2146 5093 2394 5139 orantem
2427 5084 2483 5141 in
2540 5096 2744 5158 monte,
2790 5105 2892 5160 per
2926 5090 3236 5147 Samuelem
3276 5092 3628 5150 excubantem
3678 5096 3731 5152 in

2146 5174 2368 5244 templo,
2403 5191 2504 5245 per
2534 5176 2710 5231 Eliam
2770 5187 3067 5234 morantem
3099 5181 3154 5235 in
3183 5180 3425 5238 deserto.
3462 5182 3526 5238 Hi
3554 5184 3729 5255 porri-

2143 5273 2278 5336 gunt
2325 5264 2604 5335 spiritales
2654 5283 2850 5324 succos
2882 5269 3251 5341 superioribus
3302 5278 3356 5326 et
3386 5271 3729 5330 inferioribus

2143 5361 2425 5418 membris.
2462 5365 2557 5419 His
2587 5366 2841 5423 convenit
2872 5368 3018 5439 quod
3048 5368 3252 5425 dicitur
3281 5369 3575 5426 humanum
3606 5388 3731 5443 pau-

2142 5459 2223 5516 cis
2254 5460 2382 5517 vivit
2406 5479 2605 5536 genus,
2640 5464 2764 5537 quia
2797 5465 2901 5519 nisi
2934 5466 2985 5521 hi
3016 5474 3219 5534 essent,
3251 5468 3484 5523 mundus
3513 5468 3726 5539 periret,

2142 5549 2233 5606 vel
2265 5547 2507 5619 fulmine,
2540 5553 2627 5610 vel
2660 5554 2807 5609 hiatu
2865 5562 3046 5613 terrm.
3080 5555 3254 5612 Pedes
3292 5557 3378 5630 qui
3410 5565 3576 5613 totum
3602 5574 3725 5615 eor-

2138 5666 2240 5721 pus
2269 5659 2507 5723 portant,
2539 5661 2663 5709 sunt
2694 5653 2905 5721 rustici,
2938 5655 3009 5711 de
3066 5671 3304 5728 quorum
3330 5656 3520 5713 labore
3546 5657 3726 5713 vivunt

434 5747 551 5790 ram
572 5737 663 5793 ubi
692 5747 871 5809 portet
900 5756 1099 5811 panem
1128 5757 1309 5798 suum.
1343 5740 1405 5798 In
1463 5742 1712 5801 Ecclesia
1767 5745 1870 5801 Dei
1913 5756 2037 5804 sunt
2136 5762 2329 5805 omnes
2358 5749 2622 5821 praedicti.
2684 5752 2796 5808 Hos
2823 5767 3037 5819 manus,
3095 5753 3149 5808 id
3176 5761 3260 5810 est
3312 5752 3510 5810 milites
3538 5770 3722 5826 perse-

435 5834 741 5905 praedones,
768 5836 880 5908 lupi
908 5837 1137 5907 scilicet,
1170 5847 1366 5895 contra
1394 5855 1535 5912 quos
1563 5840 1905 5900 necessarius
1935 5849 2024 5901 est

2138 5848 2385 5911 quuntur
2414 5840 2633 5911 rapina,
2665 5840 2874 5913 gladio,
2906 5843 3187 5910 incendio,
3210 5843 3263 5898 in
3294 5857 3576 5899 carcerem
3607 5844 3721 5899 mit-

434 5922 607 5991 canis,
624 5922 681 5980 id
711 5932 794 5979 est
821 5923 1047 5982 latratus
1062 5941 1277 6000 asperae
1307 5929 1691 6001 correptionis,
1727 5940 1781 5987 et
1810 5932 2035 5990 eommi-
2135 5944 2272 6006 tunt,
2328 5938 2688 6011 compedibus
2734 5939 3016 6013 deputant,
3076 5942 3142 6007 ad
3188 5940 3587 6025 redemptiones
3628 5958 3717 6000 co-
