3924 6400
422 442 557 497 1051

1519 444 1873 504 WERNERI
1938 444 2230 505 ABBATIS
2264 446 2326 503 S.
2379 446 2634 505 BLAS".

3593 453 3726 508 1052

413 564 598 623 tiendo
625 566 917 625 essentiam
945 582 1056 626 non
1087 567 1373 641 acquirunt
1404 585 1417 641 ;
1468 570 1539 627 ad
1592 572 1820 628 nihilum
1878 572 2025 630 enim
2054 573 2109 636 A
2137 573 2267 630 dare
2296 573 2541 631 subditos
2568 579 2837 646 poterant,
2859 574 2984 632 inde
3033 574 3213 648 potius
3254 575 3556 636 vulnerant.
3601 575 3728 633 ideo

415 655 642 713 tendunt
671 657 932 725 haeretici,
961 658 1169 731 ingenti
1210 659 1389 716 studio
1441 660 1722 717 mendacia
1776 678 1876 718 sua
1935 663 2025 718 di-

415 753 586 815 scunt,
610 753 665 801 et
690 746 879 803 labore
906 749 1239 816 vehementi,
1267 766 1336 805 ne
1366 750 1436 806 ad
1463 751 1725 807 unitatem
1770 752 2027 808 Ecclesiae

420 835 658 900 veniant,
691 835 984 893 decertant.
1014 837 1097 892 De
1128 840 1326 910 quibus
1366 856 1466 912 per
1515 842 1839 912 prOphetam
1890 858 2027 898 con-

422 948 560 1006 grue
585 932 780 989 dicitur
811 953 822 990 :
851 956 874 983 ι
908 936 1483 1011 Docueruntlinguam
1503 955 1656 994 suam
1680 940 1827 1011 loqui
1847 954 2028 995 mem-

425 1021 659 1089 dacium,
694 1030 748 1077 et
768 1031 824 1079 ut
841 1025 1024 1095 inique
1044 1036 1273 1100 agerent
1291 1028 1671 1085 laboraverunt
1695 1031 1832 1097 (Jer.
1864 1029 1963 1095 rx),
2002 1051 2024 1078 ι

425 1111 555 1168 dum
604 1112 840 1168 vicissim
896 1115 1133 1172 haeretici
1168 1133 1227 1173 se
1279 1125 1466 1174 mutuo
1522 1118 1761 1175 lacerant
1814 1117 2031 1189 quando

422 1200 735 1258 alterutrum
784 1219 905 1261 sese
956 1205 1013 1260 in
1065 1206 1314 1279 proprias
1358 1215 1534 1264 sectas
1596 1207 1878 1264 inducunt.
1943 1208 2033 1265 Sic

425 1306 604 1356 tamen
632 1300 866 1358 invicem
888 1302 1153 1360 collidunt
1178 1321 1317 1372 sese,
1364 1313 1423 1362 ut
1477 1313 1665 1363 contra
1730 1306 2032 1363 Ecclesiam

428 1389 547 1461 pari
577 1392 774 1447 erroris
804 1392 996 1461 spiritu
1023 1394 1318 1462 decertant,
1372 1403 1426 1451 et
1481 1396 1570 1467 qui
1626 1396 1859 1453 invicem
1912 1402 2037 1451 sunt

425 1476 585 1533 divisi
642 1480 699 1535 in
778 1480 1160 1539 adversitatem
1233 1484 1507 1559 Ecclesia,
1574 1485 1735 1540 simul
1804 1485 2035 1545 existant

421 1566 579 1623 uniti.
615 1568 707 1625 Eis
737 1578 917 1626 autem
950 1571 1286 1645 quibus,pro
1307 1589 1373 1630 eo
1394 1574 1540 1645 quod
1580 1582 1784 1630 tantum
1818 1574 2036 1634 valeant

421 1662 673 1736 luereses,
704 1667 956 1745 videntur
984 1670 1183 1727 habere
1213 1672 1516 1740 veritatem,
1550 1676 1657 1731 hoc
1686 1672 2032 1745 responden-

423 1752 552 1810 dum
584 1763 666 1812 est
696 1776 713 1811 :
738 1757 884 1815 Num
914 1758 1038 1817 ideo
1067 1761 1225 1818 saluti
1269 1764 1621 1835 praeponendi
1650 1771 1773 1820 sunt
1823 1762 2028 1831 morbi,

424 1844 551 1914 quia
581 1846 900 1919 plerumque
930 1849 1003 1905 ita
1039 1851 1363 1924 generaliter
1417 1852 1678 1910 mundum
1734 1858 2020 1926 occupant,

424 1941 483 1989 ut
509 1950 741 2005 parvum
769 1937 948 1993 locum
979 1939 1138 1996 saluti
1165 1941 1473 2013 relinquant
1501 1943 1530 1996 ?

432 2061 509 2118 De
527 2063 934 2123 ecclesiasticis
963 2065 1306 2133 doctoribus,
1338 2068 1404 2126 de
1426 2068 1690 2127 doctrina
1734 2072 1793 2127 et
1834 2085 2033 2129 eorum

1068 2167 1370 2239 exemplis.

501 2281 918 2346 Ecclesiasticus'
964 2289 1156 2347 doctor
1206 2292 1315 2347 lam
1372 2286 1616 2352 doctrina
1689 2308 1851 2368 quam
1921 2288 2034 2354 vita

432 2376 637 2434 clarere
666 2377 851 2434 debet.
883 2379 1024 2435 Nam
1068 2380 1313 2439 doctrina
1363 2384 1479 2439 sine
1533 2385 1645 2442 vita
1688 2394 2032 2460 arrogantem

431 2466 611 2531 reddit
639 2485 654 2539 ;
687 2468 799 2529 vita
826 2468 944 2530 sine
970 2469 1214 2533 doctrina
1241 2471 1484 2533 inutilem
1532 2474 1678 2534 facit.
1727 2475 2034 2537 Sacerdotis

433 2562 755 2638 praedicatio
778 2564 1035 2639 operibus
1071 2565 1441 2626 conﬁrmanda
1494 2576 1589 2640 est,
1650 2568 1725 2626 ita
1776 2576 1835 2626 ut
1886 2567 2033 2643 quod

431 2652 592 2720 docet
623 2654 813 2735 verbo,
866 2654 1159 2722 instruatur
1212 2654 1491 2738 ekefnplo.
1557 2654 1697 2724 Vera
1750 2664 1832 2724 est
1885 2657 2029 2724 enim

431 2751 525 2812 illa
545 2752 809 2822 doctrina,
841 2770 1005 2828 quam
1059 2756 1279 2814 vivendi
1333 2757 1573 2830 sequitur
1624 2758 1825 2816 forma.
1888 2758 2030 2815 Nam

433 2844 569 2901 nihil
600 2845 807 2916 turpius
851 2852 932 2902 est
987 2863 1148 2917 quam
1202 2847 1247 2903 si
1294 2847 1499 2904 bonum
1549 2848 1695 2920 quod
1745 2848 2030 2920 quisquam

433 2934 693 3007 praedicat
736 2935 957 3008 explere
994 2950 1159 3009 Opere
1202 2937 1453 3011 negligit.
1503 2939 1654 2995 Tunc
1714 2938 2028 3009 praedicatio

430 3034 634 3091 utiliter
684 3034 958 3107 profertur
986 3074 1002 3103 ,
1052 3035 1269 3106 quando
1323 3034 1612 3093 efficaciter
1669 3037 2018 3110 adimpletur.

433 3123 810 3195 Unusquisque
863 3123 1053 3180 doctor
1105 3130 1159 3181 et
1213 3124 1373 3182 bona
1426 3126 1672 3194 actionis,
1748 3134 1803 3182 et
1868 3127 2029 3184 bona

431 3212 831 3287 praedicationis
858 3212 1061 3270 habere
1101 3212 1264 3270 debet
1306 3214 1562 3271 studium.
1609 3215 1751 3271 Nam
1799 3216 2026 3272 alterum

427 3302 546 3360 sine
572 3303 744 3360 altero
772 3319 881 3359 non
911 3302 1040 3359 facit
1056 3303 1378 3374 perfectum,
1409 3305 1505 3361 sed
1550 3305 1821 3377 praecedet
1850 3306 2028 3376 justus
2054 3321 2105 3386 α

428 3398 570 3456 bene
595 3415 779 3473 agere,
809 3407 868 3456 ut
894 3408 1182 3471 sequenter
1211 3402 1379 3475 possit
1423 3401 1564 3459 bene
1605 3404 1820 3460 docere.
1880 3403 2032 3460 Sicut

427 3486 485 3545 in
510 3488 837 3546 numismate
863 3490 1162 3558 metallum,
1194 3505 1250 3546 et
1277 3491 1489 3564 pondus
1535 3499 1588 3549 et
1628 3491 1802 3566 ﬁgura
1844 3493 2032 3564 inqui-

431 3578 585 3647 ritur,
617 3577 693 3634 ita
721 3578 780 3633 in
809 3580 958 3636 omni
987 3578 1211 3637 doctore
1253 3580 1614 3638 ecclesiastico
1661 3583 1791 3653 quid
1832 3599 2033 3654 sequa-

434 3674 536 3734 tur,
560 3668 689 3739 quid
706 3667 918 3739 doceat,
943 3669 1219 3740 quomodo
1234 3670 1406 3726 vivat.
1430 3671 1533 3727 Per
1552 3672 1863 3742 qualitatem
1918 3671 2032 3745 igi-

433 3775 518 3825 tur
544 3767 748 3825 metalli
777 3768 1043 3835 doctrina,
1064 3781 1173 3841 ‘per
1197 3769 1428 3843 ﬁguram
1456 3770 1751 3828 similitudo
1796 3780 2029 3844 patrum,

429 3872 528 3931 per
553 3858 765 3931 pondus
784 3858 1063 3915 humilitas
1091 3858 1437 3932 designatur.
1472 3858 1579 3930 Qui
1637 3875 1766 3917 vero
1822 3860 1891 3916 ab
1948 3861 2033 3917 his

429 3947 598 4003 tribus
624 3947 1030 4019 discrepaverit,
1054 3963 1164 4005 non
1192 3949 1495 4018 metallum,
1526 3949 1624 4005 sed
1655 3956 1796 4006 terra
1825 3949 1950 4006 erit.

499 4053 775 4112 Interdum
847 4055 1084 4112 doctoris
1158 4055 1291 4112 vitio
1364 4072 1530 4113 verax
1599 4056 1719 4127 ipsa
1790 4056 2034 4113 doctrina

430 4142 658 4213 vilescit,
711 4151 765 4201 et
818 4145 909 4216 qui
965 4160 1073 4202 non
1127 4145 1265 4202 vivit
1317 4145 1455 4201 sicut
1512 4145 1715 4213 docet,
1776 4146 2034 4219 praedicat

430 4232 711 4289 veritatem
741 4233 1204 4306 contemptibilem
1237 4234 1391 4290 facit.
1428 4237 1598 4290 Arcus
1623 4232 1907 4306 perversus
1954 4242 2035 4291 est

429 4320 618 4395 lingua
648 4323 1032 4396 magistrorum
1081 4323 1397 4381 docentium
1430 4323 1568 4380 bene
1625 4331 1679 4379 et
1734 4324 2032 4380 viventium

435 4419 597 4487 male,
631 4426 684 4475 et
712 4419 836 4475 ideo
858 4420 1008 4491 quasi
1035 4435 1101 4477 ex
1130 4437 1384 4493 perverso
1434 4437 1563 4477 arcu
1606 4422 1829 4496 sagittas
1868 4422 2033 4477 emit-

435 4515 570 4578 tunt,
603 4508 734 4565 dum
759 4525 912 4565 suam
944 4526 1165 4583 pravam
1195 4510 1361 4567 vitam
1392 4526 1622 4585 prapere
1650 4512 1850 4585 linguae
1905 4527 2033 4567 arcu

433 4598 771 4655 confodiunt.
804 4597 909 4669 Qui
938 4599 1079 4655 bene
1107 4600 1283 4669 docet,
1317 4609 1370 4657 et
1396 4602 1537 4659 male
1564 4601 1719 4670 vivit,
1752 4600 1896 4673 quod
1941 4601 2031 4655 di-

2132 672 2247 728 sine
2277 688 2531 728 mensura
2579 673 2854 729 ulciscitur
2903 675 3090 747 culpas
3143 676 3462 749 praepositus
3514 675 3728 733 iracun-

2134 761 2253 829 dus,
2283 762 2409 832 quia
2437 777 2533 817 cor
2560 761 2678 832 ejus
2734 762 3036 834 dispersum
3092 764 3148 820 in
3202 781 3380 820 rerum
3434 765 3571 822 curis
3620 780 3728 821 non

2136 850 2408 924 colligitur
2426 851 2482 906 in
2511 866 2753 907 amorem
2783 852 2942 909 unius
2982 853 3217 931 deitatis.
3261 855 3413 910 Mens
3456 855 3599 910 enim
3641 869 3730 910 so-

2136 949 2248 1004 luta
2290 949 2347 1004 in
2402 948 2631 1006 diversis
2677 966 2789 1006 non
2841 950 3152 1024 astringitur
3202 958 3392 1008 catena
3443 951 3728 1021 charitatis,

2136 1036 2234 1095 sed
2262 1038 2406 1094 male
2437 1038 2616 1094 laxata
2639 1038 2782 1095 male
2811 1040 2879 1095 ad
2910 1056 3127 1097 omnem
3157 1040 3491 1097 occasionem
3537 1056 3728 1098 move-

2137 1134 2241 1183 tur.
2272 1129 2454 1184 Bonus
2480 1136 2657 1185 rector
2687 1137 2768 1185 est
2794 1129 2885 1201 qui
2933 1130 2989 1185 in
3030 1130 3329 1186 humilitate
3374 1129 3728 1201 disciplinam,

2138 1232 2194 1281 et
2211 1241 2310 1296 per
2355 1225 2703 1296 disciplinam
2749 1242 2860 1282 non
2916 1226 3139 1284 incurrit
3191 1227 3526 1300 superbiam.
3586 1225 3728 1283 Elati

2140 1322 2319 1370 autem
2350 1322 2594 1386 pastores
2623 1316 2812 1388 plebes
2840 1316 3112 1388 tyrannice
3156 1325 3427 1388 premunt,
3479 1332 3588 1373 non
3634 1333 3727 1372 re-

2138 1411 2278 1477 gunt
2301 1403 2427 1475 quia
2457 1419 2568 1459 non
2620 1404 2719 1461 Dei
2775 1405 2872 1462 sed
2927 1422 3080 1462 suam
3134 1406 3365 1480 gloriam
3423 1422 3457 1463 a
3504 1404 3731 1462 subditis

2142 1500 2394 1574 exigunt.
2417 1501 2567 1557 Multi
2587 1509 2712 1558 sunt
2737 1502 2830 1574 qui
2882 1503 3051 1560 verbo
3102 1503 3360 1561 doctrinm
3402 1518 3511 1561 non
3557 1502 3731 1559 humi.

2140 1589 2221 1646 les
2247 1589 2343 1645 sed
2377 1598 2695 1664 arrogantes
2724 1592 2978 1660 existunt,
3007 1593 3205 1664 quique
3248 1593 3369 1666 ipsa
3415 1599 3557 1649 recta
3608 1607 3730 1663 qua

2139 1677 2457 1751 praedicant,
2486 1695 2597 1736 non
2624 1680 2800 1737 studio
2822 1681 3187 1751 correctionis,
3237 1680 3332 1738 sed
3374 1680 3504 1739 vitio
3547 1680 3731 1737 elatio-

2142 1776 2226 1832 nis
2254 1777 2592 1833 annuntiant.
2615 1777 2770 1834 Multi
2795 1786 2919 1834 sunt
2947 1778 3037 1850 qui
3067 1793 3177 1834 non
3204 1793 3272 1835 ex
3307 1777 3549 1835 consultu
3590 1775 3729 1833 adi-

2146 1863 2364 1934 ﬁcandi,
2397 1864 2494 1922 sed
2522 1882 2590 1922 ex
2621 1872 2831 1924 tumore
2857 1865 3203 1940 superbiendi
3246 1866 3478 1924 docent:
3533 1882 3631 1923 nec
3670 1873 3734 1923 ut

2057 1961 2110 2022 Β
2141 1956 2346 2028 prosint
2373 1954 2645 2028 sapientes
2673 1962 2815 2026 sunt,
2873 1954 2970 2013 sed
3022 1964 3082 2012 ut
3134 1956 3404 2027 sapientes
3457 1955 3736 2013 videantur

2138 2050 2333 2109 docere
2361 2053 2601 2111 student.
2654 2054 2955 2111 Estimatio
3003 2071 3170 2126 prava
3224 2052 3589 2127 arrogantium
3634 2068 3730 2109 sa-

2140 2141 2416 2199 cerdotum
2448 2158 2547 2216 per
2575 2160 2736 2216 quam
2779 2144 3057 2201 imitantur
3093 2152 3306 2201 sanctos
3340 2143 3519 2217 rigore
3562 2141 3730 2198 disci—

2139 2226 2323 2304 plinae,
2366 2233 2418 2287 et
2440 2233 2594 2303 sequi
2624 2232 2910 2307 negligunt
2944 2233 3218 2290 charitatis
3258 2230 3610 2300 aﬁ'ectionem,
3655 2229 3735 2287 vi-

2140 2321 2257 2385 deri
2284 2330 2549 2403 appetunt
2574 2320 2739 2405 rigidi
2767 2321 3073 2399 severitate,
3131 2339 3187 2387 et
3240 2326 3468 2387 formam
3523 2316 3731 2386 humili-

2141 2420 2263 2475 tatis
2291 2426 2622 2494 praesentare
2651 2428 2944 2492 nequeunt,
2983 2427 3042 2476 ut
3068 2420 3245 2495 magis
3273 2419 3534 2477 terribiles
3573 2434 3736 2491 quam

2138 2511 2299 2568 mites
2326 2510 2632 2568 videantur.
2664 2509 2894 2581 Superbi
2942 2510 3192 2567 doctores
3233 2510 3513 2567 vulnerare
3557 2508 3735 2581 potius

2140 2624 2303 2681 quam
2351 2608 2644 2665 emendare
2689 2616 2904 2679 norunt,
2966 2608 3258 2665 Salomone
3302 2612 3600 2676 atteslante,
3642 2603 3734 2676 qui

2139 2699 2250 2755 ait:
2288 2722 2311 2749 α
2345 2700 2407 2754 In
2436 2714 2532 2756 ore
2558 2699 2705 2754 stulti
2732 2699 2889 2772 virga
2907 2697 3175 2769 superbiae
3194 2698 3377 2765 (Prov.
3410 2697 3544 2767 xxv),
3561 2718 3585 2744 ιι
3609 2694 3734 2767 quia

2136 2787 2466 2859 increpando
2495 2787 2670 2861 rigide
2698 2786 2919 2854 feriunt,
2950 2794 3004 2843 et
3047 2786 3284 2858 compati
3328 2784 3599 2843 humiliter
3641 2799 3734 2839 ne-

2134 2886 2329 2942 sciunt.
2361 2886 2506 2942 Bene
2561 2885 2723 2941 alieni
2779 2884 2987 2957 peccati
3041 2882 3279 2942 curanda
3329 2882 3461 2939 vitia
3513 2880 3734 2953 suscipit

2137 2977 2228 3048 qui
2248 2977 2353 3032 hoc
2382 2993 2451 3031 ex
2476 2975 2656 3033 cordis
2709 2974 2997 3031 dilectione
3059 2980 3114 3031 et
3168 2972 3357 3029 humili
3410 2970 3736 3028 conscientia

2137 3064 2286 3122 facit.
2319 3065 2587 3122 Ceterum
2606 3064 2698 3136 qui
2722 3064 3123 3135 delinquentem
3150 3061 3381 3133 superbo
3417 3060 3504 3132 vel
3546 3058 3732 3116 odioso

2136 3163 2319 3220 animo
2378 3162 2618 3236 corripit,
2650 3177 2760 3219 non
2815 3160 3087 3230 emendat,
3131 3158 3227 3216 sed
3276 3158 3521 3230 percutit.
3568 3155 3735 3227 Quid-

2136 3252 2266 3324 quid
2294 3251 2438 3307 enim
2469 3259 2750 3324 protervus
2775 3249 2864 3309 vel
2911 3248 3222 3323 indignatus
3246 3247 3456 3305 animus
3498 3244 3734 3318 protule-

2134 3341 2205 3399 rit
2230 3342 2381 3399 furor
2399 3349 2479 3398 est
2505 3339 2841 3415 objurgantis
2879 3354 2894 3410 ;
2952 3355 3067 3396 non
3120 3336 3336 3395 dilectio
3391 3334 3729 3411 corrigentis.

2824 3488 3051 3530 DIVlBlO.

2209 3600 2332 3658 Non
2365 3599 2620 3656 omnibus
2639 3613 2748 3654 una
2795 3597 3092 3669 eademque
3139 3595 3381 3653 doctrina
3435 3600 3514 3652 est
3566 3591 3727 3650 adbi-

2138 3690 2339 3759 benda,
2371 3690 2465 3744 sed
2499 3705 2598 3760 pro
2628 3688 2885 3760 qualitate
2914 3703 3126 3743 morum
3173 3685 3385 3742 diversa
3436 3682 3731 3740 exhortatio

2139 3780 2239 3838 erit
2266 3778 2551 3835 dictorum.
2572 3778 2713 3834 Nam
2737 3776 2997 3849 quosdam
3019 3775 3313 3848 increpatio
3360 3774 3512 3839 dura,
3563 3786 3725 3844 quos-

2138 3876 2265 3933 dam
2294 3893 2424 3933 vero
2454 3876 2757 3932 exhortatio
2812 3873 3014 3930 blanda
3066 3871 3313 3947 corrigit.
3378 3870 3525 3927 Sicut
3576 3867 3731 3942 periti

2137 3966 2335 4023 medici
2364 3965 2433 4021 ad
2464 3965 2643 4021 varios
2671 3964 2912 4037 corporis
2953 3963 3176 4019 morbos
3232 3961 3442 4017 diverso
3489 3957 3729 4015 medica-

2137 4056 2283 4111 mine
2315 4054 2573 4121 serviunt,
2607 4054 2681 4110 ita
2700 4060 2779 4123 ut,
2798 4052 2959 4124 juxta
2988 4051 3271 4109 vulnerum
3299 4049 3599 4115 varietates,
3620 4062 3732 4102 me-

2137 4152 2317 4209 dicina
2346 4152 2562 4208 diversa
2589 4152 2676 4219 sit,
2738 4151 2814 4206 ita
2867 4157 2922 4207 et
2964 4149 3155 4206 doctor
3203 4146 3455 4203 Ecclesia
3507 4143 3731 4217 singulis

2138 4242 2440 4313 quibusque
2470 4256 2771 4314 congruum
2827 4238 3086 4296 doctrinae
3140 4236 3437 4293 remedium
3493 4233 3728 4300 adhibet,

2137 4338 2191 4388 et
2220 4331 2349 4403 quid
2406 4331 2600 4403 cuique
2657 4336 2922 4401 oporteat,
2983 4342 3081 4401 pro
3136 4327 3309 4384 aetatis
3360 4340 3612 4397 processu
3666 4337 3729 4379 ac

2138 4429 2475 4502 professione
2506 4427 2865 4484 annuntiabit.
2895 4428 3017 4483 Non
3047 4425 3299 4482 omnibus
3324 4439 3390 4479 ea
3440 4437 3559 4495 qua
3607 4426 3728 4477 sunt

2137 4519 2340 4587 clausa,
2371 4517 2667 4591 aperienda
2693 4523 2843 4573 sunt.
2882 4515 3018 4571 Sunt
3072 4514 3216 4571 enim
3272 4511 3443 4579 multi,
3499 4509 3589 4581 qui
3640 4524 3729 4565 ca-

2138 4598 2265 4682 pere
2294 4623 2401 4664 non
2432 4614 2676 4680 possunt.
2707 4604 2918 4675 Quibus
2964 4604 3009 4660 si
3051 4602 3335 4660 indiscrete
3377 4599 3726 4656 manifesten-

431 4688 504 4745 cit
531 4687 673 4746 bene
700 4689 1006 4746 viventibus
1035 4688 1291 4763 proﬁcit;
1326 4691 1471 4762 quod
1513 4706 1643 4747 vero
1687 4690 1829 4746 male
1874 4690 2027 4759 vivit,
2058 4688 2112 4751 D
2142 4714 2243 4772 tur.
2302 4705 2481 4762 statim
2538 4713 2631 4761 aut
2685 4704 2974 4760 detrahunt
3024 4709 3116 4758 aut
3170 4700 3474 4774 negligunt.
3553 4696 3727 4753 Prima

430 4786 669 4860 seipsum
700 4786 915 4843 occidit.
948 4787 1007 4844 Si
1035 4788 1288 4845 sacerdos
1313 4789 1627 4862 dignissime
1657 4788 1789 4862 agit,
1835 4794 1895 4843 ut
1936 4803 2031 4843 sa-

430 4877 704 4933 cerdotem
734 4877 907 4943 decet,
958 4878 1313 4934 ministerium
1371 4878 1489 4948 ejus
1544 4885 1599 4933 et
1648 4878 1751 4950 ipsi
1809 4885 1863 4933 et
1915 4877 2035 4933 aliis

431 4968 563 5024 utile
591 4975 688 5024 est.
721 4967 954 5041 Indigne
982 4975 1165 5025 autem
1206 4968 1416 5035 vivens,
1457 4968 1578 5024 aliis
1624 4967 1841 5039 quidem
1888 4966 2034 5022 utilis

432 5064 513 5114 est
539 5057 850 5129 loquendo;
882 5074 940 5113 se
961 5066 1142 5113 autem
1174 5056 1423 5114 interﬁcit
1459 5058 1602 5114 male
1648 5056 1880 5115 vivendo
1908 5077 1921 5114 :
1969 5073 2035 5113 ac

432 5170 530 5228 per
557 5155 660 5211 hoc
689 5153 916 5227 quodin
948 5154 1041 5209 illo
1080 5161 1353 5210 mortuum
1411 5162 1509 5224 est,
1576 5154 1856 5226 proprium
1915 5152 2034 5222 ejus

433 5244 717 5316 est;q'uod
736 5259 867 5301 vero
891 5244 1023 5300 vivit
1042 5243 1097 5299 in
1133 5260 1217 5313 eo,
1260 5243 1383 5300 ideo
1418 5258 1629 5300 sacrum
1678 5243 2032 5300 ministerium

435 5334 670 5390 alienum
699 5341 798 5391 est.
829 5332 934 5404 Qui
970 5333 1111 5389 bene
1142 5332 1303 5390 docet
1338 5341 1393 5389 et
1430 5333 1574 5389 male
1617 5332 1767 5403 vivit,
1824 5333 2037 5389 videtur

433 5431 490 5478 ut
516 5438 732 5493 cereus,
756 5423 986 5495 quialiis
1005 5422 1208 5479 bonum
1234 5422 1477 5496 exponit,
1515 5423 1691 5479 lucem
1730 5430 1984 5496 βαρεῖαι-θ
2017 5436 2031 5492 ;

439 5535 496 5575 se
525 5537 657 5578 vero
690 5521 749 5577 in
776 5521 937 5578 malis
972 5521 1083 5577 suis
1127 5536 1465 5590 consumere,
1513 5529 1673 5593 atque
1718 5521 2035 5596 exstingue-

441 5607 646 5679 re.Qui
683 5608 824 5665 bene
851 5610 1012 5667 docet
1038 5618 1093 5666 et
1118 5609 1261 5666 male
1288 5608 1446 5679 vivit,
1493 5609 1697 5666 bonum
1744 5609 1891 5666 malo
1944 5608 2034 5666 vi-

447 5692 597 5752 detur
622 5699 974 5771 conjungere,
1022 5698 1196 5755 lucem
1244 5697 1479 5755 tenebris
1514 5699 1887 5767 commiscere,
1934 5713 2034 5757 ve-

449 5781 657 5841 ritatem
694 5786 981 5843 mendacio
1008 5796 1234 5845 mutare.

510 5889 763 5947 Iracundi
792 5890 1043 5947 doctores
1087 5910 1186 5967 per
1237 5892 1446 5951 rabiem
1493 5892 1689 5951 furoris
1740 5891 2041 5966 disciplinae

450 5977 673 6037 lnodum
704 5978 773 6036 ad
801 5979 1193 6039 immanitatem
1213 5988 1551 6053 convertunt,
1590 5990 1644 6039 et
1670 5982 1812 6040 unde
1850 5997 2042 6039 emen-

2139 4796 2342 4869 quippe
2371 4793 2668 4868 prudentia:
2697 4793 2864 4849 virtus
2892 4800 2971 4848 est
2996 4808 3117 4847 eam
3149 4789 3328 4864 quand
3352 4788 3542 4845 docere
3569 4801 3726 4857 opor-

2141 4892 2248 4941 teat
2275 4885 2542 4942 aestimare
2571 4899 2877 4957 personam.
2908 4880 3152 4938 Rudibus
3206 4878 3423 4952 populis
3473 4893 3567 4933 seu
3616 4890 3726 4931 car-

2138 4983 2354 5039 nalibus
2381 4983 2543 5055 plana
2568 4989 2731 5053 atque
2758 4980 3091 5049 communia,
3146 4993 3257 5035 non
3310 4992 3519 5033 summa
3572 4981 3725 5044 atque

2140 5068 2306 5124 ardua
2350 5066 2698 5138 praedicanda
2753 5073 2896 5134 sunt,
2953 5082 3021 5120 ne
3068 5061 3424 5119 immensitate
3477 5059 3726 5117 doctrinae

2141 5157 2516 5229 Opprimantur
2565 5156 2744 5228 potius
2800 5170 2963 5226 quam
3019 5152 3350 5209 erudiantur.
3422 5147 3728 5206 Carnutibus

2143 5255 2344 5328 quippe
2373 5253 2589 5320 animis,
2623 5269 2723 5309 nec
2778 5252 2886 5308 alta
2931 5250 3093 5306 nimis
3147 5248 3215 5306 de
3259 5244 3575 5316 caelestibus,
3633 5258 3729 5300 nec

2142 5353 2357 5402 terrena
2402 5342 2659 5401 convenit
2709 5341 3024 5415 praedicare,
3093 5338 3189 5396 sed
3250 5334 3603 5401 mediocriter,
3674 5338 3730 5388 ut

2143 5433 2275 5492 vitia
2317 5449 2505 5491 eorum
2552 5447 2838 5503 moresque
2895 5445 3080 5486 eorum
3136 5425 3441 5484 desiderant
3490 5421 3723 5481 edoceri.

2144 5532 2352 5591 Corvus
2380 5531 2510 5588 dum
2539 5530 2717 5604 pullos
2744 5545 2870 5586 suos
2909 5527 3103 5584 viderit
3155 5525 3264 5582 albi
3314 5521 3526 5591 coloris,
3580 5518 3734 5576 nullis

2146 5637 2240 5680 eos
2270 5621 2409 5679 cibis
2437 5621 2551 5687 alit,
2598 5619 2694 5675 sed
2736 5626 2942 5674 tantum
2997 5614 3240 5681 attendit,
3299 5612 3469 5669 donec
3518 5617 3732 5684 paterno

2145 5712 2328 5769 colore
2359 5711 2689 5784 nigrescant,
2721 5715 2775 5765 et
2810 5706 2888 5763 sic
2916 5706 3037 5761 illos
3064 5701 3328 5774 frequenti
3370 5700 3491 5758 cibo
3538 5697 3725 5755 reﬁcit.

2143 5802 2227 5858 Ita
2254 5808 2305 5857 et
2334 5807 2581 5856 strenuus
2607 5796 2798 5854 doctor
2826 5794 3100 5863 Ecclesiae,
3160 5791 3260 5847 nisi
3314 5805 3408 5847 eos
3461 5804 3595 5860 quos
3647 5785 3737 5842 do-

2148 5890 2318 5948 cuerit
2360 5889 2556 5947 viderit
2610 5886 2679 5944 ad
2732 5902 2887 5943 suam
2942 5881 3351 5942 similitudinem
3433 5876 3739 5950 poenitentia

2148 5978 2506 6039 confessionis
2533 5991 2794 6048 crescere,
2836 5982 2909 6046 et,
2961 5973 3138 6033 nitore
3192 5968 3432 6030 secuisti
3482 5966 3737 6042 deposito,
