3924 6406
122 475 257 528 1053

1090 466 1678 526 DEFLORATIONES
1709 465 1808 521 SS.
1839 463 2147 520 PATRUM.
2178 491 2248 505 -—
2275 461 2412 518 LIB.
2444 463 2520 517 II.

3310 457 3450 512 1054

124 595 548 653 lamentationis
581 597 837 654 habitum
893 595 960 650 de
989 594 1196 666 peccati
1227 591 1610 648 recordatione
1666 589 1754 645 in-
1783 589 1843 653 Α
1871 587 2137 644 doctrina:
2166 588 2397 643 verbum
2441 587 2590 652 dare,
2621 585 2707 643 vel
2731 585 2820 642 cui
2872 583 3106 650 auferre,
3136 589 3188 639 et
3225 582 3348 651 hoc,
3381 589 3470 636 aut

126 688 317 752 duere,
343 695 553 756 utputa
587 686 956 743 exterioribus
987 685 1190 749 adhuc,
1223 684 1277 737 id
1308 692 1390 737 est
1421 681 1754 746 carnalibus,

125 792 234 832 non
263 776 453 846 aperit
495 776 885 848 intelligentiae
936 773 1192 843 spiritalis
1249 771 1603 842 profundiora
1633 786 1755 840 my-

125 866 326 931 steria,
351 881 455 931 ne,
491 865 639 919 dum
671 864 855 918 audita
895 878 1004 917 non
1048 861 1289 931 capiunt,
1324 860 1445 930 plus
1497 858 1758 928 inripiant

125 961 521 1020 contemnere,
561 969 730 1025 quam
764 951 1013 1006 venerari
1043 951 1300 1004 mandata
1331 948 1602 1003 cmleslia.
1635 946 1757 999 Ali-

1865 695 1962 750 pro
1984 678 2236 741 dicentis,
2269 686 2362 732 aut
2392 692 2492 748 pro
2524 675 2798 730 audientis
2834 673 2887 728 tit
2933 671 3151 737 merito,
3184 680 3241 725 ut
3297 669 3462 726 modo

1865 783 1962 838 pro
2017 767 2174 836 culpa
2215 766 2392 836 plebis
2441 765 2720 818 auferatur
2747 778 2929 817 sermo
2970 761 3232 825 doetoris,
3292 759 3460 814 modo

1866 871 2110 925 vempro
2134 855 2355 908 utilibus
2385 854 2594 908 meritis
2642 852 2936 906 tribuatur.
3004 851 3141 904 Nam
3174 857 3226 903 et
3284 848 3459 902 bonus

1866 945 2025 1000 docet
2055 945 2275 1011 bonum,
2326 951 2379 997 et
2434 941 2607 996 malus
2665 941 2866 994 malum
2912 939 3104 1010 ;quod
3164 946 3345 991 tamen
3403 935 3464 989 ﬁt

123 1051 208 1098 ter
237 1042 540 1113 agendum
586 1051 670 1096 est
694 1058 823 1114 erga
857 1056 952 1096 eos
982 1040 1073 1108 qui
1103 1047 1290 1094 nostro
1349 1036 1760 1092 committuntur
1861 1035 2022 1102 juxta
2076 1033 2328 1087 meritum
2383 1030 2734 1101 populorum.
2805 1030 2927 1082 Non
2987 1027 3172 1082 omnia
3209 1033 3458 1094 tempora

129 1132 416 1204 regimini,
457 1132 510 1186 si
545 1131 860 1194 oﬁ'endunt,
896 1138 1058 1200 atque
1079 1128 1238 1183 aliter
1268 1142 1392 1182 cum
1424 1126 1508 1179 his
1538 1126 1629 1196 qui
1656 1139 1756 1178 no—

124 1221 208 1275 bis
237 1219 549 1277 commissi
609 1235 720 1274 non
751 1225 900 1273 sunt.
960 1216 1062 1286 Qui
1090 1215 1224 1285 justi
1251 1223 1395 1282 sunt,
1455 1212 1757 1269 venerandi

127 1316 257 1364 sunt
288 1324 303 1377 ;
340 1309 391 1363 si
419 1324 568 1364 vero
602 1308 942 1378 delinquunt,
992 1321 1093 1377 pro
1109 1305 1222 1359 sola
1245 1303 1528 1369 charitate,
1585 1310 1642 1356 ut
1670 1301 1756 1356 Io-

126 1415 221 1456 cus
252 1406 357 1464 est,
394 1397 757 1468 corripiendi
812 1403 936 1450 sunt
969 1412 982 1456 ;
1016 1409 1122 1448 non
1153 1404 1334 1448 tamen
1370 1407 1495 1447 cum
1554 1389 1758 1445 severi-

129 1495 259 1551 tate,
287 1486 440 1542 sicut
465 1486 526 1540 hi
554 1485 820 1557 quinobis
849 1482 1076 1554 regendi
1109 1490 1232 1536 sunt
1263 1480 1561 1537 commissi.
1599 1480 1756 1533 Prius

127 1575 372 1632 docendi
405 1582 548 1630 sunt
583 1574 830 1630 seniores
880 1572 1077 1644 plebis,
1123 1580 1178 1625 ut
1207 1587 1304 1641 per
1333 1585 1428 1624 eos
1486 1567 1622 1623 infra
1653 1583 1756 1638 po-

127 1664 234 1729 siti,
270 1663 503 1720 facilius
545 1663 878 1718 doceantur.
945 1659 1232 1731 Ingenium
1263 1663 1462 1712 bonum
1519 1656 1757 1712 doctoris

127 1760 209 1808 est
266 1751 605 1823 incipientis
662 1767 695 1806 a
732 1749 988 1805 laudibus
1035 1764 1227 1803 eorum
1272 1763 1409 1818 quos
1467 1746 1758 1800 salubriter

132 1841 532 1912 objurgandos
566 1839 849 1911 corrigere
879 1838 1047 1908 cupit,
1079 1837 1216 1890 sicut
1247 1835 1537 1905 Apostolus
1569 1834 1758 1888 Corin-

1865 1132 2166 1193 congruunt
2208 1119 2494 1185 doctrinae,
2542 1118 2840 1173 secundum
2899 1115 3208 1172 Salomonis
3238 1121 3460 1168 senten-

1866 1211 1993 1267 tiam
2051 1200 2327 1266 dicentis:
2367 1227 2388 1260 (
2420 1209 2658 1278 Tempus
2716 1205 2950 1272 tacendi,
3013 1212 3066 1259 et
3095 1211 3314 1272 tempus
3368 1201 3456 1256 lo-

1866 1299 2065 1372 quendi
2100 1301 2302 1362 (Eccle.
2331 1300 2412 1366 v).
2457 1320 2478 1346 ι
2513 1297 2630 1351 Νοη
2679 1295 2896 1366 quidem
2928 1309 3026 1364 per
3055 1293 3327 1359 timorem,
3360 1290 3460 1345 sed

1865 1405 1965 1459 per
2015 1388 2421 1450 discretionem,
2456 1392 2680 1456 pr0pter
2723 1383 2993 1437 malorum
3050 1379 3458 1450 corruptibilem

1865 1477 2230 1548 iniquitatem,
2264 1489 2650 1544 nonnunquam
2681 1472 2887 1527 electos
2916 1478 3128 1540 oportet
3159 1485 3190 1523 a
3211 1467 3460 1523 doctrina

1866 1582 2107 1622 cessare.
2145 1563 2412 1618 Interdum
2444 1565 2699 1617 doctores
2743 1559 3006 1615 Ecclesiae
3036 1558 3221 1613 calore
3275 1554 3460 1611 chari-

1865 1657 1991 1708 tatis
2031 1654 2284 1708 ardentes
2315 1652 2707 1716 conticescunt,
2738 1657 2829 1704 aut
2864 1646 3133 1710 docendo,
3171 1645 3295 1717 quia
3351 1659 3460 1698 non

1867 1753 1946 1798 est
2004 1744 2095 1814 qui
2152 1742 2354 1806 audiat,
2413 1747 2641 1795 testante
2702 1735 3302 1808 prOpheta:Civitates
3357 1748 3460 1787 au-

1868 1833 1964 1886 stri
1986 1833 2189 1887 clausa:
2227 1838 2372 1895 sunt,
2405 1838 2455 1884 et
2485 1845 2598 1883 non
2631 1836 2713 1882 est
2744 1827 2835 1898 qui
2867 1825 3078 1897 aperiat
3099 1825 3234 1894 (lar.
3258 1822 3395 1890 xm).
3433 1841 3457 1871 ι

129 1929 276 1984 thios
319 1929 479 1994 facit,
518 1943 666 2000 quos
695 1943 728 1982 a
755 1927 1004 1982 laudibus
1052 1925 1293 1989 inchoat,
1346 1924 1444 1979 sed
1503 1923 1759 1992 increpa-
1787 1949 1840 2009 B
1869 1921 1974 1990 Qui
2004 1920 2234 1976 docendi
2267 1918 2462 1988 accipit
2518 1916 2778 1983 otficium,
2829 1914 3101 2009 interdum
3127 1912 3198 1967 ad
3246 1919 3462 2009 tempus

130 2019 374 2073 tionibus
411 2019 629 2088 probat
659 2018 707 2086 (Ι
739 2017 865 2074 Cor.
905 2021 972 2085 I).
1045 2015 1151 2070 Sed
1189 2021 1343 2068 erant
1389 2013 1528 2083 apud
1563 2012 1748 2066 Corin-

129 2105 280 2161 thios
310 2107 409 2178 qui
466 2114 527 2162 et
560 2105 815 2161 laudibus
870 2113 921 2159 et
950 2102 1413 2173 increpationibus
1465 2100 1616 2171 digni
1674 2117 1758 2155 es-

135 2203 281 2250 sent.
316 2195 421 2250 Ille
473 2210 622 2250 vero
651 2194 942 2248 indiscrete
981 2193 1059 2246 sic
1082 2207 1235 2262 aeque
1265 2191 1520 2246 omnibus
1576 2189 1756 2261 10(ιυὶ-

132 2292 238 2344 tur.
275 2293 332 2337 ut
365 2284 648 2338 omnibus
697 2289 926 2353 utraque
956 2280 1282 2336 convenisse
1312 2280 1585 2333 videatur.
1653 2279 1757 2332 Pro

135 2373 282 2428 malo
310 2372 525 2428 merito
586 2372 781 2442 plebis,
813 2370 1051 2426 aufertur
1099 2369 1347 2424 doctrina
1412 2367 1756 2439 praedicatio-

137 2462 244 2517 nis.
297 2463 410 2516 Pro
473 2462 632 2516 bono
671 2460 873 2515 merito
948 2459 1236 2522 audientis,
1292 2457 1539 2512 tribuitur
1579 2472 1757 2512 sermo

145 2549 384 2606 doctori.
421 2551 489 2606 In
511 2557 788 2622 potestate
815 2548 1004 2604 divina
1040 2547 1310 2617 consistit,
1343 2545 1426 2602 cui
1453 2545 1582 2602 velit
1610 2547 1758 2600 Deus

1870 2011 2010 2065 facta
2038 2009 2274 2080 proximi
2304 2013 2483 2063 taceat
2517 2020 2529 2074 ;
2564 2021 2686 2076 quas
2752 2003 2934 2058 statim
2963 2001 3239 2072 corrigere
3285 2005 3466 2071 potest

1867 2108 1918 2154 et
1940 2097 2274 2162 dissimulat,
2320 2111 2509 2150 verum
2541 2098 2626 2149 est
2684 2093 2828 2163 quod
2884 2104 3216 2147 consensum
3252 2087 3463 2144 erroris

1866 2187 2028 2242 alieni
2068 2186 2287 2240 habeat.
2339 2183 2592 2254 Plerique
2650 2181 2824 2237 sancti
2879 2181 3134 2234 doctores
3166 2175 3463 2248 pertinacia

1866 2277 2016 2340 mali,
2050 2275 2175 2346 quia
2206 2274 2422 2344 iniquos
2475 2271 2772 2326 emandare
2833 2285 2938 2324 non
2972 2275 3221 2338 possunt,
3283 2264 3467 2320 hista-

1867 2382 1992 2423 cere
2023 2364 2339 2434 disponunt.
2384 2361 2490 2416 Sed
2522 2361 2762 2414 calorem
2814 2357 3033 2429 spiritus
3065 2371 3173 2426 quo
3229 2360 3466 2425 aguntur

1866 2455 2009 2511 ferre
2039 2468 2146 2507 non
2187 2451 2539 2516 sustinentes,
2573 2449 2770 2504 iterum
2800 2446 2856 2502 in
2895 2445 3325 2517 increpationem
3347 2456 3467 2514 pro-

1867 2544 2053 2600 siliunt
2073 2540 2361 2614 impiorum
2375 2579 2388 2592 .

1247 2923 1863 3028 DOMINICA
1941 2924 2398 3027 SEXTA.

1416 3167 1808 3232 Secundum
1850 3167 2240 3233 Matthmum

235 3405 255 3432 ει
290 3384 482 3440 Amen
514 3381 642 3439 dico
668 3381 842 3447 vobis,
867 3381 971 3437 nisi
992 3381 1349 3437 abundaverit
1359 3381 1572 3453 justitia
1590 3389 1767 3436 vestra
1798 3380 1847 3444 C
1878 3381 1974 3444 sci.
2009 3395 2114 3436 non
2148 3380 2320 3448 fratri,
2354 3381 2450 3438 sed
2495 3390 2719 3453 peccato
2765 3381 3112 3440 irascendum
3171 3389 3253 3437 est
3281 3389 3339 3437 ut
3397 3382 3474 3437 ait

165 3471 460 3544 plusquam
484 3472 807 3528 Scribarum
839 3480 890 3526 et
913 3471 1330 3537 Pharisaeorum,
1371 3486 1479 3525 non
1500 3470 1769 3524 intrabitis

167 3559 220 3614 in
248 3577 492 3634 regnum
509 3561 792 3619 caelorum.
813 3569 915 3615 etc.
944 3561 1162 3629 (Matth.
1179 3563 1262 3630 v),
1288 3582 1310 3608 ιι
1327 3560 1456 3614 Tale
1478 3567 1561 3614 est
1581 3559 1685 3614 hoc
1701 3575 1770 3615 ac

167 3649 214 3704 si
242 3650 428 3706 dicat:
456 3650 686 3707 Studete
726 3649 982 3704 mandata
1029 3649 1259 3719 implere
1309 3664 1375 3704 ac
1413 3649 1639 3704 docere:
1665 3663 1772 3720 ego

170 3737 334 3807 enim,
357 3740 526 3810 cujus
545 3739 712 3795 verba
729 3755 837 3793 non
853 3747 1141 3804 mutantur,
1162 3737 1286 3793 dico
1310 3738 1463 3793 vobis
1485 3738 1651 3809 quod,
1666 3736 1771 3791 nisi

171 3829 564 3897 superaveritis
595 3826 893 3896 injustitias
919 3827 1229 3882 Scribarum
1249 3834 1302 3881 et
1346 3826 1766 3891 Pharisaeorum,
1796 3891 1803 3898 ι

172 3914 260 3985 qui
288 3924 526 3987 propter
573 3929 743 3970 novas
795 3913 1110 3968 traditiones
1136 3913 1388 3980 justiores
1433 3921 1767 3983 reputantur,

172 4017 284 4057 non
304 4002 621 4076 regnabitis
651 4002 705 4056 in
739 4001 915 4058 coelis.
955 4003 1115 4069 Nota,
1151 4018 1274 4057 cum
1299 4002 1503 4070 justitia
1523 4002 1771 4057 sitvirtus

175 4092 469 4166 unicuique
501 4092 743 4148 reddens
774 4091 920 4164 quod
957 4108 1114 4146 suum
1147 4099 1248 4158 est,
1281 4091 1462 4161 plures
1485 4099 1608 4146 sunt
1636 4107 1771 4161 par-

174 4185 253 4234 tes
275 4182 524 4249 justitiaa,
586 4197 814 4253 quorum
867 4189 1138 4235 conventu
1174 4181 1350 4248 justus
1381 4179 1609 4234 efficitur
1642 4198 1654 4234 :
1689 4195 1772 4235 re-

173 4265 304 4340 ligio
333 4273 480 4325 enim
529 4286 634 4341 qua
679 4269 959 4323 reddimus
993 4270 1108 4323 Deo
1166 4269 1310 4339 quod
1343 4286 1499 4322 suum
1558 4277 1682 4334 est;
1721 4277 1774 4322 et

175 4356 368 4426 pietas,
391 4358 715 4430 parentibus
739 4374 860 4427 quae
890 4373 987 4411 sua
1017 4364 1147 4410 sunt
1177 4357 1525 4427 persolvens.
1568 4357 1772 4412 Simili-

178 4451 258 4499 ter
288 4447 488 4515 virtus,
523 4464 643 4518 quae
665 4447 841 4502 reddit
899 4446 1196 4514 majoribus
1225 4454 1277 4500 et
1314 4446 1620 4500 minoribus
1653 4462 1773 4517 quae

179 4548 273 4588 sua
297 4545 438 4601 sunt,
475 4552 693 4591 necnon
722 4535 891 4591 virtus
923 4551 1042 4606 qum
1072 4534 1395 4604 pauperibus
1445 4537 1586 4606 quod
1616 4550 1772 4588 suum

181 4630 259 4676 est
278 4624 536 4696 largitur.
579 4625 725 4688 Haec,
777 4623 1021 4691 inquam,
1052 4623 1236 4677 omnia
1264 4622 1620 4692 adjustitiam
1660 4631 1775 4677 tan-

1882 3471 2210 3525 Psalmista:
2250 3494 2271 3520 «
2307 3471 2608 3527 Irascimini
2639 3474 2820 3540 (Psal.
2857 3475 2958 3542 iv),
2995 3494 3016 3521 ιι
3058 3470 3311 3528 videlicet
3331 3487 3470 3542 pec-

1879 3568 2023 3616 cato.
2046 3559 2202 3615 Unde
2233 3561 2483 3631 sequitur
2514 3576 2526 3615 :
2568 3582 2590 3612 ι
2626 3561 2804 3616 Nolite
2833 3577 3064 3632 peccare
3095 3560 3278 3630 (ibid.)
3304 3582 3324 3608 υ
3362 3559 3470 3615 Sed

1881 3649 2176 3704 notandum
2207 3649 2484 3721 geminum
2508 3666 2630 3705 esse
2660 3650 2900 3705 divinum
2925 3650 3188 3719 judicium
3222 3667 3235 3702 :
3267 3649 3469 3716 Unum,

1882 3754 1990 3810 quo
2021 3746 2070 3792 et
2103 3738 2189 3792 hic
2209 3739 2522 3807 judicantur
2550 3739 2800 3795 homines
2828 3758 2842 3802 ;
2875 3740 2929 3793 in
2962 3738 3145 3794 futuro
3201 3738 3461 3794 alterum.

1882 3835 2044 3903 Quod
2076 3844 2333 3906 pr0ptera
2372 3835 2460 3890 hic
2482 3835 2821 3904 judicantur,
2879 3851 2948 3890 ne
2970 3834 3085 3891 illic
3135 3834 3467 3903 judicantur,

1881 3925 2117 3995 Ideoque
2147 3924 2468 3995 quibusdam
2497 3925 2567 3979 ad
2595 3925 2972 3997 purgationem
3003 3923 3317 3994 temporalis
3333 3939 3470 3993 pro-

1882 4013 1992 4068 ficit
2013 4029 2175 4084 pinna
2206 4031 2220 4079 ;
2257 4013 2581 4084 quibusdam
2614 4029 2746 4069 vero
2789 4013 2877 4069 hic
2904 4013 3118 4069 inchoat
3169 4012 3466 4080 damnatio,

1882 4110 1936 4157 et
1956 4102 2066 4158 illic
2095 4101 2333 4172 perfecta
2364 4111 2616 4171 speratur
2639 4102 2890 4173 perditio.
2914 4103 2976 4156 In
2998 4101 3206 4172 judicio
3246 4101 3471 4170 reprobi

1882 4192 2269 4245 humanitatem
2301 4190 2516 4256 Christi,
2552 4191 2605 4244 in
2637 4206 2744 4262 qua
2769 4190 3050 4262 judicatus
3073 4197 3182 4256 est,
3207 4190 3476 4244 videbunt

1882 4287 1940 4334 ut
1967 4279 2185 4334 doleant
2210 4298 2226 4346 ;
2247 4279 2581 4334 divinitatem
2614 4296 2742 4335 vero
2788 4281 2910 4350 ejus
2940 4296 3051 4336 non
3073 4279 3353 4344 videbunt,
3406 4295 3474 4334 ne

1882 4368 2176 4439 gaudeant.
2210 4367 2421 4437 Quibus
2438 4369 2583 4423 enim
2613 4367 2870 4423 divinitas
2900 4368 3224 4433 ostenditur,
3284 4367 3474 4440 utique

1883 4458 1950 4512 ad
1981 4457 2246 4528 gaudium
2274 4457 2707 4512 demonstratur.
2730 4458 2841 4512 Pro
2862 4458 3176 4513 diversitate
3191 4457 3476 4513 conscien-

1885 4546 2082 4600 tiarum
2121 4554 2172 4601 et
2218 4543 2364 4600 mitis
2402 4545 2683 4616 apparebit
2720 4546 2773 4600 in
2815 4546 3026 4616 judicio
3056 4546 3298 4602 Christus
3354 4545 3474 4601 ele—

1883 4634 2003 4702 ctis,
2056 4642 2108 4689 et
2156 4634 2412 4689 terribilis
2462 4634 2728 4704 reprobis.
2786 4635 2924 4688 Nam
2976 4635 3193 4702 qualem
3242 4634 3473 4706 quisque

181 4727 336 4782 quam
377 4714 678 4785 integrales
711 4712 1050 4767 referuntur.
1800 4747 1853 4808 Ι)
1885 4723 2274 4780 conscientiam
2323 4723 2523 4788 tulerit,
2572 4723 2736 4777 talem
2789 4722 3038 4794 judicem
3095 4723 3334 4789 habebit,
3393 4729 3470 4792 ut,

254 4837 274 4861 α
309 4817 552 4872 Audistis
600 4815 727 4888 quia
767 4815 969 4869 dictum
1003 4819 1086 4870 est
1130 4814 1368 4885 antiquis
1399 4831 1411 4869 :
1444 4815 1566 4870 Non
1616 4815 1768 4870 occi-

180 4900 292 4957 des.
326 4904 429 4973 Qui
461 4914 643 4959 autem
675 4903 959 4968 occiderit,
995 4920 1117 4957 reus
1148 4903 1249 4958 erit
1273 4902 1502 4972 judicio.
1539 4905 1655 4975 Ego
1675 4921 1769 4958 au-

179 4996 284 5045 tem
305 4994 428 5050 dico
466 4994 643 5061 vobis,
676 4992 806 5064 quia
840 4993 1018 5048 omnis
1058 4992 1146 5063 qui
1183 4991 1436 5047 irascitur
1461 4991 1611 5046 fratri
1670 5008 1768 5046 suo

181 5094 298 5135 reus
340 5085 434 5137 erit
473 5082 705 5151 judicio.
775 5105 795 5128 n
860 5081 1094 5136 Pulchro
1144 5081 1400 5150 ingressu
1456 5097 1592 5150 Opus
1625 5081 1764 5152 legis

182 5170 337 5239 cmpit
367 5172 660 5236 excedere,
691 5185 798 5224 non
831 5169 1152 5225 dissolvere.
1185 5170 1379 5240 Aperit
1403 5186 1635 5235 namque
1656 5185 1771 5225 mo-

181 5262 286 5312 tum
311 5261 480 5316 animi
511 5260 578 5316 ad
622 5258 927 5314 nocendum
982 5258 1140 5313 fratri
1172 5259 1225 5312 in
1269 5257 1561 5315 homicidio
1619 5275 1766 5314 com-

179 5349 369 5414 putari,
423 5365 553 5406 cum
634 5348 782 5419 prius
811 5363 920 5402 non
1003 5347 1351 5403 attenderent
1414 5347 1767 5403 homicidium

183 5448 316 5504 esse,
346 5438 452 5494 nisi
473 5436 914 5510 peremptionem
969 5436 1214 5508 corporis
1247 5436 1489 5492 humani.
1551 5435 1767 5492 Sensus

183 5530 260 5578 est
289 5543 303 5579 :
329 5526 539 5596 judicio
568 5525 708 5598 legis
739 5525 910 5596 Moysi
939 5541 1065 5580 reus
1096 5532 1180 5580 est
1222 5526 1312 5597 qui
1338 5525 1536 5582 occidit
1591 5532 1714 5580 actu
1748 5543 1762 5593 ;

187 5613 277 5668 sed
305 5630 404 5690 ego
425 5617 554 5672 dico
581 5614 764 5679 vobis,
799 5615 922 5687 quia
946 5614 1154 5684 judicio
1177 5614 1765 5687 cmlestislegisquam

184 5697 363 5772 doceo,
394 5721 526 5761 rens
565 5711 650 5758 est
681 5702 858 5758 omnis
888 5703 985 5774 qui
1040 5703 1290 5758 irascitur
1346 5702 1499 5758 fratri
1535 5719 1654 5758 suo.
1706 5703 1765 5758 In

190 5789 498 5858 quibusdam
529 5791 814 5849 codicibus
871 5792 1092 5847 additur
1113 5791 1230 5848 sine
1262 5808 1425 5848 causa
1459 5809 1472 5856 ;
1509 5793 1606 5847 sed
1663 5807 1763 5846 ra-

188 5875 406 5939 dendum
436 5891 542 5948 est,
569 5881 692 5953 quia
710 5881 788 5936 ira
817 5882 1034 5953 penitus
1071 5881 1296 5946 tollitur,
1321 5889 1372 5936 et
1404 5881 1531 5954 quia
1578 5880 1763 5935 inimi-

189 5978 275 6022 cos
300 5978 514 6031 nostros
543 5985 732 6027 amare
754 5970 1030 6040 jubemur.
1055 5970 1215 6041 Quod
1246 5971 1292 6026 si
1320 5971 1597 6043 contingat
1642 5971 1762 6026 ira-

1886 4820 2138 4866 manente
2167 4811 2218 4865 in
2256 4827 2350 4866 sua
2383 4811 2772 4882 tranquillitate
2803 4811 3041 4873 Christo,
3076 4810 3183 4864 illis
3214 4809 3474 4866 terribilis

1879 4900 2022 4955 solis
2077 4909 2362 4971 appareat,
2395 4915 2530 4970 quos
2560 4899 2893 4956 conscientia
2922 4900 2975 4953 in
3023 4899 3180 4954 malis
3218 4907 3465 4956 accusat.

1880 4989 2013 5044 Duae
2043 4998 2167 5043 sunt
2198 4988 2515 5044 diti‘erentize
2547 4988 2628 5043 vel
2659 4989 2882 5043 ordines
2913 4988 3194 5043 hominum
3224 4988 3278 5042 in
3330 4987 3472 5056 judi-

1881 5079 1984 5144 cio,
2045 5080 2146 5134 hoc
2205 5085 2288 5133 est
2321 5077 2617 5133 electorum
2649 5085 2704 5132 et
2735 5077 3118 5148 reproborum.
3153 5076 3255 5146 Qui
3287 5085 3470 5133 tamen

1879 5168 2194 5224 dividuntur
2222 5167 2276 5222 in
2306 5175 2535 5239 quatuor
2568 5183 2580 5221 :
2616 5166 2983 5222 Perfectorum
3025 5167 3158 5221 ordo
3188 5183 3329 5221 unus
3363 5173 3468 5234 est,

1881 5257 1973 5330 qui
2031 5273 2153 5312 cum
2213 5256 2447 5311 Domiuo
2499 5256 2730 5326 judicat,
2765 5263 2818 5311 et
2845 5255 2982 5311 alius
3039 5255 3129 5328 qui
3172 5255 3466 5325 judicatur.

1879 5347 2179 5418 Utrumque
2203 5353 2383 5400 tamen
2404 5359 2527 5401 cum
2576 5343 2789 5400 Christo
2818 5344 3150 5416 regnabunt.
3209 5343 3472 5401 Similiter

1878 5435 2013 5491 ordo
2045 5435 2400 5506 reproborum
2431 5434 2658 5506 partitur
2685 5433 2742 5502 in,
2769 5433 3001 5500 duobus,
3033 5433 3161 5488 dum
3190 5432 3248 5488 hi
3267 5433 3360 5506 qui
3390 5435 3472 5490 in-

1876 5533 1963 5579 tra
1985 5523 2283 5580 Ecclesiam
2301 5523 2430 5578 mali
2449 5521 2739 5592 judicandi
2757 5530 2881 5577 sunt
2910 5530 2962 5578 et
2982 5523 3298 5579 damnandi.
3319 5524 3469 5597 (εἰσ.)

1878 5614 2089 5669 Primus
2119 5613 2287 5686 igitur
2305 5612 2443 5668 ordo
2474 5627 2663 5668 eorum
2685 5613 2779 5684 qui
2803 5611 3124 5682 judicantur
3155 5620 3206 5667 et
3233 5625 3475 5684 pereunt

1875 5701 2171 5773 opponitur
2198 5701 2277 5756 illi
2316 5701 2498 5757 ordini
2528 5701 2816 5766 bonorum,
2868 5702 2936 5756 de
2954 5716 3062 5772 quo
3091 5710 3218 5757 sunt
3257 5703 3348 5774 qui
3375 5703 3473 5772 ju-

1875 5791 2128 5848 dicantur
2157 5799 2211 5845 et
2241 5797 2501 5862 regnant.
2540 5790 2824 5846 Secundus
2854 5790 2992 5846 ordo
3019 5806 3208 5846 eorum
3231 5791 3322 5862 qui
3360 5807 3470 5847 non

1871 5881 2193 5951 judicantur
2211 5887 2264 5934 et
2289 5887 2520 5950 pereunt
2558 5879 2848 5950 opponitur
2876 5879 2950 5933 illi
2974 5879 3150 5934 ordini
3195 5878 3469 5948 perfecto-

1874 5986 2018 6038 rum,
2077 5968 2132 6024 in
2161 5983 2268 6040 quo
2299 5975 2427 6024 sunt
2457 5968 2511 6024 hi
2541 5967 2633 6040 qui
2667 5983 2776 6024 non
2797 5967 3112 6037 judicantur
3139 5973 3193 6022 et
3221 5971 3464 6037 regnant
