3924 6394
492 383 632 438 10δὸ

1622 407 1965 466 WERNERI
2001 411 2289 477 ABBATIS
2327 423 2384 478 Β.
2421 424 2643 484 BLASII

3669 448 3790 501 {056

491 506 709 634 fidius
734 511 870 634 ordo
899 529 1088 634 aprum
1134 523 1232 634 qui
1251 523 1570 634 judicantur
1625 541 1674 588 et
1695 543 1938 634 regnant
1968 553 1982 592 :
2019 536 2096 592 illi
2122 542 2176 606 Α
2209 544 2449 615 ponitur,
2484 557 2539 604 ut
2570 550 2770 608 inferni
2801 555 3076 614 cruciatus
3105 558 3382 634 designet.
3420 565 3664 623 Tractum
3717 576 3793 624 est

489 596 663 652 ordini
716 610 800 656 est
821 608 1122 694 contrarius
1151 626 1164 680 ;
1200 614 1269 669 de
1325 618 1472 688 quod
1503 630 1628 676 sunt
1655 623 1746 694 qui
1763 596 2111 694 vjudicantur

487 693 541 741 et
569 699 820 757 pereunt.
862 692 1098 762 Quartus
1129 701 1269 758 ordo
1301 721 1488 761 eorum
1519 710 1608 780 qui
1639 692 1748 767 non
1798 692 2109 782 judicantur

491 790 807 884 etregnant
835 793 1126 862 apponitur
1165 797 1242 853 illi
1287 805 1565 860 contrario
1621 807 1821 876 ordini,
1881 810 1936 864 in
1996 827 2105 884 quo

490 870 567 926 illi
612 883 736 930 sunt
759 879 850 949 qui
881 896 994 936 non
1022 883 1348 954 judicantur
1372 900 1425 947 et
1453 905 1702 964 pereunt.
1758 870 1990 956 Gemina
2006 870 2106 972 pu-

490 978 634 1034 nitur
690 987 960 1043 sententia
1018 989 1238 1064 impius,
1271 996 1400 1052 dum
1456 1009 1548 1055 aut
1577 1002 1662 1059 hic
1719 1021 1954 1075 prorsus
2003 1024 2104 1077 pro

481 1077 592 1132 suis
623 1081 828 1138 meritis
855 1087 1048 1143 mentis
1078 1093 1318 1150 caecitate
1348 1099 1659 1167 percutitur,
1697 1118 1768 1158 ne
1812 1104 2098 1161 veritatem

488 1165 668 1223 videat
697 1188 713 1237 ;
738 1176 831 1227 aut
855 1173 986 1231 dum
1031 1177 1088 1233 in
1118 1177 1224 1237 ﬁne
1247 1165 1592 1244 damnabitur
1635 1165 1691 1246 ut
1731 1192 1947 1249 debitas
1975 1210 2097 1266 po:-

492 1280 592 1320 nas
618 1269 879 1330 exsolvat.

567 1451 588 1478 «
623 1430 728 1499 Qui
743 1441 925 1490 autem
955 1436 1157 1495 dixerit
1178 1440 1331 1497 fratri
1346 1460 1447 1500 suo
1481 1463 1494 1500 :
1528 1460 1822 1514 raca,reus
1840 1450 2092 1508 eritcon-

495 1515 644 1572 silio.
688 1518 793 1589 Qui
816 1532 997 1581 autem
1034 1528 1235 1584 dixerit
1268 1550 1282 1586 :
1317 1533 1478 1600 fatue,
1515 1551 1642 1591 reus
1670 1537 1771 1592 crit
1827 1539 2096 1611 gehennaa

489 1604 654 1678 ignis.
694 1632 716 1657 »ι
757 1610 908 1668 Raca
935 1616 1162 1672 verbum
1189 1621 1409 1692 proprie
1431 1631 1514 1678 est
1545 1604 1918 1683 Hebraeorum.
1941 1628 2087 1684 Rana

495 1706 639 1761 enim
670 1709 872 1766 dicitur
891 1729 1078 1782 cenos,
1113 1717 1167 1774 id
1209 1729 1294 1776 est
1316 1721 1496 1777 inanis
1529 1733 1623 1780 aut
1667 1743 1899 1794 vacuus,
1925 1745 2089 1800 quem

489 1808 590 1888 nos
620 1796 843 1870 vulgata
872 1802 1074 1874 injuria
1102 1807 1310 1880 absque
1322 1812 1548 1869 cerebro
1562 1813 1746 1871 dicere
1775 1796 2086 1888 possumus.

494 1880 598 1978 Qui
630 1903 771 1958 ergo
794 1892 1078 1949 vacuitatis
1099 1899 1454 1968 opprobrium
1476 1901 1606 1957 dicit
1637 1880 1792 1959 fratri
1811 1922 1930 1971 suo,
1965 1906 2086 1978 Spi-

491 1973 653 2029 ritum
682 1977 846 2047 pleno
876 1981 1024 2052 (sic),
1045 1985 1299 2042 nimirum
1319 2005 1446 2044 reus
1467 1990 1522 2046 ﬁt
1546 1993 1780 2050 consilio
1804 2009 1867 2050 ac
1879 1973 2089 2065 judicio

491 2081 825 2144 sanctorum,
873 2084 1257 2140 contumeliam
1307 2089 1485 2142 sancti
1544 2090 1775 2160 Spiritus
1823 2091 2079 2149 luiturus.

487 2158 632 2249 βῆσε
666 2163 976 2236 interjectio
1005 2179 1107 2240 est,
1132 2158 1743 2249 aﬂectumindigniantis
1756 2183 2077 2238 ostendens.

488 2248 603 2306 Hoc
635 2253 778 2309 enim
809 2257 996 2313 audivi
1026 2276 1058 2315 a
1086 2263 1326 2334 quodam
1349 2248 1606 2324 Hebraeo.
1625 2269 1759 2324 Cum
1783 2270 1836 2324 id
1862 2271 2088 2328 interro-

484 2353 727 2410 gassem,
760 2344 895 2400 dixit
924 2364 1046 2404 esse
1079 2367 1266 2407 vocem
1299 2370 1407 2408 non
1439 2355 1835 2427 signiﬁcantem
1858 2359 2082 2432 aliquid,

483 2429 581 2484 sed
615 2431 949 2506 indignantis
998 2440 1166 2494 animi
1223 2453 1431 2498 motum
1479 2447 1897 2516 exprimentem.
1947 2429 2082 2504 Fra—

481 2531 564 2580 ter
590 2542 782 2586 nOSter
809 2541 890 2587 est
913 2536 1004 2606 qui
1036 2537 1088 2591 in
1123 2537 1405 2595 Christum
1440 2542 1633 2598 credit.
1668 2543 1772 2614 Qui
1805 2562 1934 2602 vero
1957 2563 2082 2603 cre-

481 2613 628 2672 denti
660 2618 713 2672 in
737 2620 908 2676 Deum
932 2625 1062 2681 dicit
1097 2642 1108 2680 :
1143 2626 1310 2695 fatue,
1339 2629 1539 2700 impius
1571 2640 1654 2687 est
1683 2633 1736 2686 in
1787 2634 2078 2708 religione.

483 2702 587 2772 Qui
618 2723 772 2780 ergo,
807 2728 970 2781 quem
1001 2714 1168 2770 salem
1201 2718 1353 2772 Deus
1384 2729 1659 2792 nuncupat
1689 2722 1773 2778 vel
1803 2702 2083 2780 vitioinfa-

481 2794 614 2848 tuati
637 2812 833 2854 sensus
863 2799 1162 2858 lassescent
1191 2806 1338 2876 (sic),
1363 2810 1512 2877 prius
1528 2810 1836 2879 hujusmodi
1855 2813 2082 2870 maledi-

479 2897 566 2946 cto
596 2894 787 2949 aeterni
816 2897 961 2969 ignis
984 2901 1245 2969 pabulum
1268 2904 1390 2970 erit,
1423 2906 1528 2960 nisi
1555 2905 1683 2963 inde
1713 2907 2072 2967 satisfecerit.

481 2977 689 3036 Justitia
723 2983 1118 3044 Pharisaeorum
1152 3000 1235 3046 est
1267 3001 1321 3047 ut
1353 3009 1458 3049 non
1517 2997 1803 3052 occidatur
1835 3018 1848 3063 ;
1872 2999 2079 3068 justitia

480 3066 700 3126 illorum
729 3075 817 3146 qui
846 3075 1101 3134 intraturi
1149 3090 1275 3135 sunt
1306 3081 1359 3137 in
1414 3100 1646 3156 regnum
1697 3066 1981 3155 caelorum,
2025 3101 2083 3144 ut

476 3173 584 3214 non
617 3161 942 3220 irascantur.
1001 3167 1103 3237 Qui
1135 3186 1244 3226 non
1291 3173 1489 3228 occidit
1545 3176 1799 3233 continuo
1827 3195 1933 3233 non
1995 3187 2079 3234 est

2218 631 2398 706 itaque
2426 653 2456 692 a
2488 641 2707 697 nomine
2751 642 2855 699 loci
2883 660 2955 700 ex
2987 648 3138 703 caede
3165 631 3448 708 hominum
3477 655 3551 710 ibi
3577 655 3792 713 interfe-

2215 739 2422 789 ctorum
2478 736 2759 795 horribilis
2806 758 2870 798 ac
2928 743 3260 816 fetidissimi,
3311 751 3401 822 qui
3456 752 3648 809 dicitur
3690 771 3791 828 ge-

2211 819 2410 891 henna,
2471 825 2524 880 id
2560 836 2641 882 est
2697 830 2854 886 vallis
2884 832 3116 890 ﬁliorum
3172 819 3401 906 Ennom,
3451 850 3504 897 et
3532 819 3794 914 significat

2215 909 2403 968 futura
2460 916 2756 987 supplicia.
2798 923 2856 974 In
2891 923 2993 980 hac
3025 925 3164 980 valle
3192 926 3350 984 lucus
3373 939 3487 984 erat
3505 909 3792 990 consecra-

2213 1016 2295 1064 tus
2316 1011 2464 1070 idolo
2494 1016 2644 1084 Baal,
2699 1019 2785 1074 cui
2813 1020 3094 1078 dementia
3136 1025 3304 1080 Israel
3362 1026 3684 1096 immolabat,
3741 1039 3792 1087 et

2209 1097 2350 1156 ﬁlios
2381 1119 2510 1159 suos
2541 1105 2828 1164 daemoniis
2874 1109 3221 1168 incendebat.
3288 1116 3382 1172 Est
3432 1125 3614 1173 autem
3644 1119 3790 1175 locus

2210 1186 2328 1259 ipse
2354 1191 2510 1260 juxta
2563 1195 2906 1254 Hierusalem
2953 1201 3024 1256 ad
3058 1203 3296 1258 radicem
3354 1206 3549 1261 montis
3602 1208 3783 1273 Moris,

2205 1286 2298 1342 ubi
2329 1289 2478 1346 Siloa
2507 1291 2644 1348 fluit.
2681 1295 2795 1352 Hoc
2825 1299 3036 1372 Regum
3062 1300 3314 1358 volumen
3345 1312 3395 1359 et
3421 1305 3784 1377 Paralipome-

2205 1392 2317 1432 non
2349 1386 2402 1433 et
2429 1380 2696 1438 Jeremias
2722 1385 2968 1443 scribunt
3021 1389 3355 1460 plenissime,
3405 1401 3456 1449 et
3493 1395 3791 1452 commina-

2204 1473 2294 1520 tur
2322 1467 2470 1523 Deus
2518 1487 2578 1526 se
2616 1472 2795 1529 locum
2825 1475 3001 1548 ipsum
3051 1478 3390 1550 impleturum
3440 1483 3790 1542 cadaveribus

2205 1568 2566 1628 mortuorum,
2631 1571 2688 1617 ut
2744 1580 3092 1638 nequaquam
3154 1579 3384 1625 vocetur
3429 1572 3668 1643 Tophetb
3721 1575 3788 1630 de

2203 1649 2354 1718 Baal,
2386 1651 2481 1707 sed
2532 1659 2761 1709 vocetur
2788 1655 3150 1726 Poyandrum,
3201 1658 3256 1714 id
3285 1665 3370 1714 est
3401 1662 3630 1717 tumulus
3646 1679 3789 1719 mor-

2201 1753 2443 1803 tuorum.
2511 1748 2780 1819 Quoniam
2841 1769 2966 1807 reus
3024 1754 3133 1810 erit
3181 1756 3446 1828 gehennae
3497 1757 3641 1831 ignis
3693 1760 3786 1831 qui

2198 1835 2398 1891 dixerit
2443 1837 2588 1894 fatue
2646 1839 2799 1895 fratri
2858 1858 2982 1912 suo,
3041 1859 3174 1916 ergo
3221 1846 3582 1903 reconciliatio
3631 1865 3784 1920 quaa-

2113 1909 2167 1970 B
2199 1925 2373 1981 renda
2439 1935 2524 1983 est
2552 1943 2586 1983 a
2641 1928 2808 1985 fratre
2851 1909 3008 1988 lazso.
3065 1909 3134 1988 Εἴ
3159 1934 3264 1991 hoc
3290 1943 3371 1991 est
3423 1937 3564 2009 quod
3594 1909 3784 2012 sequi-

2198 2021 2286 2069 tur
2317 2031 2331 2069 :

2270 2171 2292 2196 α
2327 2150 2384 2204 Si
2416 2166 2549 2222 ergo
2579 2151 2747 2209 offers
2776 2170 2973 2210 munus
3004 2163 3160 2212 tuum
3191 2158 3258 2213 ad
3289 2159 3479 2227 altare,
3513 2169 3566 2216 et
3595 2160 3674 2217 ibi
3694 2178 3784 2219 re-

2195 2239 2456 2294 cordatus
2485 2239 2652 2297 fueris
2681 2243 2804 2315 quia
2829 2243 2992 2300 frater
3047 2255 3169 2302 tuus
3203 2247 3361 2305 habet
3415 2249 3622 2322 aliquid
3676 2252 3782 2307 ad-

2197 2344 2422 2384 versum
2447 2337 2517 2398 te,
2553 2331 2798 2404 relinque
2828 2333 2902 2388 ibi
2924 2350 3120 2390 munus
3175 2345 3322 2392 tuum
3349 2347 3472 2394 ante
3501 2339 3692 2407 altare,
3727 2349 3780 2396 et

2195 2418 2332 2473 vade
2363 2419 2512 2488 prius
2561 2421 2907 2476 reconciliari
2963 2423 3109 2479 fratri
3141 2432 3252 2491 tuo,
3300 2436 3353 2482 et
3381 2435 3511 2482 tunc
3557 2429 3780 2485 veniens

2194 2505 2392 2562 oﬁ’eres
2421 2525 2616 2564 munus
2647 2519 2821 2566 tuum.
2867 2531 2887 2564 ι
2923 2512 3235 2569 Absurdum
3262 2519 3778 2574 esttransmarinum

2192 2594 2437 2661 fratrem,
2464 2597 2511 2652 si
2541 2599 2615 2654 ita
2644 2600 2923 2667 acciderit,
2957 2604 3188 2660 credere
3243 2606 3610 2675 quareudum.
3635 2607 3777 2679 Ergo

2190 2685 2259 2741 ad
2289 2687 2552 2758 spiritalia
2602 2690 2859 2763 refugere
2913 2693 3177 2764 cogimur,
3241 2703 3298 2748 ut
3370 2696 3516 2767 quod
3572 2697 3773 2752 dictum

2191 2793 2306 2840 est:
2333 2807 2354 2836 α
2380 2786 2528 2841 Vade
2558 2787 2712 2857 prius
2743 2790 3082 2845 reconciliari
3095 2790 3241 2846 fratri
3255 2800 3366 2859 tuo,
3404 2814 3426 2844 ι
3449 2793 3564 2850 sine
3583 2796 3774 2851 absur-

2187 2872 2358 2929 ditate
2396 2875 2569 2945 possit
2596 2876 2850 2950 intelligi.
2892 2880 3008 2934 Nos
3055 2897 3244 2936 sumus
3265 2882 3544 2952 templum,
3600 2884 3774 2940 altare

2190 2971 2272 3018 est
2318 2961 2454 3019 ﬁdes
2508 2965 2760 3022 interior.
2826 2968 2958 3023 Cum
2990 2985 3125 3040 ergo
3154 2969 3207 3024 in
3239 2971 3401 3027 corde
3427 2979 3613 3028 nostro
3658 2973 3772 3029 Do-

2188 3051 2338 3108 mino
2383 3053 2630 3110 volumus
2660 3053 2857 3111 offerre
2913 3057 3239 3123 orationem,
3274 3059 3325 3114 si
3354 3060 3406 3114 in
3441 3060 3621 3131 aliquo
3672 3061 3772 3118 lat-

2187 3141 2359 3198 simus
2417 3143 2668 3212 fratrem,
2705 3147 3047 3219 pergendum
3103 3156 3186 3204 est
3223 3164 3331 3204 non
3367 3149 3594 3220 pedibus
3646 3165 3770 3207 cor-

474 3263 707 3323 magnus
765 3262 817 3310 et
874 3232 1104 3312 idoné‘us
1164 3276 1338 3331 regno
1393 3263 1681 3333 calorum,
1732 3232 1828 3320 séd
1877 3232 2080 3322 ’mm‘ed
2112 3234 2382 3333 operis,
2415 3232 2513 3288 sed
2566 3234 2805 3290 motibus
2864 3236 3055 3333 .animi
3137 3238 3768 3333 ad-reconciliationem.

475 3342 724 3397 ascendit
746 3343 984 3416 aliquem
1009 3348 1268 3418 gradum.
1309 3349 1623 3408 Perﬁcietur
1679 3362 1859 3409 autem
1891 3355 1938 3409 si
1969 3373 2078 3412 non

474 3426 760 3488 irascatur.
794 3434 988 3490 Levius
1012 3443 1091 3491 est
1114 3437 1274 3493 irasci
1304 3438 1462 3495 fratri
1484 3458 1646 3513 quam
1677 3443 1891 3500 dicere:
1915 3460 2076 3526 raca;

471 3533 526 3582 et
554 3527 728 3585 levius
748 3531 936 3589 dicere
961 3550 1085 3591 raca
1142 3551 1307 3608 quam
1364 3536 1529 3596 fatue.
1565 3541 1749 3597 Primo
1803 3543 1948 3597 enim
1996 3547 2080 3600 est

471 3613 554 3670 ira
571 3617 723 3686 sola;
755 3628 952 3692 postea
981 3623 1109 3692 duo,
1142 3626 1226 3681 ira
1242 3627 1830 3702 etvoxindignationis
1854 3641 2079 3703 ;postea

471 3714 592 3783 tria,
627 3716 728 3783 ira,
760 3727 810 3774 et
863 3737 988 3791 vox,
1031 3731 1080 3778 et
1107 3732 1259 3779 certa
1307 3727 1620 3796 expressio.
1657 3729 1930 3785 Judicium
1993 3741 2079 3787 est

471 3803 586 3872 irae,
622 3805 676 3861 in
707 3825 817 3880 quo
847 3810 1028 3868 adhuc
1054 3812 1220 3868 datur
1244 3813 1397 3872 locus
1417 3815 1750 3872 defensioni.
1779 3819 1872 3874 Est
1893 3828 2074 3875 autem

470 3902 747 3962 distinctio
804 3907 945 3963 inter
983 3910 1246 3978 judicium
1297 3920 1352 3967 et
1391 3913 1663 3983 justitiam
1693 3914 1748 3970 in
1803 3931 1869 3973 eo
1929 3918 2075 3990 quod

470 3992 653 4052 differt
676 3994 882 4064 justitia
913 4012 940 4053 a
973 4000 1199 4067 judicio.
1239 4002 1389 4058 Solet
1442 4005 1584 4059 enim
1635 4005 1899 4074 judicium
1937 4022 2074 4079 pra-

471 4106 622 4160 vum,
656 4096 798 4166 quod
830 4095 1092 4164 injustum
1117 4108 1200 4154 est
1229 4116 1528 4172 exercere;
1548 4102 1759 4171 justitia
1797 4120 1932 4162 vero
1963 4106 2075 4162 ini-

468 4197 576 4252 qua
604 4192 657 4237 et
687 4184 895 4255 injusta
924 4202 1047 4242 esse
1103 4204 1210 4244 non
1243 4198 1444 4259 potest.
1480 4191 1540 4245 In
1570 4193 1797 4249 consilio
1830 4210 1936 4249 non
1957 4196 2074 4264 jam

469 4293 592 4334 cum
616 4279 735 4351 ipso
775 4298 871 4337 reo
901 4284 1104 4354 agitur,
1139 4287 1236 4341 sed
1261 4288 1476 4356 judices
1505 4289 1649 4345 inter
1678 4306 1739 4346 se
1781 4291 2077 4348 conferunt

467 4367 537 4423 de
566 4369 852 4440 supplicio.
885 4371 1112 4430 Concilii
1162 4385 1341 4431 autem
1393 4393 1592 4433 nomen
1622 4386 1848 4436 tractum
1907 4389 2075 4437 estex

472 4471 621 4513 more
651 4458 1059 4517 Romanorum.
1095 4463 1362 4532 Tempore
1393 4466 1538 4522 enim
1561 4483 1669 4539 quo
1699 4483 1886 4524 causae
1933 4485 2071 4542 age-

472 4553 686 4621 bantur,
721 4559 1120 4615 convcniebant
1163 4578 1355 4618 omnes
1386 4564 1438 4618 in
1458 4581 1645 4632 unum,
1682 4567 2066 4638 communique

469 4643 768 4702 intentione
800 4650 1120 4705 tractabant.
1154 4653 1310 4708 Unde
1334 4661 1388 4708 et
1420 4655 1710 4711 concilium
1733 4673 1761 4710 a
1791 4637 2067 4713 communi
2095 4637 2145 4696 D

469 4744 770 4803 intentione
810 4747 1010 4804 dictum
1043 4752 1198 4823 quasi
1231 4752 1551 4808 consilium.
1621 4754 1763 4809 Nam
1784 4754 1912 4811 cilia
1942 4771 2070 4812 ocu-

470 4833 647 4891 lorum
681 4845 830 4893 sunt.
879 4839 1034 4895 Unde
1076 4848 1130 4896 et
1187 4841 1512 4913 considium,
1573 4844 1885 4910 consilium,
1943 4845 1978 4901 d
2017 4844 2070 4899 in

469 4922 696 4982 litterat
728 4935 1065 4984 transeunte.
1090 4929 1150 4984 In
1181 4931 1432 5002 gehenna
1471 4939 1619 4987 certa
1649 4941 1732 4988 est
1759 4933 2060 4990 damnatio.

466 5015 544 5070 Ex
558 5015 866 5086 primuntur
894 5017 1077 5090 itaque
1110 5035 1206 5090 pro
1236 5021 1400 5076 modo
1422 5021 1631 5092 peccati
1655 5022 1894 5079 diversa:
1919 5039 2068 5078 man-

464 5104 650 5160 siones
681 5107 734 5160 in
765 5114 971 5163 uerna
994 5107 1361 5164 damnatione.
1416 5110 1556 5165 Nota
1603 5111 1856 5181 quamvis
1906 5112 2069 5168 irasci

463 5201 620 5260 fratri
653 5203 835 5260 minus
865 5204 951 5272 sit,
977 5222 1144 5277 quam
1160 5206 1476 5277 conviciari,
1507 5209 1809 5280 saepissime
1835 5218 2012 5266 tamen
2036 5226 2069 5266 a

461 5290 580 5350 Deo
603 5295 925 5352 accenditur
947 5294 1045 5364 ira,
1080 5303 1136 5350 ut
1164 5304 1216 5350 et
1246 5313 1442 5352 nomen
1488 5306 1541 5354 et
1559 5307 1757 5354 reatum
1791 5299 2068 5356 homicidii

459 5403 748 5475 suscipiat.
790 5403 946 5462 Unde
963 5404 1210 5461 Joannes
1234 5405 1340 5460 ait:
1365 5429 1388 5454 α
1413 5404 1515 5475 Qui
1533 5407 1647 5463 odit
1663 5406 1887 5464 fratrem
1909 5424 2067 5463 suum

460 5486 735 5548 homicida
758 5501 843 5549 est
863 5493 919 5562 (Ι
935 5495 1104 5552 Joan.
1135 5496 1243 5565 ιιι).
1272 5515 1295 5546 ι
1327 5495 1484 5552 Raca
1506 5497 1810 5566 interjectio
1863 5506 1947 5554 est
1974 5503 2067 5552 tn-

458 5583 740 5661 dignantis
769 5591 936 5646 animi
967 5601 1172 5649 motum
1204 5591 1550 5667 signiﬁcans.
1592 5595 1700 5652 Sed
1731 5596 1879 5668 quod
1901 5595 2067 5652 inter-

453 5670 724 5738 jectiones
755 5678 809 5733 in
854 5679 1017 5736 aliam
1048 5698 1156 5738 non
1193 5682 1350 5739 facile
1399 5684 1822 5752 transferuntur,
1884 5685 2068 5758 coegit

458 5766 568 5818 tam
600 5766 861 5821 Graecum
878 5784 1038 5837 quam
1069 5770 1316 5825 Latinum
1346 5772 1702 5844 interpretem
1755 5773 1928 5846 ipsam
1960 5789 2065 5846 po-

457 5869 592 5918 nere
618 5877 810 5918 vocem
834 5863 1178 5921 Hebraicam.
1218 5868 1432 5924 Nomen
1463 5871 1733 5942 gehennae
1774 5872 1828 5926 in
1861 5872 2068 5928 veteri-

459 5945 618 6006 ribus
647 5949 802 6006 libris
831 5967 941 6009 non
995 5953 1291 6024 invenitur,
1325 5957 1423 6014 sed
1463 5959 1697 6031 primum
1729 5974 1761 6014 a
1783 5960 2069 6018 Salv-atere

2190 3322 2247 3376 Si
2301 3331 2481 3378 autem
2530 3339 2777 3394 praesens
2833 3323 2920 3392 sit,
2955 3327 3303 3382 revocandus
3324 3337 3407 3384 est
3435 3327 3486 3383 in
3517 3329 3766 3402 gratiam,

2185 3412 2516 3482 postulando
2564 3413 2798 3480 veniam,
2854 3415 2900 3469 si
2956 3416 3105 3487 prius
3134 3416 3222 3474 hic
3250 3433 3434 3474 coram
3480 3419 3592 3475 Deo
3622 3418 3770 3476 fece-

2186 3500 2293 3556 ris.

2876 3631 2953 3687 De
2993 3633 3104 3688 ira.

2256 3759 2345 3813 lra
2376 3756 2729 3814 nihilominus
2786 3766 2866 3814 est
2897 3759 3232 3816 multimodis
3271 3760 3471 3818 furiosa
3503 3777 3516 3817 :
3547 3762 3766 3836 ipsaque

2183 3863 2216 3903 a
2238 3847 2492 3918 superbia
2541 3856 2593 3903 et
2624 3848 2823 3904 invidia
2874 3858 3019 3918 nata,
3053 3867 3198 3907 nunc
3229 3851 3549 3908 intrinsecus
3597 3869 3764 3908 exar-

2182 3937 2436 4004 descens,
2522 3954 2664 3994 nunc
2721 3939 2775 3992 in
2835 3955 3024 3996 vocem
3080 3940 3350 3996 factumve
3391 3958 3762 4014 prorumpens,

2183 4043 2329 4082 nunc
2358 4027 2520 4082 etiam
2578 4027 2870 4083 inveterata
2900 4045 2959 4085 se
3015 4029 3068 4084 in
3115 4029 3300 4085 odium
3347 4040 3560 4086 vertens
3609 4046 3762 4088 omne

2178 4117 2439 4186 judicium
2456 4125 2508 4172 et
2529 4117 2795 4173 rationem
2813 4119 3006 4174 mentis
3020 4119 3295 4190 perturbat
3313 4128 3475 4192 atque
3490 4122 3759 4192 pervertit.

2182 4215 2326 4269 inter
2347 4214 2452 4269 alia
2478 4215 2620 4270 mala
2649 4215 2701 4269 in
2720 4215 3055 4287 patientiam,
3099 4216 3385 4285 clamores,
3435 4217 3601 4287 rixas,
3632 4234 3762 4275 con-

2180 4302 2339 4372 vicia,
2373 4305 2770 4369 contentiones,
2808 4305 3231 4377 indignationes,
3267 4306 3573 4375 maledicta,
3625 4323 3761 4379 saepe

2181 4393 2345 4448 etiam
2373 4393 2634 4462 plurimas
2664 4393 2890 4466 proximi
2909 4393 3181 4464 ltesiones,
3213 4395 3435 4469 sanguis
3455 4395 3758 4464 effusiones,

2180 4490 2234 4538 et
2264 4483 2559 4538 homicidia
2587 4484 2746 4555 parit.
2781 4483 2982 4540 Contra
3013 4485 3150 4541 hanc
3187 4501 3408 4558 quoque
3435 4485 3551 4554 ipsa
3578 4485 3758 4540 chari-

2179 4579 2265 4627 tas
2290 4573 2638 4628 ethumilitas
2689 4581 2856 4644 atque
2885 4573 3139 4644 patientia
3194 4590 3304 4630 non
3334 4575 3507 4630 solum
3562 4575 3758 4632 amicos

2179 4669 2232 4717 et
2264 4661 2409 4717 bona
2440 4662 2598 4716 nobis
2627 4662 2918 4728 facientes,
2950 4679 3048 4718 seu
3078 4663 3213 4718 nihil
3242 4664 3366 4718 mali
3416 4663 3706 4720 inferentes
3736 4684 3748 4720 :

2179 4762 2539 4818 verumetiam
2571 4771 2954 4834 persecutores
2992 4771 3040 4818 et
3071 4762 3222 4834 ipsos
3252 4761 3496 4820 inimicos
3549 4771 3756 4820 nostros

2179 4849 2353 4922 diligi,
2389 4857 2442 4907 et
2475 4868 2577 4924 pro
2610 4851 2689 4907 eis
2721 4851 2985 4924 benignas
3018 4867 3212 4924 preces
3259 4852 3480 4920 effundi,
3513 4854 3755 4926 bonaque

2180 4940 2261 4996 eis
2289 4957 2392 5012 pro
2422 4941 2584 4996 malis
2612 4942 2841 5013 rependi
2881 4951 3191 5013 poscentes,
3250 4942 3425 5014 ipsum
3477 4944 3751 4998 Dominum

2177 5031 2296 5086 haec
2325 5031 2758 5102 praecipientem,
2793 5038 2846 5085 et
2873 5032 2989 5087 haec
3033 5029 3266 5086 inimicis
3300 5032 3600 5098 tacientem,
3655 5031 3752 5086 sibi

2178 5133 2514 5200 proponunt.
2545 5129 2610 5184 Et
2633 5146 2739 5185 non
2771 5130 2946 5186 solum
2969 5130 3074 5187 hoc
3103 5146 3136 5185 a
3161 5130 3319 5187 nobis
3362 5127 3475 5185 ﬁeri
3508 5139 3751 5202 oportere

2178 5226 2595 5292 demonstravit,
2629 5227 2724 5283 sed
2749 5228 2912 5284 etiam
2940 5227 3085 5284 mala
3108 5245 3229 5301 qua:
3258 5227 3488 5299 patimur
3515 5243 3613 5299 pro
3638 5243 3754 5300 pur-

2176 5315 2308 5372 catis
2329 5317 2606 5372 etmeritis
2657 5317 2856 5372 nostris
2897 5318 3110 5374 minora
3151 5317 3474 5374 aestimantes
3503 5332 3603 5388 pro
3640 5331 3752 5387 pec-

2176 5407 2418 5478 gatione,
2451 5423 2548 5463 seu
2579 5406 2904 5478 probatione
2932 5415 3116 5463 nostra
3153 5407 3218 5462 ad
3237 5406 3515 5463 toleranda
3582 5405 3750 5461 adhuc

2177 5497 2381 5566 majora
2405 5496 2630 5562 damna,
2662 5496 2946 5552 molestias
3005 5505 3058 5551 et
3113 5495 3360 5568 injurias,
3410 5503 3648 5568 paratum
3703 5503 3751 5550 et

2175 5594 2489 5658 promptum
2520 5586 2758 5641 animum
2790 5585 3071 5650 adhibere,
3106 5594 3158 5642 et
3187 5602 3251 5642 ex
3282 5593 3468 5641 nostra
3497 5587 3752 5640 voluntate

2175 5673 2380 5747 aliquid
2402 5674 2564 5730 etiam
2597 5675 2725 5730 boni
2755 5674 3210 5746 persequentibus
3248 5690 3409 5746 super
3450 5673 3748 5745 impendere

2177 5764 2736 5836 exposcunt,Domino
2753 5765 2831 5820 sic
2849 5763 3198 5836 praecipiente
3216 5782 3228 5818 :
3250 5786 3270 5812 α
3291 5762 3396 5832 Qui
3417 5770 3467 5818 te
3483 5778 3750 5834 percusse-

2177 5863 2245 5919 rit
2261 5862 2316 5918 in
2342 5863 2596 5920 dextram
2616 5861 2917 5928 maxillam,
2948 5862 3133 5936 praebe
3149 5861 3200 5918 ei
3220 5870 3271 5917 et
3291 5861 3512 5918 alteram
3536 5861 3749 5931 (Matth.

2176 5963 2254 6032 ν).
2292 5985 2314 6011 ι
2350 5963 2419 6020 Et
2436 5961 2665 6020 iterum:
2703 5959 2847 6032 «Qui
2860 5961 2958 6020 tibi
2978 5960 3258 6019 abstulerit
3273 5960 3532 6028 tunicam,
3551 5959 3618 6016 da
3639 5957 3747 6016 eisi
