3956 6432
359 369 463 420 219

1262 365 1324 419 ν.
1365 365 1699 422 GUIBEBTI
1741 364 2031 420 ABBATIS
2067 365 2123 418 S.
2166 361 2405 419 ΜΑΒΙΑΞ
2444 361 2533 417 DE
2572 361 2963 418 NOVIGENTO

3766 361 3874 411 2'20

363 497 421 556 in
470 512 680 569 magno
737 495 1115 552 tentationum
1166 502 1312 551 astu
1360 493 1684 550 constitutis
1734 492 2054 564 spiritualis
2090 496 2134 550 Δ
2164 491 2378 564 pagina
2427 505 2528 562 pro
2555 492 2856 558 intelligere
2898 489 3153 560 ponitur,
3193 497 3257 546 ut
3284 498 3369 546 est
3401 505 3415 545 :
3443 492 3630 555 Audi,
3647 490 3878 560 ﬁlia,et

363 587 706 644 infusionem
739 585 940 656 gratia
965 583 1276 654 providete,
1306 591 1361 640 et
1389 583 1614 639 interno
1645 596 1774 638 rore
1799 582 2057 653 vigentes

363 677 433 747 ad
477 682 706 746 pastum
757 687 934 730 sacra
966 673 1192 744 pagina
1232 685 1329 729 eas
1355 686 1426 728 ex
1471 679 1607 742 potu
1660 671 1878 727 alacres
1919 686 2052 727 con-

364 765 561 836 gerite.
597 763 654 819 Si
682 762 837 819 enim
871 776 1032 818 mens
1063 761 1306 818 interius
1333 775 1447 815 non
1481 760 1823 827 infunditur,
1859 760 2056 816 lectio-

364 854 454 909 nis
485 851 704 908 utilitas
748 859 866 907 tota
897 858 1172 906 cassatur.
1222 850 1354 905 Hac
1386 849 1565 904 fidelis
1611 849 1805 904 anima
1833 850 2056 920 cogita-

365 942 622 998 tionibus
690 940 935 1012 propriis
1000 939 1278 1010 loquitur,
1327 940 1440 993 imo
1502 937 1622 992 suis
1677 937 2058 993 intellectibus

365 1030 529 1101 quasi
562 1029 904 1101 pastoribus.
939 1029 1132 1099 (Vsus.
1169 1029 1248 1096 8.)
1275 1029 1393 1083 Non
1419 1041 1724 1096 possumus,
1758 1026 2054 1096 inquiunt,

365 1120 530 1174 donec
575 1121 754 1173 omnia
797 1133 989 1187 pecora
1032 1120 1437 1185 congregentur,
1485 1115 1538 1169 id
1569 1122 1650 1170 est
1698 1114 2056 1184 spiritualem

363 1207 446 1265 eis
469 1207 796 1276 impendere
826 1205 1153 1276 temperiem
1182 1218 1294 1259 non
1332 1217 1657 1273 possumus,
1693 1203 1872 1258 donec
1897 1201 2056 1273 cogi-

367 1296 648 1352 tationum
697 1295 897 1351 turbas
943 1309 976 1349 a
1025 1307 1132 1348 sua
1180 1291 1518 1363 evagatione
1567 1291 1958 1359 cohibeamus,
2007 1296 2058 1345 et

364 1398 704 1439 amoveamus
750 1383 1018 1453 lapidem,
1073 1383 1313 1451 torporis
1375 1388 1430 1436 et
1476 1379 1836 1451 negligentia
1895 1380 2058 1436 duri-

365 1473 523 1540 tiem,
558 1487 689 1543 qua
717 1487 781 1528 os
807 1471 984 1542 putei,
1031 1471 1087 1526 id
1114 1478 1198 1526 est
1226 1469 1460 1524 oculum
1491 1469 1809 1524 internecat
1838 1469 2058 1525 discre-

363 1561 557 1629 tionis,
600 1569 656 1617 et
697 1560 780 1616 sic
808 1560 1094 1616 virtutum
1125 1557 1400 1630 gregibus
1447 1557 1808 1629 refrigerium
1847 1557 2060 1628 impen-

364 1649 574 1705 damus
603 1662 773 1718 aqua
801 1646 1094 1704 salutaris.

435 1737 610 1794 Vnus.
665 1739 718 1791 9.
775 1766 846 1777 —
889 1735 1088 1790 Adhuc
1153 1735 1531 1805 loquebantur,
1587 1738 1639 1788 et
1693 1749 1807 1788 ecce
1859 1732 2061 1790 Rachel

363 1826 613 1880 veniebat
640 1840 760 1879 cum
789 1824 978 1879 ovibus
1006 1825 1186 1894 patris
1227 1825 1334 1878 sui.
1367 1823 1716 1893 Plerumque
1753 1836 1891 1878 sane
1919 1822 2059 1878 dum

366 1913 560 1969 adhuc
611 1927 744 1969 cum
795 1911 1082 1971 interioris
1155 1911 1403 1967 hominis
1456 1911 1724 1966 sensibus
1778 1910 1848 1966 de
1903 1910 2061 1966 insti-

363 2001 582 2057 tuenda
624 2000 744 2056 vita
783 2001 995 2072 agitur,
1039 2004 1270 2070 repente
1308 2000 1495 2055 virtus
1564 1997 2060 2068 comtenplationis

365 2103 496 2145 cum
547 2096 664 2146 tota
711 2089 890 2145 animi
943 2089 1302 2158 simplicitate
1345 2088 1623 2155 illabitur,
1676 2101 1807 2156 qua
1863 2095 2058 2143 tamen

365 2177 562 2232 omnia
589 2191 624 2232 a
671 2178 835 2234 Patre
880 2176 1172 2232 luminum
1217 2176 1321 2232 sibi
1355 2176 1590 2232 dantur.
1635 2175 1780 2232 Nam
1825 2189 2058 2246 gregem

365 2265 541 2322 totius
575 2266 682 2336 pia
711 2264 1074 2336 cogitationis
1099 2278 1166 2320 ac
1194 2264 1542 2335 operationis
1571 2263 1856 2334 spirituali
1887 2278 2057 2319 succo

366 2353 492 2424 ipsa
549 2354 756 2410 alebat.
827 2354 1029 2418 (Vnus.
1088 2355 1181 2418 l0,
1256 2352 1373 2424 ll.)
1441 2355 1612 2420 Quam
1658 2368 1778 2406 cum
1832 2353 2059 2406 vidisset

361 2441 569 2509 Jacob,
624 2447 676 2496 et
732 2445 893 2497 sciret
944 2441 1320 2496 consobrinam
1373 2457 1530 2496 suam
1587 2456 1812 2511 ovesque
1867 2441 2058 2496 Laban

364 2530 642 2596 avunculi,
691 2529 959 2584 submovit
1010 2529 1246 2599 lapidem
1297 2545 1404 2600 quo
1435 2534 1631 2599 puteus
1682 2529 2054 2595 claudebatur,

364 2623 446 2685 et,
513 2618 792 2688 adaquato
837 2633 1025 2687 grege,
1074 2619 1346 2673 osculatus
1401 2624 1478 2672 est
1525 2634 1662 2672 eam.
1721 2619 1880 2673 Iacob
1931 2631 2058 2674 eam

365 2707 539 2772 videt,
588 2713 644 2762 et
671 2707 1048 2760 consobrinam
1085 2707 1396 2777 cognoscit,
1444 2707 1585 2762 dum
1627 2706 1869 2777 gloriam
1916 2721 2058 2761 con-

365 2794 753 2865 templationis
784 2795 1125 2866 intelligens,
1153 2794 1253 2866 jus
1280 2795 1385 2850 sibi
1418 2809 1590 2865 penes
1618 2808 1742 2850 eam
1775 2793 2060 2850 naturalis

367 2883 814 2954 propinquitatis
859 2883 1138 2953 attendit;
1195 2883 1268 2938 ad
1322 2884 1500 2940 Deum
1547 2884 1701 2938 enim
1744 2883 2059 2940 videndum

364 2971 794 3042 fruendumque
840 2971 914 3028 ab
945 2972 1066 3042 ipso
1103 2985 1162 3027 se
1205 2971 1421 3027 factum
1453 2971 1566 3026 Deo
1616 2971 1903 3041 perspicit.
1953 2971 2059 3028 Vi-

2163 581 2289 636 vide
2334 581 2500 650 (Psal.
2558 595 2709 648 xuv,
2767 580 2872 650 ll).
2929 579 3104 636 Audit
3143 593 3304 650 ergo,
3354 579 3411 635 id
3463 585 3550 635 est
3599 578 3880 648 intelligit

2167 670 2382 737 Laban,
2434 670 2591 740 quod
2641 683 2756 724 non
2802 675 2886 724 est
2930 668 3087 724 aliud
3135 682 3312 738 quam
3365 667 3692 739 intelligere
3744 667 3880 722 facit

2165 759 2427 815 animum
2458 766 2741 826 nostrum,
2765 757 2978 813 scilicet
2999 771 3203 813 verum
3234 757 3428 822 Jacob,
3457 756 3564 826 qui
3595 756 3888 826 supplan-

2164 848 2356 905 tandis
2385 847 2540 904 vitiis
2573 847 2767 912 instat,
2799 846 2869 902 ad
2903 860 2961 901 se
2999 846 3090 900 sui
3122 845 3304 916 ipsius
3337 845 3716 916 prasentiam
3756 845 3888 900 sola

2166 936 2264 992 Dei
2295 934 2625 1006 operatione
2673 934 2904 997 factam,
2952 940 3008 990 et
3031 934 3216 989 currit
3260 935 3308 990 ei
3341 935 3558 988 obviam
3588 934 3718 1004 ipse
3771 934 3888 988 La—

2164 1025 2301 1092 ban,
2351 1024 2493 1095 quia
2538 1024 2779 1080 calestis
2819 1023 3016 1095 gloria
3050 1023 3396 1080 desiderium
3440 1031 3648 1094 sponte
3694 1024 3888 1079 menti

2166 1110 2334 1166 infert
2393 1109 2560 1181 quasi
2609 1111 2918 1180 quemdam
2966 1125 3292 1177 occursum,
3348 1110 3550 1180 gratia
3597 1124 3891 1180 superna:

2165 1200 2407 1270 copiam.
2456 1201 2878 1268 Complexusque
2925 1216 3064 1267 eum,
3095 1205 3146 1254 et
3192 1201 3250 1253 in
3277 1199 3457 1253 oscula
3503 1213 3673 1252 ruens
3707 1199 3892 1252 duxit

2165 1292 2224 1343 in
2274 1288 2491 1342 domum
2544 1303 2720 1342 suam.
2773 1289 2965 1344 Laban
3027 1289 3200 1344 Jacob
3259 1288 3684 1357 complectitur,
3739 1302 3886 1342 cum

2165 1377 2390 1433 devotio
2436 1376 2676 1433 calestis
2731 1377 2926 1433 animo
2974 1377 3143 1432 unice
3193 1376 3517 1432 innectitur.
3571 1376 3645 1428 In
3687 1375 3890 1429 oscula

2167 1465 2304 1531 ruit,
2353 1481 2508 1533 cum,
2543 1465 2737 1521 saculi
2786 1465 3065 1520 abdicatis
3111 1466 3426 1532 amoribus,
3455 1463 3676 1519 divina
3719 1477 3894 1532 qua-

2167 1555 2359 1611 renda
2396 1554 2812 1625 pulchritudini
2859 1554 3192 1610 indivisibili
3228 1554 3434 1609 foedere
3463 1567 3524 1608 se
3572 1552 3890 1622 astringit.

2166 1642 2234 1698 Et
2271 1655 2403 1698 vere
2447 1641 2584 1709 ruit,
2613 1642 2752 1698 dum
2782 1656 2840 1697 se
2865 1641 2915 1697 ei
2949 1641 3212 1698 funditus
3242 1639 3514 1696 infundit.
3551 1641 3622 1694 In
3653 1639 3892 1693 domum

2169 1746 2324 1786 suam
2372 1730 2551 1796 ducit,
2584 1731 2722 1786 dum
2755 1730 2827 1785 ad
2859 1731 2966 1785 hoc
2991 1745 3175 1801 usque
3205 1737 3494 1800 quatenus
3521 1728 3722 1784 cordis
3748 1742 3892 1783 con-

2098 1791 2140 1846 Β
2169 1819 2412 1875 versatio
2440 1819 2497 1874 in
2527 1791 2734 1875 calum
2761 1791 3148 1875 transferatur
3171 1791 3452 1889 provehit.

2237 1908 2408 1964 Vnus.
2453 1910 2536 1964 14.
2567 1937 2640 1950 -
2668 1909 2894 1964 Auditis
2925 1913 3105 1963 autem
3132 1911 3314 1964 causis
3356 1909 3598 1972 itineris,
3634 1922 3883 1977 respon-

2166 1996 2250 2051 dit
2283 2012 2295 2050 :
2326 1998 2394 2052 0s
2441 2013 2612 2051 meum
2644 2012 2718 2063 es,
2749 2002 2800 2051 et
2847 2012 2972 2051 caro
3000 2012 3136 2052 mea.
3181 1996 3360 2053 Audit
3383 2009 3590 2052 causas
3621 1997 3884 2061 itineris,

2166 2101 2299 2143 cum
2352 2101 2455 2142 nos
2505 2087 2638 2144 facit
2683 2087 2924 2144 calestis
2984 2087 3254 2158 splendor
3312 2086 3634 2158 intelligere
3690 2086 3888 2142 inten-

2165 2176 2347 2231 tiones
2395 2177 2570 2232 totius
2627 2184 2836 2232 nostra
2900 2176 3156 2240 actionis,
3226 2175 3541 2246 spiritualis
3599 2175 3886 2231 videlicet

2166 2271 2373 2319 nostra
2403 2277 2522 2334 qua
2570 2263 2643 2319 ad
2689 2265 2869 2319 Deum
2914 2265 3202 2320 tendimus
3251 2263 3616 2334 perfectionis
3643 2305 3659 2330 ,
3713 2263 3884 2320 unde

2167 2352 2469 2420 respondet
2509 2351 2734 2415 effectu,
2780 2367 2894 2408 non
2942 2353 3136 2418 verbo,
3179 2361 3388 2408 nostra
3436 2351 3602 2407 bona
3647 2351 3878 2407 volun-

2165 2440 2287 2496 tati.
2335 2441 2426 2506 Os,
2470 2441 2679 2510 inquit,
2727 2456 2902 2495 meum
2946 2455 3022 2508 es,
3056 2440 3110 2496 id
3143 2448 3226 2496 est
3269 2454 3396 2496 eam
3455 2439 3875 2495 intellectuali-

2167 2529 2317 2596 tatis,
2369 2543 2548 2600 quam
2615 2529 2791 2585 habes
2849 2529 3243 2586 fortitudinem
3308 2543 3380 2584 ex
3428 2542 3520 2584 me
3563 2528 3775 2595 habes,
3827 2532 3876 2580 et

2166 2634 2292 2673 caro
2338 2635 2456 2672 mea
2497 2634 2572 2686 es,
2616 2619 2756 2689 quia
2797 2618 2952 2688 quod
2997 2618 3189 2674 carnis
3233 2617 3602 2689 fragilitatem
3643 2616 3884 2672 ratione

2166 2707 2339 2777 regis,
2388 2707 2537 2762 sicut
2590 2721 2713 2762 osse
2773 2714 3062 2778 reguntur
3111 2719 3332 2775 carnes,
3391 2720 3463 2761 ex
3511 2720 3604 2762 me
3662 2705 3884 2774 utique

2166 2803 2363 2865 potes;
2403 2809 2539 2850 caro
2581 2796 2733 2850 enim
2765 2795 2969 2851 tandiu
3013 2801 3254 2862 constat,
3300 2794 3564 2865 quandiu
3602 2794 3886 2850 mutine-

2167 2891 2266 2940 tur
2293 2884 2366 2940 ab
2395 2884 2640 2939 ossibus.
2674 2883 2870 2953 (Vsus.
2907 2883 3015 2955 15.)
3048 2884 3127 2938 Et
3155 2888 3442 2952 postquam
3463 2883 3717 2952 completi
3743 2886 3888 2936 sunt

2168 2973 2283 3027 dies
2329 2976 2525 3026 mensis
2573 2974 2756 3034 unius,
2804 2973 2952 3026 dixit
2990 2975 3086 3026 ei:
3126 2974 3266 3028 Num
3310 2974 3444 3040 quia
3492 2972 3673 3038 frater
3718 2986 3881 3024 metu

363 3060 456 3115 det
482 3060 673 3115 Laban
716 3060 975 3116 avunculi
1001 3075 1140 3127 oves,
1189 3060 1329 3116 dum
1368 3073 1566 3116 eorum
1601 3059 1701 3130 qui
1749 3059 2056 3115 candorem
2093 3091 2133 3147 ρ
2164 3075 2237 3126 es,
2289 3062 2464 3129 gratis
2510 3062 2708 3114 servies
2756 3059 2894 3114 mihi
2907 3063 2935 3114 ?
2979 3063 3075 3115 Dic
3120 3060 3256 3130 quid
3303 3060 3562 3114 mercedis
3605 3062 3876 3128 accipies.

362 3149 698 3219 praferunt,
745 3157 800 3206 et
829 3149 930 3221 qui
969 3149 1100 3205 vita
1132 3163 1200 3205 ac
1244 3163 1471 3205 morum
1518 3148 1796 3204 affinitate
1843 3162 2053 3218 super-

363 3237 604 3294 calestis
669 3238 934 3295 Ecclesia
985 3238 1187 3294 matris
1227 3252 1348 3294 sua
1399 3238 1604 3294 fratres
1647 3245 1820 3304 sunt,
1873 3237 2053 3293 fidelis

361 3325 556 3382 anima
593 3327 685 3396 pie
711 3327 1024 3384 amulatur
1061 3327 1324 3393 virtutes,
1359 3340 1491 3396 qua
1518 3334 1750 3396 propter
1778 3325 2052 3396 simplici-

361 3419 533 3470 tatem
560 3421 616 3470 et
659 3415 960 3470 utilitatem
1006 3421 1142 3469 sunt
1187 3429 1340 3469 oves.
1390 3413 1630 3468 Amovet
1672 3414 1910 3483 lapidem
1957 3415 2052 3470 Ja-

361 3501 486 3568 cob,
521 3517 626 3571 quo
654 3507 846 3571 puteus
891 3502 1203 3568 clauditur,
1237 3515 1370 3557 cum
1401 3502 1634 3557 discutit
1667 3515 1848 3571 sagax
1879 3501 2054 3572 spiri-

362 3597 459 3646 tus
490 3591 721 3660 pondus
752 3590 988 3657 inertia,
1022 3604 1138 3660 quo
1166 3589 1424 3645 veritatis
1455 3589 1700 3659 cognitio
1725 3590 2050 3647 obturatur.

362 3677 660 3747 Adaquato
692 3679 886 3747 itaque
915 3692 1184 3747 superna
1215 3677 1374 3733 unda
1403 3677 1723 3734 dulcedinis
1753 3679 2056 3748 cogitatio-

361 3780 506 3822 num
541 3774 642 3823 aut
671 3767 958 3823 virtutum
988 3783 1170 3836 grege,
1200 3783 1317 3822 eam
1361 3765 1679 3833 osculatur,
1711 3767 1848 3823 dum
1881 3767 2054 3825 Verbi

362 3853 559 3911 aterni
619 3863 674 3911 et
724 3855 971 3925 Spiritus
1019 3855 1315 3926 sapientia
1373 3855 1645 3911 suavitati
1704 3856 2057 3912 unicorditer

361 3943 722 4016 astringitur.
775 3944 839 4000 In
870 3943 1066 4001 osculo
1097 3959 1351 4014 namque
1398 3945 1523 4010 hoc,
1555 3953 1610 4000 et
1638 3959 1701 4000 os
1730 3945 1905 4001 divini
1941 3945 2059 4001 elo-

360 4031 482 4101 quii
525 4031 724 4088 intimo
771 4045 974 4102 sapore
1011 4031 1416 4097 discernimus,
1471 4039 1527 4088 et
1551 4031 1813 4088 anhelitu
1855 4032 2056 4102 gratia

358 4119 704 4190 septiformis
751 4119 1091 4186 imbuimur,
1140 4127 1196 4175 et
1228 4133 1328 4189 per
1372 4120 1480 4176 hoc
1523 4119 1818 4190 sapientia
1858 4120 2056 4177 salivis

361 4207 722 4278 inungimur.

433 4295 606 4353 Vsus.
655 4299 740 4350 i2.
793 4325 867 4338 —
913 4297 1254 4364 Elevataque
1299 4311 1422 4350 voce
1465 4299 1628 4364 ﬂevit,
1679 4303 1730 4352 et
1786 4297 2056 4352 indicavit

2162 3152 2285 3204 Dies
2330 3151 2528 3202 mensis
2574 3151 2736 3202 unius
2784 3147 3166 3218 complentur,
3219 3163 3352 3204 cum
3400 3148 3688 3204 virtutum
3742 3148 3880 3202 cla-

2161 3237 2357 3293 ritates
2402 3236 2663 3307 perfecta
2723 3236 2959 3292 meliora
3008 3236 3242 3306 gerendi
3310 3235 3624 3292 voluntatis
3691 3236 3877 3306 quasi

2160 3325 2370 3381 mensis
2412 3325 2737 3395 integritate
2766 3324 3165 3394 perficiuntur.
3201 3325 3366 3390 Quia,
3412 3323 3621 3394 inquit,
3668 3323 3876 3379 afﬁni-

2163 3419 2276 3469 tate
2315 3413 2478 3469 bona
2520 3413 2836 3468 devotionis
2865 3413 3006 3468 mihi
3051 3426 3319 3468 annexus
3347 3426 3427 3478 es,
3474 3413 3596 3467 sine
3625 3411 3751 3468 ulla
3783 3413 3878 3468 tui

2162 3516 2261 3571 spe
2306 3501 2600 3570 augmenti
2650 3501 2789 3556 mihi
2836 3500 3166 3556 deservies?
3217 3502 3320 3555 Dic
3361 3515 3498 3572 ergo
3544 3501 3683 3570 quid
3712 3504 3880 3556 acci-

2157 3595 2295 3660 pies.
2345 3590 2542 3658 (VERS.
2592 3592 2674 3656 l6,
2729 3592 2841 3658 17.)
2873 3589 3118 3644 Habebat
3163 3605 3288 3644 vero
3335 3589 3473 3643 duas
3521 3589 3665 3656 ﬁlias
3703 3604 3717 3641 :
3753 3590 3880 3642 Νο-

2161 3695 2281 3733 men
2335 3679 2562 3748 majoris
2614 3681 2746 3743 Lia;
2801 3680 2978 3732 minor
3040 3679 3239 3734 Rachel
3297 3677 3701 3748 appellabatur.
3757 3677 3882 3732 Sed

2161 3769 2266 3823 Lia
2295 3769 2464 3837 lippis
2505 3773 2624 3822 erat
2655 3768 2855 3832 oculis;
2891 3766 3097 3822 Rachel
3127 3766 3320 3821 decora
3362 3767 3532 3833 facie,
3564 3771 3614 3818 et
3639 3772 3883 3820 venusto

2163 3861 2402 3925 aspectu.
2449 3856 2604 3912 Duas
2634 3856 2738 3911 has
2783 3855 2930 3911 ﬁlias
2959 3855 3276 3911 secundum
3335 3854 3489 3925 quod
3539 3853 3723 3908 nostri
3775 3853 3884 3909 di-

2163 3958 2301 3999 xere
2332 3945 2596 4014 majores,
2639 3943 2955 4013 accipimus
2983 3943 3287 4010 actualem,
3339 3957 3471 4013 qua
3500 3941 3666 3998 valde
3713 3941 3884 3998 inter

2162 4032 2358 4090 saculi
2388 4032 2675 4088 molestias
2720 4032 2897 4102 lippit,
2941 4031 3158 4102 vitam;
3203 4045 3305 4102 per
3346 4030 3554 4087 Rachel
3601 4038 3880 4086 contem-

2163 4121 2437 4191 plativam
2480 4134 2612 4190 qua
2656 4119 2770 4174 lota
2822 4118 2986 4186 facie,
3037 4126 3094 4175 et
3133 4117 3337 4174 mundi
3379 4118 3566 4176 cordis
3620 4117 3881 4174 beatitu-

2163 4209 2296 4264 dine
2339 4209 2452 4264 Deo
2479 4207 2724 4262 videndo
2756 4207 3138 4276 perspicacem
3181 4206 3412 4262 oculum
3446 4205 3702 4261 intendit.
3735 4205 3881 4263 Pos-

2164 4311 2368 4354 sumus
2409 4305 2462 4352 et
2493 4310 2596 4367 per
2625 4297 2783 4351 Liam
2825 4296 3142 4364 scientiam,
3177 4311 3307 4367 qua
3337 4309 3539 4351 earum
3569 4295 3877 4352 duntaxat

361 4386 413 4440 ei
453 4383 600 4454 quod
625 4386 806 4452 frater
847 4389 982 4438 esset
1007 4387 1188 4454 patris
1230 4386 1347 4453 ejus
1387 4389 1439 4439 et
1466 4387 1614 4454 filius
1643 4385 1902 4441 Rebecca.
1935 4385 2055 4441 Vo—
2091 4387 2136 4443 D
2166 4400 2361 4442 rerum
2407 4393 2526 4452 est,
2594 4399 2726 4455 qua
2789 4385 2935 4441 inter
2995 4399 3097 4440 nos
3157 4385 3502 4451 actitantur,
3562 4383 3870 4453 accipere,

362 4487 486 4528 cem
530 4472 755 4538 elevat,
818 4487 951 4530 cum
997 4473 1346 4528 desiderium
1411 4472 1636 4544 pietatis
1682 4473 1996 4544 ampliﬁcat
2037 4489 2050 4528 :

367 4567 515 4618 n5
546 4561 641 4618 ﬂet
679 4575 836 4630 vero,
883 4562 1023 4618 dum
1061 4561 1320 4618 animum
1364 4576 1430 4618 ac
1459 4562 1507 4618 si
1533 4570 1706 4632 caput
1734 4570 1946 4634 purgat
1983 4562 2056 4618 ab

285 4725 287 4730 η
361 4649 518 4708 omni
574 4651 814 4708 humore
858 4649 982 4706 vitii
1036 4651 1238 4717 noxio,
1292 4657 1347 4706 et
1404 4665 1506 4720 per
1566 4651 1684 4706 hac
1738 4650 1954 4706 indicat
1999 4665 2059 4706 se

362 4740 597 4797 fratrem
644 4740 792 4811 ejus,
827 4739 968 4796 dum
999 4739 1107 4810 piis
1153 4739 1376 4796 actibus
1412 4739 1603 4796 innuit
1633 4755 1692 4796 se
1735 4740 1846 4796 Deo
1877 4739 2056 4797 inha-

364 4843 489 4885 rere
531 4830 928 4900 germanitus;
959 4836 1014 4886 et
1048 4828 1189 4900 quia
1223 4836 1307 4884 est
1337 4828 1596 4896 Rebecca,
1629 4828 1686 4884 id
1724 4835 1809 4884 est
1837 4829 2056 4898 patien-

367 4917 482 4984 tia,
533 4917 706 4988 filius,
741 4917 956 4974 scilicet
997 4932 1070 4974 ex
1101 4917 1224 4988 ipsa
1252 4931 1319 4974 ac
1361 4916 1406 4972 si
1437 4931 1510 4973 ex
1555 4924 1738 4973 matre
1770 4917 2060 4987 pracipua

367 5005 640 5074 processit
681 5012 880 5061 tantus
920 5003 1176 5060 affectus.
1211 5009 1292 5059 At
1320 5005 1421 5060 illa
1465 5007 1736 5072 festinans
1776 5008 2062 5062 nuntiavit

368 5094 663 5161 patrisuo.
715 5092 1134 5162 Contemplatio
1169 5093 1342 5149 Jacob
1378 5095 1743 5162 prasentiam
1783 5094 1933 5164 patri
1976 5094 2061 5151 fe—

369 5179 519 5236 stina
549 5179 798 5247 nuntiat,
847 5193 980 5236 cum
1013 5180 1220 5236 anima
1269 5181 1499 5237 obedire
1531 5181 1788 5252 parantis
1837 5182 2059 5238 instan-

371 5267 508 5324 tiam
559 5281 662 5339 per
709 5267 987 5324 evidentis
1031 5270 1231 5339 gratia
1271 5269 1538 5326 effectum
1586 5271 1721 5339 Deo,
1767 5285 1801 5327 a
1833 5285 1949 5341 quo
1977 5277 2063 5328 est

371 5371 535 5412 omne
607 5355 808 5411 donum
861 5357 1158 5427 perfectum
1209 5358 1350 5427 (Jac.
1421 5373 1468 5424 ι,
1518 5360 1634 5429 17),
1697 5359 2061 5416 manifestam

369 5452 782 5516 acceptamque
809 5445 932 5501 sine
959 5445 1277 5514 spiritualis
1309 5446 1428 5508 ulla
1469 5447 1738 5505 dilatione
1766 5448 2061 5519 augmenti

372 5533 647 5590 insinuat.
699 5533 893 5604 (Vnus.
948 5537 1058 5604 l3.)
1095 5537 1200 5603 Qui
1239 5551 1360 5590 cum
1407 5535 1648 5592 audisset
1688 5536 1855 5592 Iacob
1887 5537 2062 5607 ﬁlium

371 5625 575 5680 sororis
622 5625 848 5688 venisse,
897 5627 1136 5679 cucurrit
1173 5623 1387 5680 obviam
1435 5627 1501 5680 ei.
1535 5624 1748 5680 Audire
1793 5625 1854 5682 in
1899 5639 2064 5683 sacra

2163 4474 2323 4532 verbi
2366 4473 2581 4544 gratia,
2625 4481 2709 4529 est
2765 4473 2836 4529 de
2883 4472 3144 4529 moribus
3185 4472 3487 4539 humanis,
3533 4479 3588 4527 et
3636 4473 3876 4541 passio—

2163 4577 2308 4619 num
2356 4575 2730 4632 quarumque
2782 4561 3024 4618 naturis.
3073 4563 3179 4618 Per
3234 4561 3445 4618 Rachel
3489 4560 3873 4631 sapientiam,

2165 4666 2296 4722 qua
2355 4649 2647 4720 pracipua
2715 4649 2810 4705 Dei
2864 4649 3045 4721 fulget
3089 4649 3431 4720 cognitione,
3479 4655 3536 4704 et
3579 4647 3872 4716 veritatis,

2162 4739 2543 4808 falsitatisque
2593 4738 2927 4794 acutissima
2981 4737 3338 4794 discretione.
3392 4735 3696 4793 Scientiam
3751 4751 3878 4792 au-

2168 4835 2313 4893 tem,
2355 4827 2495 4898 quia
2552 4827 2612 4882 in
2660 4826 2787 4882 imis
2847 4834 3177 4894 exercetur,
3228 4826 3480 4896 plurima
3517 4831 3739 4882 constat
3788 4824 3880 4882 in-

2164 4916 2319 4972 volvi
2367 4915 2632 4986 caligine.
2677 4915 2800 4983 Lia,
2849 4915 3150 4985 laboriosa;
3189 4914 3420 4983 Rachel,
3467 4917 3614 4982 ovis,
3657 4913 3748 4969 vel
3779 4917 3872 4968 vi-

2166 5005 2304 5060 dens
2335 5007 2669 5075 principium
2717 5004 2949 5072 dicitur,
2985 5019 3117 5074 qua
3165 5002 3396 5074 singula
3427 5002 3535 5069 his,
3568 5016 3700 5072 qua
3731 5016 3876 5072 pra-

2166 5095 2451 5161 misimus,
2514 5093 2764 5164 singulis
2816 5093 2961 5149 bene
3027 5093 3402 5149 conveniunt.
3459 5091 3603 5148 Nam
3654 5091 3711 5146 in
3760 5106 3872 5147 ove

2167 5181 2502 5253 simplicitas
2556 5181 2935 5252 speculationi
2989 5189 3046 5238 et
3093 5181 3389 5251 sapientia
3436 5181 3539 5237 uni
3605 5180 3720 5236 Deo
3770 5180 3873 5236 in-

2168 5278 2336 5328 tenta
2385 5270 2678 5340 concinit;
2726 5269 3086 5326 laboriositas
3145 5277 3200 5326 et
3243 5269 3484 5332 activa,
3534 5275 3590 5326 et
3635 5269 3868 5338 morali,

2167 5359 2472 5416 cuilibetve
2519 5359 2771 5415 scientia
2818 5358 3105 5430 congruit.
3157 5357 3366 5415 Rachel
3405 5358 3578 5414 etiam
3619 5356 3874 5414 dilectio-

2168 5461 2302 5503 nem
2333 5448 2463 5517 Dei;
2497 5447 2597 5502 Lia
2626 5447 2953 5517 signiﬁcare
2995 5446 3150 5502 valet
3186 5445 3552 5502 dilectionem
3591 5446 3868 5516 proximi,

2171 5536 2276 5592 bas
2323 5535 2622 5592 utraslibet
2668 5535 2995 5602 dualitates,
3044 5549 3112 5590 ac
3160 5535 3203 5592 si
3244 5535 3393 5591 duas
3443 5534 3590 5590 filias
3649 5535 3865 5602 Laban,

2172 5625 2230 5682 id
2277 5631 2363 5681 est
2406 5624 2674 5682 candoris
2721 5625 2919 5681 aterni
2963 5637 3127 5680 amor
3173 5623 3378 5696 gignit.
3424 5623 3609 5694 Major
3659 5623 3871 5682 dicitur
