3924 6396
104 362 238 415 105Ἷ

1047 371 1642 431 DEFLORATIONES
1690 378 1791 432 ss.
1836 381 2130 441 ramum.
2161 416 2233 426 -
2261 370 2490 446 £13.11.

3283 411 3417 464 1068

104 486 885 561 militeretpallium.thuite
911 496 1282 568 angariaverit
1313 500 1459 555 mille
1489 516 1715 569 passus:
1748 502 1802 562 A
1833 509 2179 566 conscientiae
2211 530 2470 578 vermem.
2505 535 2634 575 sane
2652 521 2941 596 intelliget,
2975 534 3027 582 et
3046 545 3296 588 vermem
3319 554 3428 594 non

102 577 244 633 vade
302 591 433 632 cum
467 577 572 632 illo
631 580 737 634 alia
775 582 885 638 duo
936 586 1140 655 (ibid.).
1184 611 1205 633 ι»
1262 588 1536 642 Postulant
1567 591 1729 643 etiam

114 671 171 721 ut
204 690 226 713 ι
261 666 572 736 passiones
604 668 765 738 hujus
796 674 1054 742 temporis
1084 676 1152 728 ad
1183 676 1418 731 futuram
1471 677 1728 749 gloriam.

105 777 223 834 quae
252 760 615 817 revelabitur
643 763 697 817 in
727 764 886 820 nobis
918 767 1097 837 (Rom.
1160 772 1295 839 vm),
1328 796 1350 821 ιι
1386 789 1730 844 nequaquam

106 851 413 923 condignas
445 868 583 907 esse
614 853 871 920 scientes,
898 872 1008 911 non
1023 858 1202 912 solum
1227 876 1323 914 eas
1345 864 1724 932 aequanimiter

102 939 424 1005 toleremus,
491 941 601 995 sed
664 942 830 997 etiam
887 960 983 1015 spe
1018 948 1270 1003 certioris
1300 952 1508 1019 praemii
1538 953 1591 1006 in
1625 954 1726 1007 tri-

103 1037 475 1093 bulationibus
507 1038 838 1109 gloriemur,
872 1050 925 1096 et
976 1044 1158 1113 potius
1187 1046 1523 1117 gaudeamus
1553 1067 1722 1120 quam

101 1133 188 1180 aut
216 1126 552 1181 irascamur
582 1135 674 1181 aut
729 1129 1043 1186 doleamus.
1084 1134 1292 1189 Docent
1344 1136 1504 1191 etiam
1537 1139 1723 1195 omnia

101 1231 219 1271 esse
248 1215 607 1285 spernenda.
650 1222 711 1271 ut
738 1218 818 1272 ira
842 1220 1059 1286 vitetur,
1102 1230 1157 1276 et
1209 1226 1387 1279 omnia
1419 1226 1719 1299 toleranda,

100 1322 153 1369 ut
179 1314 505 1371 dilectionis
539 1323 597 1370 et
634 1316 789 1387 pacis
846 1320 1215 1391 tranquillitas
1276 1334 1539 1379 servetur.
1574 1326 1724 1382 Sicut

99 1410 274 1458 autem
296 1402 567 1459 carnales
583 1404 762 1460 adhuc
812 1421 911 1475 pro
929 1416 1153 1463 terrena
1182 1410 1479 1466 substantia
1497 1413 1722 1482 disjun-

99 1492 172 1562 git
200 1490 467 1547 inimicus
489 1492 662 1548 citata
685 1493 808 1548 bitatI
828 1496 956 1565 (l5),
983 1495 1059 1550 ita
1084 1497 1226 1552 inter
1248 1500 1527 1568 spiritales
1549 1503 1725 1573 gignit

100 1588 415 1644 discordem
451 1604 564 1659 pro
607 1589 980 1645 intellectuum
1024 1593 1354 1651 diversitate.
1380 1598 1529 1652 Unde
1561 1599 1721 1654 Salo-

102 1693 223 1732 mon
260 1692 273 1731 :
309 1702 327 1723 ι
377 1676 602 1732 Odium
636 1680 860 1733 suscitat
906 1683 1204 1750 contentio,
1230 1686 1517 1741 universos
1545 1695 1721 1744 autem

103 1768 186 1837 qui
220 1781 331 1822 non
367 1767 721 1821 contendunt
766 1770 995 1842 protegit
1030 1772 1270 1829 amicitia
1300 1775 1480 1844 (Prov.
1511 1780 1619 1845 x)...
1653 1808 1724 1819 —

1840 596 2157 653 moriturum
2190 601 2242 655 in
2274 612 2478 661 aeterno
2501 610 2745 665 cruciatu
2765 614 3137 683 conscientiae,
3158 630 3209 675 et
3241 622 3421 695 ignem

1837 698 1946 738 non
1968 688 2425 760 exstinguendum
2454 694 2506 748 in
2537 711 2722 753 carne.
2756 699 2862 755 Sed
2895 707 3168 775 quomodo
3211 688 3303 767 illa
3319 712 3420 769 fri-

1835 795 1966 851 gora
2022 784 2227 840 nivium
2266 796 2317 843 et
2373 791 2585 848 calores
2622 794 2826 866 ignium
2880 799 3319 877 interpretamur,
3351 813 3422 868 ad

1834 886 1952 941 quae
1985 873 2264 930 cruciandi
2317 878 2467 949 impii
2506 882 2811 940 alternatim
2855 873 3091 948 transire
3148 896 3419 967 dicuntur,

1834 973 1903 1011 an
1935 959 2073 1016 forte
2103 962 2171 1017 de
2204 965 2295 1019 illa
2326 975 2530 1024 tantum
2562 988 2718 1042 pmna
2748 974 3160 1051 intelligendum
3203 996 3282 1043 est
3314 959 3423 1061 qua

1834 1071 1975 1113 nunc
2005 1058 2059 1111 in
2089 1059 2293 1130 Spiritu
2324 1073 2448 1121 ante
2479 1068 2649 1123 ultimi
2676 1070 2869 1139 judicii
2899 1075 3043 1132 diem
3086 1084 3417 1156 cruciantur,

1833 1151 1895 1199 ut
1908 1146 2159 1203 videlicet
2175 1166 2274 1220 per
2286 1154 2599 1212 varietatem
2614 1167 3006 1220 tormentorum
3019 1169 3087 1222 ad
3100 1170 3251 1227 illam
3265 1146 3422 1233 unam

1831 1240 1883 1288 et
1912 1251 2177 1292 summam
2200 1256 2412 1309 prunam
2446 1252 2741 1316 transeant,
2801 1252 2856 1306 in
2888 1271 2995 1325 qua
3016 1257 3153 1315 sicut
3180 1260 3425 1321 intermi-

1830 1322 2104 1392 nabiliter,
2137 1326 2209 1382 ita
2239 1330 2399 1385 etiam
2430 1332 2820 1394 invariabiliter
2845 1322 3174 1403 subsistant.
3224 1352 3422 1411 Ultima

1830 1417 2031 1489 quippe
2060 1422 2494 1483 damnandorum
2515 1447 2683 1500 paena
2722 1435 2860 1492 sicut
2880 1443 3086 1499 cunctis
3107 1448 3283 1515 pmnis
3302 1467 3424 1506 ma-

1824 1507 1910 1574 jor
1938 1524 2059 1564 esse
2091 1527 2198 1565 non
2265 1515 2717 1579 inconvenienter
2768 1527 3025 1597 creditur,
3084 1533 3159 1589 ita
3207 1554 3423 1612 quoque

1830 1594 1884 1648 in
1915 1612 1979 1651 eo
2011 1600 2157 1668 quod
2188 1605 2404 1659 caeteris
2434 1610 2684 1665 omnibus
2704 1614 2884 1669 acrius
2906 1626 3006 1686 est,
3042 1629 3093 1675 et
3117 1594 3419 1683 vehemen-

1830 1683 1931 1737 tius
1948 1688 2293 1758 excrucians,
2320 1700 2590 1751 tormento
2637 1716 2742 1755 non
2775 1702 3214 1768 irrationabiliter
3250 1724 3411 1787 puta-

1829 1784 1939 1831 tur.
1979 1778 2136 1846 Quod
2169 1793 2458 1854 propterea
2488 1789 2736 1848 fortassis
2766 1796 2941 1852 solum
2964 1802 3083 1869 erit,
3118 1812 3175 1859 ut
3204 1778 3423 1880 semper

3068 1856 3081 1869 ,
3128 1856 3173 1859 Ἴ-
3204 1856 3412 1880 ηψπ-.

105 1878 125 1901 ι
146 1856 298 1927 Ergo
312 1872 552 1911 servum
575 1857 797 1911 Deinon
820 1868 1035 1928 oportet
1055 1860 1293 1933 litigare,
1317 1865 1412 1918 sed
1431 1881 1553 1921 esse
1570 1883 1723 1921 man-
1752 1856 1804 1916 Β
1835 1891 2102 1931 summum
2136 1896 2257 1935 esse
2286 1886 2480 1952 possit,
2518 1888 2645 1959 quia
2702 1893 2966 1967 quidquid
2994 1914 3093 1969 pro
3122 1900 3218 1958 illo
3237 1905 3425 1964 mitte-

103 1962 311 2008 snetum
342 1954 417 2009 ad
450 1969 674 2022 omnes,
737 1963 790 2010 et
829 1973 951 2011 cum
1013 1959 1282 2015 modestia
1330 1962 1720 2033 corripientem

105 2056 193 2097 eos
223 2042 315 2113 qui
344 2045 623 2097 resistunt
652 2044 862 2099 veritati
894 2046 965 2115 (II
1011 2048 1146 2102 Tim.
1186 2049 1270 2118 ιι).
1290 2072 1312 2096 ιο
1348 2048 1555 2105 Stultas
1585 2068 1720 2125 ergo

107 2137 154 2185 et
182 2132 299 2186 sine
332 2130 645 2204 disciplina
680 2133 1038 2201 quaestiones,
1101 2144 1153 2190 et
1187 2137 1237 2191 in
1271 2139 1470 2209 quibus
1500 2157 1607 2196 non
1640 2150 1722 2197 est

108 2231 390 2299 prolectus
424 2229 678 2285 scientiae
709 2231 929 2298 devitet,
954 2233 1134 2287 sciens
1164 2236 1288 2306 quia
1316 2246 1579 2308 generant
1599 2239 1721 2295 lites

110 2333 215 2372 non
242 2316 705 2382 aediﬁcationem,
739 2328 985 2375 errantes
1017 2330 1193 2377 autem
1217 2340 1323 2379 non
1346 2336 1521 2381 cesset
1549 2328 1722 2383 corri-

111 2422 254 2477 gere,
289 2408 338 2461 si
372 2406 607 2478 quando
637 2408 729 2462 det
760 2407 866 2461 illis
894 2409 1040 2463 Deus
1068 2426 1400 2483 cognoscere
1416 2416 1717 2483 veritatem,

113 2510 163 2557 et
190 2504 533 2574 resipiscam.
565 2520 597 2558 a
630 2504 839 2576 laqueis
869 2506 1088 2576 diaboli,
1123 2524 1151 2561 a
1184 2526 1290 2580 quo
1321 2512 1518 2581 captivi
1538 2521 1723 2567 tenen-

119 2599 220 2657 tur,
256 2591 328 2647 ad
358 2593 700 2664 explandem
732 2594 851 2661 ejus
874 2594 1203 2651 voluntatem
1236 2599 1438 2670 (ibid.).
1473 2601 1595 2655 Non
1626 2618 1721 2656 so-

114 2677 217 2732 lum
240 2688 435 2734 autem
455 2680 593 2735 nulli
612 2696 711 2735 nos
724 2680 883 2737 irasci
905 2683 1173 2751 convenit,
1193 2686 1286 2739 sed
1302 2686 1459 2741 etiam
1474 2688 1610 2742 alios
1623 2703 1723 2745 suo

123 2786 449 2833 commottos
483 2778 623 2833 vitio
649 2788 835 2833 nostra
867 2780 1088 2836 lenitate
1119 2782 1356 2848 vincere,
1380 2784 1672 2853 juxtatllud
1705 2803 1717 2841 :

116 2866 234 2920 Noli
266 2867 411 2923 vinci
445 2884 477 2921 a
514 2867 662 2922 malo
692 2868 789 2922 sed
811 2868 966 2924 vince
990 2870 1042 2923 in
1072 2870 1215 2927 bono
1245 2874 1466 2928 malum.
1502 2876 1722 2931 Talibus

120 2951 372 3006 remediis
404 2951 503 3023 qui
535 2960 723 3007 contra
753 2952 887 3007 iram
943 2963 1155 3009 curatus
1215 2956 1395 3021 fuerit,
1432 2958 1625 3014 evadet
1656 2960 1723 3013 il-

119 3045 204 3100 lud
235 3049 625 3122 evangelicum
656 3050 800 3121 quod
834 3051 1097 3107 Dominus
1123 3054 1195 3107 ait
1231 3072 1243 3108 :
1283 3079 1304 3101 α
1334 3055 1439 3123 Qui
1470 3056 1725 3113 irascitur

126 3133 271 3191 fratri
292 3154 413 3203 suo,
450 3155 581 3194 reus
610 3138 714 3193 erit
739 3139 1007 3209 gehennae
1038 3141 1182 3214 ignis
1216 3144 1439 3212 (Matth.
1476 3147 1553 3212 v).
1573 3167 1595 3196 ι

192 3272 385 3342 Qualia
414 3286 601 3332 autem
652 3284 920 3331 tormenta
976 3278 1301 3349 gebennalia
1330 3281 1455 3351 sint,
1496 3283 1721 3353 dignum

130 3361 343 3419 videtur
388 3365 701 3438 inquirere.
768 3366 907 3420 Nam
939 3366 1094 3423 valde
1132 3369 1365 3439 dignum
1396 3371 1729 3443 inquisitioni

130 3450 358 3521 videtur,
391 3464 580 3510 utrum
608 3454 818 3510 scilicet
848 3455 999 3511 solus
1027 3457 1171 3529 ignis
1218 3460 1542 3516 cruciatibus
1569 3463 1727 3518 dam-

136 3550 379 3597 natorum
403 3544 699 3614 impositus
730 3543 818 3610 sit,
850 3552 1140 3615 prOpterea
1194 3549 1339 3618 quod
1368 3548 1519 3604 illum
1549 3552 1728 3607 solum

136 3631 330 3686 veritas
359 3638 767 3688 commemorat
784 3631 974 3687 dicens
992 3634 1146 3698 :«Ite,
1161 3636 1455 3702 maledicti,
1479 3639 1531 3693 in
1545 3640 1730 3711 ignem

141 3735 422 3799 aeternum,
487 3729 580 3801 qui
629 3737 853 3800 paratus
890 3738 973 3785 est
1017 3731 1238 3789 diabolo
1276 3743 1330 3790 et
1363 3737 1577 3807 angelis
1614 3740 1730 3808 ejus

142 3816 363 3885 (Matth.
394 3820 606 3887 xxv)»
637 3818 771 3873 Cum
803 3818 945 3873 enim
1004 3821 1060 3874 in
1109 3822 1211 3877 hac
1240 3823 1369 3890 vita,
1402 3841 1511 3881 non
1550 3828 1729 3883 solum

142 3904 205 3958 ab
241 3906 389 3978 igne,
421 3908 524 3963 sed
550 3906 622 3962 ab
642 3906 762 3961 aliis
790 3923 1005 3979 quoque
1029 3910 1312 3967 elementis
1340 3929 1481 3984 pene
1511 3930 1577 3973 ac
1604 3933 1731 3972 cru-

143 4001 308 4058 ciatus
338 4004 685 4075 proveniant,
720 4020 888 4076 quare
917 4005 1030 4063 illic
1058 4023 1165 4063 non
1197 4010 1361 4065 etiam
1389 4013 1443 4066 in
1473 4013 1594 4069 aliis
1620 4015 1733 4072 ele-

147 4094 334 4147 mentis
366 4094 509 4151 sicut
536 4102 591 4150 et
619 4092 674 4147 in
695 4095 823 4165 igne
852 4110 992 4164 pene
1011 4096 1390 4155 damnatorum
1404 4103 1728 4159 consistant.

144 4176 219 4234 De
249 4183 536 4237 tormentis
567 4183 765 4253 quippe
782 4182 1076 4253 impiorum
1090 4186 1351 4257 scriptum
1371 4198 1485 4245 est:
1509 4192 1735 4247 «Trans-

150 4285 271 4332 eunt
297 4294 330 4335 a
368 4279 669 4355 frigoribus
709 4280 917 4336 nivium
958 4280 1031 4336 ad
1082 4283 1290 4340 calores
1328 4286 1534 4357 ignium
1594 4291 1730 4358 (Job.

146 4372 315 4429 xxxv).
354 4391 377 4416 ιι
411 4371 481 4424 Et
521 4369 713 4423 iterum
752 4369 881 4423 alibi
916 4387 930 4424 :
977 4393 1000 4420 ι
1036 4372 1249 4429 Vermis
1277 4390 1462 4430 eorum
1487 4393 1591 4433 non
1622 4395 1737 4435 mo-

150 4451 326 4521 rietur,
350 4466 401 4512 et
428 4458 579 4530 ignis
608 4473 797 4513 eorum
814 4475 927 4513 non
950 4461 1326 4533 exstinguetur
1354 4465 1488 4530 (Ira.
1525 4473 1730 4538 Lm).-

148 4540 277 4599 Nam
304 4546 350 4600 si
379 4564 606 4603 vermen
640 4548 760 4618 quis
789 4548 859 4601 ad
890 4548 1063 4603 solam
1097 4554 1568 4621 compunctionem
1598 4573 1733 4612 con-

1830 1972 1996 2033 retur,
2028 1968 2096 2021 de
2120 1969 2207 2024 illo
2238 1972 2600 2032 minueretur.

1901 2106 2132 2175 Quidam
2166 2114 2347 2169 tamed
2378 2116 2594 2173 fuerunt
2621 2121 2733 2192 qui,
2767 2123 2912 2180 sicut
2942 2128 3140 2186 dictum
3170 2142 3275 2203 est,
3303 2144 3417 2194 tor-

1828 2210 2011 2257 menta
2038 2207 2305 2276 gehennae
2335 2212 2685 2281 spiritualiter
2714 2225 2940 2289 tantum,
2960 2231 3137 2281 etnon
3164 2244 3422 2301 corpora-

1830 2289 1952 2345 liter
1982 2292 2337 2367 intelligenda
2359 2304 2646 2369 putaverit,
2671 2317 2964 2377 propterea
2994 2316 3138 2384 quod
3169 2289 3418 2388 quaedam

1830 2380 1996 2435 verba
2014 2382 2414 2453 Scripturarum
2434 2392 2584 2461 quasi
2602 2393 2744 2449 idem
2757 2403 3056 2457 asserentis
3080 2404 3422 2468 invenerunt.

1832 2468 2028 2524 Dicunt
2055 2472 2195 2527 enim
2230 2478 2480 2545 quaedam
2512 2480 2811 2552 Scriptura:
2841 2488 2967 2556 quia
2997 2493 3302 2552 substantia
3332 2500 3423 2554 in-

1831 2564 2087 2622 feriorum
2119 2570 2413 2640 spiritualis
2446 2585 2547 2643 est,
2587 2595 2693 2633 non
2725 2585 3046 2653 carporalis,
3092 2591 3195 2645 etsi
3222 2594 3420 2652 strido-

1832 2669 1919 2709 res
1948 2656 2198 2712 dentium
2235 2669 2286 2715 et
2315 2661 2473 2719 ﬂetus
2504 2667 2821 2736 spiritaliter
2848 2674 3155 2734 animarum
3188 2681 3419 2758 intelligi

1831 2761 2047 2821 Oportet
2076 2757 2294 2826 (Matth.
2329 2768 2466 2831 rm),
2528 2764 2777 2822 flammas
2808 2787 3019 2844 quoque
3074 2785 3125 2831 et
3154 2757 3425 2838 tormenta

1831 2856 1939 2895 non
1968 2847 2291 2913 corporalia,
2332 2850 2429 2904 sed
2467 2854 2766 2922 spiritualia
2819 2861 3113 2932 cOgitanda
3152 2868 3423 2937 ejusmodi

1832 2929 2281 3003 ambiguitatibus
2339 2940 2632 2997 verborum
2700 2929 2962 3004 ﬂuctuant
3000 2955 3094 3023 qui
3153 2929 3260 3012 n'on
3300 2969 3426 3016 sunt

1830 3019 2059 3075 radicati
2098 3023 2153 3076 in
2192 3025 2325 3079 tide.
2376 3028 2515 3095 Quid
2556 3032 2701 3087 enim
2741 3050 2968 3093 necesse
2998 3019 3098 3095 fuit
3133 3056 3425 3116 propterea

1829 3114 2093 3163 tormenta
2126 3114 2393 3183 gehennae
2423 3117 2721 3187 spiritualis
2779 3133 2985 3181 tantum
3016 3114 3265 3199 credere,
3299 3138 3424 3207 quia

1754 3216 1803 3279 ο
1831 3206 2127 3262 substantia
2154 3210 2468 3269 inferiorum
2506 3217 2775 3287 spiritalis
2839 3229 2894 3278 et
2953 3241 3061 3281 non
3127 3206 3427 3301 corporalis

1835 3292 1979 3350 dicta
2000 3305 2101 3350 est.
2145 3297 2247 3367 Qui
2277 3302 2421 3356 enim
2463 3314 2588 3360 sunt
2627 3307 2804 3378 inferi,
2848 3312 2957 3367 nisi
2995 3316 3216 3385 spiritus
3263 3323 3426 3377 mali-

1836 3384 1948 3454 gni,
1992 3387 2081 3456 qui
2112 3402 2145 3441 a
2174 3392 2405 3445 summis
2435 3394 2504 3447 ad
2562 3394 2768 3465 inﬁma,
2801 3408 2853 3454 et
2908 3384 3262 3476 periculpam
3288 3410 3425 3482 lapsi

1836 3489 1978 3549 sunt,
2011 3492 2060 3538 et
2092 3500 2188 3554 per
2216 3503 2431 3556 pugnam
2446 3490 2711 3562 depressi.
2738 3495 2979 3565 Quorum
3010 3501 3269 3560 nimirum
3297 3510 3425 3563 sub-

1837 3572 2036 3627 stantia
2068 3583 2120 3629 et
2150 3582 2275 3645 post
2302 3579 2513 3650 culpam
2544 3598 2650 3638 non
2684 3589 3006 3658 corporalis,
3041 3593 3139 3648 sed
3168 3596 3429 3665 spiritalis

1837 3675 1960 3715 esse
1990 3664 2247 3731 creditur,
2282 3668 2407 3737 quia
2427 3668 2623 3726 licetin
2646 3675 2724 3728 eis
2756 3677 3007 3733 voluntas
3039 3698 3137 3749 per
3165 3664 3427 3743 malitiam

1837 3749 1905 3803 ad
1936 3750 2081 3806 aliud
2114 3762 2319 3809 mutata
2348 3758 2436 3824 sit,
2468 3769 2659 3815 natura
2680 3771 2861 3820 tamen
2887 3767 3047 3823 etiam
3080 3782 3204 3841 post
3232 3775 3427 3832 eadem

1838 3848 2498 3916 permansit.Auimarum
2530 3874 2746 3930 quoque
2801 3878 2943 3919 nunc
2975 3864 3027 3919 in
3054 3867 3242 3925 inferis
3270 3872 3429 3928 dam-

1839 3942 2086 3991 natarum
2119 3938 2414 3997 substantia
2480 3960 2588 4000 non
2620 3951 2943 4019 corporalis,
2979 3956 3073 4010 sed
3130 3958 3431 4029 spiritualis

1839 4032 1991 4080 recte
2025 4028 2366 4098 perhibetur,
2399 4032 2523 4103 quia
2554 4051 2699 4093 nunc
2724 4054 2755 4092 a
2780 4042 3100 4112 corporibus
3129 4028 3343 4118 solutae,
3375 4051 3430 4107 in

1840 4121 1959 4177 sola
1991 4124 2251 4193 spirituali
2281 4138 2476 4184 natura
2503 4131 2615 4189 illic
2643 4135 2699 4188 in
2729 4140 3011 4195 tormentis
3040 4142 3349 4202 detinentur
3379 4158 3432 4205 et

1840 4210 2046 4267 idcirco
2077 4215 2226 4284 quod
2258 4216 2325 4272 de
2353 4218 2485 4288 ipsis
2532 4220 2587 4275 in
2620 4222 2901 4296 Scriptura
2951 4245 3107 4287 sacra
3136 4238 3433 4295 secundum

1841 4307 2092 4354 naturam
2121 4319 2307 4358 rerum
2338 4310 2707 4377 corporalium
2739 4329 3216 4390 commemoratur,
3239 4328 3434 4385 merito

1843 4409 1951 4449 non
1982 4399 2336 4466 corporaliter
2362 4404 2459 4457 sed
2490 4406 3235 4488 spiritaliterintelligendum
3256 4425 3437 4479 credi-

1844 4488 1951 4536 tur.
1973 4484 2113 4538 Nam
2127 4486 2171 4540 si
2185 4486 2237 4540 id
2262 4491 2404 4559 quod
2425 4491 2557 4561 ipsa:
2573 4504 2719 4562 sunt,
2740 4514 2846 4554 non
2859 4484 3061 4573 corpus
3077 4509 3174 4562 sed
3191 4511 3434 4582 spiritus,

1762 4579 1815 4639 D
1845 4572 1987 4642 quod
2020 4573 2073 4627 in
2102 4572 2235 4644 ipsis
2266 4586 2352 4631 est
2371 4596 2479 4634 non
2502 4586 2807 4657 corporale,
2827 4590 2926 4644 sed
2943 4572 3438 4662 spirituale-intelli;

1865 4639 1877 4642 _
2121 4639 2137 4644 _
2603 4639 2616 4654 .
2765 4639 2806 4657 η
2829 4639 2926 4644 η-
2943 4639 3221 4662 ττ-........ν
3242 4639 3438 4656 ...Μη-

154 4639 380 4699 scientiae
410 4644 733 4715 peccatricis
753 4644 961 4701 referre
979 4646 1124 4713 velit,
1148 4656 1201 4703 et
1220 4649 1289 4703 ob
1311 4650 1496 4721 ignem
1516 4655 1733 4724 quidem
1841 4667 2080 4739 gendum
2100 4679 2205 4725 est,
2226 4673 2285 4725 1n
2303 4673 2590 4748 ᾕυηοει-εο
2606 4681 2822 4737 modum
2837 4688 3104 4745 veraciter
3118 4690 3439 4753 inferiorum

155 4734 485 4800 corporalem
509 4750 748 4789 vermem
806 4741 897 4787 aut
926 4751 1033 4790 non
1079 4738 1438 4807 corporalem,
1481 4743 1580 4797 sed
1619 4743 1738 4814 spi-

156 4816 354 4875 ritalem
391 4831 567 4894 putet,
607 4821 736 4894 quid
802 4832 886 4879 est
923 4825 1072 4893 quod
1136 4825 1262 4880 alibi
1301 4829 1560 4900 scriptum
1598 4839 1681 4887 est
1722 4850 1736 4887 :

163 4929 182 4963 I
206 4916 453 4976 Vindicta
484 4920 667 4977 carnis
694 4920 843 4991 impii
873 4921 1019 4993 ignis
1049 4930 1103 4977 et
1131 4924 1334 4979 vermis
1356 4928 1550 4996 (Ecctt.
1584 4930 1734 4999 vn).-

159 5000 212 5055 Si
246 5007 382 5063 enim
419 5018 717 5081 propterea
780 5009 925 5082 ignis
964 5012 1270 5080 corporalis
1309 5016 1569 5083 creditur,
1613 5018 1742 5089 quia

160 5085 381 5147 vindicta
409 5093 594 5151 carnis
622 5101 723 5159 est,
749 5110 916 5164 quare
942 5109 1051 5149 non
1082 5096 1341 5153 similiter
1369 5100 1579 5156 vermis
1610 5117 1740 5158 cor-

163 5187 409 5251 poraliter
436 5191 659 5257 dicitur,
693 5190 821 5261 quia
871 5190 927 5244 in
974 5191 1269 5249 vindictam
1299 5197 1486 5251 carnis
1525 5207 1745 5269 paratus

165 5284 638 5335 commemoratur.
713 5279 935 5348 Propter
999 5280 1315 5351 bujusmodi
1388 5299 1496 5339 non
1552 5286 1745 5344 leviter

164 5369 320 5414 unum
348 5363 553 5436 aliquid
608 5361 827 5417 difﬁniri
859 5371 1064 5434 potest.
1125 5366 1330 5422 Tamen
1379 5368 1521 5440 quod
1548 5370 1749 5428 dixerit

170 5462 441 5525 prepterea
472 5460 654 5517 carnis
684 5460 835 5530 impii
894 5461 1186 5517 vindictam
1216 5463 1267 5517 in
1301 5480 1486 5521 verme
1516 5465 1747 5523 futuram

172 5554 283 5599 esse
314 5556 368 5603 et
384 5549 534 5623 igne,
556 5548 686 5621 quia
708 5548 905 5619 impius
935 5566 1037 5621 pro
1067 5566 1133 5606 eo
1146 5551 1291 5623 quod
1320 5569 1544 5610 carnem
1574 5555 1747 5613 male-

176 5627 310 5700 dixit,
341 5637 391 5693 in
420 5654 588 5696 carne
609 5638 943 5695 cruciabitur
963 5640 1277 5712 perignem,
1300 5650 1353 5698 et
1373 5641 1429 5698 in
1440 5642 1631 5716 spiritu
1647 5661 1750 5718 per

245 5808 350 5885 (15)
376 5817 454 5875 Ita
483 5816 541 5873 in
572 5814 861 5888 originale.

1844 4756 2143 4812 substantia
2197 4761 2494 4831 spiritualis
2549 4777 2735 4825 etnon
2765 4777 3064 4845 corporalis
3111 4782 3432 4844 aestimatur.

1846 4843 1956 4934 Sed
1986 4846 2193 4934 etaliud
2206 4866 2423 4922 quoque
2443 4856 2589 4924 quod
2610 4857 2807 4914 dicitur
2824 4843 2967 4934 quia,
2993 4866 3039 4920 si
3059 4867 3217 4925 ﬂetus
3234 4881 3288 4927 et
3306 4843 3439 4931 stris-

1846 4927 2012 4985 dores
2033 4931 2275 4988 dentium
2306 4937 2659 5006 spiritualiter
2678 4927 2995 5016 accipimus,
3028 4950 3274 5011 ﬂammas
3294 4975 3439 5029 quo-

1849 5042 1957 5098 que
1987 5035 2372 5087 tormentorum
2402 5034 2458 5088 in
2484 5035 2618 5106 ipsis
2648 5055 2754 5095 non
2786 5046 3121 5115 corporales,
3141 5052 3238 5106 sed
3267 5055 3439 5125 spiri-

1851 5115 2022 5171 tuales
2051 5119 2281 5176 credere
2311 5122 2594 5193 debemus,
2625 5128 2705 5183 sic
2743 5145 2874 5186 sane
2904 5133 3132 5209 intelligi
3157 5115 3354 5212 potest,
3395 5145 3446 5201 si

1851 5204 2123 5261 cruciatus
2152 5209 2473 5279 animarum,
2498 5214 2589 5285 qui
2618 5232 2684 5271 ex
2704 5217 2937 5276 ﬂammis
2962 5228 3338 5296 corporalibus
3357 5250 3448 5307 ge.

1852 5294 2037 5348 nerari
2066 5297 2382 5364 creduntur,
2416 5317 2521 5356 non
2552 5308 2930 5379 corporaliter,
2998 5294 3166 5371 idest
3193 5294 3448 5379 median-

1853 5382 2002 5437 tibus
2039 5387 2385 5455 corporibus,
2418 5389 2472 5444 in
2529 5392 2671 5463 ipsis
2728 5396 2845 5452 fieri
2883 5416 2991 5455 non
3038 5404 3435 5479 intelligantur.

1855 5471 2021 5526 Multa
2052 5481 2179 5529 sunt
2233 5475 2357 5541 alia,
2393 5495 2515 5550 quae
2564 5482 2650 5536 vel
2689 5486 2950 5560 ambigue
2986 5491 3131 5549 dicta
3170 5471 3315 5563 sunt,
3356 5502 3447 5559 vel

1856 5567 2115 5640 ambigue
2145 5569 2253 5625 dici
2281 5584 2536 5641 possunt.
2580 5577 2689 5633 Sed
2719 5582 2866 5640 aliud
2896 5594 2977 5640 est
3015 5604 3199 5647 rerum
3222 5595 3448 5667 veritas,

1858 5654 2007 5712 aliud
2036 5658 2325 5715 verborum
2358 5664 2626 5736 varietas,
2656 5684 2842 5744 neque
2869 5689 2971 5731 nos
2991 5688 3207 5749 oportet
3222 5654 3454 5757 propter
