3924 6412
437 361 577 416 1οὔ9

1586 346 1924 403 WERNERI
1963 345 2257 404 ABBATIS
2297 347 2356 405 Β.
2395 345 2612 402 BLASII

3591 350 3614 400 1
3625 346 3720 403 060

419 480 821 540 multitudinem
839 476 1103 533 dicendia
1123 474 1471 546 simplicitate
1493 471 1756 530 credendi
1778 471 2020 526 deviare.
2053 475 2106 532 A
2137 489 2460 543 corporeus,
2491 480 2547 526 ut
2578 488 2702 526 esse
2730 472 2876 543 ignis
2910 471 3111 539 valeat,
3135 471 3418 543 corporeis
3437 471 3638 543 indiget
3656 472 3725 528 fo-

424 572 572 631 Dicit
599 569 962 642 Augustinus,
982 568 1035 620 in
1056 564 1432 629 Enchiridion,
1469 563 1596 635 quia
1625 570 1858 631 tempus,
1880 558 2026 632 quod

420 664 563 720 inter
600 659 837 717 hominis
902 665 1130 711 mortem
1195 662 1248 710 et
1285 653 1530 709 ultimam
1571 650 2027 708 resurrectionem

424 760 660 834 positum
692 765 799 825 est,
841 753 1053 810 animas
1110 753 1308 808 abditis
1376 750 1616 808 continet
1646 747 2028 819 receptaculis,

420 850 558 906 sicut
600 860 946 917 unaquaeque
986 844 1157 916 digna
1187 849 1269 897 est
1298 840 1385 896 vel
1415 838 1605 911 requie
1635 837 1720 893 vel
1753 851 2022 892 aerumna.

419 941 573 1011 Ergo
597 936 778 992 abdita
809 940 934 988 sunt
963 930 1310 1002 receptacula
1368 927 1692 996 animarum,
1725 942 1828 981 nec
1850 927 2033 997 potest

420 1037 489 1092 ab
521 1033 741 1091 homine
769 1029 1000 1088 difﬁniri
1021 1029 1167 1100 quod
1196 1044 1306 1084 non
1328 1035 1511 1100 potest
1538 1027 1606 1082 ab
1633 1024 1854 1082 homine
1877 1022 2031 1080 sciri.

1029 1167 1104 1222 De
1121 1163 1385 1229 gehenna
1397 1203 1410 1218 .

493 1287 656 1360 Quod
682 1299 983 1356 corporeus
1004 1282 1148 1355 ignis
1178 1282 1447 1354 gehennae
1477 1294 1586 1335 non
1609 1279 1815 1334 tantum
1845 1289 2036 1347 corpo-

423 1395 487 1437 ra
507 1376 793 1443 cruciabit,
816 1374 914 1430 sed
946 1382 997 1428 et
1025 1372 1276 1444 spiritus.

497 1494 691 1566 Qualis
727 1488 1125 1562 intelligendus
1199 1485 1269 1541 sit
1306 1484 1398 1541 ille
1461 1483 1606 1557 ignis
1645 1482 1940 1554 gehennae,
1984 1486 2045 1536 et

425 1577 888 1655 quemadmodum
957 1575 1086 1647 igne
1125 1569 1405 1642 corporali
1443 1567 1748 1639 incorporei
1786 1565 2033 1636 spiritua,

425 1671 546 1729 sive
568 1670 769 1726 animae
799 1664 1127 1736 corporibus
1155 1660 1348 1716 solutae
1381 1658 1613 1716 cruciari
1642 1663 1893 1728 possunt,
1926 1670 2036 1710 non

424 1770 603 1826 solum
634 1753 770 1820 ﬂdei
815 1761 1141 1818 Christianae
1170 1757 1270 1814 sed
1309 1755 1451 1813 sacri
1494 1753 1696 1826 eloquii
1729 1751 2034 1808 auctoritas

421 1854 798 1917 commendat.
841 1852 1102 1908 Gebenna
1142 1847 1270 1920 quid
1309 1854 1393 1902 est
1435 1844 1464 1898 τ
1503 1853 1755 1915 stagnum
1794 1840 1938 1913 ignis
1978 1834 2112 1896 etB

421 1945 699 2020 sulphuris
730 1943 932 1998 dictum
966 1946 1052 1994 est
1082 1939 1283 2009 (Apoc.
1317 1935 1466 2006 xxx).
1535 1929 2032 2020 Corporeusignis

421 2037 548 2104 erit,
590 2043 642 2090 et
673 2029 938 2088 cruciabit
967 2041 1200 2098 corpora
1225 2025 1617 2104 damnatorum
1649 2028 1703 2076 et
1729 2019 2030 2075 hominum.

423 2145 477 2193 et
500 2127 1040 2191 daamonum.Solida
1077 2124 1376 2191 hominum,
1397 2121 1544 2178 aeria
1573 2120 1907 2174 daemonum.
1930 2120 2035 2172 Aut

422 2232 633 2282 tantum
663 2218 950 2277 hominum
979 2230 1219 2286 corpora
1256 2229 1381 2270 cum
1411 2210 1721 2282 spiritibus,
1750 2207 2032 2262 daemones

422 2323 607 2372 autem
637 2309 861 2382 spiritus
887 2306 1008 2362 sine
1067 2303 1391 2374 corporibus
1430 2300 1721 2365 habentes,
1763 2295 2032 2352 sumendo

421 2427 666 2488 pinnam,
707 2424 816 2464 non
846 2403 1207 2476 impertienda
1279 2401 1444 2457 vitam
1473 2396 1853 2468 corporalibus
1882 2393 2032 2466 igni-

422 2504 553 2559 bus.
594 2496 1028 2570 (Aucusrmus.)
1061 2494 1169 2549 Cur
1196 2491 1342 2547 enim
1370 2505 1481 2545 non
1508 2489 1777 2553 dicamus,
1833 2499 2033 2557 quam-

423 2594 510 2650 vis
549 2590 702 2646 miris
767 2595 953 2642 tamen
984 2582 1134 2639 veris
1164 2579 1365 2644 modis,
1399 2580 1562 2634 etiam
1594 2575 1814 2646 spiritus
1843 2575 2031 2629 incor-

427 2695 628 2756 poreos
658 2693 824 2749 posse
855 2688 1021 2746 paena
1049 2669 1328 2742 corporali
1362 2666 1548 2738 aﬂligi,
1597 2665 1645 2721 si
1674 2663 1896 2736 spiritus
1923 2664 2030 2718 ho-

425 2782 634 2837 minum
664 2775 826 2832 etiam
858 2773 961 2844 ipsi
994 2769 1242 2842 profecto
1291 2763 1600 2836 incorporei
1658 2778 1804 2818 nunc
1834 2768 2030 2832 potue-

426 2877 552 2926 runt
590 2863 844 2924 concludi
896 2861 953 2917 in
1009 2857 1392 2929 corporalibus
1457 2852 1740 2922 membris,
1792 2859 1846 2907 et
1903 2859 2032 2907 tunc

428 2962 725 3031 potuerunt
783 2965 1010 3008 suorum
1059 2962 1355 3019 corporum
1386 2943 1615 3001 vinculis
1668 2939 2033 2997 insolubiliter

424 3053 664 3128 alligari.
733 3050 789 3108 Si
827 3046 1062 3106 viventis
1099 3045 1336 3102 hominis
1387 3043 1746 3116 incorporeus
1804 3039 2030 3110 spiritus

421 3127 638 3204 tenetur
662 3142 718 3198 in
749 3155 1002 3212 corpore,
1035 3153 1136 3194 cur
1172 3151 1282 3192 non
1331 3141 1456 3205 post
1493 3139 1746 3198 mortem,
1777 3145 1900 3186 cum
1939 3127 2032 3183 in-

421 3249 724 3308 corporeus
753 3201 1095 3301 sit,.spiritus
1123 3225 1289 3283 etiam
1319 3237 1590 3295 corporeo
1608 3221 1736 3295 igne
1762 3226 2031 3276 teneatur.
2062 3201 2111 3265 C

425 3337 494 3392 Et
528 3349 626 3406 per
679 3331 867 3405 ignem
927 3326 1179 3398 spiritum
1237 3322 1411 3378 teneri
1465 3321 1718 3386 dicimus,
1795 3325 1854 3372 ut
1909 3331 2034 3373 cum

418 3425 474 3481 in
503 3431 772 3480 tormento
795 3417 942 3492 ignis
965 3416 1034 3471 sit
1063 3414 1304 3471 videndo
1321 3420 1488 3483 atque
1517 3407 1822 3466 sentiendo.
1842 3408 2033 3478 Ignem

423 3528 664 3585 namque
694 3526 761 3566 eo
791 3509 914 3579 ipso
945 3505 1145 3578 patitur
1174 3519 1282 3575 quo
1299 3503 1467 3568 videt,
1491 3508 1544 3556 et
1573 3499 1702 3572 quia
1719 3495 1952 3554 cremari
1973 3511 2034 3551 se

423 3601 693 3673 conspicit
719 3604 1015 3655 crematur.
1041 3595 1237 3664 Sicque
1259 3591 1315 3647 tit
1343 3600 1403 3646 ut
1432 3607 1522 3645 res
1551 3603 1828 3659 corporea
1855 3585 2036 3641 incor-

425 3715 654 3776 poream
685 3703 905 3761 exurat,
941 3694 1071 3750 dum
1102 3707 1172 3747 ex
1196 3691 1326 3762 igne
1358 3687 1556 3743 visibili
1586 3686 1755 3742 ardor
1783 3699 1849 3740 ac
1877 3683 2035 3738 dolor

423 3771 720 3848 invisibilis
751 3785 997 3851 trahitur,
1030 3791 1086 3837 ut
1117 3797 1216 3851 per
1238 3780 1422 3852 ignem
1449 3790 1782 3847 corporeum
1806 3771 2033 3828 mensin

419 3894 691 3952 corporea
719 3876 880 3932 etiam
908 3886 1181 3944 corporea
1206 3869 1429 3924 ﬂamma
1459 3865 1760 3923 crucietur.
1807 3865 1872 3917 Et
1909 3869 2032 3933 post

421 3996 596 4054 pauca
629 3995 642 4034 :
676 3978 818 4032 Dum
850 3987 985 4044 ergo
1043 3977 1394 4040 peccatorem
1450 3964 1671 4020 divitem
1713 3962 2030 4016 damnatum

424 4051 642 4128 Veritas
672 4067 726 4121 in
757 4065 943 4138 ignem
974 4059 1224 4131 perhibet
1253 4056 1422 4124 (Luc.
1463 4052 1596 4122 1m),
1651 4051 1905 4124 quisnam
1935 4066 2030 4104 sa-

419 4161 578 4234 piens
609 4156 821 4212 animas
851 4149 1209 4222 reproborum
1240 4145 1420 4201 teneri
1463 4142 1684 4215 ignibus
1713 4148 1899 4213 neget.
1933 4139 2030 4194 llla

417 4258 581 4315 ultrix
601 4256 823 4312 ﬂamma
842 4251 1098 4306 vitiorum
1130 4244 1524 4303 cremationem
1555 4243 1741 4305 habet,
1761 4248 1814 4296 et
1844 4239 2028 4295 lumen

417 4364 529 4405 non
560 4345 743 4401 habet.
778 4341 872 4396 Ille
903 4338 1047 4412 ignis
1077 4337 1146 4392 ad
1178 4334 1608 4391 consolationem
1630 4347 1740 4386 non
1770 4330 1914 4385 lucet
1939 4346 1952 4393 ;
1975 4337 2027 4384 et

422 4447 604 4494 tamen
635 4441 692 4488 ut
707 4429 885 4501 magis
901 4433 1156 4499 torqueat
1177 4425 1246 4480 ad
1263 4423 1469 4496 aliquid
1486 4423 1649 4476 lucet.
1663 4420 1802 4474 Nam
1821 4432 2025 4489 sequa-

415 4539 510 4580 ces
532 4533 752 4592 quoque
782 4531 912 4571 suos
943 4527 1132 4569 secum
1155 4509 1212 4564 in
1239 4515 1520 4565 tormento
1551 4504 1776 4576 reprobi
1797 4503 2024 4558 ﬂamma

417 4621 725 4678 illustrante
755 4611 936 4669 visuri
967 4616 1111 4677 sunt,
1175 4622 1411 4680 quorum
1439 4619 1631 4660 amore
1660 4601 2025 4673 deliquerunt,

420 4716 696 4786 quatenus
726 4703 890 4761 vitam
928 4697 1222 4757 carnaliter
1241 4703 1435 4752 contra
1483 4699 1762 4786 praecepta
1819 4688 2026 4786 Condi-

421 4777 556 4862 toris
585 4799 924 4859 amaverunt,
983 4789 1227 4861 ipsorum
1284 4799 1503 4858 quoque
1551 4780 1778 4836 intuitus
1815 4794 1916 4835 eos
1969 4777 2027 4833 in

410 4902 710 4972 augmento
767 4907 880 4948 suae
918 4885 1287 4945 damnationis
1343 4883 1580 4956 afﬂiget.
1628 4880 1782 4936 Sicut
1830 4877 2024 4934 electis

410 4967 558 5063 ignis
580 4984 774 5041 ardere
813 4979 971 5036 novit
1007 4978 1075 5032 ad
1107 4975 1381 5040 solatium,
1414 4980 1469 5029 et
1500 4980 1684 5026 tamen
1721 4969 1790 5025 ad
1809 4967 2023 5063 suppli-

411 5057 556 5136 cium
585 5075 784 5132 ardere
813 5068 1007 5135 nescit,
1041 5067 1112 5122 ita
1139 5078 1444 5122 econverso
1482 5062 1756 5135 gehennae
1802 5057 2023 5113 ﬂamma

411 5164 670 5239 reprobis
709 5170 763 5219 et
791 5172 1144 5231 nequaquam
1181 5155 1327 5210 lucet
1356 5153 1426 5208 ad
1457 5148 1848 5208 consolationis
1879 5163 2020 5218 gra-

412 5268 538 5323 tiam
598 5271 654 5320 et
710 5270 893 5316 tamen
933 5257 1080 5311 lucet
1143 5253 1213 5309 ad
1252 5266 1492 5324 pmnam,
1533 5257 1590 5304 ut
1631 5248 2017 5302 damnatorum

408 5357 580 5414 oculis
608 5352 754 5426 ignis
782 5345 1034 5421 supplicii
1065 5343 1281 5399 etnulla
1312 5341 1558 5398 claritate
1588 5338 1839 5404 candeat,
1866 5342 1918 5392 et
1945 5334 2017 5391 ad

407 5445 616 5503 doloris
636 5439 922 5500 cumulum
951 5433 1167 5492 delictis
1198 5431 1437 5505 qualiter
1467 5427 1798 5486 crucientur
1819 5433 2014 5481 osten-

410 5542 528 5599 dat.

475 5624 879 5700 Omnipotentis
930 5620 1142 5692 justitia
1197 5618 1502 5674 futurorum
1551 5614 1763 5688 pressia
1793 5613 1862 5668 ab
1891 5612 2012 5684 ipsa

397 5721 586 5776 mundi
613 5717 830 5786 origine
857 5715 1126 5782 gehennae
1151 5709 1335 5780 ignem
1363 5705 1605 5764 creavit:
1637 5705 1730 5777 qui
1755 5704 1812 5758 in
1841 5718 2009 5774 poena

396 5808 755 5878 reproborum
785 5799 956 5855 semel
983 5814 1108 5854 esse
1135 5794 1537 5868 inciperet,sed
1567 5794 1821 5850 ardorem
1845 5805 2006 5846 suum

397 5901 568 5959 etiam
625 5898 744 5956 sine
779 5895 946 5967 lignis
982 5908 1274 5966 nunquam
1314 5890 1520 5950 ﬁniret.
1567 5892 1725 5964 Ignis
1763 5903 2005 5962 namque

2133 563 2332 618 mentis
2365 578 2377 617 :
2412 579 2504 632 qui
2528 578 2652 616 cum
2680 577 2906 616 necesse
2937 570 3019 617 est
3047 570 3105 617 ut
3131 572 3378 618 servetur
3405 578 3504 632 per
3532 578 3726 633 conge-

2136 660 2220 706 sta
2248 651 2414 724 ligna,
2446 651 2636 721 procul
2665 651 2830 706 dubio
2843 651 3096 717 nutritur,
3122 667 3222 707 nec
3244 651 3503 706 valetnisi
3525 666 3725 708 succen

2139 757 2231 797 sus
2257 757 2396 808 esse,
2448 748 2502 795 et
2528 739 2634 795 nisi
2665 739 2869 795 refotus
2900 740 3226 796 subsistere.
3293 744 3362 796 At
3390 751 3581 796 contra
3626 756 3724 812 ge-

2137 840 2332 895 hennae
2361 838 2507 912 ignis
2537 855 2661 895 cum
2692 839 2760 894 sit
2789 855 3113 910 corporeus,
3147 847 3200 894 et
3229 839 3504 896 immissos
3530 855 3721 910 repro-

2140 929 2240 985 bos
2265 929 2626 1000 corporaliter
2655 937 2871 996 exurat,
2903 945 3006 985 nec
3032 928 3212 984 studio
3240 930 3477 984 humano
3507 943 3729 985 succen-

2139 1018 2306 1088 ditur,
2339 1034 2442 1074 nec
2471 1017 2637 1091 lignis
2666 1018 2905 1074 nutritur
2937 1037 2951 1084 ;
2995 1018 3093 1073 sed
3127 1025 3340 1074 creatus
3371 1018 3541 1074 semel
3568 1018 3730 1073 durat

2139 1115 2620 1188 inexstinguibilis,
2637 1123 2690 1172 et
2709 1115 3067 1172 succensione
3080 1131 3185 1171 non
3207 1115 3433 1188 indiget,
3460 1123 3515 1171 et
3538 1115 3731 1171 ardore

2139 1221 2250 1261 non
2279 1206 2612 1261 caret.Bene
2642 1221 2779 1278 ergo
2807 1205 2879 1261 de
2908 1205 3094 1277 iniquo
3133 1204 3349 1260 dicitur.
3383 1227 3405 1254 α
3439 1204 3731 1260 Devorabit

2142 1311 2267 1351 eum
2295 1294 2440 1366 ignis
2471 1294 2562 1364 qui
2592 1310 2704 1350 non
2723 1295 3071 1351 succenditur
3098 1293 3243 1368 (Job.
3282 1299 3394 1366 xx).
3431 1311 3443 1348 :
3476 1294 3641 1365 Igitur
3665 1308 3733 1348 ne

2141 1394 2214 1449 ad
2241 1396 2388 1450 hunc
2416 1393 2621 1466 ignem,
2655 1393 2702 1448 si
2731 1392 2887 1448 fratri
2917 1393 3239 1464 qaandoque
3268 1391 3588 1458 irascamur,
3635 1406 3731 1446 ve-

2141 1483 2378 1549 niamus,
2409 1482 2651 1555 benigne
2710 1483 2796 1536 his
2852 1482 3042 1537 verbis
3071 1497 3178 1538 non
3200 1480 3389 1536 imbuit
3424 1479 3684 1537 Dominus
3715 1496 3730 1534 :

2147 1596 2169 1620 «
2206 1571 2263 1627 Si
2291 1571 2563 1644 inquiens,
2597 1569 2760 1627 offers
2791 1587 2987 1627 munus
3013 1580 3160 1626 tuum
3189 1571 3261 1626 ad
3289 1570 3513 1636 altare,»
3551 1577 3659 1626 etc.

2215 1714 2324 1771 Sed
2378 1729 2529 1771 nunc
2557 1713 2840 1771 videamus
2890 1714 3144 1770 diversas
3190 1729 3387 1770 causas
3415 1726 3724 1767 munerum.

2144 1805 2424 1876 Siquidem
2456 1804 2545 1860 ille
2578 1804 2670 1876 qui
2700 1811 2851 1860 recta
2874 1804 3100 1873 judicat,
3129 1811 3180 1859 et
3199 1801 3479 1875 praemium
3498 1801 3622 1856 inde
3643 1816 3735 1856 re-

2141 1893 2534 1949 munerationis
2581 1901 2874 1964 exspectat,
2898 1892 3143 1948 fraudem
3178 1893 3232 1947 in
3264 1891 3554 1947 Dominum
3601 1905 3735 1962 per-

2142 1992 2338 2055 petrat,
2375 1983 2500 2055 quia
2546 1983 2832 2053 justitiam,
2861 1999 3021 2055 quam
3073 1982 3247 2056 gratis
3295 1981 3582 2052 impertire
3631 1979 3733 2035 de-

2144 2083 2279 2148 buit,
2313 2081 2630 2154 acceptione
2658 2083 2906 2154 pecuniae
2935 2082 3304 2138 vendit.Bona
3324 2079 3465 2136 male
3494 2086 3732 2146 utuntur,

2145 2172 2235 2244 qui
2258 2173 2403 2242 juste
2432 2188 2534 2242 pro
2565 2173 2852 2244 temporali
2884 2172 3036 2228 lucro
3053 2171 3315 2240 judicant.
3346 2169 3505 2225 Tales
3535 2168 3733 2241 quippe

2141 2278 2251 2318 non
2281 2261 2550 2329 defensio,
2581 2263 2681 2317 sed
2709 2277 2864 2318 amor
2893 2268 3155 2333 provocat
3177 2261 3244 2316 ad
3262 2259 3570 2316 veritatem.
3611 2255 3734 2326 Qui-

2141 2361 2242 2416 bus
2271 2355 2332 2415 si'
2348 2377 2474 2432 spes
2506 2360 2712 2415 nummi
2743 2361 3094 2428 subtrahitur,
3143 2357 3426 2415 confestim
3459 2371 3492 2412 a
3514 2355 3734 2426 justitia

2141 2450 2460 2506 defensione
2506 2450 2784 2506 recedunt.
2819 2450 3080 2521 Acceptio
3133 2463 3442 2514 munerum,
3474 2443 3734 2518 prevari-

2142 2541 2284 2597 catio
2307 2539 2550 2595 veritatis
2581 2547 2686 2594 est.
2719 2538 2875 2596 Unde
2905 2548 2959 2595 et
2987 2554 3089 2610 pro
3111 2538 3260 2608 justo
3289 2535 3491 2593 dicitur
3522 2549 3537 2589 :
3575 2557 3597 2583 α
3631 2533 3734 2602 Qui

2140 2629 2349 2686 excutit
2398 2644 2592 2684 manus
2649 2645 2776 2684 suas
2829 2629 2900 2684 ab
2929 2627 3078 2683 omni
3135 2642 3380 2692 munere,
3414 2624 3470 2679 in
3499 2623 3732 2680 excelsis

2141 2738 2348 2793 habitat
2375 2737 2508 2808 (Isa.
2560 2740 2772 2806 xxxnt).
2811 2758 2833 2785 υ
2889 2735 3056 2791 Dives
3086 2734 3410 2790 muneribus
3441 2732 3546 2788 cito
3602 2745 3733 2787 cor-

2141 2823 2348 2899 rumpit
2391 2825 2655 2895 judicem,
2712 2841 2922 2898 pauper
2969 2833 3171 2894 autem,
3229 2823 3359 2879 dum
3412 2837 3522 2877 non
3577 2819 3736 2876 habet

2140 2915 2290 2989 quod
2346 2915 2560 2985 oﬂ‘erat,
2619 2931 2729 2972 non
2759 2915 2936 2971 solum
2994 2913 3173 2969 audiri
3229 2910 3609 2977 contemnitur,
3639 2907 3736 2964 sed

2141 3015 2308 3070 etiam
2334 3022 2525 3070 contra
2556 3013 2841 3070 veritatem
2872 3011 3218 3084 opprimitur.
3254 3010 3374 3066 Cito
3413 3007 3642 3065 violatur
3669 3005 3734 3062 ab

2141 3104 2362 3160 avaritia
2387 3103 2612 3174 justitia,
2635 3101 2956 3174 nullamque
2977 3118 3102 3157 reus
3141 3097 3473 3172 pertimescit
3500 3097 3730 3168 culpam,

2140 3209 2306 3267 quam
2335 3193 2602 3249 redimere
2630 3191 2866 3248 nummis
2929 3190 3226 3246 existimat.
3263 3189 3386 3245 Plus
3420 3186 3562 3244 enim
3592 3183 3735 3241 obti-

2143 3292 2233 3340 net
2262 3287 2506 3340 mentem
2533 3281 2778 3340 censoris
2805 3296 2959 3337 amor
2987 3279 3129 3337 lucri
3177 3293 3338 3352 quam
3367 3275 3593 3348 aequitas
3642 3274 3736 3344 ju-

2142 3380 2300 3438 dicii.
2340 3382 2475 3437 Tres
2506 3389 2631 3436 sunt
2667 3396 2954 3436 munerum
2985 3378 3331 3449 acceptiones
3362 3374 3556 3448 quibus
3580 3371 3736 3442 justi-

2145 3471 2273 3528 tiam
2303 3472 2540 3526 humana
2567 3470 2784 3525 vanitas
2811 3476 3007 3536 mutat,
3040 3468 3096 3522 id
3153 3475 3234 3522 est
3283 3465 3436 3521 favor
3466 3461 3735 3519 amicitia-

2143 3578 2281 3631 rum,
2327 3560 2570 3616 adulatio
2598 3559 2794 3628 laudis,
2856 3565 2911 3614 et
2939 3555 3242 3628 corporalis
3270 3553 3513 3625 acceptio
3539 3566 3736 3608 mune-

2142 3659 2246 3714 ris.
2289 3659 2520 3714 Facilius
2586 3657 2729 3713 enim
2794 3656 3128 3728 pervertitur
3185 3654 3396 3709 animus
3420 3650 3626 3724 judicis
3656 3647 3734 3704 rei

2142 3747 2408 3819 corporali
2456 3763 2682 3802 munere
2740 3762 2899 3818 quam
2956 3745 3151 3818 gratim
3200 3743 3486 3812 laudisque
3516 3739 3728 3794 favore.

2142 3836 2385 3906 Quatuor
2412 3835 2590 3890 modis
2652 3836 2947 3890 humanum
2974 3832 3242 3903 judicium
3290 3828 3634 3902 pervertitur,
3666 3826 3737 3882 ti-

2139 3942 2312 3992 more,
2346 3925 2666 3996 cupiditate,
2697 3924 2845 3989 odio,
2878 3939 3084 3980 amore.
3138 3923 3375 3986 Timore,
3431 3920 3554 3974 dum
3586 3924 3737 3972 metu

2139 4024 2375 4093 alicujus
2402 4023 2696 4094 potestatis
2723 4021 3009 4080 veritatem
3040 4019 3190 4091 loqui
3217 4017 3604 4091 pavescimus;
3635 4029 3733 4070 cu-

2136 4114 2383 4186 piditate,
2415 4114 2546 4169 dum
2601 4112 2826 4184 praemio
2854 4111 3089 4181 alicujus
3143 4108 3381 4164 muneris
3426 4103 3734 4174 corrumpi-

2138 4220 2260 4259 mur
2292 4221 2308 4269 ;
2338 4203 2484 4272 odio,
2548 4218 2669 4258 cum
2698 4210 2890 4258 contra
2947 4199 3248 4273 quemlibet
3313 4194 3588 4252 adversari
3616 4209 3733 4248 mo-

2136 4293 2342 4358 limur;
2402 4306 2612 4358 amore,
2663 4292 2796 4346 dum
2852 4291 3025 4346 amico
3079 4289 3167 4346 vel
3220 4285 3536 4359 prOpinquis
3589 4298 3731 4355 prae-

2135 4399 2280 4448 stare
2311 4391 2717 4448 contendimus.
2758 4390 2854 4445 His
2908 4388 3056 4445 enim
3122 4394 3354 4458 quatuor
3381 4382 3561 4440 causis
3589 4393 3743 4451 saepe

2134 4483 2365 4553 aequitas
2404 4480 2660 4548 violatur,
2711 4495 2859 4550 saepe
2931 4476 3248 4534 innocentia
3317 4473 3554 4530 laeditur.
3606 4471 3734 4526 Haec

2058 4573 2110 4635 D
2139 4572 2210 4628 de
2239 4571 2564 4627 muneribus
2618 4569 2816 4642 quibus
2841 4568 3051 4638 justitia
3100 4565 3348 4623 violatur.
3409 4563 3488 4618 De
3541 4575 3733 4614 mune-

2137 4670 2288 4726 ribus
2342 4677 2530 4725 autem
2589 4669 2788 4740 quibus
2832 4682 2929 4724 cor
2981 4665 3293 4730 mundatur,
3327 4658 3628 4734 Gregorius
3658 4657 3734 4714 sic

2135 4760 2212 4815 ait
2243 4778 2256 4815 :
2294 4782 2316 4807 α
2354 4758 2614 4830 Respexit
2659 4757 2927 4814 Dominus
2977 4756 3045 4811 ad
3084 4755 3226 4810 Abel
3259 4760 3312 4808 et
3375 4750 3444 4806 ad
3503 4762 3733 4804 munera

2135 4849 2255 4919 ejus
2281 4867 2297 4919 ;
2327 4849 2396 4905 ad
2422 4849 2557 4905 Cain
2587 4863 2720 4904 vero
2750 4855 2804 4903 et
2831 4847 2899 4901 ad
2951 4859 3184 4901 munera
3213 4842 3332 4912 ejus
3359 4855 3468 4896 non
3492 4836 3729 4908 respexit

2133 4939 2294 5010 (Gen.
2353 4941 2452 5003 In).
2486 4937 2576 4993 Ab
2631 4936 3004 5007 omnipotente
3059 4935 3176 4991 Deo
3220 4946 3420 4987 munus
3471 4945 3540 4985 ex
3567 4941 3732 4982 manu

2128 5053 2242 5093 non
2287 5036 2572 5107 accipitur,
2605 5035 2752 5107 quod
2777 5034 2946 5090 corde
2974 5032 3218 5103 obligato
3272 5029 3329 5085 in
3355 5026 3560 5083 malitia
3589 5039 3723 5096 pro-

2129 5135 2318 5191 fertur.
2353 5134 2598 5188 Mundari
2622 5132 2820 5189 etenim
2859 5131 3018 5204 prius
3047 5129 3213 5185 debet
3241 5127 3452 5182 animus
3481 5121 3572 5196 qui
3601 5138 3727 5176 mu-

2128 5242 2244 5282 nus
2273 5222 2474 5280 oﬂ'erre
2532 5224 2645 5278 vult
2689 5224 2852 5292 Deo;
2896 5222 3024 5294 quia
3078 5235 3240 5276 omne
3279 5216 3424 5290 quod
3453 5216 3608 5270 datur
3662 5227 3726 5267 ex

2125 5325 2305 5380 dantis
2337 5331 2518 5379 mente
2545 5329 2826 5394 pensatur.
2881 5321 3091 5376 Cuncta
3118 5318 3298 5390 itaque
3358 5312 3569 5368 malitia-
3599 5325 3724 5364 ma-

2128 5415 2255 5471 cula
2284 5415 2356 5470 ab
2402 5412 2647 5468 interiori
2688 5419 2880 5467 nostro
2929 5409 3150 5466 homine
3195 5401 3535 5477 cogitationis
3564 5416 3724 5455 mun-

2125 5511 2343 5566 datione
2375 5514 2644 5581 tergenda
2673 5517 2778 5574 est,
2813 5507 2940 5580 quia
2968 5507 3107 5561 iram
3131 5503 3332 5574 judicis
3362 5501 3580 5572 placare
3619 5511 3722 5551 ne-

2125 5611 2246 5678 scit,
2277 5609 2384 5664 nisi
2411 5625 2474 5664 ex
2507 5607 2777 5664 munditia
2800 5607 3013 5678 placeat
3041 5602 3345 5660 offerentis.
3389 5596 3540 5655 Unde
3585 5592 3723 5650 scri-

2120 5709 2268 5772 ptum
2301 5707 2382 5755 est
2402 5715 2414 5753 :
2434 5722 2457 5748 α
2484 5698 2740 5768 Respexit
2771 5695 3045 5752 Dominus
3075 5696 3143 5748 ad
3166 5691 3306 5747 Abel
3329 5696 3381 5745 et
3417 5687 3485 5742 ad
3506 5696 3724 5740 munera

2125 5791 2270 5860 ejus,
2299 5789 2372 5844 ad
2400 5788 2537 5844 Cain
2568 5796 2752 5844 autem
2781 5796 2840 5842 et
2865 5785 2935 5842 ad
2968 5799 3194 5840 munera
3227 5781 3343 5851 ejus
3373 5794 3482 5834 non
3529 5789 3721 5846 respe-

2120 5887 2228 5945 xit.
2287 5911 2311 5938 ι»
2343 5887 2539 5960 Neque
2591 5886 2794 5946 etenim
2840 5899 3056 5942 sacrum
3095 5878 3371 5954 eloquium
3435 5872 3582 5944 dicit,
3631 5885 3722 5928 re-
