3924 6402
151 349 286 401 1061
1113 343 1691 401 DEFLORATIONES
1719 343 1816 400 SS.
1869 344 2184 401 PATRUM.
2224 373 2291 386 -—
2319 345 2453 400 LIB.
2493 343 2562 399 ll.
3347 351 3487 405 i062

145 469 324 540 spexit
353 468 428 524 ad
493 484 744 524 munera
799 469 952 536 Abel,
1008 475 1060 523 et
1116 468 1183 523 ad
1221 469 1356 524 Cain
1406 485 1628 522 munera
1684 483 1790 522 non
1822 469 1871 529 A
1904 468 2287 522 subministrat.
2323 468 2472 523 Hauc
2495 467 2673 537 itaque
2703 467 2879 522 cordis
2907 469 3224 526 munditiam
3245 480 3298 527 et
3315 489 3494 543 aequa-

150 557 397 628 respexit
429 571 444 625 ;
482 558 590 612 sed
628 559 784 629 prius
829 559 904 613 ait
934 572 947 612 :
981 558 1106 627 quia
1142 558 1378 628 respexit
1420 557 1488 612 ad
1517 557 1651 612 Abel
1687 571 1700 624 ;
1733 572 1797 612 ac
1905 557 2201 610 nimitatem
2235 557 2433 612 habere
2474 573 2572 611 nos
2622 559 2864 611 hortatur
2916 557 3177 613 Dominus
3204 561 3258 614 in
3313 578 3499 617 recon-

152 645 354 702 deinde
386 645 657 702 subdidit
693 665 705 702 :
744 655 798 703 et
825 646 894 701 ad
915 663 1137 702 munera
1166 647 1303 716 ejus,
1325 655 1379 701 et
1403 662 1610 701 rursum
1667 645 1798 700 dicit
1904 646 2174 700 ciliatione
2216 645 2410 710 fratris,
2444 662 2565 700 cum
2621 645 2690 700 ad
2711 646 2877 700 altare
2932 661 3125 702 munus
3152 647 3345 705 oﬂ'erre
3390 667 3493 707 vo-

153 735 280 804 quia
310 750 430 790 non
461 735 729 804 respexit
759 736 826 791 ad
857 735 1008 803 Cain,
1040 752 1104 790 ac
1132 735 1325 790 deinde
1355 735 1591 789 subdidit
1646 742 1700 789 et
1726 733 1796 788 ad
1903 734 2158 789 luerimus
2212 735 2434 804 (Matth.
2494 735 2572 804 v).
2607 734 2686 789 De
2720 750 2826 804 quo
2878 752 3099 792 munere
3130 745 3180 793 et
3203 737 3257 792 in
3322 739 3498 798 oﬂicio

154 839 392 880 munera
423 823 586 894 ejus.
635 825 718 879 Ex
747 824 923 880 dantis
951 825 1151 895 quippe
1186 824 1348 879 corde
1381 824 1435 878 in
1466 823 1610 894 quod
1640 823 1797 878 datur
1905 824 2080 878 missa:
2137 823 2369 878 dicitur:
2403 824 2530 878 Haec
2590 823 2754 889 dona,
2789 825 2906 880 haec
2957 841 3200 882 munera.
3252 827 3500 885 Solemus

1900 912 2020 966 illos
2049 927 2329 966 munerare
2359 928 2390 966 a
2420 911 2614 982 quibus
2666 911 2870 981 aliquid
2927 913 3182 968 molimur
3233 917 3495 974 obtinere.

1899 1000 2049 1056 Unde
2077 1001 2308 1055 Domino
2367 1001 2420 1054 in
2450 1000 2722 1054 oblatione
2771 1008 2951 1056 nostra
2970 1002 3216 1070 dicimus,
3276 1007 3491 1076 quando

1898 1089 2046 1143 illam
2102 1088 2205 1143 sibi
2253 1089 2308 1142 in
2348 1089 2611 1143 munditia
2660 1088 2836 1144 cordis
2901 1088 3173 1147 oﬂ‘erimus
3211 1112 3223 1148 :
3257 1091 3396 1163 Quia
3445 1103 3496 1152 te

1897 1193 2037 1248 pane
2095 1186 2304 1232 terreno
2351 1193 2714 1243 muneramus,
2791 1178 2878 1233 fac
2952 1188 3008 1234 ut
3053 1180 3176 1236 inde
3221 1183 3494 1241 caelestem

1895 1267 2253 1321 obtineamus.
2315 1265 2455 1334 Quia
2513 1274 2562 1322 te
2619 1266 2893 1335 corporali
2955 1267 3076 1324 cibo
3131 1287 3494 1342 muneramus,

1897 1355 1983 1409 fac
2013 1363 2068 1408 ut
2099 1355 2221 1408 inde
2251 1355 2562 1409 alimentum
2609 1355 2845 1426 spiritale
2885 1371 3291 1427 consequamur.
3351 1361 3491 1431 Quia

153 913 452 982 accipitur.
500 913 727 968 Idcirco
787 929 900 968 non
925 912 1058 967 Abel
1089 930 1154 966 ex
1212 911 1544 976 muneribus,
1576 913 1668 966 sed
1725 928 1793 967 ex

151 1001 293 1058 Abel
327 1017 581 1057 munera
646 1002 964 1073 placuerunt
1004 1001 1205 1057 oblata.
1269 1002 1418 1056 Prius
1442 1017 1676 1070 namque
1722 1000 1791 1055 ad

147 1106 273 1145 eum
316 1090 538 1164 legitur
559 1090 835 1146 Dominus
865 1089 1164 1161 respexisse
1192 1089 1282 1159 qui
1311 1089 1475 1144 dabat
1529 1105 1690 1158 quam
1720 1089 1789 1143 ad

146 1177 240 1234 illa
261 1195 392 1249 qua
455 1178 661 1244 dabat,
685 1187 743 1233 ut
780 1178 962 1233 audito
999 1179 1202 1233 scilicet
1257 1178 1576 1232 narrationis
1629 1178 1788 1247 hujus

141 1267 337 1322 ordine
370 1267 676 1323 discamus
721 1267 846 1337 quia
875 1267 1138 1323 exteriora
1195 1282 1418 1320 munera
1454 1283 1520 1321 ex
1578 1266 1787 1320 interna

145 1355 328 1412 cordis
377 1356 673 1412 munditia
731 1357 1070 1424 condiuntur,
1134 1364 1188 1412 et
1240 1355 1578 1411 discretionis
1621 1356 1788 1410 virtus

1901 1451 1948 1498 te
1979 1460 2324 1498 muneramus
2375 1443 2430 1497 in
2482 1443 2778 1498 substantia
2824 1444 2978 1515 panis
3022 1453 3076 1500 et
3103 1447 3233 1517 vini,
3293 1450 3377 1508 fac
3432 1460 3489 1508 ut

1900 1533 2024 1587 inde
2046 1532 2409 1606 percipiamus
2429 1548 2624 1603 corpus
2653 1539 2706 1588 et
2725 1534 3042 1606 sanguinem
3073 1536 3283 1594 Christi.

147 1445 416 1500 lectorem
479 1446 691 1502 doceat
745 1445 918 1515 qualis
960 1444 1103 1516 apud
1151 1462 1208 1500 se
1233 1462 1348 1511 esse
1400 1444 1614 1511 debeat,
1665 1460 1787 1498 cum

145 1535 428 1591 exteriora
447 1534 634 1604 bona,
669 1549 779 1590 non
806 1534 980 1590 solum
1032 1535 1168 1603 Deo,
1199 1533 1294 1588 sed
1323 1533 1484 1589 etiam
1542 1534 1790 1605 proximo

1190 1923 1807 2029 DOMINICA
1913 1924 2487 2031 SEPTIMA.

1452 2168 1848 2235 Secundum
1897 2171 2225 2237 Marcum.

233 2408 256 2433 ι
285 2384 434 2440 Cum
487 2383 667 2439 multa
718 2380 872 2437 turba
914 2388 1054 2437 esset
1109 2396 1231 2437 eum
1285 2381 1429 2449 Jesu,
1471 2383 1780 2438 convocatis
1808 2385 1862 2445 Β
1890 2382 1959 2438 ab
1987 2384 2356 2454 omnipotente
2394 2385 2510 2441 Deo
2548 2385 2764 2458 longius
2790 2388 3028 2444 recessit.
3085 2389 3224 2446 Nam
3252 2399 3307 2447 et
3359 2408 3484 2462 pro-

159 2471 455 2544 discipulis
510 2473 629 2527 suis
682 2471 826 2525 dixit
874 2489 885 2526 :
936 2471 1193 2525 Misereor
1238 2470 1428 2534 turbaa,
1478 2472 1605 2541 quia
1659 2488 1784 2527 ecce
1891 2471 2051 2544 digus
2080 2472 2218 2527 ﬁlius
2248 2474 2339 2544 qui
2387 2482 2592 2544 patrem
2639 2475 2888 2544 deseruit,
2930 2477 3063 2533 abiit
3091 2478 3146 2533 in
3199 2481 3481 2553 regionem

160 2569 340 2624 triduo
367 2571 495 2640 jam
531 2574 881 2639 perseverant
926 2582 1158 2634 mecum,
1190 2575 1367 2621 etnon
1396 2566 1596 2623 habent
1641 2569 1784 2638 quod

168 2658 539 2726 manducent,
573 2665 628 2712 et
679 2657 948 2710 dimittere
979 2671 1074 2710 eos
1125 2655 1342 2725 jejunos
1372 2655 1496 2710 nolo
1526 2672 1594 2712 ne
1643 2656 1785 2711 deﬁ-

168 2746 319 2802 ciant
373 2748 436 2802 in
487 2747 603 2812 via,
635 2754 744 2800 etc.
793 2767 816 2794 ιο
869 2746 1064 2812 (Marc.
1096 2743 1408 2812 vm.)Quia
1458 2745 1785 2800 infidelitatis

165 2851 318 2890 error
377 2835 741 2891 insolentium
797 2834 1009 2888 animos
1063 2832 1361 2898 obtinebat,
1419 2833 1597 2902 potius
1649 2833 1782 2888 reli-

165 2933 347 3001 quisse
378 2949 481 2989 eos
512 2949 679 3003 quam
736 2931 1001 2986 dimisisse
1056 2930 1322 2985 scribitur.
1375 2931 1648 2986 Convocat
1691 2947 1784 2985 au-

173 3028 280 3075 tem
303 3022 621 3094 discipulos
656 3027 713 3075 ut
748 3020 979 3076 doceant
1005 3021 1292 3091 magistros
1317 3035 1440 3074 cum
1486 3019 1783 3074 minoribus

166 3111 586 3166 communicare
636 3109 860 3165 consilia
887 3124 1002 3176 sua,
1037 3109 1124 3163 vel
1167 3107 1308 3173 ideo,
1367 3115 1497 3163 utet
1541 3109 1781 3163 collocu-

167 3197 314 3254 tione
341 3199 668 3271 intelligant
710 3198 853 3270 signi
883 3196 1334 3268 magnitudinem.
1367 3196 1548 3252 Turba
1605 3197 1780 3252 triduo

165 3285 468 3344 Dominum
505 3288 730 3344 sustinet
755 3287 1089 3342 sanationem
1133 3284 1486 3352 inﬁrmorum,
1546 3292 1598 3340 et
1627 3285 1780 3341 electi

165 3399 220 3438 in
245 3383 356 3442 fide
385 3385 672 3442 Trinitatis
715 3384 1021 3456 supplicant
1061 3381 1293 3437 Domino
1347 3398 1444 3454 pro
1500 3382 1778 3455 languori-

166 3471 269 3528 bus
298 3476 620 3530 animarum
677 3473 760 3528 sui
803 3473 889 3528 vel
943 3487 1181 3528 suorum.
1241 3471 1340 3526 Vel
1393 3470 1569 3526 triduo
1623 3471 1781 3527 turba

169 3563 397 3620 stistinet
415 3563 742 3628 Dominum,
801 3560 1016 3632 quando
1045 3559 1330 3615 multitudo
1361 3559 1598 3615 fidelium
1651 3577 1779 3630 pec-

170 3668 287 3714 cata
317 3677 446 3731 quae
483 3659 831 3732 perpetravit,
865 3675 962 3730 per
988 3658 1358 3728 pmnitentiam
1389 3658 1668 3713 declinans
1711 3657 1779 3714 ad

1892 2560 2268 2633 longinquam,
2317 2562 2372 2616 in
2403 2579 2507 2633 qua
2536 2579 2728 2632 porcos
2772 2565 2936 2636 pavit,
2995 2567 3118 2636 quia
3147 2568 3275 2624 vitia
3318 2572 3484 2626 nutri-

1893 2650 1996 2705 vit.
2055 2650 2260 2704 Dentur
2287 2651 2451 2724 igitur
2477 2652 2731 2707 alimenta
2759 2653 2835 2708 eis
2864 2654 3023 2710 etiam
3056 2657 3146 2726 qui
3167 2656 3232 2712 de
3260 2658 3482 2732 longin-

1891 2753 1997 2807 quo
2045 2739 2285 2805 veniunt,
2319 2741 2444 2809 quia
2499 2742 2771 2796 conversis
2799 2745 3171 2812 peccatoribus
3225 2747 3482 2806 doctrinae

1890 2835 2091 2882 sanctae
2123 2828 2229 2882 cibi
2263 2827 2540 2900 praebendi
2571 2838 2710 2894 sunt.
2735 2831 2865 2886 utin
2894 2833 3066 2888 Deum
3123 2835 3264 2893 vires
3316 2855 3483 2910 repa-

1889 2923 2026 2982 rent,
2055 2933 2188 2986 quas
2227 2916 2280 2970 in
2301 2917 2518 2990 flagitiis
2571 2919 2881 2975 amiserunt.
2941 2920 3045 2992 Qui
3083 2926 3482 2996 smpeadocto-

1890 3003 2041 3058 ribus
2077 3013 2222 3061 tanto
2279 3021 2494 3062 necesse
2515 3015 2594 3063 est
2633 3016 2692 3062 ut
2718 3009 3040 3080 largioribus
3094 3013 3230 3068 cibis
3285 3015 3482 3072 doctri-

1887 3108 1974 3148 na:
2025 3094 2284 3150 satientur
2335 3103 2536 3166 quanto
2583 3096 2710 3152 fessi
2765 3097 3065 3169 majoribus
3118 3102 3258 3159 vitiis
3310 3121 3480 3163 vene-

1886 3189 2028 3236 ruut.

1965 3329 1988 3356 σι
2023 3307 2090 3362 Et
2117 3307 2301 3368 dicunt
2321 3309 2370 3364 ei
2401 3309 2646 3382 discipuli
2676 3330 2695 3368 :
2725 3310 2877 3368 Unde
2906 3329 3040 3386 ergo
3067 3315 3224 3372 nobis
3276 3315 3334 3373 in
3376 3318 3480 3375 de-

1887 3403 2028 3451 serto
2068 3413 2232 3468 panes
2264 3405 2454 3462 tantos.
2513 3407 2570 3454 ut
2614 3408 2914 3457 saturemus
2955 3403 3168 3460 turbam
3225 3413 3425 3463 tantam
3455 3414 3481 3467 r

1887 3485 1976 3539 Ait
2020 3485 2125 3540 illis
2175 3487 2330 3544 Iesus
2362 3505 2377 3545 :
2414 3487 2560 3557 Quot
2589 3505 2760 3558 panes
2804 3490 3012 3551 habetis
3042 3493 3070 3546 ?
3100 3494 3166 3550 Et
3202 3494 3280 3550 illi
3335 3495 3480 3558 dixe-

1886 3580 2013 3629 runt
2046 3589 2060 3630 :
2093 3575 2311 3647 Septem
2341 3584 2398 3635 et
2417 3593 2618 3648 paucos
2647 3579 2948 3650 pisciculos.
2982 3581 3050 3640 Et
3082 3584 3338 3656 praecepit
3375 3592 3483 3644 tur-

1886 3663 1991 3730 ba,
2039 3671 2098 3720 ut
2150 3664 2512 3724 discumberet
2566 3684 2731 3737 super
2786 3675 3001 3726 terram.
3039 3693 3062 3719 ι
3096 3671 3220 3728 Non
3275 3674 3477 3745 otiosis,

170 3747 477 3804 Dominum
509 3751 640 3805 sein
669 3764 852 3818 opere,
885 3748 940 3801 in
969 3747 1239 3802 locutione
1295 3754 1455 3816 atque
1483 3747 1538 3801 in
1574 3747 1779 3818 cogita-
1803 3747 1854 3812 C
1885 3775 1992 3814 non
2048 3759 2103 3814 in
2150 3763 2363 3818 θίνίωω
2413 3763 2720 3836 synagoga;
2767 3767 2853 3821 vel
2922 3768 3162 3824 εωοωωιί
3218 3769 3480 3842 digQO

171 3844 316 3902 tione
342 3847 638 3903 convertit.
688 3844 837 3915 Quos
881 3845 1148 3900 dimittere
1188 3844 1407 3915 jejunos
1452 3845 1507 3899 in
1560 3845 1785 3900 domum

172 3948 324 3988 suam
372 3936 648 3992 Dominus
704 3951 811 3989 non
859 3934 973 3988 vult
1027 3950 1092 3988 ne
1123 3933 1374 3988 deﬁciant
1421 3933 1476 3987 in
1515 3934 1622 4000 via,
1656 3935 1783 4004 quia

177 4022 432 4082 videlicet.
493 4023 740 4080 conversi
789 4030 1098 4095 peccatores
1144 4023 1198 4076 in
1245 4023 1525 4094 presentis
1557 4023 1678 4078 vitae
1699 4023 1787 4078 via

179 4109 465 4182 deficiunt,
533 4113 578 4166 si
617 4113 672 4166 in
700 4128 796 4166 sua
846 4111 1173 4167 conscientia
1227 4111 1341 4165 sine
1371 4110 1627 4166 doctrinm
1673 4128 1788 4166 san-

178 4207 277 4256 cta:
323 4201 538 4272 pabulo
591 4201 951 4255 dimittuntur.
1010 4201 1090 4254 Ne
1135 4215 1266 4271 ergo
1322 4199 1583 4254 lassentur
1629 4199 1787 4268 hujus

182 4299 640 4372 peregrinationis
670 4298 877 4365 itinere,
929 4297 1181 4368 pascendi
1197 4303 1319 4352 sunt
1336 4313 1486 4351 sacra
1533 4297 1786 4352 admoni-

183 4386 345 4443 tione.
378 4388 555 4445 Valde
585 4395 763 4444 aulem
807 4386 1084 4457 pensanda
1113 4394 1194 4440 est
1224 4386 1312 4457 pia
1333 4386 1616 4455 sententia,
1665 4402 1786 4456 qua

185 4489 450 4554 processit
475 4503 542 4542 ex
573 4502 669 4542 ore
723 4485 994 4542 veritatis:
1024 4484 1168 4554 quod
1225 4485 1434 4539 Marcus
1453 4485 1524 4539 ait
1549 4503 1561 4539 :
1591 4507 1613 4533 «
1645 4482 1785 4554 Qui-

183 4572 307 4630 dam
365 4593 442 4633 ex
489 4576 568 4632 eis
624 4575 693 4629 de
723 4575 884 4646 longe
923 4580 1184 4629 venerunt
1205 4574 1397 4642 (Marc.
1456 4575 1599 4642 vm).
1637 4595 1658 4621 η
1696 4574 1786 4628 Est

186 4663 327 4719 enim
358 4665 456 4737 qui
481 4664 615 4720 nihil
670 4663 873 4718 fraudis
893 4668 947 4718 et
974 4662 1106 4716 nihil
1151 4662 1380 4717 camelis
1430 4662 1787 4731 corruptionis

186 4763 462 4824 expertus,
514 4753 582 4809 ad
613 4751 996 4824 ornnipotentis
1040 4751 1139 4806 Dei
1158 4751 1432 4807 servitium
1489 4750 1782 4807 festinavit.

192 4848 294 4906 Iste
336 4853 407 4908 de
447 4851 745 4924 longinquo
775 4864 883 4906 non
914 4848 1077 4917 venit,
1109 4847 1234 4918 quia
1272 4864 1370 4919 per
1419 4849 1782 4920 incorruptio-

187 4952 310 4994 nem
339 4949 394 4998 et
427 4938 790 4995 innocentiam
819 4937 1100 5008 proximus
1144 4937 1259 4991 fuit.
1293 4936 1440 4991 Alius
1468 4937 1615 4992 nulla
1670 4937 1783 4992 im-

187 5028 463 5099 pudicitia,
495 5028 655 5083 nullis
693 5025 1252 5100 ﬂagitiisinquinatus,
1283 5026 1400 5081 sola
1437 5032 1616 5082 autem
1646 5040 1777 5083 con-

1893 3849 2266 3919 residentibus,
2296 3852 2389 3906 sed
2419 3853 2556 3908 inter
2570 3854 2778 3909 deserta
2799 3856 3064 3910 Christum
3117 3860 3481 3928 quaerentibus

1894 3938 2124 3994 scelestis
2165 3940 2353 4013 gratiae
2383 3942 2638 3997 alimonia
2685 3943 3002 4014 impertitur.
3036 3945 3140 4015 Qui
3171 3948 3315 4004 enim
3369 3965 3480 4007 non

1895 4027 2174 4084 fastidiunt
2205 4045 2236 4088 ἢ
2256 4029 2464 4086 Christo
2515 4031 2896 4104 suscipiuntur,
2929 4042 2980 4092 et
3012 4035 3374 4105 spiritualiter,
3434 4047 3487 4094 et

1893 4117 2242 4187 corporaliter
2297 4119 2480 4187 etiam,
2535 4120 2582 4176 si
2634 4120 2898 4194 indigent,
2950 4132 3226 4181 curantur.
3264 4127 3484 4197 Mystice

1895 4205 2273 4276 praedicatores
2303 4208 2602 4276 profectum
2662 4211 2918 4268 mirantes
2956 4213 3210 4272 Ecclesia;
3255 4214 3435 4274 dicunt
3466 4233 3480 4273 :

1896 4293 2046 4350 Unde
2073 4295 2230 4352 nobis
2260 4304 2404 4351 tanta
2433 4297 2702 4364 facundia,
2758 4307 2815 4354 ut
2843 4309 2920 4356 tot
2975 4303 3214 4358 millibus
3272 4312 3485 4375 tamque

1893 4382 2066 4437 avidis
2121 4384 2454 4440 auditoribus
2536 4386 2786 4443 sufﬁcere
2865 4391 3135 4460 possimus
3216 4393 3271 4447 in
3325 4395 3485 4465 hujus

1894 4471 2080 4526 mundi
2112 4472 2342 4529 deserto.
2401 4477 2466 4529 At
2524 4491 2654 4532 vero
2702 4485 2908 4547 septem
2967 4496 3155 4548 panes,
3213 4481 3268 4535 id
3298 4489 3485 4538 estse-

1894 4567 2041 4631 ptem
2071 4560 2216 4616 dona
2269 4561 2498 4634 Spiritus
2547 4565 2715 4620 sancti
2762 4565 3033 4624 sufﬁciunt
3084 4569 3334 4624 omnibus
3379 4571 3484 4626 ad-

1889 4649 2077 4719 juncta
2106 4651 2398 4721 apostolica
2445 4653 2775 4722 auctoritate,
2835 4656 2986 4725 quasi
3041 4673 3334 4728 paucorum
3389 4660 3481 4733 pi-

1891 4738 2059 4794 scium
2088 4755 2302 4814 sapore,
2334 4741 2424 4812 qui
2453 4756 2551 4798 nos
2571 4743 2820 4815 exemplo
2858 4760 2969 4801 suae
2998 4746 3121 4804 vitae
3177 4747 3263 4803 vel
3294 4749 3484 4804 mortis

1889 4825 2149 4882 reficiant.
2183 4828 2287 4897 Qui
2333 4844 2460 4886 vero
2490 4829 2558 4886 ad
2578 4839 2783 4902 septem
2829 4849 2997 4905 panes
3029 4834 3313 4906 pertinent,
3359 4837 3477 4907 jam

1889 4931 1999 4971 non
2018 4932 2180 4985 supra
2232 4916 2416 4972 fenum
2464 4918 2797 4988 sedere,‘sed
2853 4928 3046 4976 terram
3092 4938 3341 4992 premere
3394 4926 3480 4996 ju-

1887 5003 2100 5060 bentur.
2122 5007 2182 5060 In
2204 5021 2347 5062 novo
2394 5007 2756 5076 Testamento,
2788 5008 2960 5078 ipsam
3011 5027 3223 5082 quoque
3279 5020 3476 5070 terram

181 5093 332 5188 ing-ia
359 5093 618 5190 expertus
646 5116 715 5172 ad
757 5093 1109 5171 ministerium
1162 5113 1438 5185 spirituale
1467 5129 1774 5170 conversus.

1896 5100 1942 5149 et
1968 5093 2246 5150 facultates
2302 5097 2644 5168 temporales,
2691 5105 2749 5153 ut
2793 5099 3015 5170 perfecti
3073 5101 3257 5172 simus,
3313 5103 3478 5159 relin-e

187 5211 368 5286 Neque
426 5217 524 5272 iste
571 5215 720 5272 venit
764 5214 833 5270 de
868 5213 1184 5285 longinquo,
1215 5211 1342 5282 quia
1388 5229 1515 5267 usus
1543 5211 1778 5282 conjun-

186 5303 356 5363 ctione
415 5321 668 5362 concessa
698 5320 796 5376 per
848 5303 1031 5358 illicita
1078 5317 1186 5357 non
1241 5301 1456 5356 erravit.
1492 5300 1593 5356 Alii
1648 5315 1777 5357 vero

188 5407 278 5461 per
303 5395 480 5451 carnis
523 5393 747 5465 ﬂagitia,
806 5392 896 5446 alii
942 5398 1065 5461 post
1122 5390 1256 5445 falsa
1313 5390 1635 5459 testimonia,
1685 5388 1775 5444 alii

188 5490 302 5550 P081
350 5487 495 5542 Ma
551 5482 712 5548 furta,
770 5481 860 5536 alii
901 5489 1022 5552 post
1063 5480 1274 5535 illicitas
1320 5479 1626 5545 violentias,
1685 5477 1774 5533 alii

189 5581 300 5638 post
328 5579 635 5646 perpetrata
685 5568 978 5628 homicidia
1003 5568 1074 5624 ad
1129 5567 1499 5638 paenitentiam
1549 5567 1775 5622 redeunt

189 5675 335 5741 atque
364 5674 433 5729 ad
489 5669 876 5739 omnipotentis
906 5667 1003 5723 Dei
1031 5666 1307 5722 servitium
1368 5671 1770 5720 convertuntur.

187 5756 248 5812 Hi
265 5761 516 5819 videlicet
534 5759 606 5814 ad
631 5759 804 5813 Deum
834 5757 900 5812 de
921 5757 1220 5828 longinquo
1258 5754 1498 5812 veniunt.
1558 5752 1772 5823 Quanto

187 5841 1567 5926 θιοείωριιοιιιεβμίιιπωομεοοαωίι,
1625 5846 1772 5899 ιιι-ιο

1887 5198 2050 5253 quem
2081 5182 2443 5254 pmcipimur.

1959 5309 1984 5340 α
2041 5290 2110 5344 Et
2155 5289 2422 5362 accipiens
2473 5299 2678 5363 septem
2735 5309 2901 5364 panes
2956 5301 3008 5351 et
3034 5295 3225 5367 pisces,
3275 5298 3478 5369 gratias

1885 5392 2053 5449 agens
2100 5377 2278 5450 fregit,
2336 5387 2390 5434 et
2441 5379 2590 5435 dedit
2626 5381 2903 5454 discipulis
2938 5385 3066 5451 suis,
3115 5393 3168 5441 et
3225 5385 3475 5460 discipuli

1883 5465 2145 5521 dederunt
2187 5469 2405 5539 populo.
2445 5491 2468 5517 ιι
2505 5470 2768 5526 Dominus
2813 5471 2961 5528 dedit
3025 5490 3194 5544 panes
3240 5476 3482 5548 discipu-

1884 5553 1949 5608 lis
1986 5555 2055 5610 ad
2111 5555 2460 5613 dividendum
2514 5559 2684 5615 turba)
2758 5559 3059 5618 doctrinam
3115 5563 3474 5633 spiritualem.

1954 5653 2137 5725 Fregit
2156 5670 2339 5724 panes,
2398 5654 2453 5708 id
2472 5663 2552 5710 est
2580 5658 2790 5727 aperuit
2831 5669 3184 5732 sacramenta,
3239 5663 3478 5735 seipsum

1881 5749 2084 5806 scilicet
2139 5751 2229 5822 qui
2284 5752 2440 5822 panis
2491 5761 2574 5809 est
2622 5755 2767 5814 vita.
2823 5779 2845 5807 α
2906 5757 3122 5820 Gratias
3149 5760 3280 5833 egit,
3339 5783 3363 5811 ι
3415 5770 3480 5819 ut

1884 5838 2192 5908 ostenti“
2241 5849 2507 5911 quanam
2556 5844 2794 5915 gaudeat
2833 5845 2906 5902 de
2954 5848 3128 5907 salute
3167 5849 3472 5922 boni-ult.
