3924 6406
439 326 583 382 1063

1548 322 1893 379 WERNERI
1929 322 2217 382 ABBATIS
2255 326 2320 383 S.
2368 327 2593 384 BLASII

3617 343 3756 396 1064

441 459 502 508 ut
550 466 652 507 nos
697 448 1015 506 informaret
1067 447 1136 502 ad
1156 445 1397 520 agendas
1432 462 1648 519 semper
1668 449 1782 504 Deo
1811 448 2033 521 gratiast.
2062 451 2120 511 A
2148 453 2257 507 vuli
2285 455 2496 526 excepti
2534 462 2675 525 sunt,
2710 456 2801 527 qui
2834 464 2940 513 tam
2972 459 3027 514 in
3048 460 3225 517 Veteri
3274 478 3435 533 quam
3483 464 3539 519 in
3592 466 3747 523 Novo

447 556 573 598 cum
604 540 693 595 vel
740 538 797 595 in
824 552 985 594 carne
1013 535 1285 593 reﬁcimur
1328 536 1415 592 vel
1442 536 1495 591 in
1546 537 1748 593 anima.
1783 538 1841 594 Si
1899 537 2044 593 enim

451 630 509 687 in
539 637 746 701 septem
778 627 1008 700 panibus
1038 626 1128 697 qui
1174 641 1284 681 non
1314 626 1567 699 leguntur
1602 626 1766 682 fuisse
1820 627 2047 683 hordea-

444 720 526 778 cei
573 717 905 792 septiformis
961 715 1136 789 gratia
1189 715 1332 771 Novi
1388 716 1715 771 Testamenti
1782 716 2043 789 signatur,

446 815 574 889 quid
620 816 678 871 in
734 813 1023 888 pisciculis,
1082 811 1186 866 nisi
1262 819 1476 867 sanctos
1517 812 1823 868 conditores
1905 813 2047 868 illius

447 906 737 978 Scriptura)
763 901 1077 974 accipimus,
1137 900 1223 958 vel
1253 901 1375 956 illos
1401 916 1628 972 quorum
1659 900 1823 957 ﬁdem
1883 909 1938 957 et
1958 901 2045 957 vi-

442 1012 553 1061 tam
601 1009 655 1057 et
709 999 989 1073 passiones
1028 998 1148 1070 ipsa
1197 998 1474 1070 Scriptura
1521 998 1779 1069 continet,
1831 998 1921 1069 qui
1977 996 2045 1053 de

444 1090 764 1147 turbulentis
806 1088 969 1160 hujus
1022 1086 1202 1144 saeculi
1251 1086 1499 1142 ﬂuctibus
1541 1088 1712 1157 erepti
1741 1095 1795 1143 et
1847 1102 2046 1144 conse-

441 1181 591 1248 crati,
622 1179 975 1236 refectionem
1006 1175 1167 1233 nobis
1210 1176 1475 1232 internam
1489 1175 1745 1246 exemplo
1760 1191 1872 1232 sua:
1919 1176 2045 1234 vitm

441 1271 526 1329 vel
560 1270 751 1326 mortis
787 1267 1092 1339 praebuere,
1151 1282 1218 1322 ne
1275 1266 1331 1321 in
1374 1266 1535 1338 hujus
1581 1264 1769 1321 mundi
1817 1280 2044 1322 excursu

440 1359 773 1417 deﬁciamus.

518 1480 542 1510 ι
578 1457 647 1513 Et
700 1454 1053 1513 comederunt
1081 1468 1271 1510 omnes
1315 1460 1371 1508 et
1397 1452 1615 1508 saturati
1646 1460 1786 1509 sunt.
1850 1473 1874 1504 ι
1935 1451 2044 1509 Co-

441 1546 711 1603 medimus
759 1552 958 1601 attente
989 1542 1278 1609 audiendo,
1340 1550 1393 1597 et
1448 1543 1701 1612 exempla
1735 1541 1992 1597 intuendo
2025 1555 2039 1611 ;

437 1644 760 1703 saturamur,
791 1632 1071 1690 memoriae
1098 1630 1441 1687 recondenda
1472 1639 1524 1686 et
1570 1631 1865 1702 operando.
1908 1630 2045 1686 Huic

442 1724 744 1798 Operationi
774 1722 1026 1796 congruit
1054 1722 1184 1777 illud
1232 1720 1529 1776 Psalmistas
1562 1740 1573 1777 :
1612 1744 1635 1770 (ί
1673 1720 1846 1776 Edent
1898 1736 2041 1790 pau-

441 1831 599 1888 peres
628 1821 682 1869 et
708 1813 1110 1876 saturabuntur,
1159 1818 1211 1864 et
1258 1808 1555 1865 laudabunt
1600 1810 1892 1865 Dominum
1949 1808 2041 1879 qui
2072 1823 2125 1883 Β
2155 1806 2335 1861 divisit
2386 1816 2438 1863 et
2494 1810 2652 1879 plene
2707 1819 2970 1868 saturatos
3030 1813 3230 1870 dimisit
3286 1833 3301 1870 :

437 1913 719 1984 requirunt
777 1927 900 1971 eum
951 1910 1128 1979 (Psal.
1170 1908 1252 1979 ιι).
1312 1906 1469 1977 Quod
1511 1908 1656 1963 enim
1713 1905 2045 1963 manducans

436 2003 671 2077 populus
699 2000 922 2057 satiatur
960 1996 1229 2071 signiﬁcat
1281 1996 1481 2052 famem
1517 1998 1571 2052 in
1600 2004 1917 2069 perpetuum
1974 1995 2043 2051 ab

438 2092 623 2149 electis
650 2088 1045 2162 repellendam,
1087 2084 1302 2157 quando
1343 2102 1453 2142 non
1484 2087 1680 2143 esuriet
1735 2086 1827 2157 qui
1880 2101 2042 2141 acce-

439 2181 579 2256 perit
607 2180 789 2236 cibum
812 2177 1027 2235 Christi.

505 2307 574 2364 Et
617 2305 763 2377 quod
837 2303 1105 2376 superfuit
1158 2303 1226 2359 de
1301 2301 1621 2375 fragmentis
1670 2300 1904 2356 tulerunt
1948 2315 2041 2355 se-

436 2404 586 2468 ptem
625 2393 839 2467 sporfas
865 2394 1074 2464 plenas.
1117 2380 1338 2463 Septem
1387 2398 1586 2460 spartae
1614 2405 1736 2461 quae
1788 2394 2044 2460 superant

438 2501 562 2552 sunt
610 2493 802 2549 altiora
828 2499 1101 2564 precepts
1155 2491 1243 2547 vel
1270 2489 1517 2545 consilia.
1567 2487 1705 2556 Quae
1754 2486 2040 2541 multitudo

442 2599 552 2641 non
580 2589 756 2655 potest
799 2581 1063 2653 attingere
1089 2578 1378 2645 servando,
1439 2576 1534 2633 sed
1581 2584 1785 2631 tantum
1842 2575 1918 2629 illi
1947 2574 2038 2645 qui

437 2672 636 2744 majori
683 2670 860 2746 gratia
913 2669 1059 2742 pleni
1114 2677 1261 2724 sunt.
1300 2666 1509 2737 Quibus
1537 2666 1731 2721 dicitur
1762 2684 1775 2720 :
1814 2686 1837 2713 α
1874 2664 1931 2720 Si
1961 2663 2042 2719 vis

442 2772 727 2845 perfectus
746 2785 884 2838 esse,
914 2768 1088 2826 vende
1118 2766 1303 2823 omnia
1332 2780 1452 2837 quae
1472 2764 1641 2820 habes
1670 2770 1724 2818 et
1750 2762 1820 2817 da
1840 2778 2042 2834 paupe-

444 2862 599 2918 ribus
626 2860 855 2933 (Hatth.
896 2860 1051 2929 xix).
1100 2879 1123 2906 η
1162 2858 1227 2911 Et
1265 2856 1391 2927 quia
1418 2860 1616 2925 sporta
1639 2853 1805 2923 junco
1833 2859 1884 2906 et
1916 2851 2040 2922 pal-

439 2965 653 3006 marum
710 2948 861 3003 foliis
895 2947 1072 3003 solent
1114 2944 1350 3010 contexi,
1400 2942 1591 2997 merito
1623 2941 1681 2996 in
1730 2948 2037 2996 sanctorum

437 3044 895 3121 signiﬁcationem
959 3050 1249 3116 ponuntur.
1336 3042 1535 3096 Juncus
1609 3039 1811 3110 quippe
1879 3052 2042 3107 super

450 3153 648 3210 aquam
697 3135 951 3203 nascitur,
1005 3141 1059 3190 et
1114 3131 1268 3188 electi
1345 3130 1584 3186 radicem
1632 3128 1810 3184 cordis
1844 3144 1912 3183 ne
1969 3126 2039 3182 ab

2157 542 2500 599 Testamento
2547 559 2657 600 non
2743 547 3098 605 admittuntur
3150 550 3219 606 ad
3264 568 3560 623 numerum,
3620 557 3750 626 quia

2155 646 2266 687 non
2295 632 2586 703 perdurant
2634 650 2914 692 occurrere
2968 637 3025 693 in
3052 639 3226 695 virum
3280 642 3595 712 perfectum,
3652 644 3745 701 vel

2155 728 2213 782 in
2239 728 2490 785 ﬁrmitate
2532 731 2726 787 virium
2766 734 2855 789 vel
2885 734 3097 791 levitate
3135 738 3345 793 mentis.
3375 739 3604 810 Utraque
3653 757 3745 797 ro-

2156 817 2318 873 fectio
2346 819 2617 876 celebrata
2645 829 2726 877 est
2779 823 2835 877 in
2873 832 3076 889 monte,
3108 825 3233 897 quia
3259 834 3537 899 utrumque
3564 830 3747 886 Testa-

2155 914 2395 963 mentum
2466 910 2802 967 altitudinem
2876 914 3251 971 mandatorum
3310 917 3425 983 Dei,
3495 926 3546 974 et
3596 919 3742 975 illius

2156 1006 2355 1061 montis
2408 1007 2768 1079 altitudinem,
2816 1010 2907 1081 qui
2958 1020 3035 1068 est
3090 1030 3245 1069 mons
3300 1014 3489 1071 domus
3527 1016 3624 1072 Dei
3674 1018 3738 1073 in

2154 1095 2353 1152 vertice
2431 1098 2717 1169 montium,
2777 1114 3018 1156 consona
3071 1118 3203 1161 voce
3256 1104 3410 1159 nobis
3463 1100 3733 1177 praedicat.

2555 1233 2698 1289 Item
2725 1237 3007 1307 expositio
3034 1235 3100 1293 de
3129 1237 3346 1295 eodem.

2224 1354 2416 1409 Narrat
2482 1354 2843 1429 Evangelium
2900 1358 3109 1415 turbam
3165 1362 3386 1417 multam
3445 1362 3734 1420 Dominum

2152 1442 2327 1498 triduo
2356 1444 2686 1514 sustinuisse,
2712 1445 2868 1517 eique
2896 1448 3097 1505 victum
3126 1450 3377 1517 defuisse,
3402 1460 3455 1506 et
3476 1452 3736 1522 quosdam

2151 1547 2219 1585 ex
2269 1532 2345 1587 eis
2398 1532 2467 1588 de
2512 1534 2673 1606 longe
2702 1537 2931 1592 venisse.
2997 1537 3151 1595 Unde
3200 1539 3458 1595 Dominus
3493 1541 3738 1598 misertus

2152 1620 2288 1676 dixit
2337 1622 2379 1675 si
2438 1638 2531 1678 eos
2580 1624 2798 1695 jejunos
2842 1626 3149 1694 dimitteret,
3181 1629 3235 1683 in
3282 1630 3367 1687 via
3418 1629 3726 1688 deﬁcerent.

2153 1718 2371 1789 Septem
2420 1736 2551 1792 ergo
2607 1738 2776 1792 panes
2832 1739 2953 1779 cum
2986 1725 3169 1796 paucis
3190 1726 3454 1797 pisciculis
3490 1728 3737 1784 intereas

3359 1824 3507 1871 erant
3558 1825 3738 1873 autem

2153 1913 2383 1975 quatuor
2425 1907 2597 1962 millia
2650 1908 2741 1979 qui
2768 1910 3245 1979 manducaverunt,
3289 1920 3343 1967 et
3368 1912 3612 1985 discipuli
3663 1931 3742 1969 se-

2153 2002 2299 2066 ptem
2336 2004 2546 2067 sportas
2601 1997 2670 2053 de
2719 1998 3038 2071 fragmentis
3095 2001 3329 2056 tulerunt
3353 2002 3541 2072 (Marc.
3594 2006 3735 2075 vni).

2155 2084 2334 2139 Turba
2389 2102 2509 2155 quae
2563 2087 2856 2142 Dominum
2917 2088 3093 2145 triduo
3129 2091 3355 2145 sustinet
3379 2100 3458 2146 est
3510 2094 3740 2164 populus

2150 2180 2389 2237 ﬁdelium
2422 2182 2510 2254 qui
2531 2183 2869 2257 signaculum
2899 2185 3023 2241 ﬁdei
3053 2187 3109 2242 in
3141 2188 3307 2243 tribus
3329 2189 3568 2260 personis
3614 2192 3740 2246 reti-

2153 2279 2262 2326 net.
2293 2272 2394 2328 Hic
2422 2274 2621 2329 victum
2670 2290 2779 2331 non
2829 2275 3009 2345 habet,
3039 2276 3169 2331 dum
3223 2278 3390 2334 verbo
3420 2278 3517 2334 Dei
3571 2287 3734 2335 caret.

2152 2370 2303 2427 Sicut
2345 2387 2540 2443 corpus
2596 2389 2734 2444 pane
2793 2375 3045 2445 pascitur,
3087 2375 3161 2430 ita
3187 2375 3368 2432 anima
3420 2377 3584 2433 verbo
3638 2378 3738 2433 Dei

2150 2459 2404 2516 reﬁcitur.
2437 2460 2542 2531 Qui
2572 2462 2639 2517 de
2671 2463 2835 2535 longe
2888 2472 3169 2532 venerunt,
3229 2465 3283 2521 hi
3312 2474 3435 2520 sunt
3476 2467 3565 2537 qui
3619 2475 3741 2536 post

2151 2550 2320 2606 multa
2347 2550 2554 2623 ﬂagitia
2607 2552 2676 2606 ad
2702 2552 2996 2608 Dominum
3048 2554 3322 2609 redibunt.
3376 2555 3515 2613 Nam
3569 2555 3623 2610 hi
3668 2555 3738 2611 de

2150 2655 2320 2710 prope
2366 2640 2590 2697 veniunt
2633 2641 2725 2711 qui
2781 2657 2813 2697 a
2841 2643 3070 2713 pueritia
3111 2643 3167 2697 in
3195 2644 3468 2700 sanctitate
3523 2645 3733 2701 vivunt.

2151 2738 2231 2793 De
2262 2738 2427 2810 longe
2456 2739 2754 2807 venientes,
2787 2755 2856 2794 ne
2912 2740 2967 2794 in
2990 2740 3079 2797 via
3096 2739 3364 2808 deﬁciant,
3411 2740 3733 2810 reﬁciuntur,

2151 2827 2277 2897 quia
2297 2827 2617 2899 peenitentes
2633 2844 2701 2882 ne
2736 2827 3022 2899 desperent
3075 2845 3241 2885 sacrae
3262 2830 3547 2901 Scriptum
3598 2847 3736 2887 con-

2149 2916 2411 2972 solatione
2471 2925 2779 2988 pascuntur.
2817 2918 2997 2973 Turba
3051 2933 3214 2988 super
3267 2926 3461 2974 terram
3502 2920 3736 2975 discum-

2148 3005 2248 3072 bit,
2306 3005 2434 3075 quia
2478 3006 2711 3076 populus
2756 3005 2998 3062 ﬁdelium
3053 3024 3111 3062 se
3168 3008 3442 3079 pulverem
3492 3009 3737 3065 attendit.

2151 3093 2326 3164 Quem
2352 3096 2617 3150 Dominus
2635 3103 2843 3166 septem
2890 3096 3120 3167 panibus
3172 3096 3360 3166 reﬁcit,
3410 3098 3539 3153 dum
3565 3099 3617 3154 ei
3644 3115 3739 3155 se-

441 3187 648 3283 alii};
1015 3187 1290 3285 arescant,
1321 3220 1376 3275 in
1407 3221 1526 3290 ipso
1555 3219 1680 3273 vitae
1735 3217 1883 3273 fonte
1937 3216 2043 3271 col-
2070 3187 2119 3252 Ο
2152 3200 2298 3290 Pw}?
2319 3191 2463 3290 dofm
2489 3192 2724 3290 Spir
2746 3192 2917 3249 sane“
2951 3193 3255 3290 _di3l_l‘ibuit-
3284 3194 3404 3290 U00
3431 3210 3569 3290 ΡξΨθ
3615 3211 3740 3251 eum

441 3315 641 3373 locant.
703 3314 891 3369 Palma
943 3312 1220 3369 victricem
1280 3316 1437 3366 ornat
1481 3323 1727 3377 manum,
1783 3314 1837 3361 et
1888 3305 2043 3361 electi

435 3404 622 3462 mundi
650 3403 881 3460 victores
930 3401 1251 3458 memoriam
1306 3407 1523 3454 aeternae
1568 3394 1933 3453 retributionis
1985 3395 2043 3449 in

442 3502 605 3561 corde
658 3501 914 3557 retinent.
945 3500 1055 3556 Cur
1081 3506 1260 3555 autem
1302 3497 1539 3568 quinque
1567 3493 1807 3549 millibus
1861 3491 2039 3548 homi-

440 3608 569 3648 num
609 3590 733 3662 plus
776 3589 1101 3656 redundant,
1133 3594 1187 3642 et
1232 3593 1461 3655 quatuor
1488 3583 1727 3638 millibus
1780 3581 1961 3636 minus
2012 3580 2043 3634 ?

437 3681 663 3752 (latth.
723 3680 857 3749 xv.)
915 3676 1056 3748 Quia
1084 3682 1314 3747 quatuor
1339 3674 1512 3729 millia
1541 3672 1716 3728 triduo
1744 3687 1868 3727 cum
1888 3669 2043 3725 Chri-

433 3778 517 3827 sto
562 3770 797 3839 fuerunt,
856 3775 911 3824 et
954 3766 1077 3823 ideo
1110 3764 1349 3837 amplius
1402 3762 1630 3819 caelestis
1657 3760 1842 3834 pabuli
1898 3775 2042 3815 rece-

437 3866 650 3934 perunt.

513 4000 536 4029 α
571 3978 737 4033 Erant
755 3980 935 4030 autem
967 3972 1058 4044 qui
1087 3969 1552 4027 manducaverunt
1587 3974 1815 4038 quatuor
1870 3964 2042 4021 millia

435 4066 719 4123 hominum
775 4070 927 4120 extra
975 4061 1228 4133 parvulos
1285 4066 1339 4115 et
1391 4057 1665 4126 mulieres,
1726 4062 1780 4112 et
1839 4054 2044 4109 dimisit

437 4170 552 4213 eos.
587 4177 612 4205 ι
644 4156 707 4210 In
763 4152 1027 4223 superiori
1109 4151 1267 4224 signo
1324 4148 1559 4219 quinque
1600 4145 1772 4201 millia
1827 4144 2044 4200 fuerunt

434 4252 594 4323 juxta
623 4265 913 4305 numerum
972 4261 1203 4320 panum,
1263 4246 1389 4316 quia
1434 4242 1597 4302 vicini
1653 4249 1806 4297 erant
1833 4258 1867 4297 v
1923 4257 2044 4296 sen-

439 4356 619 4397 suum.
651 4337 744 4394 Isti
787 4337 879 4408 qui
910 4335 977 4391 de
1033 4343 1241 4407 septem
1297 4333 1529 4406 panibus
1583 4333 1687 4388 hoc
1716 4338 1797 4387 est
1832 4337 2041 4386 sacrato

441 4439 656 4495 aluntur
694 4450 940 4500 numero,
974 4442 1205 4504 quatuor
1258 4431 1429 4487 millia
1448 4437 1589 4485 sunt.
1622 4428 1729 4499 Qui
1786 4445 2041 4483 numerus

433 4543 651 4599 semper
696 4525 755 4581 in
806 4522 965 4579 laude
1020 4522 1256 4596 ponitur.
1318 4521 1386 4576 Et
1441 4518 1847 4591 quadrangulus
1902 4518 2041 4587 lapis

434 4632 546 4674 non
594 4622 675 4672 est
720 4612 1007 4680 instabilis,
1061 4618 1113 4668 et
1168 4610 1225 4665 in
1276 4625 1341 4665 eo
1395 4624 1623 4664 numero
1691 4606 2039 4680 evangelista

434 4713 577 4764 sunt.
636 4705 906 4762 Numerus
960 4701 1143 4772 itaque
1162 4698 1486 4755 refectorum
1506 4698 1665 4753 docet
1708 4712 1803 4751 eos
1857 4702 2040 4768 pastos

433 4804 763 4879 evangelicis
798 4801 1015 4860 cibariis
1045 4819 1061 4868 ;
1091 4799 1362 4869 simulque
1411 4796 1647 4851 insinuat
1718 4794 2037 4850 innumera-

430 4904 600 4962 bilem
649 4901 1049 4960 multitudinem
1088 4898 1157 4955 de
1213 4903 1443 4968 quatuor
1484 4894 1632 4951 orbis
1686 4892 1932 4965 partibus
1970 4891 2039 4949 ad

433 5000 666 5061 cmlestis
716 4998 824 5056 cibi
879 4997 1085 5053 donum
1133 5007 1537 5050 eoncursuram.
1594 4991 1710 5047 Hoc
1766 4989 1932 5064 igitur
1960 4996 2040 5061 ty-

432 5092 556 5166 pice
572 5092 713 5147 inter
747 5091 868 5145 haec
912 5085 1265 5142 refectionem
1322 5082 1503 5151 distat,
1563 5078 1710 5152 quod
1738 5080 1815 5135 ibi
1864 5079 2042 5135 littera

430 5202 586 5252 vetus
634 5192 797 5265 plena
850 5204 966 5243 esse
1015 5186 1229 5260 signata
1284 5190 1366 5240 est
1418 5182 1595 5256 gratia
1648 5181 1894 5253 spiritali.
1937 5181 2039 5237 Hic

433 5284 610 5358 gratia
636 5277 781 5338 Novi
829 5275 1157 5334 Testamenti
1214 5280 1512 5329 monstrata
1556 5279 1637 5327 est
1684 5270 2036 5327 ministrando

433 5382 685 5440 ﬁdelibus
741 5385 971 5450 quatuor
1002 5381 1191 5431 ornata
1216 5371 1519 5440 virtutibus,
1577 5386 1804 5442 quarum
1862 5369 2039 5441 prima

435 5486 517 5534 est
569 5478 789 5553 cegnito
841 5490 1024 5530 rerum
1074 5470 1507 5543 appetendarum
1563 5475 1617 5525 et
1669 5468 2032 5537 vitandarum,

433 5569 670 5623 secunda
696 5564 989 5622 refrenatio
1016 5561 1328 5634 cupiditatis
1365 5559 1435 5616 ab
1464 5558 1549 5614 liis
1577 5574 1700 5629 qua
1756 5568 2034 5628 tempora-

430 5661 553 5721 liter
583 5665 935 5731 delectantur,
994 5659 1150 5717 tertia
1177 5658 1403 5713 ﬁrmitas
1436 5665 1624 5713 contra
1652 5655 1880 5713 molesta
1922 5672 2033 5712 sae-

433 5762 560 5832 culi,
590 5768 783 5833 quarta
802 5775 923 5830 quin
958 5774 1057 5831 per
1083 5772 1274 5814 omnes
1301 5753 1622 5812 diffunditur
1646 5752 1865 5810 dilectio
1922 5755 2035 5811 Do-

2150 3282 2328 3349 satiat,
2359 3281 2489 3336 dum
2518 3281 2587 3337 ad
2616 3282 2803 3339 divina
2850 3282 3109 3354 sapienda
3127 3299 3221 3340 cor
3259 3285 3377 3355 ejus
3400 3284 3589 3356 spiritu
3642 3301 3740 3340 sa-

2150 3371 2367 3443 pientiae
2404 3371 2691 3428 illuminat.
2746 3372 2934 3428 Altero
2991 3389 3129 3444 pane
3152 3390 3275 3428 eum
3296 3374 3483 3444 pascit,
3513 3374 3641 3430 dum
3689 3376 3743 3431 ei

2150 3469 2402 3540 mysteria
2431 3468 2721 3540 Scripturaa
2771 3470 3017 3541 spiritum
3046 3470 3342 3527 intellectus
3368 3471 3556 3543 aperit.
3599 3472 3742 3526 Ter-

2149 3558 2223 3613 tio
2278 3574 2420 3629 pane
2474 3573 2597 3614 eum
2636 3558 2833 3626 reﬁcit,
2865 3559 2995 3614 dum
3047 3560 3177 3615 utile
3225 3560 3444 3632 eligere,
3483 3561 3739 3617 nocivum

2148 3663 2419 3718 respuere,
2478 3646 2724 3718 spiritum
2786 3648 2996 3703 consilii
3071 3648 3271 3704 tribuit.
3318 3648 3516 3719 Quarto
3597 3666 3743 3721 pane

2147 3753 2272 3791 eum
2301 3744 2521 3803 saturat,
2570 3736 2698 3792 dum
2728 3753 2854 3793 eum
2889 3738 2945 3792 in
2969 3738 3124 3793 bonis
3167 3739 3358 3810 spiritu
3414 3738 3741 3795 fortitudinis

2146 3825 2392 3881 roborat.
2422 3823 2621 3895 Quinto
2651 3842 2791 3897 pane
2819 3842 2943 3882 eum
2998 3834 3221 3893 recreat,
3249 3827 3377 3882 dum
3407 3844 3529 3884 eum
3582 3828 3741 3899 spiri-

2150 3923 2205 3971 tu
2242 3914 2481 3970 scientiae
2535 3915 2785 3971 illustrat.
2850 3915 3015 3972 Sexto
3071 3932 3213 3986 pane
3268 3933 3392 3972 eum
3446 3916 3731 3987 refocillat,

2149 4003 2277 4059 dum
2333 4020 2458 4059 eum
2505 4003 2575 4059 ad
2619 4004 2929 4060 sectandam
2975 4004 3241 4075 justitiam
3285 4006 3472 4077 spiritu
3527 4006 3740 4077 pietatis

2149 4093 2423 4148 informat.
2466 4093 2709 4165 Septimo
2766 4110 2906 4165 pane
2961 4110 3056 4150 cor
3090 4095 3208 4166 ejus
3262 4094 3558 4164 conﬁrmat,
3607 4096 3735 4151 dum

2149 4207 2273 4247 eum
2329 4207 2362 4247 a
2412 4192 2557 4246 malo
2611 4191 2803 4262 spiritu
2848 4192 3055 4247 timoris
3105 4200 3312 4248 avocat.
3373 4192 3531 4248 Pauci
3578 4193 3737 4265 pisci-

2149 4280 2253 4336 culi
2280 4280 2568 4349 adduntur,
2601 4280 2730 4336 dum
2759 4281 2810 4337 ei
2855 4282 3108 4353 exempla
3128 4280 3370 4337 ﬁdelium
3419 4297 3734 4353 proponun-

2148 4385 2251 4434 tur.
2284 4377 2525 4447 Quatuor
2544 4378 2715 4433 millia
2742 4386 3066 4448 saturantur,
3121 4379 3248 4450 quia
3274 4386 3500 4451 quatuor
3550 4379 3735 4434 mundi

2148 4476 2347 4537 partes,
2380 4484 2476 4539 per
2503 4476 2731 4538 quatuor
2773 4469 3077 4542 evangelia,
3107 4468 3177 4524 ad
3203 4476 3409 4539 septem
3448 4468 3589 4524 dona
3619 4469 3736 4540 Spi-

2068 4554 2120 4616 D
2150 4557 2282 4612 ritus
2302 4557 2472 4613 sancti
2500 4565 2780 4614 vocantur.
2830 4558 3050 4630 Septem
3079 4566 3278 4628 sporta
3303 4558 3371 4613 de
3424 4558 3738 4632 fragmentis

2144 4654 2551 4719 superaverunt,
2612 4647 2740 4718 quia
2791 4655 2997 4719 septem
3027 4647 3151 4703 libri
3201 4647 3618 4721 Hagiographise
3668 4648 3733 4704 de

2144 4743 2352 4808 septem
2407 4735 2564 4791 donis
2611 4736 2841 4805 Spiritus
2866 4737 3035 4793 sancti
3055 4736 3359 4792 redundant
3386 4751 3402 4807 ;
3433 4735 3499 4791 de
3546 4736 3736 4807 quibus

2146 4834 2321 4890 adhuc
2341 4833 2588 4890 doctores
2607 4834 2980 4904 refectionem,
3016 4834 3167 4906 quasi
3182 4834 3248 4891 de
3267 4835 3481 4907 sportis,
3493 4833 3736 4891 ﬁdelibus

2145 4924 2475 4983 ministrant.
2538 4924 2722 4979 Prima
2762 4924 3031 4995 siquidem
3058 4932 3243 4997 sporta
3285 4924 3517 4981 estliber
3567 4924 3733 4980 Joan-

2144 5022 2228 5077 nis
2283 5039 2381 5094 per
2408 5037 2571 5093 quem
2600 5021 2818 5093 spiritus
2835 5023 3115 5094 sapientiae
3167 5022 3461 5079 maximam
3515 5021 3732 5094 sapien-

2144 5112 2276 5167 tiam
2308 5112 2564 5169 Ecclesiaz
2611 5112 2843 5168 invexit.
2883 5111 3134 5168 Secunda
3173 5120 3355 5183 sporta
3399 5119 3479 5167 est
3532 5111 3732 5167 Psalte-

2142 5212 2303 5279 rium,
2354 5228 2454 5281 per
2510 5211 2655 5283 quod
2684 5212 2902 5283 spiritus
2940 5211 3241 5268 intellectus
3286 5226 3447 5282 quam
3500 5210 3732 5266 maxime

2143 5302 2213 5357 ad
2241 5301 2593 5371 intelligenda
2648 5301 2949 5372 spiritualia
2991 5317 3208 5357 sensum
3238 5300 3490 5356 Eeclesia:
3543 5300 3726 5371 aperit.

2143 5390 2321 5446 Tertia
2365 5398 2549 5462 Sporta
2610 5398 2735 5446 sunt
2791 5391 3101 5459 Probervia,
3154 5406 3254 5460 per
3306 5406 3464 5460 quem
3518 5389 3729 5460 spiritus

2140 5479 2351 5536 consilii
2396 5496 2495 5549 per
2548 5480 2706 5549 plura
2736 5479 2861 5536 vitae
2914 5480 3141 5535 consilia
3170 5479 3424 5536 Ecclesiae
3479 5477 3718 5534 donavit.

2141 5577 2345 5648 Quarta
2368 5587 2553 5649 sporta
2609 5586 2690 5634 est
2745 5578 3111 5646 Ecclesiastes,
3170 5593 3268 5649 per
3310 5593 3470 5648 quem
3519 5575 3727 5647 spiritus

2141 5668 2466 5724 fortitudinis
2522 5668 2818 5724 Ecclesium
2867 5668 3083 5724 abunde
3138 5674 3327 5723 contra
3354 5666 3483 5723 vitia
3529 5666 3727 5721 fortitu-

2137 5756 2263 5813 dine
2313 5757 2500 5815 cinxit.
2560 5756 2760 5828 Quinta
2804 5764 2989 5830 sporta
3015 5764 3097 5813 est
3151 5756 3390 5825 Cantica,
3436 5756 3495 5811 in
3538 5755 3726 5827 quibus

432 5857 640 5917 miniet
653 5854 912 5933 proximi.
966 5855 1039 5911 Et
1061 5853 1141 5911 ibi
1183 5860 1240 5912 et
1282 5851 1374 5912 hic
1397 5852 1652 5912 mulieres
1700 5859 1866 5926 atque
1893 5868 2029 5928 par-
2134 5854 2360 5930 spiritus
2383 5856 2628 5919 scientiae
2654 5856 2951 5931 plurimam
2973 5854 3258 5919 scientiam
3278 5853 3533 5918 Ecclesiae
3573 5866 3721 5914 mo-
