3924 6470
134 382 158 433 1
167 381 277 434 065

1131 378 1713 436 DEFLOBATIONES
1752 374 1859 433 ss.
1919 375 2218 433 PATRUM.
2250 405 2320 417 -
2355 376 2483 431 LIB.
2510 377 2576 430 ιι.
2634 350 2643 360 ’

3323 378 3458 431 1066

130 502 290 559 ravit.
324 500 507 558 Sexta
541 512 729 574 sporta
759 511 838 560 est
866 504 1001 559 liber
1029 503 1335 574 Sapientiae,
1388 504 1440 556 in
1493 519 1596 572 quo
1643 501 1759 573 spi-
1787 502 1839 560 A
1872 500 1995 569 quia
2025 507 2391 570 corrumpunt.
2424 498 2581 553 Nona
2632 500 2795 570 plaga
2842 508 2957 555 erat
3001 502 3165 555 chaos
3213 500 3464 555 tenebra-

130 601 264 654 ritus
330 600 564 672 pietatis
619 617 827 656 summa
874 602 1069 673 pietate
1134 602 1430 655 Ecclesium
1498 601 1752 654 erudivit.

132 688 389 758 Septima
417 697 504 744 est
540 689 681 743 liber
709 690 1076 755 Ecclesiastes,
1111 689 1176 743 de
1222 706 1326 759 qua
1374 697 1554 757 sporta
1600 690 1761 758 spiri-

137 786 220 832 tus
250 778 474 834 timoris
506 779 734 833 Domini
769 780 943 851 magis
972 795 1132 849 quam
1162 778 1215 832 in
1249 780 1355 832 ullo
1404 778 1539 832 libro
1599 780 1761 832 timo-

133 891 249 930 rem
306 874 547 929 Domini
607 876 902 930 Ecclesiam
961 875 1235 930 instruxit.
1272 876 1357 929 Ex
1413 875 1494 928 his
1557 884 1761 945 septem

136 963 335 1034 sportis
365 980 475 1032 per
507 964 886 1033 septiformem
947 965 1206 1035 Spiritum
1264 964 1469 1035 egregii
1518 963 1763 1018 doctores

137 1052 487 1124 Augustinus
510 1060 568 1106 et
589 1052 909 1124 Gregorius,
933 1052 1022 1107 alii
1045 1068 1259 1122 quoque
1306 1059 1360 1105 et
1399 1051 1487 1105 alii
1525 1068 1621 1105 sua
1658 1069 1760 1105 ex-

137 1150 414 1220 positione
472 1159 725 1206 sanctam
783 1150 1079 1207 Ecclesiam
1136 1150 1285 1221 quasi
1346 1149 1414 1205 ad
1463 1151 1760 1205 satietatem

140 1238 478 1295 refecerunt.

208 1356 366 1411 Pisce
399 1371 631 1427 quoque
662 1356 817 1412 turba
842 1356 1095 1428 pascitur,
1146 1354 1273 1409 dum
1315 1354 1504 1408 Christi
1537 1370 1760 1425 corpore

139 1456 401 1511 vescitur.
446 1457 578 1526 Ipse
611 1471 844 1525 namque
874 1455 1035 1526 piscis
1062 1454 1274 1522 dicitur,
1307 1454 1442 1507 sicut
1472 1454 1526 1506 in
1574 1454 1759 1508 Evan-

140 1544 288 1615 gelia
317 1545 554 1617 legitur.
590 1544 730 1599 Dum
762 1547 1008 1599 homines
1037 1543 1107 1598 ab
1154 1543 1246 1597 illo
1303 1542 1580 1611 exigerent
1627 1558 1760 1596 cen-

139 1649 280 1701 sum,
312 1633 399 1688 sui
428 1633 623 1704 angeli
652 1633 905 1688 devotum
932 1631 1249 1702 impendunt
1273 1631 1611 1699 obsequium,
1635 1629 1759 1698 jus-

139 1746 259 1784 sum
292 1731 529 1785 Petrum
560 1732 783 1784 hamum
832 1730 887 1782 in
944 1743 1095 1783 mare
1151 1727 1382 1791 mittere,
1441 1733 1489 1780 et
1546 1726 1615 1779 de
1669 1740 1760 1779 ore

143 1817 307 1889 piscis
345 1819 446 1888 qui
520 1818 731 1889 primus
794 1817 1107 1871 ascenderet
1171 1831 1391 1869 aureum
1447 1813 1759 1867 didrachma

145 1908 357 1973 tollere,
400 1923 510 1977 pro
551 1923 610 1961 se
649 1914 700 1961 et
749 1921 848 1975 pro
913 1905 1202 1975 semetipso
1266 1920 1488 1958 censum
1550 1903 1761 1957 solvere

142 2004 377 2075 (lauit.
412 2004 583 2073 xvu).
618 2004 784 2058 Piscis
822 2003 910 2059 hic
938 2010 1051 2058 erat
1076 2002 1335 2067 Christus,
1368 2002 1457 2071 qui
1505 2001 1560 2055 in
1601 2001 1762 2071 hujus

145 2093 331 2148 seculi
361 2094 533 2148 undis
565 2093 742 2147 latuit.
783 2091 890 2160 Qui
919 2092 1232 2145 didrachma
1297 2096 1351 2144 in
1406 2106 1499 2146 ore
1554 2090 1759 2156 habuit,

147 2182 274 2252 quia
301 2182 598 2253 geminam
629 2182 808 2253 legem
839 2181 1037 2235 divinis
1068 2181 1221 2234 factis
1241 2179 1608 2249 Splendentern
1631 2195 1761 2250 pro-

150 2279 294 2333 tulit.
346 2280 452 2334 Hic
494 2280 660 2333 hamo
697 2278 867 2332 divini
903 2278 1113 2333 consilii
1151 2286 1339 2348 captus
1376 2283 1475 2341 est,
1536 2277 1591 2330 in
1639 2277 1763 2347 igne

154 2367 429 2438 passionis
469 2367 634 2422 nobis
697 2366 765 2421 ad
831 2382 980 2421 esum
1046 2382 1213 2420 assus.
1282 2366 1605 2419 Didrachma
1668 2380 1765 2435 pro

156 2456 391 2522 Christo,
427 2463 488 2511 et
514 2457 673 2511 Petro
694 2471 887 2510 census
913 2454 1087 2522 datur,
1120 2454 1248 2508 dum
1278 2461 1501 2523 utraque
1546 2454 1633 2508 lex
1680 2453 1765 2509 vel

158 2554 385 2625 gemina
422 2554 653 2609 dilectio
690 2552 759 2607 ad
790 2553 984 2607 Christi
1014 2560 1065 2607 et
1111 2552 1368 2608 Ecclesiae
1418 2552 1679 2606 honorem
1735 2567 1766 2605 a

158 2638 413 2696 ﬁdelibus
442 2641 770 2711 completur.
805 2640 1038 2710 Populus
1065 2640 1164 2694 Dei
1194 2648 1398 2710 septem
1415 2640 1645 2708 panibus
1674 2656 1764 2694 re-

157 2726 352 2798 ﬁcitur,
376 2739 432 2784 et
453 2730 648 2785 decem
663 2729 947 2799 princeptis
975 2729 1282 2796 instituitur,
1326 2729 1558 2798 populus
1586 2737 1765 2782 autem

160 2825 465 2882 Pharaonis
494 2834 705 2895 septem
732 2826 999 2897 capitibus
1034 2825 1301 2892 draconis,
1336 2824 1390 2878 id
1446 2833 1525 2878 est
1561 2833 1765 2895 septem

159 2913 566 2984 principalibus
586 2915 730 2970 vitiis
749 2915 1066 2985 captivatur,
1092 2922 1143 2969 et
1171 2914 1360 2968 decem
1392 2914 1567 2984 plagis
1595 2914 1767 2968 deva-

162 3011 328 3059 statur
352 3004 568 3073 (Exod.
602 3008 724 3073 vn).
756 3004 935 3057 Prima
964 3003 1126 3073 plaga
1166 3003 1295 3056 dum
1339 3003 1666 3057 convertitur
1712 3002 1765 3056 in

161 3099 487 3170 sanguinem
530 3115 695 3169 aqua.
745 3099 905 3167 Aqua
934 3098 990 3151 in
1019 3098 1337 3170 sanguinem
1384 3106 1762 3162 commutatur,

1868 614 1985 651 rum
2021 598 2308 667 palpabile,
2356 606 2409 650 et
2464 613 2706 651 murmur
2762 598 3032 665 quoddam
3089 597 3458 653 formidabile.

1871 686 2003 739 Sunt
2036 694 2210 739 autem
2244 684 2507 759 infideles,
2542 686 2632 754 qui
2658 684 2831 740 futura
2859 702 2969 740 non
3021 687 3264 755 credunt,
3329 694 3382 740 et
3436 701 3470 740 a

1870 775 1983 827 luce
2006 775 2126 827 ﬁdei
2157 777 2449 839 retrahunt,
2499 782 2551 828 et
2606 789 2663 828 se
2726 774 2958 829 tenebris
3014 783 3229 830 aeterna
3283 774 3471 829 mortis

1868 872 2126 937 inserunt,
2160 872 2249 925 ubi
2282 871 2516 926 terribile
2547 879 2625 925 est
2652 887 2911 938 murmur,
2960 873 3161 927 scilicet
3210 873 3364 927 ﬂetus
3417 880 3472 928 et

1869 961 2064 1015 stridor
2090 961 2350 1015 dentium.
2381 961 2603 1015 Decima
2633 961 2793 1032 plaga
2823 968 2945 1015 sunt
2972 961 3332 1033 primogenita
3361 978 3465 1017 ex—

1868 1049 2059 1104 stincta
2100 1050 2464 1121 Primogenita
2517 1050 2732 1120 Egypti
2777 1057 2900 1104 sunt
2935 1050 3204 1121 principes
3257 1050 3465 1116 mundi,

1868 1146 2255 1215 saicularesque
2295 1145 2602 1217 dignitates,
2647 1162 2767 1214 quas
2820 1162 2852 1200 a
2906 1146 3246 1201 daemouibus
3307 1145 3466 1202 bellis

1869 1241 1922 1287 et
1946 1234 2107 1289 variis
2135 1234 2311 1288 modis
2338 1233 2782 1301 exterminantur,
2832 1242 2891 1288 ut
2932 1242 3174 1305 potentes
3220 1242 3465 1305 potenter

1871 1330 2137 1379 tormenta
2166 1324 2460 1394 patiantur.
2498 1322 2831 1388 Charissimi,
2863 1323 3096 1378 nitamur
3130 1324 3288 1378 bonis
3329 1324 3466 1379 acti-

1868 1420 1968 1475 bus
1998 1422 2066 1476 ab
2100 1422 2180 1475 his
2212 1422 2399 1477 decem
2429 1421 2610 1492 plagis
2640 1420 2875 1487 liberari,
2908 1428 2961 1475 et
2987 1430 3193 1491 septem
3236 1421 3466 1493 panibus

1868 1510 2113 1575 saturari,
2146 1527 2178 1564 a
2207 1517 2411 1580 septem
2442 1509 2708 1580 capitibus
2736 1510 2985 1565 draconis
3013 1509 3145 1574 erui,
3179 1517 3232 1564 et
3275 1510 3465 1566 decem

1868 1599 2152 1668 praeceptis
2188 1599 2454 1670 legalibus
2480 1598 2685 1653 instrui.
2714 1597 2994 1654 Imitemur
3047 1599 3168 1654 illos
3220 1599 3313 1668 qui
3368 1614 3467 1654 nos

1868 1695 2272 1756 prmeesserunt,
2333 1695 2387 1742 et
2440 1703 2538 1758 per
2592 1686 2788 1742 multas
2840 1686 3211 1743 tribulationes
3263 1686 3465 1759 gaudia

1870 1776 1992 1831 vita:
2024 1776 2373 1831 intraverunt.

2340 1890 2416 1945 De
2447 1890 2691 1961 quinque
2720 1889 2990 1961 septenis.

1940 2002 2191 2073 Quinque
2230 2012 2451 2073 septena
2488 2011 2611 2058 sunt
2645 2003 2702 2058 in
2758 2019 2914 2059 sacra
2980 2002 3277 2074 Scriptura,
3345 2019 3465 2074 qua

1871 2093 2016 2163 prius
2044 2093 2360 2163 singillatim
2393 2092 2795 2165 distinguantur
2828 2111 2839 2146 :
2892 2100 3081 2161 postea
3126 2108 3255 2148 vero
3303 2107 3465 2162 quam

1871 2182 2008 2235 inter
2034 2196 2091 2236 se
2123 2181 2356 2235 habeant
2383 2180 2831 2247 convenientiam,
2874 2181 3064 2236 eadem
3108 2195 3208 2249 per
3254 2181 3467 2253 singula

1872 2279 1974 2333 sibi
2004 2278 2332 2333 conferendo
2364 2278 2529 2332 libeat
2555 2278 2942 2333 demonstrare.
2993 2276 3171 2332 Primo
3217 2278 3336 2334 loco
3383 2294 3467 2334 se-

1874 2376 2016 2439 ptem
2050 2375 2318 2438 ponuntur
2345 2367 2493 2434 vitia,
2525 2366 2579 2420 id
2608 2374 2687 2421 est
2728 2365 2998 2437 superbia,
3057 2366 3291 2422 secundo
3346 2366 3466 2422 loco

1873 2456 2094 2522 invidia,
2129 2456 2283 2512 tertio
2314 2456 2411 2522 ira,
2445 2462 2632 2525 quarto
2689 2454 2915 2524 tristitia,
2976 2454 3161 2525 quinto
3219 2455 3463 2524 avaritia,

1873 2562 2024 2610 sexto
2045 2554 2192 2626 gula,
2216 2552 2445 2623 septimo
2466 2552 2693 2607 luxuria.
2727 2553 2925 2607 Contra
2948 2553 3063 2608 haec
3087 2551 3322 2607 secundo
3344 2552 3464 2609 loco

1872 2643 2261 2697 constituuntur
2288 2651 2490 2713 septem
2548 2641 2850 2710 petitiones,
2914 2656 3032 2711 quae
3070 2640 3126 2694 in
3183 2641 3468 2698 Dominica

1874 2731 2129 2786 Oratione
2167 2731 2528 2785 continentur.
2596 2730 2785 2784 Postea
2853 2731 3005 2784 tertio
3072 2728 3193 2784 loco
3260 2737 3467 2801 septem

1873 2827 2013 2882 dona
2046 2828 2273 2897 Spiritus
2301 2827 2488 2881 sancti.
2520 2825 2726 2881 Deinde
2772 2833 2958 2895 quarto
3014 2825 3133 2880 loco
3180 2826 3472 2882 succedunt

1874 2917 2111 2971 virtutes.
2148 2917 2325 2970 Primo
2356 2915 2717 2981 scilicetloco,
2751 2922 3038 2985 paupertas
3053 2914 3289 2985 spiritus,
3315 2915 3369 2970 id
3393 2922 3473 2971 est

1874 3006 2145 3059 humilitas
2178 3020 2189 3072 ;
2223 3004 2458 3058 secundo
2489 3003 2864 3069 mansuetudo,
2917 3003 3072 3057 tertio
3127 3005 3471 3073 compunctio

1873 3102 1986 3155 sive
2015 3101 2187 3169 dolor,
2215 3108 2404 3170 quarto
2426 3100 2627 3154 esuries
2640 3098 2861 3171 justitiaa
2884 3099 2997 3155 sive
3022 3099 3345 3155 desiderium
3368 3101 3476 3157 bo-

166 3185 289 3241 dum
317 3188 600 3258 baptisma
628 3188 715 3241 vel
749 3202 901 3242 sacra
930 3188 1204 3257 Scriptura
1243 3187 1347 3240 illis
1386 3187 1439 3241 in
1488 3195 1763 3256 peccatum
1796 3208 1846 3272 Ο
1874 3205 2023 3257 num,
2056 3189 2242 3260 quinto
2306 3187 2694 3256 misericordia,
2752 3194 2902 3243 sexto
2958 3188 3135 3243 cordis
3187 3188 3477 3257 munditia,

164 3283 458 3346 reputatur,
493 3277 588 3347 qui
616 3275 886 3347 baptisma
906 3292 1003 3345 per
1021 3275 1376 3330 immunditiae
1408 3291 1576 3345 opera
1607 3277 1763 3331 coin-

168 3371 409 3440 quinant,
451 3389 519 3429 ac
548 3388 756 3427 sacram
790 3372 1119 3443 Scripturam
1150 3372 1217 3426 ad
1248 3389 1373 3427 suos
1401 3388 1608 3428 errores
1642 3388 1767 3427 cor-

165 3458 484 3517 roborantes
523 3461 841 3531 depravant.
881 3461 1128 3516 Secunda
1166 3461 1328 3533 plaga
1382 3478 1503 3516 cum
1563 3462 1772 3533 operuit

169 3553 362 3604 terram
420 3565 580 3607 rana.
647 3551 919 3605 Ranarum
989 3550 1283 3619 loquacitas
1350 3558 1430 3605 est
1489 3557 1767 3620 poetarum

169 3648 477 3717 garrulitas,
522 3664 624 3718 per
653 3663 881 3718 quorum
928 3647 1138 3703 fabulas
1185 3648 1363 3702 miseri
1412 3648 1768 3719 decipiuntur,

171 3732 293 3788 dum
325 3752 419 3791 eas
450 3738 510 3791 in
540 3735 823 3791 desideriis
851 3737 960 3790 suis
1007 3743 1318 3806 sequuntur.
1376 3737 1554 3790 Tertia
1606 3737 1770 3808 plaga

169 3822 453 3895 sciniphes,
486 3825 580 3895 qui
613 3826 795 3896 ignitis
838 3825 1066 3879 stimulis
1118 3825 1460 3879 terebrabant
1505 3840 1757 3895 corpora.

172 3918 283 3975 Hoc
309 3932 432 3979 sunt
462 3921 721 3986 haeretici,
758 3922 848 3992 qui
882 3922 1087 3977 nocivis
1115 3923 1451 3994 argumentis
1495 3922 1768 3992 simplices

172 4007 599 4067 circumveniunt
636 4019 844 4066 mentes
898 4026 1082 4065 eorum
1138 4009 1365 4080 perﬁdia
1420 4011 1765 4077 terebrantes,

174 4102 225 4150 et
250 4098 317 4152 ad
344 4100 490 4173 ignis
520 4100 707 4155 aeterni
738 4100 982 4154 stimulos
1010 4099 1297 4154 deducunt.
1348 4097 1549 4167 Quarta
1603 4100 1767 4171 plaga

173 4196 315 4250 venit
340 4194 652 4254 muscarum
681 4197 945 4253 molestia.
978 4197 1046 4252 Et
1078 4204 1200 4252 sunt
1229 4197 1521 4267 importuni
1553 4196 1609 4250 in
1657 4211 1766 4250 sae-

176 4283 334 4339 culari
368 4287 684 4358 eloquentia
723 4287 812 4356 qui
855 4302 1047 4341 carnes
1074 4286 1389 4341 alterutrum
1447 4301 1543 4356 per
1586 4284 1766 4342 avari-

177 4370 300 4427 tiam
336 4374 624 4441 lacerant,
666 4382 720 4430 et
756 4375 1062 4446 importune
1119 4374 1328 4429 callidis
1390 4373 1571 4429 verbis
1634 4373 1769 4427 alios

177 4465 453 4541 impetum,
491 4479 550 4527 ut
575 4471 720 4527 bona
748 4487 934 4527 eorum
966 4471 1229 4526 auferant.
1264 4470 1461 4539 Quinta
1488 4471 1653 4541 plaga
1692 4477 1770 4525 est

180 4558 479 4623 pestilentia
516 4561 791 4631 perimens
829 4560 1103 4615 animalia.
1146 4561 1239 4615 Est
1276 4566 1453 4615 autem
1496 4559 1639 4614 fmda
1702 4559 1774 4612 li-

180 4641 302 4701 bido
331 4648 715 4706 irrationaliter
742 4648 983 4704 viventes
1014 4648 1349 4714 interimens,
1401 4654 1457 4703 at
1502 4649 1556 4701 in
1600 4647 1775 4717 turpi-

185 4741 365 4801 tudine
392 4746 730 4817 putrefactas
758 4745 1096 4801 daemonibus
1144 4746 1293 4816 quasi
1348 4745 1571 4800 canibus
1626 4745 1774 4799 lace-

182 4830 372 4887 randos
398 4850 701 4907 exponens.
738 4834 907 4888 Sexta
959 4833 1121 4905 plaga
1170 4834 1536 4904 producuntur
1578 4833 1774 4888 vesica:

188 4914 443 4979 ferventes
471 4931 528 4979 et
555 4923 762 4978 ulcera.
802 4922 992 4978 Ulcera
1021 4930 1143 4976 sunt
1170 4923 1481 4977 dolositates
1536 4922 1774 4976 malitio-

185 5026 354 5071 sorum
404 5020 605 5075 vesica:
661 5016 967 5072 inﬂationes
1030 5018 1404 5087 superborum.
1473 5019 1539 5072 Hi
1604 5019 1776 5073 malos

190 5108 505 5178 excruciant,
540 5115 593 5163 et
630 5106 871 5161 moribus
927 5107 1037 5161 suis
1092 5107 1357 5162 fmdantes
1413 5108 1568 5177 quasi
1628 5115 1774 5179 peste

190 5185 479 5263 deturpant.
515 5196 759 5266 Septima
786 5194 947 5265 plaga
976 5202 1097 5248 sunt
1127 5196 1354 5266 grando,
1391 5196 1532 5267 ignis
1562 5205 1613 5251 et
1641 5195 1777 5251 toni-

194 5289 323 5343 trua.
369 5293 627 5350 Tonitrua
665 5301 788 5348 sunt
825 5303 1053 5349 terrores
1091 5294 1414 5364 principum,
1455 5292 1664 5363 grando
1725 5300 1776 5347 et

192 5377 342 5456 ignis,
372 5392 579 5449 saevitia
616 5392 959 5463 praedonum.
1026 5392 1092 5445 Hi
1144 5392 1340 5462 impios
1397 5393 1772 5457 exterminant,

195 5475 312 5535 dum
347 5501 437 5543 eos
492 5503 618 5543 cum
684 5487 844 5543 rebus
903 5488 1167 5542 violenter
1229 5487 1507 5558 dissipant.
1574 5486 1777 5543 Octava

195 5575 344 5652 plaga
373 5592 423 5640 et
449 5587 687 5641 bruchus
716 5593 769 5640 et
823 5586 1045 5641 locusta.
1105 5586 1295 5641 Bruchi
1345 5593 1466 5641 sunt
1533 5602 1774 5654 voraces,

198 5671 398 5739 Ιοοιιειω
425 5684 721 5750 discordes,
755 5685 1119 5756 voluptatibus
1172 5686 1437 5740 salientes.
1498 5686 1562 5738 Hi
1620 5684 1777 5739 ﬂores

201 5764 430 5829 arborum
462 5783 514 5831 et
540 5781 788 5846 segetum
818 5773 1130 5830 devorando
1160 5774 1466 5839 corrodunt,
1515 5774 1640 5843 quia
1687 5780 1775 5827 ta-

204 5847 274 5907 les
296 5854 433 5919 bona
458 5862 728 5920 desideria
754 5878 853 5935 per
875 5878 1046 5935 prava
1076 5863 1327 5935 exempla
1354 5869 1405 5919 et
1428 5862 1574 5918 mala
1599 5860 1774 5918 collo-

503 5987 773 6049 Pa'raon.
820 5986 1061 6053 CLVII.

1876 3279 2103 3350 septimo
2160 3293 2284 3347 pax.
2333 3276 2640 3333 Novissimo
2669 3291 2797 3330 vero
2826 3276 2943 3331 loco
2984 3284 3190 3347 septem
3236 3275 3475 3332 beatitu-

1878 3376 2030 3430 dines
2057 3376 2280 3447 (Matth.
2322 3374 2395 3445 v).
2430 3374 2607 3428 Prima
2636 3389 2867 3445 regnum
2914 3373 3194 3440 caelorum,
3242 3374 3479 3431 secunda

1879 3465 2143 3536 possessio
2176 3472 2328 3519 terra)
2357 3462 2674 3530 viventium,
2708 3462 2860 3517 tertia
2916 3462 3233 3531 consolatio,
3289 3471 3479 3533 quarta

1871 3554 2095 3624 justitiae
2130 3553 2347 3609 satietas
2378 3594 2391 3620 ,
2435 3552 2621 3622 quinta
2676 3550 3066 3617 misericordia,
3133 3559 3286 3606 sexta
3341 3551 3479 3608 visio

1878 3652 1997 3718 Dei,
2029 3651 2257 3722 septima
2286 3649 2471 3704 ﬁliatio
2501 3647 2620 3703 Dei.
2645 3649 2773 3703 Haec
2804 3648 2877 3703 ita
2906 3648 3084 3717 primo
3127 3648 3247 3704 loco
3284 3648 3480 3705 distin-

1877 3748 2109 3813 guantur
2136 3747 2193 3794 ut
2247 3739 2612 3810 intelligantur
2668 3736 2783 3806 ipsa
2851 3736 2980 3791 vitia
3036 3737 3255 3806 quidam
3285 3738 3481 3795 anima

1878 3832 2169 3903 languores
2230 3828 2344 3885 sive
2383 3827 2605 3883 vulnera
2668 3825 2903 3881 hominis
2968 3825 3255 3892 interioris,
3301 3827 3479 3897 ipsum

1878 3947 2006 3987 vero
2076 3929 2351 3985 hominem
2424 3926 2572 3998 quasi
2638 3933 2922 3997 aegrotum,
2981 3925 3251 3981 medicum
3300 3934 3481 3983 autem

1878 4021 2050 4075 Deum
2077 4033 2089 4088 ;
2115 4017 2259 4072 dona
2287 4032 2499 4087 quoque
2546 4015 2713 4069 sancti
2765 4013 2993 4083 Spiritus
3022 4012 3340 4080 antidotum,
3362 4014 3479 4072 vir-

1874 4116 2011 4163 tutes
2040 4122 2165 4164 vero
2208 4105 2511 4166 sanitatem,
2568 4102 2927 4158 beatitudines
2984 4107 3166 4157 autem
3207 4102 3476 4159 felicitatis

1877 4205 2161 4279 gaudium.
2202 4206 2337 4259 Sunt
2391 4217 2521 4273 ergo
2551 4200 2681 4257 vitia
2712 4200 2966 4271 capitalia
2994 4207 3220 4271 septem,
3255 4216 3321 4255 ex
3352 4200 3478 4271 qui-

1877 4294 1979 4349 bus
2006 4293 2253 4348 universa
2311 4291 2453 4346 mala
2500 4289 2760 4345 oriuntur.
2802 4287 2869 4341 Ili
2924 4295 3047 4342 sunt
3086 4288 3260 4344 fontes
3303 4289 3480 4360 abyssi

1881 4382 2241 4447 tenebrarum,
2282 4379 2348 4434 de
2417 4378 2611 4448 quibus
2647 4376 2869 4431 ﬂumina
2920 4376 3206 4447 Babylonis
3260 4385 3476 4448 exeunt,

1880 4490 1932 4537 et
1964 4482 2017 4535 in
2048 4495 2264 4535 omnem
2325 4486 2520 4533 terram
2563 4476 2811 4540 deducta,
2870 4476 3140 4531 stillicidia
3177 4476 3482 4546 iniquitates

1804 4566 1856 4626 D
1887 4569 2214 4625 diffundunt.
2261 4567 2339 4621 De
2397 4565 2591 4643 quibus
2619 4563 2929 4617 ﬂuminibus
2956 4565 3235 4619 Psalmista
3260 4566 3313 4619 in
3352 4581 3484 4636 per-

1885 4676 2018 4715 sona
2045 4658 2227 4729 populi
2256 4655 2427 4709 ﬁdelis
2478 4652 2671 4708 cecinit
2713 4652 2895 4707 dicens
2928 4670 2939 4707 :
2978 4674 3001 4700 ‹‹
3039 4652 3213 4721 Super
3257 4652 3482 4710 ﬂumina

1886 4756 2191 4827 Babylonis,
2229 4778 2249 4802 υ
2286 4762 2392 4807 etc.
2430 4751 2611 4822 (Psal.
2650 4750 2900 4819 cxxxvr.)

1961 4847 2037 4901 De
2069 4845 2149 4898 his
2204 4852 2407 4914 septem
2436 4842 2580 4895 vitiis
2636 4838 2990 4893 vastatoribus
3018 4838 3237 4892 humani
3267 4839 3481 4910 generis

1891 4941 1944 4990 et
1999 4935 2301 4989 universam
2357 4930 2715 4999 integritatem
2773 4933 2977 4981 naturae
3016 4928 3480 4998 corrumpentibus

1890 5031 2155 5099 simulque
2211 5028 2474 5083 malorum
2503 5026 2743 5080 omnium
2790 5023 3035 5095 germina
3062 5024 3480 5093 producentibus

1891 5127 2146 5192 quantum
2187 5118 2254 5172 ad
2293 5132 2526 5189 praesens
2565 5113 2839 5186 negotium
2903 5112 3285 5182 explicandum
3323 5112 3477 5167 suﬂi-

1888 5226 2010 5265 cere
2045 5216 2296 5278 putamus
2332 5206 2639 5275 loquamur.
2689 5202 2905 5272 Septem
2971 5216 3100 5273 ergo
3138 5208 3277 5267 sunt,
3322 5210 3375 5256 et
3411 5218 3481 5257 ex

1888 5309 1972 5362 his
2001 5307 2097 5361 tria
2126 5305 2399 5359 hominem
2458 5302 2777 5372 despoliant,
2822 5306 3066 5369 quartum
3123 5300 3479 5371 exspoliatum

1890 5396 2145 5468 ﬂagellat,
2178 5395 2420 5463 quintum
2449 5392 2777 5463 ﬂagellatum
2817 5388 2981 5457 ejicit,
3013 5396 3221 5443 sextum
3252 5389 3480 5458 ejectum

1888 5486 2111 5551 seducit,
2151 5483 2438 5555 septimum
2493 5480 2769 5534 seductum
2824 5477 3059 5547 subjicit.
3092 5476 3356 5549 Superbia
3392 5494 3487 5534 au-

1891 5582 1994 5636 fert
2022 5579 2226 5635 homini
2283 5579 2477 5645 Deum,
2503 5576 2706 5631 invidia
2745 5574 2919 5629 aufert
2955 5574 3003 5627 ei
3041 5574 3371 5642 proximum,
3404 5575 3486 5632 ira

1890 5670 2065 5726 aufert
2092 5668 2139 5722 ei
2170 5668 2425 5736 seipsum.
2462 5665 2694 5719 Tristitia
2746 5663 3033 5733 spoliatum
3070 5661 3327 5735 ﬂagellat,
3357 5680 3485 5721 uva.

1889 5760 2011 5814 ritia
2036 5756 2365 5827 ﬂagellatum
2397 5753 2561 5823 ejicit,
2590 5754 2719 5824 gula
2747 5752 2978 5820 ejectum
3008 5750 3234 5820 seducit,
3265 5754 3478 5810 luxuria

1890 5854 2166 5913 seductum
2214 5850 2455 5935 servituti
2504 5848 2740 5921 subjicit.
2782 5847 2936 5905 Nunc
2973 5854 3318 5917 revertentes,
3357 5848 3476 5903 sin-

3142 5969 3223 6032 34
