  <div class='ocr_page' id='page_1' title='image "/cluster/home/n/w/nwhite01/storage/ocr_20150623/156-157/uc1.31175010662024/1175.png"; bbox 0 0 3924 6402; ppageno 0'>
   <div class='ocr_carea' id='block_1_1' title="bbox 416 337 558 394">
    <p class='ocr_par' dir='ltr' id='par_1_1' title="bbox 416 337 558 394">
     <span class='ocr_line' id='line_1_1' title="bbox 416 337 558 394; baseline -0.007 0"><span class='ocrx_word' id='word_1_1' title='bbox 416 337 558 394; x_wconf 61' lang='grc' dir='ltr'><strong>1οη</strong></span> 
     </span>
    </p>
   </div>
   <div class='ocr_carea' id='block_1_2' title="bbox 1582 311 2622 375">
    <p class='ocr_par' dir='ltr' id='par_1_2' title="bbox 1582 311 2622 375">
     <span class='ocr_line' id='line_1_2' title="bbox 1582 311 2622 375; baseline -0.007 0"><span class='ocrx_word' id='word_1_2' title='bbox 1582 315 1923 375; x_wconf 80' lang='lat' dir='ltr'><strong>WERNERI</strong></span> <span class='ocrx_word' id='word_1_3' title='bbox 1961 311 2256 370; x_wconf 80' lang='lat' dir='ltr'><strong>ABBATIS</strong></span> <span class='ocrx_word' id='word_1_4' title='bbox 2291 312 2355 368; x_wconf 89' lang='lat' dir='ltr'><strong>S.</strong></span> <span class='ocrx_word' id='word_1_5' title='bbox 2400 313 2622 369; x_wconf 78' lang='lat' dir='ltr'><strong>BLASIl</strong></span> 
     </span>
    </p>
   </div>
   <div class='ocr_carea' id='block_1_3' title="bbox 3577 316 3711 374">
    <p class='ocr_par' dir='ltr' id='par_1_3' title="bbox 3577 316 3711 374">
     <span class='ocr_line' id='line_1_3' title="bbox 3577 316 3711 374; baseline 0.022 -3"><span class='ocrx_word' id='word_1_6' title='bbox 3577 316 3711 374; x_wconf 78' lang='grc'><strong>1068</strong></span> 
     </span>
    </p>
   </div>
   <div class='ocr_carea' id='block_1_4' title="bbox 417 437 3714 534">
    <p class='ocr_par' dir='ltr' id='par_1_4' title="bbox 417 437 3714 534">
     <span class='ocr_line' id='line_1_4' title="bbox 417 437 3714 534; baseline -0.007 -17"><span class='ocrx_word' id='word_1_7' title='bbox 417 461 548 534; x_wconf 87' lang='lat' dir='ltr'><strong>gula</strong></span> <span class='ocrx_word' id='word_1_8' title='bbox 574 475 675 530; x_wconf 89' lang='lat' dir='ltr'><strong>per</strong></span> <span class='ocrx_word' id='word_1_9' title='bbox 701 457 949 515; x_wconf 82' lang='lat' dir='ltr'><strong>ordinem</strong></span> <span class='ocrx_word' id='word_1_10' title='bbox 977 454 1335 527; x_wconf 76' lang='lat' dir='ltr'><strong>explicemus.</strong></span> <span class='ocrx_word' id='word_1_11' title='bbox 1368 444 1633 518; x_wconf 84' lang='lat' dir='ltr'><strong>Superbia</strong></span> <span class='ocrx_word' id='word_1_12' title='bbox 1660 457 1895 511; x_wconf 87' lang='lat' dir='ltr'><strong>namque</strong></span> <span class='ocrx_word' id='word_1_13' title='bbox 1942 448 2023 495; x_wconf 89' lang='lat' dir='ltr'><strong>est</strong></span> <span class='ocrx_word' id='word_1_14' title='bbox 2050 440 2106 500; x_wconf 85' lang='lat' dir='ltr'>A</span> <span class='ocrx_word' id='word_1_15' title='bbox 2135 441 2229 508; x_wconf 87' lang='lat' dir='ltr'><strong>tia,</strong></span> <span class='ocrx_word' id='word_1_16' title='bbox 2301 456 2446 534; x_wconf 61' lang='lat' dir='ltr'><strong>quae</strong></span> <span class='ocrx_word' id='word_1_17' title='bbox 2477 438 2807 534; x_wconf 73' lang='lat' dir='ltr'><strong>ﬂagellatam</strong></span> <span class='ocrx_word' id='word_1_18' title='bbox 2858 438 3025 534; x_wconf 30' lang='lat' dir='ltr'><strong>Iejicit,</strong></span> <span class='ocrx_word' id='word_1_19' title='bbox 3084 437 3211 510; x_wconf 89' lang='lat' dir='ltr'><strong>quia</strong></span> <span class='ocrx_word' id='word_1_20' title='bbox 3259 438 3466 497; x_wconf 86' lang='lat' dir='ltr'><strong>interno</strong></span> <span class='ocrx_word' id='word_1_21' title='bbox 3517 440 3714 514; x_wconf 86' lang='lat' dir='ltr'><strong>gaudio</strong></span> 
     </span>
    </p>
   </div>
   <div class='ocr_carea' id='block_1_5' title="bbox 420 539 2022 629">
    <p class='ocr_par' dir='ltr' id='par_1_5' title="bbox 420 539 2022 629">
     <span class='ocr_line' id='line_1_5' title="bbox 420 539 2022 629; baseline -0.014 -14"><span class='ocrx_word' id='word_1_22' title='bbox 420 574 575 616; x_wconf 87' lang='lat' dir='ltr'><strong>amor</strong></span> <span class='ocrx_word' id='word_1_23' title='bbox 601 556 837 629; x_wconf 67' lang='lat' dir='ltr'><strong>propriae</strong></span> <span class='ocrx_word' id='word_1_24' title='bbox 893 552 1249 616; x_wconf 72' lang='lat' dir='ltr'><strong>excellentiae,</strong></span> <span class='ocrx_word' id='word_1_25' title='bbox 1319 545 1535 618; x_wconf 85' lang='lat' dir='ltr'><strong>quando</strong></span> <span class='ocrx_word' id='word_1_26' title='bbox 1601 557 1755 597; x_wconf 89' lang='lat' dir='ltr'><strong>mens</strong></span> <span class='ocrx_word' id='word_1_27' title='bbox 1815 539 2022 595; x_wconf 92' lang='lat' dir='ltr'><strong>bonum</strong></span> 
     </span>
    </p>
   </div>
   <div class='ocr_carea' id='block_1_6' title="bbox 420 632 2022 719">
    <p class='ocr_par' dir='ltr' id='par_1_6' title="bbox 420 632 2022 719">
     <span class='ocr_line' id='line_1_6' title="bbox 420 632 2022 719; baseline -0.015 -14"><span class='ocrx_word' id='word_1_28' title='bbox 420 647 565 719; x_wconf 89' lang='lat' dir='ltr'><strong>quod</strong></span> <span class='ocrx_word' id='word_1_29' title='bbox 593 646 759 701; x_wconf 87' lang='lat' dir='ltr'><strong>habet</strong></span> <span class='ocrx_word' id='word_1_30' title='bbox 785 642 1129 717; x_wconf 76' lang='lat' dir='ltr'><strong>singulariter</strong></span> <span class='ocrx_word' id='word_1_31' title='bbox 1159 637 1357 711; x_wconf 81' lang='lat' dir='ltr'><strong>diligit,</strong></span> <span class='ocrx_word' id='word_1_32' title='bbox 1383 634 1438 689; x_wconf 92' lang='lat' dir='ltr'><strong>id</strong></span> <span class='ocrx_word' id='word_1_33' title='bbox 1468 640 1553 688; x_wconf 89' lang='lat' dir='ltr'><strong>est</strong></span> <span class='ocrx_word' id='word_1_34' title='bbox 1579 632 1694 686; x_wconf 90' lang='lat' dir='ltr'><strong>sine</strong></span> <span class='ocrx_word' id='word_1_35' title='bbox 1725 645 1792 719; x_wconf 89' lang='lat' dir='ltr'><strong>eo</strong></span> <span class='ocrx_word' id='word_1_36' title='bbox 1837 645 1870 684; x_wconf 92' lang='lat' dir='ltr'><strong>a</strong></span> <span class='ocrx_word' id='word_1_37' title='bbox 1915 642 2022 719; x_wconf 81' lang='lat' dir='ltr'><strong>quo</strong></span> 
     </span>
    </p>
   </div>
   <div class='ocr_carea' id='block_1_7' title="bbox 418 717 2021 805">
    <p class='ocr_par' dir='ltr' id='par_1_7' title="bbox 418 717 2021 805">
     <span class='ocr_line' id='line_1_7' title="bbox 418 717 2021 805; baseline -0.014 -12"><span class='ocrx_word' id='word_1_38' title='bbox 418 717 622 793; x_wconf 82' lang='lat' dir='ltr'><strong>bonum</strong></span> <span class='ocrx_word' id='word_1_39' title='bbox 651 734 882 805; x_wconf 87' lang='lat' dir='ltr'><strong>accepit.</strong></span> <span class='ocrx_word' id='word_1_40' title='bbox 921 731 968 789; x_wconf 93' lang='grc' dir='ltr'>Ο</span> <span class='ocrx_word' id='word_1_41' title='bbox 1019 729 1274 803; x_wconf 85' lang='lat' dir='ltr'><strong>superbia</strong></span> <span class='ocrx_word' id='word_1_42' title='bbox 1328 723 1603 798; x_wconf 85' lang='lat' dir='ltr'><strong>pestifera,</strong></span> <span class='ocrx_word' id='word_1_43' title='bbox 1661 718 1792 791; x_wconf 90' lang='lat' dir='ltr'><strong>quid</strong></span> <span class='ocrx_word' id='word_1_44' title='bbox 1845 718 1966 790; x_wconf 88' lang='lat' dir='ltr'><strong>agis</strong></span> <span class='ocrx_word' id='word_1_45' title='bbox 1992 717 2021 771; x_wconf 79' lang='lat'><strong>‘2</strong></span> 
     </span>
    </p>
   </div>
   <div class='ocr_carea' id='block_1_8' title="bbox 418 815 2023 890">
    <p class='ocr_par' dir='ltr' id='par_1_8' title="bbox 418 815 2023 890">
     <span class='ocr_line' id='line_1_8' title="bbox 418 815 2023 890; baseline -0.012 -1"><span class='ocrx_word' id='word_1_46' title='bbox 418 836 531 890; x_wconf 88' lang='lat' dir='ltr'><strong>Cur</strong></span> <span class='ocrx_word' id='word_1_47' title='bbox 557 832 752 887; x_wconf 86' lang='lat' dir='ltr'><strong>suades</strong></span> <span class='ocrx_word' id='word_1_48' title='bbox 782 830 957 886; x_wconf 87' lang='lat' dir='ltr'><strong>rivulo</strong></span> <span class='ocrx_word' id='word_1_49' title='bbox 984 836 1045 883; x_wconf 92' lang='lat' dir='ltr'><strong>ut</strong></span> <span class='ocrx_word' id='word_1_50' title='bbox 1071 843 1132 883; x_wconf 92' lang='lat' dir='ltr'><strong>se</strong></span> <span class='ocrx_word' id='word_1_51' title='bbox 1158 842 1191 881; x_wconf 89' lang='lat' dir='ltr'><strong>a</strong></span> <span class='ocrx_word' id='word_1_52' title='bbox 1220 825 1371 881; x_wconf 89' lang='lat' dir='ltr'><strong>fonte</strong></span> <span class='ocrx_word' id='word_1_53' title='bbox 1409 820 1616 877; x_wconf 89' lang='lat' dir='ltr'><strong>dividat</strong></span> <span class='ocrx_word' id='word_1_54' title='bbox 1633 819 1661 871; x_wconf 84' lang='lat'><strong>?</strong></span> <span class='ocrx_word' id='word_1_55' title='bbox 1696 819 1803 874; x_wconf 90' lang='lat' dir='ltr'><strong>Cur</strong></span> <span class='ocrx_word' id='word_1_56' title='bbox 1829 815 2023 870; x_wconf 90' lang='lat' dir='ltr'><strong>suades</strong></span> 
     </span>
    </p>
   </div>
   <div class='ocr_carea' id='block_1_9' title="bbox 413 905 2020 980">
    <p class='ocr_par' dir='ltr' id='par_1_9' title="bbox 413 905 2020 980">
     <span class='ocr_line' id='line_1_9' title="bbox 413 905 2020 980; baseline -0.014 -1"><span class='ocrx_word' id='word_1_57' title='bbox 413 922 568 980; x_wconf 83' lang='lat' dir='ltr'><strong>radio</strong></span> <span class='ocrx_word' id='word_1_58' title='bbox 595 929 655 977; x_wconf 90' lang='lat' dir='ltr'><strong>ut</strong></span> <span class='ocrx_word' id='word_1_59' title='bbox 682 938 740 977; x_wconf 89' lang='lat' dir='ltr'><strong>se</strong></span> <span class='ocrx_word' id='word_1_60' title='bbox 768 937 802 975; x_wconf 92' lang='lat' dir='ltr'><strong>a</strong></span> <span class='ocrx_word' id='word_1_61' title='bbox 829 920 942 975; x_wconf 91' lang='lat' dir='ltr'><strong>sole</strong></span> <span class='ocrx_word' id='word_1_62' title='bbox 972 924 1145 974; x_wconf 81' lang='lat' dir='ltr'><strong>vertat</strong></span> <span class='ocrx_word' id='word_1_63' title='bbox 1171 917 1200 969; x_wconf 76' lang='lat' dir='ltr'><strong><em>‘I</em></strong></span> <span class='ocrx_word' id='word_1_64' title='bbox 1230 915 1337 971; x_wconf 87' lang='lat' dir='ltr'><strong>Cur</strong></span> <span class='ocrx_word' id='word_1_65' title='bbox 1363 914 1391 965; x_wconf 68' lang='lat'><strong>‘2</strong></span> <span class='ocrx_word' id='word_1_66' title='bbox 1423 910 1524 966; x_wconf 88' lang='lat' dir='ltr'><strong>nisi</strong></span> <span class='ocrx_word' id='word_1_67' title='bbox 1553 917 1611 964; x_wconf 93' lang='lat' dir='ltr'><strong>ut</strong></span> <span class='ocrx_word' id='word_1_68' title='bbox 1630 908 1741 973; x_wconf 89' lang='lat' dir='ltr'><strong>ille,</strong></span> <span class='ocrx_word' id='word_1_69' title='bbox 1772 905 1901 960; x_wconf 89' lang='lat' dir='ltr'><strong>dum</strong></span> <span class='ocrx_word' id='word_1_70' title='bbox 1929 905 2020 959; x_wconf 85' lang='lat' dir='ltr'><strong>in-</strong></span> 
     </span>
    </p>
   </div>
   <div class='ocr_carea' id='block_1_10' title="bbox 418 995 2019 1078">
    <p class='ocr_par' dir='ltr' id='par_1_10' title="bbox 418 995 2019 1078">
     <span class='ocr_line' id='line_1_10' title="bbox 418 995 2019 1078; baseline -0.013 -10"><span class='ocrx_word' id='word_1_71' title='bbox 418 1011 568 1068; x_wconf 85' lang='lat' dir='ltr'><strong>fundi</strong></span> <span class='ocrx_word' id='word_1_72' title='bbox 592 1009 808 1078; x_wconf 86' lang='lat' dir='ltr'><strong>desinit,</strong></span> <span class='ocrx_word' id='word_1_73' title='bbox 851 1014 1079 1075; x_wconf 86' lang='lat' dir='ltr'><strong>arescat,</strong></span> <span class='ocrx_word' id='word_1_74' title='bbox 1112 1012 1164 1060; x_wconf 91' lang='lat' dir='ltr'><strong>et</strong></span> <span class='ocrx_word' id='word_1_75' title='bbox 1194 1004 1312 1072; x_wconf 88' lang='lat' dir='ltr'><strong>iste,</strong></span> <span class='ocrx_word' id='word_1_76' title='bbox 1344 1002 1473 1055; x_wconf 91' lang='lat' dir='ltr'><strong>dum</strong></span> <span class='ocrx_word' id='word_1_77' title='bbox 1503 999 1573 1054; x_wconf 91' lang='lat' dir='ltr'><strong>ab</strong></span> <span class='ocrx_word' id='word_1_78' title='bbox 1605 995 2019 1052; x_wconf 88' lang='lat' dir='ltr'><strong>illuminantese</strong></span> 
     </span>
    </p>
   </div>
   <div class='ocr_carea' id='block_1_11' title="bbox 420 1092 2019 1175">
    <p class='ocr_par' dir='ltr' id='par_1_11' title="bbox 420 1092 2019 1175">
     <span class='ocr_line' id='line_1_11' title="bbox 420 1092 2019 1175; baseline -0.014 -6"><span class='ocrx_word' id='word_1_79' title='bbox 420 1111 631 1175; x_wconf 90' lang='lat' dir='ltr'><strong>avertit,</strong></span> <span class='ocrx_word' id='word_1_80' title='bbox 666 1109 984 1165; x_wconf 81' lang='lat' dir='ltr'><strong>tenebrosus</strong></span> <span class='ocrx_word' id='word_1_81' title='bbox 1010 1105 1151 1173; x_wconf 85' lang='lat' dir='ltr'><strong>ﬁat;</strong></span> <span class='ocrx_word' id='word_1_82' title='bbox 1202 1112 1427 1173; x_wconf 91' lang='lat' dir='ltr'><strong>uterque</strong></span> <span class='ocrx_word' id='word_1_83' title='bbox 1481 1113 1632 1167; x_wconf 88' lang='lat' dir='ltr'><strong>vero,</strong></span> <span class='ocrx_word' id='word_1_84' title='bbox 1690 1096 1818 1151; x_wconf 90' lang='lat' dir='ltr'><strong>dum</strong></span> <span class='ocrx_word' id='word_1_85' title='bbox 1871 1092 2019 1149; x_wconf 91' lang='lat' dir='ltr'><strong>acci-</strong></span> 
     </span>
    </p>
   </div>
   <div class='ocr_carea' id='block_1_12' title="bbox 417 1179 2020 1272">
    <p class='ocr_par' dir='ltr' id='par_1_12' title="bbox 417 1179 2020 1272">
     <span class='ocr_line' id='line_1_12' title="bbox 417 1179 2020 1272; baseline -0.014 -15"><span class='ocrx_word' id='word_1_86' title='bbox 417 1217 546 1272; x_wconf 86' lang='lat' dir='ltr'><strong>pere</strong></span> <span class='ocrx_word' id='word_1_87' title='bbox 575 1205 748 1255; x_wconf 88' lang='lat' dir='ltr'><strong>cessat</strong></span> <span class='ocrx_word' id='word_1_88' title='bbox 778 1196 834 1252; x_wconf 89' lang='lat' dir='ltr'><strong>id</strong></span> <span class='ocrx_word' id='word_1_89' title='bbox 864 1195 1009 1267; x_wconf 92' lang='lat' dir='ltr'><strong>quod</strong></span> <span class='ocrx_word' id='word_1_90' title='bbox 1054 1194 1286 1249; x_wconf 89' lang='lat' dir='ltr'><strong>necdum</strong></span> <span class='ocrx_word' id='word_1_91' title='bbox 1344 1189 1525 1256; x_wconf 82' lang='lat' dir='ltr'><strong>habet,</strong></span> <span class='ocrx_word' id='word_1_92' title='bbox 1578 1185 1834 1242; x_wconf 89' lang='lat' dir='ltr'><strong>continuo</strong></span> <span class='ocrx_word' id='word_1_93' title='bbox 1887 1179 2020 1272; x_wconf 87' lang='lat' dir='ltr'><strong>illud</strong></span> 
     </span>
    </p>
   </div>
   <div class='ocr_carea' id='block_1_13' title="bbox 414 1271 2016 1361">
    <p class='ocr_par' dir='ltr' id='par_1_13' title="bbox 414 1271 2016 1361">
     <span class='ocr_line' id='line_1_13' title="bbox 414 1271 2016 1361; baseline -0.014 -15"><span class='ocrx_word' id='word_1_94' title='bbox 414 1271 576 1347; x_wconf 80' lang='lat' dir='ltr'><strong>etiam</strong></span> <span class='ocrx_word' id='word_1_95' title='bbox 606 1287 752 1359; x_wconf 92' lang='lat' dir='ltr'><strong>quod</strong></span> <span class='ocrx_word' id='word_1_96' title='bbox 778 1286 945 1342; x_wconf 85' lang='lat' dir='ltr'><strong>habet</strong></span> <span class='ocrx_word' id='word_1_97' title='bbox 971 1284 1198 1340; x_wconf 89' lang='lat' dir='ltr'><strong>amittat.</strong></span> <span class='ocrx_word' id='word_1_98' title='bbox 1231 1282 1347 1336; x_wconf 85' lang='lat' dir='ltr'><strong>Hoc</strong></span> <span class='ocrx_word' id='word_1_99' title='bbox 1376 1278 1619 1351; x_wconf 81' lang='lat' dir='ltr'><strong>profecto</strong></span> <span class='ocrx_word' id='word_1_100' title='bbox 1659 1281 1831 1330; x_wconf 89' lang='lat' dir='ltr'><strong>tutum</strong></span> <span class='ocrx_word' id='word_1_101' title='bbox 1878 1271 2016 1361; x_wconf 51' lang='lat' dir='ltr'><strong>agis,</strong></span> 
     </span>
    </p>
   </div>
   <div class='ocr_carea' id='block_1_14' title="bbox 414 1371 2022 1447">
    <p class='ocr_par' dir='ltr' id='par_1_14' title="bbox 414 1371 2022 1447">
     <span class='ocr_line' id='line_1_14' title="bbox 414 1371 2022 1447; baseline -0.013 -3"><span class='ocrx_word' id='word_1_102' title='bbox 414 1404 536 1444; x_wconf 91' lang='lat' dir='ltr'><strong>cum</strong></span> <span class='ocrx_word' id='word_1_103' title='bbox 566 1387 731 1442; x_wconf 90' lang='lat' dir='ltr'><strong>doces</strong></span> <span class='ocrx_word' id='word_1_104' title='bbox 756 1384 958 1441; x_wconf 91' lang='lat' dir='ltr'><strong>donum</strong></span> <span class='ocrx_word' id='word_1_105' title='bbox 990 1390 1143 1438; x_wconf 82' lang='lat' dir='ltr'><strong>extra</strong></span> <span class='ocrx_word' id='word_1_106' title='bbox 1196 1380 1439 1436; x_wconf 85' lang='lat' dir='ltr'><strong>datorem</strong></span> <span class='ocrx_word' id='word_1_107' title='bbox 1490 1375 1735 1447; x_wconf 78' lang='lat' dir='ltr'><strong>diligere,</strong></span> <span class='ocrx_word' id='word_1_108' title='bbox 1794 1371 1862 1426; x_wconf 86' lang='lat' dir='ltr'><strong>ad</strong></span> <span class='ocrx_word' id='word_1_109' title='bbox 1917 1371 2022 1424; x_wconf 89' lang='lat' dir='ltr'><strong>hoc</strong></span> 
     </span>
    </p>
   </div>
   <div class='ocr_carea' id='block_1_15' title="bbox 417 1463 2019 1545">
    <p class='ocr_par' dir='ltr' id='par_1_15' title="bbox 417 1463 2019 1545">
     <span class='ocr_line' id='line_1_15' title="bbox 417 1463 2019 1545; baseline -0.013 -11"><span class='ocrx_word' id='word_1_110' title='bbox 417 1476 591 1534; x_wconf 89' lang='lat' dir='ltr'><strong>tendis</strong></span> <span class='ocrx_word' id='word_1_111' title='bbox 620 1483 679 1531; x_wconf 93' lang='lat' dir='ltr'><strong>ut</strong></span> <span class='ocrx_word' id='word_1_112' title='bbox 711 1475 804 1545; x_wconf 88' lang='lat' dir='ltr'><strong>qui</strong></span> <span class='ocrx_word' id='word_1_113' title='bbox 834 1482 1042 1545; x_wconf 90' lang='lat' dir='ltr'><strong>partem</strong></span> <span class='ocrx_word' id='word_1_114' title='bbox 1070 1470 1199 1527; x_wconf 92' lang='lat' dir='ltr'><strong>boni</strong></span> <span class='ocrx_word' id='word_1_115' title='bbox 1231 1468 1374 1539; x_wconf 92' lang='lat' dir='ltr'><strong>quod</strong></span> <span class='ocrx_word' id='word_1_116' title='bbox 1403 1467 1473 1523; x_wconf 91' lang='lat' dir='ltr'><strong>ab</strong></span> <span class='ocrx_word' id='word_1_117' title='bbox 1521 1465 1627 1521; x_wconf 90' lang='lat' dir='ltr'><strong>alio</strong></span> <span class='ocrx_word' id='word_1_118' title='bbox 1680 1463 1867 1518; x_wconf 89' lang='lat' dir='ltr'><strong>datum</strong></span> <span class='ocrx_word' id='word_1_119' title='bbox 1920 1466 2019 1525; x_wconf 89' lang='lat' dir='ltr'><strong>est,</strong></span> 
     </span>
    </p>
   </div>
   <div class='ocr_carea' id='block_1_16' title="bbox 414 1549 2027 1639">
    <p class='ocr_par' dir='ltr' id='par_1_16' title="bbox 414 1549 2027 1639">
     <span class='ocr_line' id='line_1_16' title="bbox 414 1549 2027 1639; baseline -0.014 -16"><span class='ocrx_word' id='word_1_120' title='bbox 414 1582 666 1639; x_wconf 84' lang='lat' dir='ltr'><strong>perverse</strong></span> <span class='ocrx_word' id='word_1_121' title='bbox 695 1563 798 1619; x_wconf 89' lang='lat' dir='ltr'><strong>sibi</strong></span> <span class='ocrx_word' id='word_1_122' title='bbox 826 1562 1085 1628; x_wconf 88' lang='lat' dir='ltr'><strong>vindicat,</strong></span> <span class='ocrx_word' id='word_1_123' title='bbox 1119 1567 1288 1615; x_wconf 89' lang='lat' dir='ltr'><strong>totum</strong></span> <span class='ocrx_word' id='word_1_124' title='bbox 1319 1558 1521 1613; x_wconf 91' lang='lat' dir='ltr'><strong>bonum</strong></span> <span class='ocrx_word' id='word_1_125' title='bbox 1552 1551 1697 1625; x_wconf 90' lang='lat' dir='ltr'><strong>quod</strong></span> <span class='ocrx_word' id='word_1_126' title='bbox 1726 1551 1781 1605; x_wconf 89' lang='lat' dir='ltr'><strong>in</strong></span> <span class='ocrx_word' id='word_1_127' title='bbox 1823 1549 1916 1604; x_wconf 91' lang='lat' dir='ltr'><strong>illo</strong></span> <span class='ocrx_word' id='word_1_128' title='bbox 1947 1554 2027 1602; x_wconf 89' lang='lat' dir='ltr'><strong>est</strong></span> 
     </span>
    </p>
   </div>
   <div class='ocr_carea' id='block_1_17' title="bbox 410 1646 2026 1732">
    <p class='ocr_par' dir='ltr' id='par_1_17' title="bbox 410 1646 2026 1732">
     <span class='ocr_line' id='line_1_17' title="bbox 410 1646 2026 1732; baseline -0.014 -12"><span class='ocrx_word' id='word_1_129' title='bbox 410 1664 639 1731; x_wconf 87' lang='lat' dir='ltr'><strong>amittat,</strong></span> <span class='ocrx_word' id='word_1_130' title='bbox 671 1662 854 1732; x_wconf 87' lang='lat' dir='ltr'><strong>sicque</strong></span> <span class='ocrx_word' id='word_1_131' title='bbox 884 1658 978 1715; x_wconf 87' lang='lat' dir='ltr'><strong>ﬁat</strong></span> <span class='ocrx_word' id='word_1_132' title='bbox 1003 1666 1061 1713; x_wconf 93' lang='lat' dir='ltr'><strong>ut</strong></span> <span class='ocrx_word' id='word_1_133' title='bbox 1091 1673 1191 1713; x_wconf 89' lang='lat' dir='ltr'><strong>nec</strong></span> <span class='ocrx_word' id='word_1_134' title='bbox 1236 1655 1290 1710; x_wconf 89' lang='lat' dir='ltr'><strong>id</strong></span> <span class='ocrx_word' id='word_1_135' title='bbox 1311 1653 1455 1725; x_wconf 85' lang='lat' dir='ltr'><strong>quod</strong></span> <span class='ocrx_word' id='word_1_136' title='bbox 1500 1651 1664 1707; x_wconf 88' lang='lat' dir='ltr'><strong>habet</strong></span> <span class='ocrx_word' id='word_1_137' title='bbox 1688 1648 1889 1703; x_wconf 87' lang='lat' dir='ltr'><strong>utiliter</strong></span> <span class='ocrx_word' id='word_1_138' title='bbox 1928 1646 2026 1699; x_wconf 89' lang='lat' dir='ltr'><strong>ha-</strong></span> 
     </span>
    </p>
   </div>
   <div class='ocr_carea' id='block_1_18' title="bbox 412 1733 2017 1824">
    <p class='ocr_par' dir='ltr' id='par_1_18' title="bbox 412 1733 2017 1824">
     <span class='ocr_line' id='line_1_18' title="bbox 412 1733 2017 1824; baseline -0.015 -14"><span class='ocrx_word' id='word_1_139' title='bbox 412 1756 541 1809; x_wconf 88' lang='lat' dir='ltr'><strong>bere</strong></span> <span class='ocrx_word' id='word_1_140' title='bbox 573 1751 758 1824; x_wconf 87' lang='lat' dir='ltr'><strong>possit,</strong></span> <span class='ocrx_word' id='word_1_141' title='bbox 791 1750 919 1804; x_wconf 91' lang='lat' dir='ltr'><strong>dum</strong></span> <span class='ocrx_word' id='word_1_142' title='bbox 951 1747 1083 1802; x_wconf 89' lang='lat' dir='ltr'><strong>illud</strong></span> <span class='ocrx_word' id='word_1_143' title='bbox 1105 1748 1160 1801; x_wconf 93' lang='lat' dir='ltr'><strong>in</strong></span> <span class='ocrx_word' id='word_1_144' title='bbox 1181 1761 1245 1802; x_wconf 90' lang='lat' dir='ltr'><strong>eo</strong></span> <span class='ocrx_word' id='word_1_145' title='bbox 1267 1762 1298 1799; x_wconf 92' lang='lat' dir='ltr'><strong>a</strong></span> <span class='ocrx_word' id='word_1_146' title='bbox 1321 1759 1430 1813; x_wconf 92' lang='lat' dir='ltr'><strong>quo</strong></span> <span class='ocrx_word' id='word_1_147' title='bbox 1467 1740 1633 1796; x_wconf 90' lang='lat' dir='ltr'><strong>habet</strong></span> <span class='ocrx_word' id='word_1_148' title='bbox 1668 1754 1775 1793; x_wconf 90' lang='lat' dir='ltr'><strong>non</strong></span> <span class='ocrx_word' id='word_1_149' title='bbox 1811 1733 2017 1806; x_wconf 82' lang='lat' dir='ltr'><strong>diligit.</strong></span> 
     </span>
    </p>
   </div>
   <div class='ocr_carea' id='block_1_19' title="bbox 415 1808 2106 1899">
    <p class='ocr_par' dir='ltr' id='par_1_19' title="bbox 415 1808 2106 1899">
     <span class='ocr_line' id='line_1_19' title="bbox 415 1808 2106 1899; baseline -0.014 0"><span class='ocrx_word' id='word_1_150' title='bbox 415 1808 726 1899; x_wconf 63' lang='lat' dir='ltr'><strong>Sicutenim</strong></span> <span class='ocrx_word' id='word_1_151' title='bbox 753 1839 958 1894; x_wconf 88' lang='lat' dir='ltr'><strong>bonum</strong></span> <span class='ocrx_word' id='word_1_152' title='bbox 980 1836 1244 1893; x_wconf 83' lang='lat' dir='ltr'><strong>veraciter</strong></span> <span class='ocrx_word' id='word_1_153' title='bbox 1259 1850 1292 1889; x_wconf 91' lang='lat' dir='ltr'><strong>a</strong></span> <span class='ocrx_word' id='word_1_154' title='bbox 1311 1834 1414 1887; x_wconf 90' lang='lat' dir='ltr'><strong>deo</strong></span> <span class='ocrx_word' id='word_1_155' title='bbox 1437 1839 1534 1898; x_wconf 86' lang='lat' dir='ltr'><strong>est,</strong></span> <span class='ocrx_word' id='word_1_156' title='bbox 1557 1830 1630 1883; x_wconf 79' lang='lat' dir='ltr'><strong>ita</strong></span> <span class='ocrx_word' id='word_1_157' title='bbox 1649 1827 1853 1882; x_wconf 91' lang='lat' dir='ltr'><strong>nullum</strong></span> <span class='ocrx_word' id='word_1_158' title='bbox 1872 1831 2026 1878; x_wconf 81' lang='lat' dir='ltr'><strong>extra</strong></span> <span class='ocrx_word' id='word_1_159' title='bbox 2051 1808 2106 1868; x_wconf 88' lang='grc' dir='ltr'>Β</span> 
     </span>
    </p>
   </div>
   <div class='ocr_carea' id='block_1_20' title="bbox 412 1922 2017 2005">
    <p class='ocr_par' dir='ltr' id='par_1_20' title="bbox 412 1922 2017 2005">
     <span class='ocr_line' id='line_1_20' title="bbox 412 1922 2017 2005; baseline -0.014 -7"><span class='ocrx_word' id='word_1_160' title='bbox 412 1943 587 1999; x_wconf 91' lang='lat' dir='ltr'><strong>Deum</strong></span> <span class='ocrx_word' id='word_1_161' title='bbox 608 1941 812 1996; x_wconf 90' lang='lat' dir='ltr'><strong>bonum</strong></span> <span class='ocrx_word' id='word_1_162' title='bbox 834 1938 1034 1992; x_wconf 88' lang='lat' dir='ltr'><strong>utiliter</strong></span> <span class='ocrx_word' id='word_1_163' title='bbox 1053 1934 1238 1991; x_wconf 89' lang='lat' dir='ltr'><strong>haberi</strong></span> <span class='ocrx_word' id='word_1_164' title='bbox 1254 1931 1563 2005; x_wconf 89' lang='lat' dir='ltr'><strong>potest,imo</strong></span> <span class='ocrx_word' id='word_1_165' title='bbox 1581 1943 1707 1984; x_wconf 92' lang='lat' dir='ltr'><strong>vero</strong></span> <span class='ocrx_word' id='word_1_166' title='bbox 1730 1941 1826 1997; x_wconf 91' lang='lat' dir='ltr'><strong>per</strong></span> <span class='ocrx_word' id='word_1_167' title='bbox 1843 1925 1947 1978; x_wconf 90' lang='lat' dir='ltr'><strong>hoc</strong></span> <span class='ocrx_word' id='word_1_168' title='bbox 1963 1922 2017 1976; x_wconf 90' lang='lat' dir='ltr'><strong>id</strong></span> 
     </span>
    </p>
   </div>
   <div class='ocr_carea' id='block_1_21' title="bbox 413 2018 2017 2104">
    <p class='ocr_par' dir='ltr' id='par_1_21' title="bbox 413 2018 2017 2104">
     <span class='ocr_line' id='line_1_21' title="bbox 413 2018 2017 2104; baseline -0.015 -16"><span class='ocrx_word' id='word_1_169' title='bbox 413 2033 591 2104; x_wconf 85' lang='lat' dir='ltr'><strong>ipsum</strong></span> <span class='ocrx_word' id='word_1_170' title='bbox 621 2028 766 2100; x_wconf 92' lang='lat' dir='ltr'><strong>quod</strong></span> <span class='ocrx_word' id='word_1_171' title='bbox 786 2027 1015 2082; x_wconf 87' lang='lat' dir='ltr'><strong>habetur</strong></span> <span class='ocrx_word' id='word_1_172' title='bbox 1042 2024 1320 2091; x_wconf 89' lang='lat' dir='ltr'><strong>amittitur,</strong></span> <span class='ocrx_word' id='word_1_173' title='bbox 1354 2018 1568 2091; x_wconf 85' lang='lat' dir='ltr'><strong>quando</strong></span> <span class='ocrx_word' id='word_1_174' title='bbox 1599 2018 1654 2071; x_wconf 91' lang='lat' dir='ltr'><strong>in</strong></span> <span class='ocrx_word' id='word_1_175' title='bbox 1684 2031 1747 2071; x_wconf 92' lang='lat' dir='ltr'><strong>eo</strong></span> <span class='ocrx_word' id='word_1_176' title='bbox 1797 2021 1850 2070; x_wconf 93' lang='lat' dir='ltr'><strong>et</strong></span> <span class='ocrx_word' id='word_1_177' title='bbox 1893 2027 2017 2067; x_wconf 91' lang='lat' dir='ltr'><strong>cum</strong></span> 
     </span>
    </p>
   </div>
   <div class='ocr_carea' id='block_1_22' title="bbox 415 2105 2018 2190">
    <p class='ocr_par' dir='ltr' id='par_1_22' title="bbox 415 2105 2018 2190">
     <span class='ocr_line' id='line_1_22' title="bbox 415 2105 2018 2190; baseline -0.014 -13"><span class='ocrx_word' id='word_1_178' title='bbox 415 2137 480 2177; x_wconf 92' lang='lat' dir='ltr'><strong>eo</strong></span> <span class='ocrx_word' id='word_1_179' title='bbox 510 2138 544 2176; x_wconf 91' lang='lat' dir='ltr'><strong>a</strong></span> <span class='ocrx_word' id='word_1_180' title='bbox 570 2134 676 2190; x_wconf 91' lang='lat' dir='ltr'><strong>quo</strong></span> <span class='ocrx_word' id='word_1_181' title='bbox 708 2118 935 2172; x_wconf 89' lang='lat' dir='ltr'><strong>habetur</strong></span> <span class='ocrx_word' id='word_1_182' title='bbox 963 2131 1071 2171; x_wconf 90' lang='lat' dir='ltr'><strong>non</strong></span> <span class='ocrx_word' id='word_1_183' title='bbox 1105 2120 1335 2169; x_wconf 87' lang='lat' dir='ltr'><strong>amatur.</strong></span> <span class='ocrx_word' id='word_1_184' title='bbox 1368 2110 1510 2164; x_wconf 88' lang='lat' dir='ltr'><strong>Nam</strong></span> <span class='ocrx_word' id='word_1_185' title='bbox 1558 2105 1862 2177; x_wconf 86' lang='lat' dir='ltr'><strong>quicunque</strong></span> <span class='ocrx_word' id='word_1_186' title='bbox 1910 2117 2018 2157; x_wconf 91' lang='lat' dir='ltr'><strong>non</strong></span> 
     </span>
    </p>
   </div>
   <div class='ocr_carea' id='block_1_23' title="bbox 417 2199 2020 2281">
    <p class='ocr_par' dir='ltr' id='par_1_23' title="bbox 417 2199 2020 2281">
     <span class='ocr_line' id='line_1_23' title="bbox 417 2199 2020 2281; baseline -0.014 -7"><span class='ocrx_word' id='word_1_187' title='bbox 417 2218 567 2274; x_wconf 92' lang='lat' dir='ltr'><strong>novit</strong></span> <span class='ocrx_word' id='word_1_188' title='bbox 607 2216 709 2272; x_wconf 89' lang='lat' dir='ltr'><strong>nisi</strong></span> <span class='ocrx_word' id='word_1_189' title='bbox 765 2217 870 2270; x_wconf 92' lang='lat' dir='ltr'><strong>hoc</strong></span> <span class='ocrx_word' id='word_1_190' title='bbox 921 2212 1125 2268; x_wconf 91' lang='lat' dir='ltr'><strong>bonum</strong></span> <span class='ocrx_word' id='word_1_191' title='bbox 1181 2209 1326 2281; x_wconf 90' lang='lat' dir='ltr'><strong>quod</strong></span> <span class='ocrx_word' id='word_1_192' title='bbox 1380 2206 1563 2272; x_wconf 86' lang='lat' dir='ltr'><strong>habet,</strong></span> <span class='ocrx_word' id='word_1_193' title='bbox 1620 2204 1677 2258; x_wconf 93' lang='lat' dir='ltr'><strong>in</strong></span> <span class='ocrx_word' id='word_1_194' title='bbox 1730 2199 2020 2268; x_wconf 89' lang='lat' dir='ltr'><strong>semetipso</strong></span> 
     </span>
    </p>
   </div>
   <div class='ocr_carea' id='block_1_24' title="bbox 420 2289 2018 2379">
    <p class='ocr_par' dir='ltr' id='par_1_24' title="bbox 420 2289 2018 2379">
     <span class='ocr_line' id='line_1_24' title="bbox 420 2289 2018 2379; baseline -0.013 -17"><span class='ocrx_word' id='word_1_195' title='bbox 420 2307 646 2379; x_wconf 80' lang='lat' dir='ltr'><strong>diligere</strong></span> <span class='ocrx_word' id='word_1_196' title='bbox 686 2320 904 2360; x_wconf 83' lang='lat' dir='ltr'><strong>necesse</strong></span> <span class='ocrx_word' id='word_1_197' title='bbox 943 2309 1069 2371; x_wconf 88' lang='lat' dir='ltr'><strong>est,</strong></span> <span class='ocrx_word' id='word_1_198' title='bbox 1108 2307 1209 2368; x_wconf 87' lang='lat' dir='ltr'><strong>ut,</strong></span> <span class='ocrx_word' id='word_1_199' title='bbox 1276 2298 1408 2357; x_wconf 90' lang='lat' dir='ltr'><strong>dum</strong></span> <span class='ocrx_word' id='word_1_200' title='bbox 1470 2296 1527 2349; x_wconf 90' lang='lat' dir='ltr'><strong>in</strong></span> <span class='ocrx_word' id='word_1_201' title='bbox 1585 2293 1752 2348; x_wconf 90' lang='lat' dir='ltr'><strong>altero</strong></span> <span class='ocrx_word' id='word_1_202' title='bbox 1814 2289 2018 2345; x_wconf 92' lang='lat' dir='ltr'><strong>bonum</strong></span> 
     </span>
    </p>
   </div>
   <div class='ocr_carea' id='block_1_25' title="bbox 424 2383 2020 2467">
    <p class='ocr_par' dir='ltr' id='par_1_25' title="bbox 424 2383 2020 2467">
     <span class='ocr_line' id='line_1_25' title="bbox 424 2383 2020 2467; baseline -0.013 -15"><span class='ocrx_word' id='word_1_203' title='bbox 424 2397 570 2467; x_wconf 90' lang='lat' dir='ltr'><strong>quod</strong></span> <span class='ocrx_word' id='word_1_204' title='bbox 598 2410 708 2450; x_wconf 91' lang='lat' dir='ltr'><strong>non</strong></span> <span class='ocrx_word' id='word_1_205' title='bbox 737 2392 903 2447; x_wconf 87' lang='lat' dir='ltr'><strong>habet</strong></span> <span class='ocrx_word' id='word_1_206' title='bbox 934 2388 1224 2463; x_wconf 80' lang='lat' dir='ltr'><strong>aspexerit,</strong></span> <span class='ocrx_word' id='word_1_207' title='bbox 1256 2395 1404 2442; x_wconf 92' lang='lat' dir='ltr'><strong>tanto</strong></span> <span class='ocrx_word' id='word_1_208' title='bbox 1457 2383 1693 2440; x_wconf 90' lang='lat' dir='ltr'><strong>amarius</strong></span> <span class='ocrx_word' id='word_1_209' title='bbox 1745 2396 1843 2435; x_wconf 90' lang='lat' dir='ltr'><strong>sua</strong></span> <span class='ocrx_word' id='word_1_210' title='bbox 1897 2394 2020 2433; x_wconf 92' lang='lat' dir='ltr'><strong>eum</strong></span> 
     </span>
    </p>
   </div>
   <div class='ocr_carea' id='block_1_26' title="bbox 419 2475 2021 2566">
    <p class='ocr_par' dir='ltr' id='par_1_26' title="bbox 419 2475 2021 2566">
     <span class='ocr_line' id='line_1_26' title="bbox 419 2475 2021 2566; baseline -0.012 -18"><span class='ocrx_word' id='word_1_211' title='bbox 419 2492 759 2566; x_wconf 88' lang='lat' dir='ltr'><strong>imperfectio</strong></span> <span class='ocrx_word' id='word_1_212' title='bbox 790 2496 1053 2560; x_wconf 90' lang='lat' dir='ltr'><strong>torqueat,</strong></span> <span class='ocrx_word' id='word_1_213' title='bbox 1087 2493 1288 2556; x_wconf 90' lang='lat' dir='ltr'><strong>quanto</strong></span> <span class='ocrx_word' id='word_1_214' title='bbox 1318 2500 1441 2539; x_wconf 89' lang='lat' dir='ltr'><strong>eum</strong></span> <span class='ocrx_word' id='word_1_215' title='bbox 1471 2482 1525 2536; x_wconf 92' lang='lat' dir='ltr'><strong>in</strong></span> <span class='ocrx_word' id='word_1_216' title='bbox 1555 2496 1661 2550; x_wconf 92' lang='lat' dir='ltr'><strong>quo</strong></span> <span class='ocrx_word' id='word_1_217' title='bbox 1707 2492 1870 2534; x_wconf 90' lang='lat' dir='ltr'><strong>omne</strong></span> <span class='ocrx_word' id='word_1_218' title='bbox 1913 2475 2021 2530; x_wconf 92' lang='lat' dir='ltr'><strong>bo-</strong></span> 
     </span>
    </p>
   </div>
   <div class='ocr_carea' id='block_1_27' title="bbox 423 2567 2021 2648">
    <p class='ocr_par' dir='ltr' id='par_1_27' title="bbox 423 2567 2021 2648">
     <span class='ocr_line' id='line_1_27' title="bbox 423 2567 2021 2648; baseline -0.013 -10"><span class='ocrx_word' id='word_1_219' title='bbox 423 2599 554 2638; x_wconf 91' lang='lat' dir='ltr'><strong>num</strong></span> <span class='ocrx_word' id='word_1_220' title='bbox 584 2580 846 2648; x_wconf 86' lang='lat' dir='ltr'><strong>consistit,</strong></span> <span class='ocrx_word' id='word_1_221' title='bbox 877 2593 985 2633; x_wconf 90' lang='lat' dir='ltr'><strong>non</strong></span> <span class='ocrx_word' id='word_1_222' title='bbox 1016 2583 1180 2632; x_wconf 86' lang='lat' dir='ltr'><strong>amat.</strong></span> <span class='ocrx_word' id='word_1_223' title='bbox 1210 2576 1280 2630; x_wconf 88' lang='lat' dir='ltr'><strong>Et</strong></span> <span class='ocrx_word' id='word_1_224' title='bbox 1308 2572 1506 2627; x_wconf 91' lang='lat' dir='ltr'><strong>idcirco</strong></span> <span class='ocrx_word' id='word_1_225' title='bbox 1536 2567 1843 2640; x_wconf 86' lang='lat' dir='ltr'><strong>superbiam</strong></span> <span class='ocrx_word' id='word_1_226' title='bbox 1872 2582 2021 2619; x_wconf 80' lang='lat' dir='ltr'><strong>sem-</strong></span> 
     </span>
    </p>
   </div>
   <div class='ocr_carea' id='block_1_28' title="bbox 423 2660 2024 2744">
    <p class='ocr_par' dir='ltr' id='par_1_28' title="bbox 423 2660 2024 2744">
     <span class='ocr_line' id='line_1_28' title="bbox 423 2660 2024 2744; baseline -0.012 -18"><span class='ocrx_word' id='word_1_227' title='bbox 423 2688 521 2744; x_wconf 89' lang='lat' dir='ltr'><strong>per</strong></span> <span class='ocrx_word' id='word_1_228' title='bbox 549 2670 788 2741; x_wconf 83' lang='lat' dir='ltr'><strong>sequitur</strong></span> <span class='ocrx_word' id='word_1_229' title='bbox 825 2666 1047 2734; x_wconf 88' lang='lat' dir='ltr'><strong>invidia,</strong></span> <span class='ocrx_word' id='word_1_230' title='bbox 1089 2663 1215 2735; x_wconf 90' lang='lat' dir='ltr'><strong>quia</strong></span> <span class='ocrx_word' id='word_1_231' title='bbox 1280 2662 1371 2733; x_wconf 88' lang='lat' dir='ltr'><strong>qui</strong></span> <span class='ocrx_word' id='word_1_232' title='bbox 1436 2660 1545 2714; x_wconf 92' lang='lat' dir='ltr'><strong>illic</strong></span> <span class='ocrx_word' id='word_1_233' title='bbox 1608 2671 1849 2713; x_wconf 91' lang='lat' dir='ltr'><strong>amorem</strong></span> <span class='ocrx_word' id='word_1_234' title='bbox 1915 2669 2024 2708; x_wconf 92' lang='lat' dir='ltr'><strong>non</strong></span> 
     </span>
    </p>
   </div>
   <div class='ocr_carea' id='block_1_29' title="bbox 423 2758 2022 2841">
    <p class='ocr_par' dir='ltr' id='par_1_29' title="bbox 423 2758 2022 2841">
     <span class='ocr_line' id='line_1_29' title="bbox 423 2758 2022 2841; baseline -0.011 -18"><span class='ocrx_word' id='word_1_235' title='bbox 423 2768 544 2841; x_wconf 85' lang='lat' dir='ltr'><strong>ﬁgit</strong></span> <span class='ocrx_word' id='word_1_236' title='bbox 570 2767 664 2822; x_wconf 91' lang='lat' dir='ltr'><strong>ubi</strong></span> <span class='ocrx_word' id='word_1_237' title='bbox 692 2766 896 2821; x_wconf 90' lang='lat' dir='ltr'><strong>bonum</strong></span> <span class='ocrx_word' id='word_1_238' title='bbox 927 2771 1025 2829; x_wconf 91' lang='lat' dir='ltr'><strong>est,</strong></span> <span class='ocrx_word' id='word_1_239' title='bbox 1057 2768 1312 2832; x_wconf 88' lang='lat' dir='ltr'><strong>quantum</strong></span> <span class='ocrx_word' id='word_1_240' title='bbox 1358 2758 1427 2814; x_wconf 91' lang='lat' dir='ltr'><strong>de</strong></span> <span class='ocrx_word' id='word_1_241' title='bbox 1480 2772 1576 2813; x_wconf 93' lang='lat' dir='ltr'><strong>suo</strong></span> <span class='ocrx_word' id='word_1_242' title='bbox 1627 2769 1876 2826; x_wconf 89' lang='lat' dir='ltr'><strong>perverse</strong></span> <span class='ocrx_word' id='word_1_243' title='bbox 1921 2769 2022 2806; x_wconf 90' lang='lat' dir='ltr'><strong>ex-</strong></span> 
     </span>
    </p>
   </div>
   <div class='ocr_carea' id='block_1_30' title="bbox 430 2846 2014 2925">
    <p class='ocr_par' dir='ltr' id='par_1_30' title="bbox 430 2846 2014 2925">
     <span class='ocr_line' id='line_1_30' title="bbox 430 2846 2014 2925; baseline -0.011 -12"><span class='ocrx_word' id='word_1_244' title='bbox 430 2857 651 2923; x_wconf 87' lang='lat' dir='ltr'><strong>tollitur,</strong></span> <span class='ocrx_word' id='word_1_245' title='bbox 684 2863 890 2910; x_wconf 89' lang='lat' dir='ltr'><strong>tantum</strong></span> <span class='ocrx_word' id='word_1_246' title='bbox 918 2852 1137 2925; x_wconf 83' lang='lat' dir='ltr'><strong>gravius</strong></span> <span class='ocrx_word' id='word_1_247' title='bbox 1164 2850 1230 2904; x_wconf 90' lang='lat' dir='ltr'><strong>de</strong></span> <span class='ocrx_word' id='word_1_248' title='bbox 1286 2848 1433 2903; x_wconf 90' lang='lat' dir='ltr'><strong>bono</strong></span> <span class='ocrx_word' id='word_1_249' title='bbox 1487 2846 1664 2902; x_wconf 90' lang='lat' dir='ltr'><strong>alieno</strong></span> <span class='ocrx_word' id='word_1_250' title='bbox 1715 2849 2014 2912; x_wconf 88' lang='lat' dir='ltr'><strong>torquetur.</strong></span> 
     </span>
    </p>
   </div>
   <div class='ocr_carea' id='block_1_31' title="bbox 428 2933 2028 3018">
    <p class='ocr_par' dir='ltr' id='par_1_31' title="bbox 428 2933 2028 3018">
     <span class='ocr_line' id='line_1_31' title="bbox 428 2933 2028 3018; baseline -0.012 -15"><span class='ocrx_word' id='word_1_251' title='bbox 428 2947 553 3003; x_wconf 73' lang='lat' dir='ltr'><strong>Sua:</strong></span> <span class='ocrx_word' id='word_1_252' title='bbox 590 2945 755 3018; x_wconf 89' lang='lat' dir='ltr'><strong>igitur</strong></span> <span class='ocrx_word' id='word_1_253' title='bbox 790 2941 1009 2997; x_wconf 89' lang='lat' dir='ltr'><strong>elationi</strong></span> <span class='ocrx_word' id='word_1_254' title='bbox 1042 2939 1350 3009; x_wconf 61' lang='lat' dir='ltr'><strong>justissima:</strong></span> <span class='ocrx_word' id='word_1_255' title='bbox 1404 2952 1566 3008; x_wconf 74' lang='lat' dir='ltr'><strong>pmna</strong></span> <span class='ocrx_word' id='word_1_256' title='bbox 1630 2933 1884 3004; x_wconf 87' lang='lat' dir='ltr'><strong>deputata</strong></span> <span class='ocrx_word' id='word_1_257' title='bbox 1947 2936 2028 2984; x_wconf 89' lang='lat' dir='ltr'><strong>est</strong></span> 
     </span>
    </p>
   </div>
   <div class='ocr_carea' id='block_1_32' title="bbox 428 3029 2024 3117">
    <p class='ocr_par' dir='ltr' id='par_1_32' title="bbox 428 3029 2024 3117">
     <span class='ocr_line' id='line_1_32' title="bbox 428 3029 2024 3117; baseline -0.011 -17"><span class='ocrx_word' id='word_1_258' title='bbox 428 3045 566 3117; x_wconf 90' lang='lat' dir='ltr'><strong>ipsa,</strong></span> <span class='ocrx_word' id='word_1_259' title='bbox 601 3058 764 3113; x_wconf 88' lang='lat' dir='ltr'><strong>quam</strong></span> <span class='ocrx_word' id='word_1_260' title='bbox 800 3040 869 3097; x_wconf 90' lang='lat' dir='ltr'><strong>de</strong></span> <span class='ocrx_word' id='word_1_261' title='bbox 889 3037 1145 3110; x_wconf 86' lang='lat' dir='ltr'><strong>superbia</strong></span> <span class='ocrx_word' id='word_1_262' title='bbox 1196 3035 1374 3109; x_wconf 90' lang='lat' dir='ltr'><strong>gignit</strong></span> <span class='ocrx_word' id='word_1_263' title='bbox 1428 3033 1658 3088; x_wconf 82' lang='lat' dir='ltr'><strong>invidia.</strong></span> <span class='ocrx_word' id='word_1_264' title='bbox 1722 3029 1862 3100; x_wconf 85' lang='lat' dir='ltr'><strong>Quia</strong></span> <span class='ocrx_word' id='word_1_265' title='bbox 1916 3041 2024 3098; x_wconf 91' lang='lat' dir='ltr'><strong>quo</strong></span> 
     </span>
    </p>
   </div>
   <div class='ocr_carea' id='block_1_33' title="bbox 426 3119 2024 3195">
    <p class='ocr_par' dir='ltr' id='par_1_33' title="bbox 426 3119 2024 3195">
     <span class='ocr_line' id='line_1_33' title="bbox 426 3119 2024 3195; baseline -0.011 -6"><span class='ocrx_word' id='word_1_266' title='bbox 426 3147 715 3189; x_wconf 90' lang='lat' dir='ltr'><strong>commune</strong></span> <span class='ocrx_word' id='word_1_267' title='bbox 753 3128 996 3185; x_wconf 91' lang='lat' dir='ltr'><strong>omnium</strong></span> <span class='ocrx_word' id='word_1_268' title='bbox 1062 3127 1267 3181; x_wconf 91' lang='lat' dir='ltr'><strong>bonum</strong></span> <span class='ocrx_word' id='word_1_269' title='bbox 1331 3123 1558 3195; x_wconf 86' lang='lat' dir='ltr'><strong>diligere</strong></span> <span class='ocrx_word' id='word_1_270' title='bbox 1624 3119 1813 3189; x_wconf 90' lang='lat' dir='ltr'><strong>noluit,</strong></span> <span class='ocrx_word' id='word_1_271' title='bbox 1880 3125 2024 3172; x_wconf 90' lang='lat' dir='ltr'><strong>recte</strong></span> 
     </span>
    </p>
   </div>
   <div class='ocr_carea' id='block_1_34' title="bbox 429 3206 2026 3280">
    <p class='ocr_par' dir='ltr' id='par_1_34' title="bbox 429 3206 2026 3280">
     <span class='ocr_line' id='line_1_34' title="bbox 429 3206 2026 3280; baseline -0.011 -2"><span class='ocrx_word' id='word_1_272' title='bbox 429 3238 574 3278; x_wconf 90' lang='lat' dir='ltr'><strong>nunc</strong></span> <span class='ocrx_word' id='word_1_273' title='bbox 609 3219 739 3277; x_wconf 91' lang='lat' dir='ltr'><strong>boni</strong></span> <span class='ocrx_word' id='word_1_274' title='bbox 779 3217 941 3275; x_wconf 89' lang='lat' dir='ltr'><strong>alieni</strong></span> <span class='ocrx_word' id='word_1_275' title='bbox 980 3216 1149 3271; x_wconf 84' lang='lat' dir='ltr'><strong>livore</strong></span> <span class='ocrx_word' id='word_1_276' title='bbox 1213 3212 1465 3269; x_wconf 89' lang='lat' dir='ltr'><strong>tabescit.</strong></span> <span class='ocrx_word' id='word_1_277' title='bbox 1540 3208 1717 3280; x_wconf 90' lang='lat' dir='ltr'><strong>Quam</strong></span> <span class='ocrx_word' id='word_1_278' title='bbox 1784 3206 2026 3279; x_wconf 79' lang='lat' dir='ltr'><strong>profecto</strong></span> 
     </span>
    </p>
   </div>
   <div class='ocr_carea' id='block_1_35' title="bbox 432 3304 2031 3378">
    <p class='ocr_par' dir='ltr' id='par_1_35' title="bbox 432 3304 2031 3378">
     <span class='ocr_line' id='line_1_35' title="bbox 432 3304 2031 3378; baseline -0.011 -2"><span class='ocrx_word' id='word_1_279' title='bbox 432 3320 624 3376; x_wconf 69' lang='lat' dir='ltr'><strong>alienae</strong></span> <span class='ocrx_word' id='word_1_280' title='bbox 666 3316 936 3373; x_wconf 87' lang='lat' dir='ltr'><strong>felicitatis</strong></span> <span class='ocrx_word' id='word_1_281' title='bbox 972 3330 1246 3369; x_wconf 86' lang='lat' dir='ltr'><strong>successus</strong></span> <span class='ocrx_word' id='word_1_282' title='bbox 1278 3328 1386 3367; x_wconf 91' lang='lat' dir='ltr'><strong>non</strong></span> <span class='ocrx_word' id='word_1_283' title='bbox 1416 3316 1612 3378; x_wconf 90' lang='lat' dir='ltr'><strong>ureret,</strong></span> <span class='ocrx_word' id='word_1_284' title='bbox 1661 3308 1706 3362; x_wconf 91' lang='lat' dir='ltr'><strong>si</strong></span> <span class='ocrx_word' id='word_1_285' title='bbox 1749 3307 1916 3362; x_wconf 92' lang='lat' dir='ltr'><strong>ullum</strong></span> <span class='ocrx_word' id='word_1_286' title='bbox 1973 3304 2031 3359; x_wconf 92' lang='lat' dir='ltr'><strong>in</strong></span> 
     </span>
    </p>
   </div>
   <div class='ocr_carea' id='block_1_36' title="bbox 430 3393 2032 3480">
    <p class='ocr_par' dir='ltr' id='par_1_36' title="bbox 430 3393 2032 3480">
     <span class='ocr_line' id='line_1_36' title="bbox 430 3393 2032 3480; baseline -0.012 -14"><span class='ocrx_word' id='word_1_287' title='bbox 430 3425 538 3480; x_wconf 92' lang='lat' dir='ltr'><strong>quo</strong></span> <span class='ocrx_word' id='word_1_288' title='bbox 567 3423 728 3464; x_wconf 89' lang='lat' dir='ltr'><strong>omne</strong></span> <span class='ocrx_word' id='word_1_289' title='bbox 758 3406 961 3461; x_wconf 91' lang='lat' dir='ltr'><strong>bonum</strong></span> <span class='ocrx_word' id='word_1_290' title='bbox 992 3411 1090 3473; x_wconf 90' lang='lat' dir='ltr'><strong>est,</strong></span> <span class='ocrx_word' id='word_1_291' title='bbox 1122 3418 1220 3474; x_wconf 91' lang='lat' dir='ltr'><strong>per</strong></span> <span class='ocrx_word' id='word_1_292' title='bbox 1246 3416 1488 3457; x_wconf 89' lang='lat' dir='ltr'><strong>amorem</strong></span> <span class='ocrx_word' id='word_1_293' title='bbox 1535 3397 1857 3471; x_wconf 90' lang='lat' dir='ltr'><strong>possideret.</strong></span> <span class='ocrx_word' id='word_1_294' title='bbox 1915 3393 2032 3448; x_wconf 91' lang='lat' dir='ltr'><strong>Nec</strong></span> 
     </span>
    </p>
   </div>
   <div class='ocr_carea' id='block_1_37' title="bbox 430 3484 2031 3563">
    <p class='ocr_par' dir='ltr' id='par_1_37' title="bbox 430 3484 2031 3563">
     <span class='ocr_line' id='line_1_37' title="bbox 430 3484 2031 3563; baseline -0.011 -9"><span class='ocrx_word' id='word_1_295' title='bbox 430 3499 579 3554; x_wconf 91' lang='lat' dir='ltr'><strong>enim</strong></span> <span class='ocrx_word' id='word_1_296' title='bbox 608 3496 844 3553; x_wconf 88' lang='lat' dir='ltr'><strong>alienum</strong></span> <span class='ocrx_word' id='word_1_297' title='bbox 875 3510 907 3550; x_wconf 91' lang='lat' dir='ltr'><strong>a</strong></span> <span class='ocrx_word' id='word_1_298' title='bbox 935 3509 992 3548; x_wconf 91' lang='lat' dir='ltr'><strong>se</strong></span> <span class='ocrx_word' id='word_1_299' title='bbox 1017 3491 1283 3563; x_wconf 88' lang='lat' dir='ltr'><strong>judicaret</strong></span> <span class='ocrx_word' id='word_1_300' title='bbox 1310 3489 1514 3546; x_wconf 93' lang='lat' dir='ltr'><strong>bonum</strong></span> <span class='ocrx_word' id='word_1_301' title='bbox 1545 3486 1779 3555; x_wconf 89' lang='lat' dir='ltr'><strong>alterius,</strong></span> <span class='ocrx_word' id='word_1_302' title='bbox 1810 3484 1854 3539; x_wconf 95' lang='lat' dir='ltr'><strong>si</strong></span> <span class='ocrx_word' id='word_1_303' title='bbox 1874 3498 2031 3538; x_wconf 91' lang='lat' dir='ltr'><strong>suum</strong></span> 
     </span>
    </p>
   </div>
   <div class='ocr_carea' id='block_1_38' title="bbox 430 3581 2031 3667">
    <p class='ocr_par' dir='ltr' id='par_1_38' title="bbox 430 3581 2031 3667">
     <span class='ocr_line' id='line_1_38' title="bbox 430 3581 2031 3667; baseline -0.011 -15"><span class='ocrx_word' id='word_1_304' title='bbox 430 3597 507 3653; x_wconf 93' lang='lat' dir='ltr'><strong>ibi</strong></span> <span class='ocrx_word' id='word_1_305' title='bbox 531 3595 800 3667; x_wconf 86' lang='lat' dir='ltr'><strong>diligeret,</strong></span> <span class='ocrx_word' id='word_1_306' title='bbox 834 3591 926 3647; x_wconf 85' lang='lat' dir='ltr'><strong>ubi</strong></span> <span class='ocrx_word' id='word_1_307' title='bbox 956 3597 1009 3647; x_wconf 90' lang='lat' dir='ltr'><strong>et</strong></span> <span class='ocrx_word' id='word_1_308' title='bbox 1035 3606 1191 3645; x_wconf 91' lang='lat' dir='ltr'><strong>suum</strong></span> <span class='ocrx_word' id='word_1_309' title='bbox 1220 3596 1274 3645; x_wconf 88' lang='lat' dir='ltr'><strong>et</strong></span> <span class='ocrx_word' id='word_1_310' title='bbox 1320 3587 1538 3643; x_wconf 89' lang='lat' dir='ltr'><strong>alterius</strong></span> <span class='ocrx_word' id='word_1_311' title='bbox 1584 3586 1789 3641; x_wconf 92' lang='lat' dir='ltr'><strong>bonum</strong></span> <span class='ocrx_word' id='word_1_312' title='bbox 1834 3581 2031 3637; x_wconf 92' lang='lat' dir='ltr'><strong>simili-</strong></span> 
     </span>
    </p>
   </div>
   <div class='ocr_carea' id='block_1_39' title="bbox 434 3670 2034 3756">
    <p class='ocr_par' dir='ltr' id='par_1_39' title="bbox 434 3670 2034 3756">
     <span class='ocr_line' id='line_1_39' title="bbox 434 3670 2034 3756; baseline -0.009 -15"><span class='ocrx_word' id='word_1_313' title='bbox 434 3693 516 3742; x_wconf 90' lang='lat' dir='ltr'><strong>ter</strong></span> <span class='ocrx_word' id='word_1_314' title='bbox 541 3683 860 3756; x_wconf 90' lang='lat' dir='ltr'><strong>possideret.</strong></span> <span class='ocrx_word' id='word_1_315' title='bbox 901 3680 1058 3736; x_wconf 92' lang='lat' dir='ltr'><strong>Nunc</strong></span> <span class='ocrx_word' id='word_1_316' title='bbox 1096 3694 1228 3751; x_wconf 89' lang='lat' dir='ltr'><strong>ergo</strong></span> <span class='ocrx_word' id='word_1_317' title='bbox 1267 3684 1527 3748; x_wconf 91' lang='lat' dir='ltr'><strong>quantum</strong></span> <span class='ocrx_word' id='word_1_318' title='bbox 1583 3691 1640 3730; x_wconf 90' lang='lat' dir='ltr'><strong>se</strong></span> <span class='ocrx_word' id='word_1_319' title='bbox 1692 3690 1791 3744; x_wconf 90' lang='lat' dir='ltr'><strong>per</strong></span> <span class='ocrx_word' id='word_1_320' title='bbox 1836 3670 2034 3728; x_wconf 85' lang='lat' dir='ltr'><strong>elatio-</strong></span> 
     </span>
    </p>
   </div>
   <div class='ocr_carea' id='block_1_40' title="bbox 433 3761 2035 3835">
    <p class='ocr_par' dir='ltr' id='par_1_40' title="bbox 433 3761 2035 3835">
     <span class='ocr_line' id='line_1_40' title="bbox 433 3761 2035 3835; baseline -0.011 -4"><span class='ocrx_word' id='word_1_321' title='bbox 433 3790 560 3831; x_wconf 89' lang='lat' dir='ltr'><strong>nem</strong></span> <span class='ocrx_word' id='word_1_322' title='bbox 587 3780 772 3829; x_wconf 91' lang='lat' dir='ltr'><strong>contra</strong></span> <span class='ocrx_word' id='word_1_323' title='bbox 802 3773 1110 3827; x_wconf 84' lang='lat' dir='ltr'><strong>Creatorem</strong></span> <span class='ocrx_word' id='word_1_324' title='bbox 1139 3767 1367 3829; x_wconf 87' lang='lat' dir='ltr'><strong>extollit,</strong></span> <span class='ocrx_word' id='word_1_325' title='bbox 1414 3773 1617 3821; x_wconf 87' lang='lat' dir='ltr'><strong>tantum</strong></span> <span class='ocrx_word' id='word_1_326' title='bbox 1666 3778 1763 3835; x_wconf 89' lang='lat' dir='ltr'><strong>per</strong></span> <span class='ocrx_word' id='word_1_327' title='bbox 1808 3761 2035 3817; x_wconf 87' lang='lat' dir='ltr'><strong>livorem</strong></span> 
     </span>
    </p>
   </div>
   <div class='ocr_carea' id='block_1_41' title="bbox 438 3858 2039 3944">
    <p class='ocr_par' dir='ltr' id='par_1_41' title="bbox 438 3858 2039 3944">
     <span class='ocr_line' id='line_1_41' title="bbox 438 3858 2039 3944; baseline -0.012 -14"><span class='ocrx_word' id='word_1_328' title='bbox 438 3873 539 3930; x_wconf 89' lang='lat' dir='ltr'><strong>sub</strong></span> <span class='ocrx_word' id='word_1_329' title='bbox 570 3869 820 3944; x_wconf 89' lang='lat' dir='ltr'><strong>proximo</strong></span> <span class='ocrx_word' id='word_1_330' title='bbox 850 3867 1012 3935; x_wconf 89' lang='lat' dir='ltr'><strong>cadit,</strong></span> <span class='ocrx_word' id='word_1_331' title='bbox 1044 3873 1099 3922; x_wconf 85' lang='lat' dir='ltr'><strong>et</strong></span> <span class='ocrx_word' id='word_1_332' title='bbox 1126 3872 1385 3936; x_wconf 87' lang='lat' dir='ltr'><strong>quantum</strong></span> <span class='ocrx_word' id='word_1_333' title='bbox 1443 3863 1517 3918; x_wconf 92' lang='lat' dir='ltr'><strong>ibi</strong></span> <span class='ocrx_word' id='word_1_334' title='bbox 1574 3860 1839 3917; x_wconf 84' lang='lat' dir='ltr'><strong>fallaciter</strong></span> <span class='ocrx_word' id='word_1_335' title='bbox 1876 3858 2039 3931; x_wconf 89' lang='lat' dir='ltr'><strong>erigi-</strong></span> 
     </span>
    </p>
   </div>
   <div class='ocr_carea' id='block_1_42' title="bbox 435 3947 2039 4031">
    <p class='ocr_par' dir='ltr' id='par_1_42' title="bbox 435 3947 2039 4031">
     <span class='ocr_line' id='line_1_42' title="bbox 435 3947 2039 4031; baseline -0.009 -14"><span class='ocrx_word' id='word_1_336' title='bbox 435 3970 537 4031; x_wconf 91' lang='lat' dir='ltr'><strong>tur,</strong></span> <span class='ocrx_word' id='word_1_337' title='bbox 570 3966 776 4016; x_wconf 90' lang='lat' dir='ltr'><strong>tantum</strong></span> <span class='ocrx_word' id='word_1_338' title='bbox 805 3957 894 4013; x_wconf 90' lang='lat' dir='ltr'><strong>hic</strong></span> <span class='ocrx_word' id='word_1_339' title='bbox 938 3954 1202 4013; x_wconf 91' lang='lat' dir='ltr'><strong>veraciter</strong></span> <span class='ocrx_word' id='word_1_340' title='bbox 1257 3952 1639 4026; x_wconf 73' lang='lat' dir='ltr'><strong>praecipitatur.</strong></span> <span class='ocrx_word' id='word_1_341' title='bbox 1697 3947 1805 4005; x_wconf 90' lang='lat' dir='ltr'><strong>Sed</strong></span> <span class='ocrx_word' id='word_1_342' title='bbox 1861 3963 2039 4017; x_wconf 90' lang='lat' dir='ltr'><strong>neque</strong></span> 
     </span>
    </p>
   </div>
   <div class='ocr_carea' id='block_1_43' title="bbox 436 4036 2036 4119">
    <p class='ocr_par' dir='ltr' id='par_1_43' title="bbox 436 4036 2036 4119">
     <span class='ocr_line' id='line_1_43' title="bbox 436 4036 2036 4119; baseline -0.011 -13"><span class='ocrx_word' id='word_1_343' title='bbox 436 4051 693 4108; x_wconf 86' lang='lat' dir='ltr'><strong>desistere</strong></span> <span class='ocrx_word' id='word_1_344' title='bbox 722 4053 897 4119; x_wconf 91' lang='lat' dir='ltr'><strong>potest</strong></span> <span class='ocrx_word' id='word_1_345' title='bbox 924 4045 1093 4101; x_wconf 90' lang='lat' dir='ltr'><strong>semel</strong></span> <span class='ocrx_word' id='word_1_346' title='bbox 1123 4051 1297 4113; x_wconf 84' lang='lat' dir='ltr'><strong>coepta</strong></span> <span class='ocrx_word' id='word_1_347' title='bbox 1350 4040 1646 4113; x_wconf 88' lang='lat' dir='ltr'><strong>corruptio.</strong></span> <span class='ocrx_word' id='word_1_348' title='bbox 1710 4039 1837 4093; x_wconf 78' lang='lat' dir='ltr'><strong>Mox</strong></span> <span class='ocrx_word' id='word_1_349' title='bbox 1890 4036 2036 4091; x_wconf 91' lang='lat' dir='ltr'><strong>enim</strong></span> 
     </span>
    </p>
   </div>
   <div class='ocr_carea' id='block_1_44' title="bbox 438 4134 2038 4216">
    <p class='ocr_par' dir='ltr' id='par_1_44' title="bbox 438 4134 2038 4216">
     <span class='ocr_line' id='line_1_44' title="bbox 438 4134 2038 4216; baseline -0.011 -10"><span class='ocrx_word' id='word_1_350' title='bbox 438 4158 495 4206; x_wconf 90' lang='lat' dir='ltr'><strong>ut</strong></span> <span class='ocrx_word' id='word_1_351' title='bbox 524 4149 591 4204; x_wconf 90' lang='lat' dir='ltr'><strong>de</strong></span> <span class='ocrx_word' id='word_1_352' title='bbox 616 4146 821 4203; x_wconf 87' lang='lat' dir='ltr'><strong>invidia</strong></span> <span class='ocrx_word' id='word_1_353' title='bbox 847 4141 1102 4216; x_wconf 86' lang='lat' dir='ltr'><strong>superbia</strong></span> <span class='ocrx_word' id='word_1_354' title='bbox 1131 4149 1255 4196; x_wconf 91' lang='lat' dir='ltr'><strong>nata</strong></span> <span class='ocrx_word' id='word_1_355' title='bbox 1310 4140 1489 4206; x_wconf 88' lang='lat' dir='ltr'><strong>fuerit,</strong></span> <span class='ocrx_word' id='word_1_356' title='bbox 1546 4136 1685 4193; x_wconf 89' lang='lat' dir='ltr'><strong>iram</strong></span> <span class='ocrx_word' id='word_1_357' title='bbox 1741 4136 1914 4207; x_wconf 88' lang='lat' dir='ltr'><strong>ipsam</strong></span> <span class='ocrx_word' id='word_1_358' title='bbox 1969 4134 2038 4189; x_wconf 82' lang='lat' dir='ltr'><strong>(le</strong></span> 
     </span>
    </p>
   </div>
   <div class='ocr_carea' id='block_1_45' title="bbox 438 4221 2041 4311">
    <p class='ocr_par' dir='ltr' id='par_1_45' title="bbox 438 4221 2041 4311">
     <span class='ocr_line' id='line_1_45' title="bbox 438 4221 2041 4311; baseline -0.01 -18"><span class='ocrx_word' id='word_1_359' title='bbox 438 4256 495 4294; x_wconf 92' lang='lat' dir='ltr'><strong>se</strong></span> <span class='ocrx_word' id='word_1_360' title='bbox 526 4236 685 4311; x_wconf 90' lang='lat' dir='ltr'><strong>parit,</strong></span> <span class='ocrx_word' id='word_1_361' title='bbox 732 4235 857 4305; x_wconf 88' lang='lat' dir='ltr'><strong>quia</strong></span> <span class='ocrx_word' id='word_1_362' title='bbox 876 4233 1039 4288; x_wconf 90' lang='lat' dir='ltr'><strong>miser</strong></span> <span class='ocrx_word' id='word_1_363' title='bbox 1058 4231 1173 4287; x_wconf 90' lang='lat' dir='ltr'><strong>avis</strong></span> <span class='ocrx_word' id='word_1_364' title='bbox 1188 4230 1343 4300; x_wconf 76' lang='lat'><strong>(15‘).</strong></span> <span class='ocrx_word' id='word_1_365' title='bbox 1376 4230 1665 4300; x_wconf 90' lang='lat' dir='ltr'><strong>Pr0pterea</strong></span> <span class='ocrx_word' id='word_1_366' title='bbox 1683 4224 1799 4297; x_wconf 87' lang='lat' dir='ltr'><strong>jam</strong></span> <span class='ocrx_word' id='word_1_367' title='bbox 1821 4224 1922 4279; x_wconf 91' lang='lat' dir='ltr'><strong>sibi</strong></span> <span class='ocrx_word' id='word_1_368' title='bbox 1937 4221 2041 4294; x_wconf 90' lang='lat' dir='ltr'><strong>ipsi</strong></span> 
     </span>
    </p>
   </div>
   <div class='ocr_carea' id='block_1_46' title="bbox 441 4313 2040 4393">
    <p class='ocr_par' dir='ltr' id='par_1_46' title="bbox 441 4313 2040 4393">
     <span class='ocr_line' id='line_1_46' title="bbox 441 4313 2040 4393; baseline -0.009 -10"><span class='ocrx_word' id='word_1_369' title='bbox 441 4326 508 4383; x_wconf 91' lang='lat' dir='ltr'><strong>de</strong></span> <span class='ocrx_word' id='word_1_370' title='bbox 537 4342 635 4381; x_wconf 91' lang='lat' dir='ltr'><strong>sua</strong></span> <span class='ocrx_word' id='word_1_371' title='bbox 681 4322 1094 4393; x_wconf 85' lang='lat' dir='ltr'><strong>imperfectione</strong></span> <span class='ocrx_word' id='word_1_372' title='bbox 1128 4319 1390 4385; x_wconf 89' lang='lat' dir='ltr'><strong>irascitur,</strong></span> <span class='ocrx_word' id='word_1_373' title='bbox 1440 4317 1566 4388; x_wconf 87' lang='lat' dir='ltr'><strong>quia</strong></span> <span class='ocrx_word' id='word_1_374' title='bbox 1613 4316 1679 4371; x_wconf 89' lang='lat' dir='ltr'><strong>de</strong></span> <span class='ocrx_word' id='word_1_375' title='bbox 1706 4315 1852 4371; x_wconf 92' lang='lat' dir='ltr'><strong>bono</strong></span> <span class='ocrx_word' id='word_1_376' title='bbox 1899 4313 2040 4369; x_wconf 89' lang='lat' dir='ltr'><strong>alte-</strong></span> 
     </span>
    </p>
   </div>
   <div class='ocr_carea' id='block_1_47' title="bbox 441 4411 2043 4496">
    <p class='ocr_par' dir='ltr' id='par_1_47' title="bbox 441 4411 2043 4496">
     <span class='ocr_line' id='line_1_47' title="bbox 441 4411 2043 4496; baseline -0.009 -14"><span class='ocrx_word' id='word_1_377' title='bbox 441 4427 553 4482; x_wconf 88' lang='lat' dir='ltr'><strong>rius</strong></span> <span class='ocrx_word' id='word_1_378' title='bbox 591 4440 689 4496; x_wconf 90' lang='lat' dir='ltr'><strong>per</strong></span> <span class='ocrx_word' id='word_1_379' title='bbox 723 4421 1039 4477; x_wconf 90' lang='lat' dir='ltr'><strong>charitatem</strong></span> <span class='ocrx_word' id='word_1_380' title='bbox 1107 4435 1214 4475; x_wconf 92' lang='lat' dir='ltr'><strong>non</strong></span> <span class='ocrx_word' id='word_1_381' title='bbox 1282 4418 1508 4486; x_wconf 59' lang='lat' dir='ltr'><strong>laetatur,</strong></span> <span class='ocrx_word' id='word_1_382' title='bbox 1575 4423 1737 4485; x_wconf 90' lang='lat' dir='ltr'><strong>atque</strong></span> <span class='ocrx_word' id='word_1_383' title='bbox 1799 4413 1923 4469; x_wconf 90' lang='lat' dir='ltr'><strong>ideo</strong></span> <span class='ocrx_word' id='word_1_384' title='bbox 1988 4411 2043 4467; x_wconf 89' lang='lat' dir='ltr'><strong>id</strong></span> 
     </span>
    </p>
   </div>
   <div class='ocr_carea' id='block_1_48' title="bbox 2131 528 3704 600">
    <p class='ocr_par' dir='ltr' id='par_1_48' title="bbox 2131 528 3704 600">
     <span class='ocr_line' id='line_1_48' title="bbox 2131 528 3704 600; baseline -0.001 -15"><span class='ocrx_word' id='word_1_385' title='bbox 2131 530 2349 598; x_wconf 90' lang='lat' dir='ltr'><strong>amisso,</strong></span> <span class='ocrx_word' id='word_1_386' title='bbox 2420 528 2550 585; x_wconf 88' lang='lat' dir='ltr'><strong>foris</strong></span> <span class='ocrx_word' id='word_1_387' title='bbox 2612 528 3036 584; x_wconf 88' lang='lat' dir='ltr'><strong>consolationem</strong></span> <span class='ocrx_word' id='word_1_388' title='bbox 3101 544 3339 599; x_wconf 63' lang='lat' dir='ltr'><strong>quaerere</strong></span> <span class='ocrx_word' id='word_1_389' title='bbox 3411 529 3704 600; x_wconf 90' lang='lat' dir='ltr'><strong>compellit.</strong></span> 
     </span>
    </p>
   </div>
   <div class='ocr_carea' id='block_1_49' title="bbox 2132 617 3714 691">
    <p class='ocr_par' dir='ltr' id='par_1_49' title="bbox 2132 617 3714 691">
     <span class='ocr_line' id='line_1_49' title="bbox 2132 617 3714 691; baseline 0.001 -17"><span class='ocrx_word' id='word_1_390' title='bbox 2132 620 2323 675; x_wconf 84' lang='lat' dir='ltr'><strong>Postea</strong></span> <span class='ocrx_word' id='word_1_391' title='bbox 2352 618 2562 674; x_wconf 90' lang='lat' dir='ltr'><strong>accedit</strong></span> <span class='ocrx_word' id='word_1_392' title='bbox 2586 619 2735 691; x_wconf 89' lang='lat' dir='ltr'><strong>gula,</strong></span> <span class='ocrx_word' id='word_1_393' title='bbox 2769 634 2890 688; x_wconf 65' lang='lat' dir='ltr'><strong>quae</strong></span> <span class='ocrx_word' id='word_1_394' title='bbox 2919 618 3147 687; x_wconf 87' lang='lat' dir='ltr'><strong>ejectum</strong></span> <span class='ocrx_word' id='word_1_395' title='bbox 3191 617 3414 686; x_wconf 89' lang='lat' dir='ltr'><strong>seducit,</strong></span> <span class='ocrx_word' id='word_1_396' title='bbox 3437 620 3562 690; x_wconf 86' lang='lat' dir='ltr'><strong>quia</strong></span> <span class='ocrx_word' id='word_1_397' title='bbox 3593 619 3714 675; x_wconf 89' lang='lat' dir='ltr'><strong>ani-</strong></span> 
     </span>
    </p>
   </div>
   <div class='ocr_carea' id='block_1_50' title="bbox 2129 707 3717 780">
    <p class='ocr_par' dir='ltr' id='par_1_50' title="bbox 2129 707 3717 780">
     <span class='ocr_line' id='line_1_50' title="bbox 2129 707 3717 780; baseline 0 -17"><span class='ocrx_word' id='word_1_398' title='bbox 2129 726 2278 764; x_wconf 90' lang='lat' dir='ltr'><strong>mum</strong></span> <span class='ocrx_word' id='word_1_399' title='bbox 2312 708 2667 765; x_wconf 81' lang='lat' dir='ltr'><strong>exterioribus</strong></span> <span class='ocrx_word' id='word_1_400' title='bbox 2695 707 3013 774; x_wconf 89' lang='lat' dir='ltr'><strong>inhiantem,</strong></span> <span class='ocrx_word' id='word_1_401' title='bbox 3053 709 3156 763; x_wconf 90' lang='lat' dir='ltr'><strong>hoc</strong></span> <span class='ocrx_word' id='word_1_402' title='bbox 3202 708 3387 763; x_wconf 86' lang='lat' dir='ltr'><strong>vitium</strong></span> <span class='ocrx_word' id='word_1_403' title='bbox 3427 708 3482 762; x_wconf 91' lang='lat' dir='ltr'><strong>in</strong></span> <span class='ocrx_word' id='word_1_404' title='bbox 3532 708 3717 780; x_wconf 86' lang='lat' dir='ltr'><strong>primis</strong></span> 
     </span>
    </p>
   </div>
   <div class='ocr_carea' id='block_1_51' title="bbox 2130 797 3714 869">
    <p class='ocr_par' dir='ltr' id='par_1_51' title="bbox 2130 797 3714 869">
     <span class='ocr_line' id='line_1_51' title="bbox 2130 797 3714 869; baseline -0.001 -16"><span class='ocrx_word' id='word_1_405' title='bbox 2130 799 2279 868; x_wconf 89' lang='lat' dir='ltr'><strong>quasi</strong></span> <span class='ocrx_word' id='word_1_406' title='bbox 2310 798 2489 853; x_wconf 88' lang='lat' dir='ltr'><strong>vicino</strong></span> <span class='ocrx_word' id='word_1_407' title='bbox 2512 805 2722 852; x_wconf 84' lang='lat' dir='ltr'><strong>tentans</strong></span> <span class='ocrx_word' id='word_1_408' title='bbox 2741 812 2838 868; x_wconf 91' lang='lat' dir='ltr'><strong>per</strong></span> <span class='ocrx_word' id='word_1_409' title='bbox 2872 798 3048 868; x_wconf 91' lang='lat' dir='ltr'><strong>ipsum</strong></span> <span class='ocrx_word' id='word_1_410' title='bbox 3081 797 3379 853; x_wconf 89' lang='lat' dir='ltr'><strong>naturalem</strong></span> <span class='ocrx_word' id='word_1_411' title='bbox 3423 798 3714 869; x_wconf 85' lang='lat' dir='ltr'><strong>appetitum</strong></span> 
     </span>
    </p>
   </div>
   <div class='ocr_carea' id='block_1_52' title="bbox 2130 895 3714 965">
    <p class='ocr_par' dir='ltr' id='par_1_52' title="bbox 2130 895 3714 965">
     <span class='ocr_line' id='line_1_52' title="bbox 2130 895 3714 965; baseline -0.001 -12"><span class='ocrx_word' id='word_1_412' title='bbox 2130 897 2200 953; x_wconf 92' lang='lat' dir='ltr'><strong>ad</strong></span> <span class='ocrx_word' id='word_1_413' title='bbox 2230 897 2502 952; x_wconf 83' lang='lat' dir='ltr'><strong>excelsum</strong></span> <span class='ocrx_word' id='word_1_414' title='bbox 2528 895 2699 951; x_wconf 90' lang='lat' dir='ltr'><strong>illicit.</strong></span> <span class='ocrx_word' id='word_1_415' title='bbox 2749 896 3022 951; x_wconf 88' lang='lat' dir='ltr'><strong>Pastremo</strong></span> <span class='ocrx_word' id='word_1_416' title='bbox 3065 896 3447 965; x_wconf 85' lang='lat' dir='ltr'><strong>superveniens</strong></span> <span class='ocrx_word' id='word_1_417' title='bbox 3486 895 3714 965; x_wconf 87' lang='lat' dir='ltr'><strong>luxuria,</strong></span> 
     </span>
    </p>
   </div>
   <div class='ocr_carea' id='block_1_53' title="bbox 2128 983 3713 1058">
    <p class='ocr_par' dir='ltr' id='par_1_53' title="bbox 2128 983 3713 1058">
     <span class='ocr_line' id='line_1_53' title="bbox 2128 983 3713 1058; baseline -0.003 -16"><span class='ocrx_word' id='word_1_418' title='bbox 2128 1002 2251 1058; x_wconf 67' lang='lat' dir='ltr'><strong>qua:</strong></span> <span class='ocrx_word' id='word_1_419' title='bbox 2269 984 2548 1041; x_wconf 89' lang='lat' dir='ltr'><strong>seductum</strong></span> <span class='ocrx_word' id='word_1_420' title='bbox 2570 985 2834 1041; x_wconf 86' lang='lat' dir='ltr'><strong>violenter</strong></span> <span class='ocrx_word' id='word_1_421' title='bbox 2850 983 3092 1040; x_wconf 88' lang='lat' dir='ltr'><strong>servituti</strong></span> <span class='ocrx_word' id='word_1_422' title='bbox 3123 984 3357 1055; x_wconf 88' lang='lat' dir='ltr'><strong>subjicit,</strong></span> <span class='ocrx_word' id='word_1_423' title='bbox 3387 984 3530 1055; x_wconf 87' lang='lat' dir='ltr'><strong>quia,</strong></span> <span class='ocrx_word' id='word_1_424' title='bbox 3560 992 3713 1053; x_wconf 84' lang='lat' dir='ltr'><strong>post-</strong></span> 
     </span>
    </p>
   </div>
   <div class='ocr_carea' id='block_1_54' title="bbox 2128 1072 3712 1146">
    <p class='ocr_par' dir='ltr' id='par_1_54' title="bbox 2128 1072 3712 1146">
     <span class='ocr_line' id='line_1_54' title="bbox 2128 1072 3712 1146; baseline -0.001 -16"><span class='ocrx_word' id='word_1_425' title='bbox 2128 1091 2291 1146; x_wconf 91' lang='lat' dir='ltr'><strong>quam</strong></span> <span class='ocrx_word' id='word_1_426' title='bbox 2340 1089 2466 1131; x_wconf 86' lang='lat' dir='ltr'><strong>caro</strong></span> <span class='ocrx_word' id='word_1_427' title='bbox 2519 1090 2616 1145; x_wconf 88' lang='lat' dir='ltr'><strong>per</strong></span> <span class='ocrx_word' id='word_1_428' title='bbox 2644 1072 2921 1145; x_wconf 80' lang='lat' dir='ltr'><strong>crapulam</strong></span> <span class='ocrx_word' id='word_1_429' title='bbox 2952 1072 3283 1129; x_wconf 84' lang='lat' dir='ltr'><strong>inﬂammata</strong></span> <span class='ocrx_word' id='word_1_430' title='bbox 3327 1081 3422 1139; x_wconf 87' lang='lat' dir='ltr'><strong>est,</strong></span> <span class='ocrx_word' id='word_1_431' title='bbox 3471 1072 3712 1129; x_wconf 85' lang='lat' dir='ltr'><strong>ardorem</strong></span> 
     </span>
    </p>
   </div>
   <div class='ocr_carea' id='block_1_55' title="bbox 2127 1162 3719 1235">
    <p class='ocr_par' dir='ltr' id='par_1_55' title="bbox 2127 1162 3719 1235">
     <span class='ocr_line' id='line_1_55' title="bbox 2127 1162 3719 1235; baseline 0 -17"><span class='ocrx_word' id='word_1_432' title='bbox 2127 1164 2367 1219; x_wconf 88' lang='lat' dir='ltr'><strong>libidinis</strong></span> <span class='ocrx_word' id='word_1_433' title='bbox 2403 1164 2873 1235; x_wconf 86' lang='lat' dir='ltr'><strong>supervenientem</strong></span> <span class='ocrx_word' id='word_1_434' title='bbox 2921 1163 3192 1219; x_wconf 90' lang='lat' dir='ltr'><strong>emollitur</strong></span> <span class='ocrx_word' id='word_1_435' title='bbox 3245 1176 3403 1234; x_wconf 85' lang='lat' dir='ltr'><strong>atque</strong></span> <span class='ocrx_word' id='word_1_436' title='bbox 3458 1162 3719 1218; x_wconf 83' lang='lat' dir='ltr'><strong>enerviter</strong></span> 
     </span>
    </p>
   </div>
   <div class='ocr_carea' id='block_1_56' title="bbox 2126 1251 3714 1324">
    <p class='ocr_par' dir='ltr' id='par_1_56' title="bbox 2126 1251 3714 1324">
     <span class='ocr_line' id='line_1_56' title="bbox 2126 1251 3714 1324; baseline -0.001 -17"><span class='ocrx_word' id='word_1_437' title='bbox 2126 1253 2390 1309; x_wconf 88' lang='lat' dir='ltr'><strong>resolutus</strong></span> <span class='ocrx_word' id='word_1_438' title='bbox 2416 1253 2629 1308; x_wconf 88' lang='lat' dir='ltr'><strong>animus</strong></span> <span class='ocrx_word' id='word_1_439' title='bbox 2656 1252 2870 1307; x_wconf 90' lang='lat' dir='ltr'><strong>vincere</strong></span> <span class='ocrx_word' id='word_1_440' title='bbox 2918 1267 3027 1308; x_wconf 90' lang='lat' dir='ltr'><strong>non</strong></span> <span class='ocrx_word' id='word_1_441' title='bbox 3079 1259 3273 1322; x_wconf 89' lang='lat' dir='ltr'><strong>potest.</strong></span> <span class='ocrx_word' id='word_1_442' title='bbox 3331 1251 3505 1308; x_wconf 85' lang='lat' dir='ltr'><strong>Servit</strong></span> <span class='ocrx_word' id='word_1_443' title='bbox 3552 1251 3714 1324; x_wconf 73' lang='lat' dir='ltr'><strong>igitur</strong></span> 
     </span>
    </p>
   </div>
   <div class='ocr_carea' id='block_1_57' title="bbox 2129 1347 3714 1421">
    <p class='ocr_par' dir='ltr' id='par_1_57' title="bbox 2129 1347 3714 1421">
     <span class='ocr_line' id='line_1_57' title="bbox 2129 1347 3714 1421; baseline -0.002 -15"><span class='ocrx_word' id='word_1_444' title='bbox 2129 1350 2425 1406; x_wconf 71' lang='lat' dir='ltr'><strong>saevissime</strong></span> <span class='ocrx_word' id='word_1_445' title='bbox 2454 1348 2787 1405; x_wconf 90' lang='lat' dir='ltr'><strong>damnationi</strong></span> <span class='ocrx_word' id='word_1_446' title='bbox 2813 1366 2967 1404; x_wconf 91' lang='lat' dir='ltr'><strong>mens</strong></span> <span class='ocrx_word' id='word_1_447' title='bbox 2994 1349 3218 1421; x_wconf 89' lang='lat' dir='ltr'><strong>turpiter</strong></span> <span class='ocrx_word' id='word_1_448' title='bbox 3243 1348 3478 1418; x_wconf 83' lang='lat' dir='ltr'><strong>subacta,</strong></span> <span class='ocrx_word' id='word_1_449' title='bbox 3511 1355 3564 1405; x_wconf 86' lang='lat' dir='ltr'><strong>et</strong></span> <span class='ocrx_word' id='word_1_450' title='bbox 3614 1347 3714 1403; x_wconf 86' lang='lat' dir='ltr'><strong>nisi</strong></span> 
     </span>
    </p>
   </div>
   <div class='ocr_carea' id='block_1_58' title="bbox 2131 1436 3710 1510">
    <p class='ocr_par' dir='ltr' id='par_1_58' title="bbox 2131 1436 3710 1510">
     <span class='ocr_line' id='line_1_58' title="bbox 2131 1436 3710 1510; baseline -0.002 -15"><span class='ocrx_word' id='word_1_451' title='bbox 2131 1447 2317 1495; x_wconf 88' lang='lat' dir='ltr'><strong>exorta</strong></span> <span class='ocrx_word' id='word_1_452' title='bbox 2372 1437 2659 1494; x_wconf 91' lang='lat' dir='ltr'><strong>subveniat</strong></span> <span class='ocrx_word' id='word_1_453' title='bbox 2706 1438 3001 1494; x_wconf 89' lang='lat' dir='ltr'><strong>Salvatoris</strong></span> <span class='ocrx_word' id='word_1_454' title='bbox 3056 1439 3246 1510; x_wconf 90' lang='lat' dir='ltr'><strong>pietas,</strong></span> <span class='ocrx_word' id='word_1_455' title='bbox 3302 1455 3409 1494; x_wconf 91' lang='lat' dir='ltr'><strong>non</strong></span> <span class='ocrx_word' id='word_1_456' title='bbox 3455 1438 3554 1493; x_wconf 88' lang='lat' dir='ltr'><strong>erit</strong></span> <span class='ocrx_word' id='word_1_457' title='bbox 3595 1436 3710 1507; x_wconf 90' lang='lat' dir='ltr'><strong>jam</strong></span> 
     </span>
    </p>
   </div>
   <div class='ocr_carea' id='block_1_59' title="bbox 2129 1525 3608 1600">
    <p class='ocr_par' dir='ltr' id='par_1_59' title="bbox 2129 1525 3608 1600">
     <span class='ocr_line' id='line_1_59' title="bbox 2129 1525 3608 1600; baseline -0.001 -17"><span class='ocrx_word' id='word_1_458' title='bbox 2129 1528 2272 1583; x_wconf 90' lang='lat' dir='ltr'><strong>unde</strong></span> <span class='ocrx_word' id='word_1_459' title='bbox 2300 1529 2515 1600; x_wconf 88' lang='lat' dir='ltr'><strong>captivo</strong></span> <span class='ocrx_word' id='word_1_460' title='bbox 2543 1527 2795 1584; x_wconf 86' lang='lat' dir='ltr'><strong>servienti</strong></span> <span class='ocrx_word' id='word_1_461' title='bbox 2825 1528 3022 1583; x_wconf 90' lang='lat' dir='ltr'><strong>amissa</strong></span> <span class='ocrx_word' id='word_1_462' title='bbox 3050 1528 3352 1583; x_wconf 89' lang='lat' dir='ltr'><strong>restituatur</strong></span> <span class='ocrx_word' id='word_1_463' title='bbox 3377 1525 3608 1582; x_wconf 88' lang='lat' dir='ltr'><strong>libertas.</strong></span> 
     </span>
    </p>
   </div>
   <div class='ocr_carea' id='block_1_60' title="bbox 2553 1668 3301 1743">
    <p class='ocr_par' dir='ltr' id='par_1_60' title="bbox 2553 1668 3301 1743">
     <span class='ocr_line' id='line_1_60' title="bbox 2553 1668 3301 1743; baseline -0.004 -17"><span class='ocrx_word' id='word_1_464' title='bbox 2553 1671 2629 1726; x_wconf 86' lang='lat' dir='ltr'><strong>De</strong></span> <span class='ocrx_word' id='word_1_465' title='bbox 2657 1673 2872 1743; x_wconf 79' lang='lat' dir='ltr'><strong>septem</strong></span> <span class='ocrx_word' id='word_1_466' title='bbox 2898 1668 3301 1740; x_wconf 70' lang='lat' dir='ltr'><strong>petitionibus.</strong></span> 
     </span>
    </p>
   </div>
   <div class='ocr_carea' id='block_1_61' title="bbox 2208 1786 3715 1860">
    <p class='ocr_par' dir='ltr' id='par_1_61' title="bbox 2208 1786 3715 1860">
     <span class='ocr_line' id='line_1_61' title="bbox 2208 1786 3715 1860; baseline -0.002 -13"><span class='ocrx_word' id='word_1_467' title='bbox 2208 1791 2514 1860; x_wconf 88' lang='lat' dir='ltr'><strong>Sequuntur</strong></span> <span class='ocrx_word' id='word_1_468' title='bbox 2543 1795 2752 1859; x_wconf 89' lang='lat' dir='ltr'><strong>septem</strong></span> <span class='ocrx_word' id='word_1_469' title='bbox 2808 1788 3092 1859; x_wconf 88' lang='lat' dir='ltr'><strong>petitiones</strong></span> <span class='ocrx_word' id='word_1_470' title='bbox 3144 1794 3330 1843; x_wconf 89' lang='lat' dir='ltr'><strong>contra</strong></span> <span class='ocrx_word' id='word_1_471' title='bbox 3374 1794 3576 1859; x_wconf 88' lang='lat' dir='ltr'><strong>septem</strong></span> <span class='ocrx_word' id='word_1_472' title='bbox 3629 1786 3715 1844; x_wconf 84' lang='lat' dir='ltr'><strong>vi-</strong></span> 
     </span>
    </p>
   </div>
   <div class='ocr_carea' id='block_1_62' title="bbox 2126 1877 3717 1949">
    <p class='ocr_par' dir='ltr' id='par_1_62' title="bbox 2126 1877 3717 1949">
     <span class='ocr_line' id='line_1_62' title="bbox 2126 1877 3717 1949; baseline -0.003 -13"><span class='ocrx_word' id='word_1_473' title='bbox 2126 1882 2218 1948; x_wconf 90' lang='lat' dir='ltr'><strong>tia,</strong></span> <span class='ocrx_word' id='word_1_474' title='bbox 2261 1878 2455 1949; x_wconf 89' lang='lat' dir='ltr'><strong>quibus</strong></span> <span class='ocrx_word' id='word_1_475' title='bbox 2492 1885 2674 1933; x_wconf 89' lang='lat' dir='ltr'><strong>oratur</strong></span> <span class='ocrx_word' id='word_1_476' title='bbox 2710 1884 2767 1932; x_wconf 89' lang='lat' dir='ltr'><strong>ut</strong></span> <span class='ocrx_word' id='word_1_477' title='bbox 2803 1877 3084 1933; x_wconf 90' lang='lat' dir='ltr'><strong>subveniat</strong></span> <span class='ocrx_word' id='word_1_478' title='bbox 3139 1877 3229 1947; x_wconf 91' lang='lat' dir='ltr'><strong>qui</strong></span> <span class='ocrx_word' id='word_1_479' title='bbox 3294 1892 3392 1933; x_wconf 87' lang='lat' dir='ltr'><strong>nos</strong></span> <span class='ocrx_word' id='word_1_480' title='bbox 3452 1884 3505 1932; x_wconf 87' lang='lat' dir='ltr'><strong>et</strong></span> <span class='ocrx_word' id='word_1_481' title='bbox 3565 1892 3717 1931; x_wconf 88' lang='lat' dir='ltr'><strong>orare</strong></span> 
     </span>
    </p>
   </div>
   <div class='ocr_carea' id='block_1_63' title="bbox 2127 1965 3716 2037">
    <p class='ocr_par' dir='ltr' id='par_1_63' title="bbox 2127 1965 3716 2037">
     <span class='ocr_line' id='line_1_63' title="bbox 2127 1965 3716 2037; baseline -0.003 -11"><span class='ocrx_word' id='word_1_482' title='bbox 2127 1970 2311 2026; x_wconf 91' lang='lat' dir='ltr'><strong>docuit</strong></span> <span class='ocrx_word' id='word_1_483' title='bbox 2340 1968 2562 2037; x_wconf 75' lang='lat' dir='ltr'><strong>(Matth.</strong></span> <span class='ocrx_word' id='word_1_484' title='bbox 2596 1968 2697 2037; x_wconf 81' lang='grc' dir='ltr'><strong>νι),</strong></span> <span class='ocrx_word' id='word_1_485' title='bbox 2734 1974 2786 2021; x_wconf 89' lang='lat' dir='ltr'><strong>et</strong></span> <span class='ocrx_word' id='word_1_486' title='bbox 2808 1966 2954 2037; x_wconf 86' lang='lat' dir='ltr'><strong>quod</strong></span> <span class='ocrx_word' id='word_1_487' title='bbox 2989 1966 3266 2022; x_wconf 86' lang='lat' dir='ltr'><strong>orantibus</strong></span> <span class='ocrx_word' id='word_1_488' title='bbox 3305 1965 3565 2037; x_wconf 89' lang='lat' dir='ltr'><strong>Spiritum</strong></span> <span class='ocrx_word' id='word_1_489' title='bbox 3607 1966 3716 2022; x_wconf 87' lang='lat' dir='ltr'><strong>bo-</strong></span> 
     </span>
    </p>
   </div>
   <div class='ocr_carea' id='block_1_64' title="bbox 2127 2055 3712 2121">
    <p class='ocr_par' dir='ltr' id='par_1_64' title="bbox 2127 2055 3712 2121">
     <span class='ocr_line' id='line_1_64' title="bbox 2127 2055 3712 2121; baseline -0.003 -8"><span class='ocrx_word' id='word_1_490' title='bbox 2127 2075 2253 2115; x_wconf 91' lang='lat' dir='ltr'><strong>num</strong></span> <span class='ocrx_word' id='word_1_491' title='bbox 2287 2057 2354 2113; x_wconf 89' lang='lat' dir='ltr'><strong>ad</strong></span> <span class='ocrx_word' id='word_1_492' title='bbox 2383 2056 2624 2112; x_wconf 90' lang='lat' dir='ltr'><strong>sananda</strong></span> <span class='ocrx_word' id='word_1_493' title='bbox 2653 2056 2876 2111; x_wconf 90' lang='lat' dir='ltr'><strong>vulnera</strong></span> <span class='ocrx_word' id='word_1_494' title='bbox 2920 2063 3118 2121; x_wconf 90' lang='lat' dir='ltr'><strong>nostra,</strong></span> <span class='ocrx_word' id='word_1_495' title='bbox 3179 2063 3233 2111; x_wconf 91' lang='lat' dir='ltr'><strong>et</strong></span> <span class='ocrx_word' id='word_1_496' title='bbox 3281 2055 3349 2110; x_wconf 92' lang='lat' dir='ltr'><strong>ad</strong></span> <span class='ocrx_word' id='word_1_497' title='bbox 3400 2055 3712 2111; x_wconf 85' lang='lat' dir='ltr'><strong>solvendum</strong></span> 
     </span>
    </p>
   </div>
   <div class='ocr_carea' id='block_1_65' title="bbox 2122 2143 3704 2221">
    <p class='ocr_par' dir='ltr' id='par_1_65' title="bbox 2122 2143 3704 2221">
     <span class='ocr_line' id='line_1_65' title="bbox 2122 2143 3704 2221; baseline -0.003 -19"><span class='ocrx_word' id='word_1_498' title='bbox 2122 2148 2318 2221; x_wconf 90' lang='lat' dir='ltr'><strong>jugum</strong></span> <span class='ocrx_word' id='word_1_499' title='bbox 2357 2146 2683 2218; x_wconf 82' lang='lat' dir='ltr'><strong>captivitatis</strong></span> <span class='ocrx_word' id='word_1_500' title='bbox 2712 2153 2909 2201; x_wconf 84' lang='lat' dir='ltr'><strong>nostrae</strong></span> <span class='ocrx_word' id='word_1_501' title='bbox 2937 2145 3153 2200; x_wconf 87' lang='lat' dir='ltr'><strong>datarus</strong></span> <span class='ocrx_word' id='word_1_502' title='bbox 3189 2152 3328 2201; x_wconf 89' lang='lat' dir='ltr'><strong>esset</strong></span> <span class='ocrx_word' id='word_1_503' title='bbox 3379 2143 3704 2216; x_wconf 86' lang='lat' dir='ltr'><strong>repromisit.</strong></span> 
     </span>
    </p>
   </div>
   <div class='ocr_carea' id='block_1_66' title="bbox 2129 2234 3715 2305">
    <p class='ocr_par' dir='ltr' id='par_1_66' title="bbox 2129 2234 3715 2305">
     <span class='ocr_line' id='line_1_66' title="bbox 2129 2234 3715 2305; baseline -0.004 -11"><span class='ocrx_word' id='word_1_504' title='bbox 2129 2238 2235 2294; x_wconf 89' lang='lat' dir='ltr'><strong>Sed</strong></span> <span class='ocrx_word' id='word_1_505' title='bbox 2263 2254 2374 2293; x_wconf 90' lang='lat' dir='ltr'><strong>non</strong></span> <span class='ocrx_word' id='word_1_506' title='bbox 2427 2244 2715 2305; x_wconf 88' lang='lat' dir='ltr'><strong>antequam</strong></span> <span class='ocrx_word' id='word_1_507' title='bbox 2770 2235 2838 2289; x_wconf 91' lang='lat' dir='ltr'><strong>ad</strong></span> <span class='ocrx_word' id='word_1_508' title='bbox 2894 2234 3327 2305; x_wconf 85' lang='lat' dir='ltr'><strong>explanationem</strong></span> <span class='ocrx_word' id='word_1_509' title='bbox 3381 2237 3568 2290; x_wconf 88' lang='lat' dir='ltr'><strong>harum</strong></span> <span class='ocrx_word' id='word_1_510' title='bbox 3622 2250 3715 2288; x_wconf 82' lang='lat' dir='ltr'><strong>ve-</strong></span> 
     </span>
    </p>
   </div>
   <div class='ocr_carea' id='block_1_67' title="bbox 2131 2323 3718 2397">
    <p class='ocr_par' dir='ltr' id='par_1_67' title="bbox 2131 2323 3718 2397">
     <span class='ocr_line' id='line_1_67' title="bbox 2131 2323 3718 2397; baseline -0.001 -16"><span class='ocrx_word' id='word_1_511' title='bbox 2131 2327 2361 2394; x_wconf 92' lang='lat' dir='ltr'><strong>niamus,</strong></span> <span class='ocrx_word' id='word_1_512' title='bbox 2405 2326 2553 2397; x_wconf 89' lang='lat' dir='ltr'><strong>prius</strong></span> <span class='ocrx_word' id='word_1_513' title='bbox 2606 2325 2712 2380; x_wconf 91' lang='lat' dir='ltr'><strong>alia</strong></span> <span class='ocrx_word' id='word_1_514' title='bbox 2763 2324 2937 2379; x_wconf 88' lang='lat' dir='ltr'><strong>adhuc</strong></span> <span class='ocrx_word' id='word_1_515' title='bbox 2989 2323 3337 2378; x_wconf 87' lang='lat' dir='ltr'><strong>similitudine</strong></span> <span class='ocrx_word' id='word_1_516' title='bbox 3392 2324 3718 2380; x_wconf 78' lang='lat' dir='ltr'><strong>demonstre-</strong></span> 
     </span>
    </p>
   </div>
   <div class='ocr_carea' id='block_1_68' title="bbox 2130 2422 3718 2495">
    <p class='ocr_par' dir='ltr' id='par_1_68' title="bbox 2130 2422 3718 2495">
     <span class='ocr_line' id='line_1_68' title="bbox 2130 2422 3718 2495; baseline 0 -15"><span class='ocrx_word' id='word_1_517' title='bbox 2130 2443 2251 2480; x_wconf 91' lang='lat' dir='ltr'><strong>mus</strong></span> <span class='ocrx_word' id='word_1_518' title='bbox 2290 2432 2546 2495; x_wconf 89' lang='lat' dir='ltr'><strong>quantam</strong></span> <span class='ocrx_word' id='word_1_519' title='bbox 2604 2423 2658 2477; x_wconf 93' lang='lat' dir='ltr'><strong>in</strong></span> <span class='ocrx_word' id='word_1_520' title='bbox 2709 2422 2866 2479; x_wconf 90' lang='lat' dir='ltr'><strong>nobis</strong></span> <span class='ocrx_word' id='word_1_521' title='bbox 2920 2423 3315 2492; x_wconf 84' lang='lat' dir='ltr'><strong>corruptionem</strong></span> <span class='ocrx_word' id='word_1_522' title='bbox 3366 2439 3526 2494; x_wconf 90' lang='lat' dir='ltr'><strong>supra</strong></span> <span class='ocrx_word' id='word_1_523' title='bbox 3576 2422 3718 2479; x_wconf 85' lang='lat' dir='ltr'><strong>dicta</strong></span> 
     </span>
    </p>
   </div>
   <div class='ocr_carea' id='block_1_69' title="bbox 2130 2513 3719 2588">
    <p class='ocr_par' dir='ltr' id='par_1_69' title="bbox 2130 2513 3719 2588">
     <span class='ocr_line' id='line_1_69' title="bbox 2130 2513 3719 2588; baseline -0.002 -19"><span class='ocrx_word' id='word_1_524' title='bbox 2130 2522 2409 2588; x_wconf 78' lang='lat' dir='ltr'><strong>generant,</strong></span> <span class='ocrx_word' id='word_1_525' title='bbox 2439 2521 2499 2567; x_wconf 91' lang='lat' dir='ltr'><strong>ut</strong></span> <span class='ocrx_word' id='word_1_526' title='bbox 2539 2520 2739 2583; x_wconf 88' lang='lat' dir='ltr'><strong>quanto</strong></span> <span class='ocrx_word' id='word_1_527' title='bbox 2797 2513 3147 2584; x_wconf 89' lang='lat' dir='ltr'><strong>periculosior</strong></span> <span class='ocrx_word' id='word_1_528' title='bbox 3200 2513 3429 2585; x_wconf 86' lang='lat' dir='ltr'><strong>languor</strong></span> <span class='ocrx_word' id='word_1_529' title='bbox 3477 2513 3719 2569; x_wconf 88' lang='lat' dir='ltr'><strong>ostendi-</strong></span> 
     </span>
    </p>
   </div>
   <div class='ocr_carea' id='block_1_70' title="bbox 2134 2602 3710 2674">
    <p class='ocr_par' dir='ltr' id='par_1_70' title="bbox 2134 2602 3710 2674">
     <span class='ocr_line' id='line_1_70' title="bbox 2134 2602 3710 2674; baseline -0.001 -16"><span class='ocrx_word' id='word_1_530' title='bbox 2134 2612 2233 2671; x_wconf 90' lang='lat' dir='ltr'><strong>tur,</strong></span> <span class='ocrx_word' id='word_1_531' title='bbox 2269 2611 2412 2658; x_wconf 92' lang='lat' dir='ltr'><strong>tanto</strong></span> <span class='ocrx_word' id='word_1_532' title='bbox 2441 2603 2619 2674; x_wconf 87' lang='lat' dir='ltr'><strong>magis</strong></span> <span class='ocrx_word' id='word_1_533' title='bbox 2658 2603 2960 2658; x_wconf 87' lang='lat' dir='ltr'><strong>necessaria</strong></span> <span class='ocrx_word' id='word_1_534' title='bbox 3003 2602 3272 2657; x_wconf 78' lang='lat' dir='ltr'><strong>medicina</strong></span> <span class='ocrx_word' id='word_1_535' title='bbox 3311 2602 3710 2673; x_wconf 89' lang='lat' dir='ltr'><strong>comprobetur.</strong></span> 
     </span>
    </p>
   </div>
   <div class='ocr_carea' id='block_1_71' title="bbox 2132 2690 3718 2764">
    <p class='ocr_par' dir='ltr' id='par_1_71' title="bbox 2132 2690 3718 2764">
     <span class='ocr_line' id='line_1_71' title="bbox 2132 2690 3718 2764; baseline -0.001 -16"><span class='ocrx_word' id='word_1_536' title='bbox 2132 2694 2235 2748; x_wconf 90' lang='lat' dir='ltr'><strong>Per</strong></span> <span class='ocrx_word' id='word_1_537' title='bbox 2278 2692 2587 2764; x_wconf 89' lang='lat' dir='ltr'><strong>superbiam</strong></span> <span class='ocrx_word' id='word_1_538' title='bbox 2626 2691 2791 2764; x_wconf 87' lang='lat' dir='ltr'><strong>igitur</strong></span> <span class='ocrx_word' id='word_1_539' title='bbox 2853 2707 2947 2746; x_wconf 92' lang='lat' dir='ltr'><strong>cor</strong></span> <span class='ocrx_word' id='word_1_540' title='bbox 3008 2690 3239 2758; x_wconf 76' lang='lat' dir='ltr'><strong>inflatur,</strong></span> <span class='ocrx_word' id='word_1_541' title='bbox 3306 2707 3403 2763; x_wconf 92' lang='lat' dir='ltr'><strong>per</strong></span> <span class='ocrx_word' id='word_1_542' title='bbox 3463 2691 3718 2747; x_wconf 84' lang='lat' dir='ltr'><strong>invidiam</strong></span> 
     </span>
    </p>
   </div>
   <div class='ocr_carea' id='block_1_72' title="bbox 2133 2788 3722 2861">
    <p class='ocr_par' dir='ltr' id='par_1_72' title="bbox 2133 2788 3722 2861">
     <span class='ocr_line' id='line_1_72' title="bbox 2133 2788 3722 2861; baseline -0.001 -16"><span class='ocrx_word' id='word_1_543' title='bbox 2133 2791 2343 2854; x_wconf 90' lang='lat' dir='ltr'><strong>arescit,</strong></span> <span class='ocrx_word' id='word_1_544' title='bbox 2378 2806 2474 2861; x_wconf 89' lang='lat' dir='ltr'><strong>per</strong></span> <span class='ocrx_word' id='word_1_545' title='bbox 2516 2790 2650 2844; x_wconf 90' lang='lat' dir='ltr'><strong>iram</strong></span> <span class='ocrx_word' id='word_1_546' title='bbox 2709 2796 2911 2858; x_wconf 90' lang='lat' dir='ltr'><strong>crepat,</strong></span> <span class='ocrx_word' id='word_1_547' title='bbox 2969 2804 3069 2857; x_wconf 87' lang='lat' dir='ltr'><strong>per</strong></span> <span class='ocrx_word' id='word_1_548' title='bbox 3121 2788 3384 2843; x_wconf 89' lang='lat' dir='ltr'><strong>tristitiam</strong></span> <span class='ocrx_word' id='word_1_549' title='bbox 3437 2789 3722 2844; x_wconf 87' lang='lat' dir='ltr'><strong>conteritur</strong></span> 
     </span>
    </p>
   </div>
   <div class='ocr_carea' id='block_1_73' title="bbox 2133 2878 3720 2950">
    <p class='ocr_par' dir='ltr' id='par_1_73' title="bbox 2133 2878 3720 2950">
     <span class='ocr_line' id='line_1_73' title="bbox 2133 2878 3720 2950; baseline -0.003 -13"><span class='ocrx_word' id='word_1_550' title='bbox 2133 2889 2183 2937; x_wconf 93' lang='lat' dir='ltr'><strong>et</strong></span> <span class='ocrx_word' id='word_1_551' title='bbox 2214 2880 2363 2950; x_wconf 91' lang='lat' dir='ltr'><strong>quasi</strong></span> <span class='ocrx_word' id='word_1_552' title='bbox 2395 2880 2449 2934; x_wconf 91' lang='lat' dir='ltr'><strong>in</strong></span> <span class='ocrx_word' id='word_1_553' title='bbox 2493 2879 2769 2950; x_wconf 89' lang='lat' dir='ltr'><strong>pulverem</strong></span> <span class='ocrx_word' id='word_1_554' title='bbox 2822 2878 3103 2950; x_wconf 87' lang='lat' dir='ltr'><strong>redigitur,</strong></span> <span class='ocrx_word' id='word_1_555' title='bbox 3159 2895 3255 2950; x_wconf 92' lang='lat' dir='ltr'><strong>per</strong></span> <span class='ocrx_word' id='word_1_556' title='bbox 3307 2879 3583 2935; x_wconf 86' lang='lat' dir='ltr'><strong>avaritiam</strong></span> <span class='ocrx_word' id='word_1_557' title='bbox 3639 2879 3720 2933; x_wconf 85' lang='lat' dir='ltr'><strong>di-</strong></span> 
     </span>
    </p>
   </div>
   <div class='ocr_carea' id='block_1_74' title="bbox 2132 2965 3717 3041">
    <p class='ocr_par' dir='ltr' id='par_1_74' title="bbox 2132 2965 3717 3041">
     <span class='ocr_line' id='line_1_74' title="bbox 2132 2965 3717 3041; baseline 0.001 -17"><span class='ocrx_word' id='word_1_558' title='bbox 2132 2970 2419 3041; x_wconf 85' lang='lat' dir='ltr'><strong>spergitur,</strong></span> <span class='ocrx_word' id='word_1_559' title='bbox 2451 2983 2549 3039; x_wconf 93' lang='lat' dir='ltr'><strong>per</strong></span> <span class='ocrx_word' id='word_1_560' title='bbox 2574 2968 2759 3039; x_wconf 90' lang='lat' dir='ltr'><strong>gulam</strong></span> <span class='ocrx_word' id='word_1_561' title='bbox 2789 2965 3021 3023; x_wconf 87' lang='lat' dir='ltr'><strong>inﬁcitur</strong></span> <span class='ocrx_word' id='word_1_562' title='bbox 3065 2974 3120 3023; x_wconf 93' lang='lat' dir='ltr'><strong>et</strong></span> <span class='ocrx_word' id='word_1_563' title='bbox 3163 2969 3314 3038; x_wconf 91' lang='lat' dir='ltr'><strong>quasi</strong></span> <span class='ocrx_word' id='word_1_564' title='bbox 3370 2970 3717 3038; x_wconf 81' lang='lat' dir='ltr'><strong>humectatur,</strong></span> 
     </span>
    </p>
   </div>
   <div class='ocr_carea' id='block_1_75' title="bbox 2131 3056 3711 3129">
    <p class='ocr_par' dir='ltr' id='par_1_75' title="bbox 2131 3056 3711 3129">
     <span class='ocr_line' id='line_1_75' title="bbox 2131 3056 3711 3129; baseline -0.001 -16"><span class='ocrx_word' id='word_1_565' title='bbox 2131 3075 2229 3128; x_wconf 89' lang='lat' dir='ltr'><strong>per</strong></span> <span class='ocrx_word' id='word_1_566' title='bbox 2266 3056 2534 3114; x_wconf 80' lang='lat' dir='ltr'><strong>luxuriam</strong></span> <span class='ocrx_word' id='word_1_567' title='bbox 2574 3056 2917 3112; x_wconf 90' lang='lat' dir='ltr'><strong>conculcatur</strong></span> <span class='ocrx_word' id='word_1_568' title='bbox 2971 3063 3023 3111; x_wconf 89' lang='lat' dir='ltr'><strong>et</strong></span> <span class='ocrx_word' id='word_1_569' title='bbox 3077 3056 3134 3111; x_wconf 92' lang='lat' dir='ltr'><strong>in</strong></span> <span class='ocrx_word' id='word_1_570' title='bbox 3197 3056 3368 3111; x_wconf 92' lang='lat' dir='ltr'><strong>lutum</strong></span> <span class='ocrx_word' id='word_1_571' title='bbox 3435 3056 3711 3129; x_wconf 86' lang='lat' dir='ltr'><strong>redigitur,</strong></span> 
     </span>
    </p>
   </div>
   <div class='ocr_carea' id='block_1_76' title="bbox 2139 3143 3717 3216">
    <p class='ocr_par' dir='ltr' id='par_1_76' title="bbox 2139 3143 3717 3216">
     <span class='ocr_line' id='line_1_76' title="bbox 2139 3143 3717 3216; baseline -0.001 -15"><span class='ocrx_word' id='word_1_572' title='bbox 2139 3148 2212 3202; x_wconf 92' lang='lat' dir='ltr'><strong>ita</strong></span> <span class='ocrx_word' id='word_1_573' title='bbox 2242 3154 2298 3202; x_wconf 89' lang='lat' dir='ltr'><strong>ut</strong></span> <span class='ocrx_word' id='word_1_574' title='bbox 2318 3147 2435 3216; x_wconf 88' lang='lat' dir='ltr'><strong>jam</strong></span> <span class='ocrx_word' id='word_1_575' title='bbox 2467 3146 2630 3199; x_wconf 90' lang='lat' dir='ltr'><strong>miser</strong></span> <span class='ocrx_word' id='word_1_576' title='bbox 2665 3145 2843 3200; x_wconf 89' lang='lat' dir='ltr'><strong>dicere</strong></span> <span class='ocrx_word' id='word_1_577' title='bbox 2884 3145 3093 3216; x_wconf 86' lang='lat' dir='ltr'><strong>possit:</strong></span> <span class='ocrx_word' id='word_1_578' title='bbox 3138 3168 3163 3194; x_wconf 70' lang='grc' dir='ltr'><strong>ιι</strong></span> <span class='ocrx_word' id='word_1_579' title='bbox 3206 3143 3405 3200; x_wconf 81' lang='lat' dir='ltr'><strong>Inﬁxus</strong></span> <span class='ocrx_word' id='word_1_580' title='bbox 3455 3162 3609 3200; x_wconf 89' lang='lat' dir='ltr'><strong>suum</strong></span> <span class='ocrx_word' id='word_1_581' title='bbox 3662 3146 3717 3200; x_wconf 89' lang='lat' dir='ltr'><strong>in</strong></span> 
     </span>
    </p>
   </div>
   <div class='ocr_carea' id='block_1_77' title="bbox 2138 3229 3722 3302">
    <p class='ocr_par' dir='ltr' id='par_1_77' title="bbox 2138 3229 3722 3302">
     <span class='ocr_line' id='line_1_77' title="bbox 2138 3229 3722 3302; baseline -0.001 -15"><span class='ocrx_word' id='word_1_582' title='bbox 2138 3232 2266 3287; x_wconf 92' lang='lat' dir='ltr'><strong>limo</strong></span> <span class='ocrx_word' id='word_1_583' title='bbox 2298 3229 2571 3302; x_wconf 86' lang='lat' dir='ltr'><strong>profundi,</strong></span> <span class='ocrx_word' id='word_1_584' title='bbox 2602 3237 2656 3286; x_wconf 90' lang='lat' dir='ltr'><strong>et</strong></span> <span class='ocrx_word' id='word_1_585' title='bbox 2683 3245 2790 3286; x_wconf 92' lang='lat' dir='ltr'><strong>non</strong></span> <span class='ocrx_word' id='word_1_586' title='bbox 2819 3237 2899 3285; x_wconf 92' lang='lat' dir='ltr'><strong>est</strong></span> <span class='ocrx_word' id='word_1_587' title='bbox 2951 3229 3263 3286; x_wconf 88' lang='lat' dir='ltr'><strong>substantia.</strong></span> <span class='ocrx_word' id='word_1_588' title='bbox 3311 3230 3444 3285; x_wconf 86' lang='lat' dir='ltr'><strong>Veni</strong></span> <span class='ocrx_word' id='word_1_589' title='bbox 3494 3230 3552 3285; x_wconf 93' lang='lat' dir='ltr'><strong>in</strong></span> <span class='ocrx_word' id='word_1_590' title='bbox 3605 3231 3722 3286; x_wconf 87' lang='lat' dir='ltr'><strong>alti-</strong></span> 
     </span>
    </p>
   </div>
   <div class='ocr_carea' id='block_1_78' title="bbox 2139 3319 3720 3391">
    <p class='ocr_par' dir='ltr' id='par_1_78' title="bbox 2139 3319 3720 3391">
     <span class='ocr_line' id='line_1_78' title="bbox 2139 3319 3720 3391; baseline -0.001 -15"><span class='ocrx_word' id='word_1_591' title='bbox 2139 3320 2383 3377; x_wconf 90' lang='lat' dir='ltr'><strong>tudinem</strong></span> <span class='ocrx_word' id='word_1_592' title='bbox 2421 3320 2602 3383; x_wconf 89' lang='lat' dir='ltr'><strong>maris,</strong></span> <span class='ocrx_word' id='word_1_593' title='bbox 2642 3326 2696 3375; x_wconf 91' lang='lat' dir='ltr'><strong>et</strong></span> <span class='ocrx_word' id='word_1_594' title='bbox 2731 3326 3022 3390; x_wconf 83' lang='lat' dir='ltr'><strong>tempestas</strong></span> <span class='ocrx_word' id='word_1_595' title='bbox 3064 3319 3336 3374; x_wconf 78' lang='lat' dir='ltr'><strong>demersit</strong></span> <span class='ocrx_word' id='word_1_596' title='bbox 3391 3336 3483 3375; x_wconf 90' lang='lat' dir='ltr'><strong>me</strong></span> <span class='ocrx_word' id='word_1_597' title='bbox 3543 3320 3720 3391; x_wconf 77' lang='lat' dir='ltr'><strong>(Psal.</strong></span> 
     </span>
    </p>
   </div>
   <div class='ocr_carea' id='block_1_79' title="bbox 2142 3407 3732 3479">
    <p class='ocr_par' dir='ltr' id='par_1_79' title="bbox 2142 3407 3732 3479">
     <span class='ocr_line' id='line_1_79' title="bbox 2142 3407 3732 3479; baseline -0.001 -15"><span class='ocrx_word' id='word_1_598' title='bbox 2142 3410 2350 3479; x_wconf 78' lang='lat' dir='ltr'><strong>vaur).</strong></span> <span class='ocrx_word' id='word_1_599' title='bbox 2389 3428 2411 3459; x_wconf 70' lang='grc' dir='ltr'><strong>ι</strong></span> <span class='ocrx_word' id='word_1_600' title='bbox 2447 3409 2690 3478; x_wconf 92' lang='lat' dir='ltr'><strong>Cumque</strong></span> <span class='ocrx_word' id='word_1_601' title='bbox 2719 3407 2843 3462; x_wconf 87' lang='lat' dir='ltr'><strong>huic</strong></span> <span class='ocrx_word' id='word_1_602' title='bbox 2870 3407 3001 3463; x_wconf 91' lang='lat' dir='ltr'><strong>limo</strong></span> <span class='ocrx_word' id='word_1_603' title='bbox 3030 3407 3281 3479; x_wconf 85' lang='lat' dir='ltr'><strong>profundi</strong></span> <span class='ocrx_word' id='word_1_604' title='bbox 3329 3408 3539 3463; x_wconf 89' lang='lat' dir='ltr'><strong>animus</strong></span> <span class='ocrx_word' id='word_1_605' title='bbox 3572 3408 3732 3466; x_wconf 79' lang='lat' dir='ltr'><strong>fuerit</strong></span> 
     </span>
    </p>
   </div>
   <div class='ocr_carea' id='block_1_80' title="bbox 2143 3505 3729 3576">
    <p class='ocr_par' dir='ltr' id='par_1_80' title="bbox 2143 3505 3729 3576">
     <span class='ocr_line' id='line_1_80' title="bbox 2143 3505 3729 3576; baseline 0 -15"><span class='ocrx_word' id='word_1_606' title='bbox 2143 3506 2359 3573; x_wconf 86' lang='lat' dir='ltr'><strong>inﬁxus,</strong></span> <span class='ocrx_word' id='word_1_607' title='bbox 2399 3513 2455 3561; x_wconf 88' lang='lat' dir='ltr'><strong>et</strong></span> <span class='ocrx_word' id='word_1_608' title='bbox 2491 3505 2602 3561; x_wconf 89' lang='lat' dir='ltr'><strong>luto</strong></span> <span class='ocrx_word' id='word_1_609' title='bbox 2640 3505 3095 3576; x_wconf 89' lang='lat' dir='ltr'><strong>coinquinationis</strong></span> <span class='ocrx_word' id='word_1_610' title='bbox 3130 3513 3183 3562; x_wconf 90' lang='lat' dir='ltr'><strong>et</strong></span> <span class='ocrx_word' id='word_1_611' title='bbox 3218 3505 3570 3562; x_wconf 63' lang='lat' dir='ltr'><strong>immunditiaa</strong></span> <span class='ocrx_word' id='word_1_612' title='bbox 3624 3506 3729 3563; x_wconf 79' lang='lat' dir='ltr'><strong>ob-</strong></span> 
     </span>
    </p>
   </div>
   <div class='ocr_carea' id='block_1_81' title="bbox 2145 3594 3732 3667">
    <p class='ocr_par' dir='ltr' id='par_1_81' title="bbox 2145 3594 3732 3667">
     <span class='ocr_line' id='line_1_81' title="bbox 2145 3594 3732 3667; baseline 0 -15"><span class='ocrx_word' id='word_1_613' title='bbox 2145 3596 2378 3663; x_wconf 84' lang='lat' dir='ltr'><strong>volutus,</strong></span> <span class='ocrx_word' id='word_1_614' title='bbox 2410 3595 2568 3651; x_wconf 89' lang='lat' dir='ltr'><strong>evelli</strong></span> <span class='ocrx_word' id='word_1_615' title='bbox 2597 3611 2940 3666; x_wconf 88' lang='lat' dir='ltr'><strong>nequaquam</strong></span> <span class='ocrx_word' id='word_1_616' title='bbox 2970 3602 3165 3667; x_wconf 89' lang='lat' dir='ltr'><strong>potest,</strong></span> <span class='ocrx_word' id='word_1_617' title='bbox 3189 3595 3289 3651; x_wconf 89' lang='lat' dir='ltr'><strong>nisi</strong></span> <span class='ocrx_word' id='word_1_618' title='bbox 3319 3594 3389 3651; x_wconf 89' lang='lat' dir='ltr'><strong>ad</strong></span> <span class='ocrx_word' id='word_1_619' title='bbox 3428 3596 3577 3651; x_wconf 91' lang='lat' dir='ltr'><strong>illum</strong></span> <span class='ocrx_word' id='word_1_620' title='bbox 3622 3596 3732 3652; x_wconf 87' lang='lat' dir='ltr'><strong>cla-</strong></span> 
     </span>
    </p>
   </div>
   <div class='ocr_carea' id='block_1_82' title="bbox 2144 3684 3733 3756">
    <p class='ocr_par' dir='ltr' id='par_1_82' title="bbox 2144 3684 3733 3756">
     <span class='ocr_line' id='line_1_82' title="bbox 2144 3684 3733 3756; baseline 0.001 -16"><span class='ocrx_word' id='word_1_621' title='bbox 2144 3693 2258 3741; x_wconf 92' lang='lat' dir='ltr'><strong>met</strong></span> <span class='ocrx_word' id='word_1_622' title='bbox 2294 3693 2347 3739; x_wconf 90' lang='lat' dir='ltr'><strong>et</strong></span> <span class='ocrx_word' id='word_1_623' title='bbox 2383 3686 2502 3755; x_wconf 90' lang='lat' dir='ltr'><strong>ejus</strong></span> <span class='ocrx_word' id='word_1_624' title='bbox 2538 3684 2794 3739; x_wconf 82' lang='lat' dir='ltr'><strong>auxilium</strong></span> <span class='ocrx_word' id='word_1_625' title='bbox 2837 3685 3084 3755; x_wconf 90' lang='lat' dir='ltr'><strong>postulet.</strong></span> <span class='ocrx_word' id='word_1_626' title='bbox 3140 3685 3221 3742; x_wconf 88' lang='lat' dir='ltr'><strong>De</strong></span> <span class='ocrx_word' id='word_1_627' title='bbox 3285 3702 3390 3756; x_wconf 89' lang='lat' dir='ltr'><strong>quo</strong></span> <span class='ocrx_word' id='word_1_628' title='bbox 3455 3685 3733 3742; x_wconf 78' lang='lat' dir='ltr'><strong>Psalmista</strong></span> 
     </span>
    </p>
   </div>
   <div class='ocr_carea' id='block_1_83' title="bbox 2146 3773 3732 3846">
    <p class='ocr_par' dir='ltr' id='par_1_83' title="bbox 2146 3773 3732 3846">
     <span class='ocr_line' id='line_1_83' title="bbox 2146 3773 3732 3846; baseline -0.001 -15"><span class='ocrx_word' id='word_1_629' title='bbox 2146 3775 2383 3846; x_wconf 89' lang='lat' dir='ltr'><strong>loquitur</strong></span> <span class='ocrx_word' id='word_1_630' title='bbox 2418 3773 2604 3829; x_wconf 89' lang='lat' dir='ltr'><strong>dicens</strong></span> <span class='ocrx_word' id='word_1_631' title='bbox 2643 3790 2657 3827; x_wconf 90' lang='lat'>:</span> <span class='ocrx_word' id='word_1_632' title='bbox 2723 3797 2745 3822; x_wconf 82' lang='grc' dir='ltr'><strong>ιι</strong></span> <span class='ocrx_word' id='word_1_633' title='bbox 2786 3773 3118 3844; x_wconf 85' lang='lat' dir='ltr'><strong>Exspectans</strong></span> <span class='ocrx_word' id='word_1_634' title='bbox 3180 3774 3482 3845; x_wconf 84' lang='lat' dir='ltr'><strong>exspectavi</strong></span> <span class='ocrx_word' id='word_1_635' title='bbox 3547 3776 3732 3831; x_wconf 84' lang='lat' dir='ltr'><strong>Domi-</strong></span> 
     </span>
    </p>
   </div>
   <div class='ocr_carea' id='block_1_84' title="bbox 2143 3861 3732 3936">
    <p class='ocr_par' dir='ltr' id='par_1_84' title="bbox 2143 3861 3732 3936">
     <span class='ocr_line' id='line_1_84' title="bbox 2143 3861 3732 3936; baseline 0.001 -17"><span class='ocrx_word' id='word_1_636' title='bbox 2143 3880 2273 3919; x_wconf 94' lang='lat' dir='ltr'><strong>num</strong></span> <span class='ocrx_word' id='word_1_637' title='bbox 2306 3908 2320 3932; x_wconf 94' lang='lat'><strong>,</strong></span> <span class='ocrx_word' id='word_1_638' title='bbox 2390 3870 2443 3919; x_wconf 92' lang='lat' dir='ltr'><strong>et</strong></span> <span class='ocrx_word' id='word_1_639' title='bbox 2506 3861 2735 3918; x_wconf 90' lang='lat' dir='ltr'><strong>intendit</strong></span> <span class='ocrx_word' id='word_1_640' title='bbox 2802 3862 2982 3930; x_wconf 88' lang='lat' dir='ltr'><strong>mihi;</strong></span> <span class='ocrx_word' id='word_1_641' title='bbox 3072 3870 3125 3917; x_wconf 92' lang='lat' dir='ltr'><strong>et</strong></span> <span class='ocrx_word' id='word_1_642' title='bbox 3202 3863 3474 3920; x_wconf 85' lang='lat' dir='ltr'><strong>exaudivit</strong></span> <span class='ocrx_word' id='word_1_643' title='bbox 3548 3881 3732 3936; x_wconf 84' lang='lat' dir='ltr'><strong>preces</strong></span> 
     </span>
    </p>
   </div>
   <div class='ocr_carea' id='block_1_85' title="bbox 2143 3951 3732 4019">
    <p class='ocr_par' dir='ltr' id='par_1_85' title="bbox 2143 3951 3732 4019">
     <span class='ocr_line' id='line_1_85' title="bbox 2143 3951 3732 4019; baseline 0.001 -11"><span class='ocrx_word' id='word_1_644' title='bbox 2143 3970 2314 4019; x_wconf 87' lang='lat' dir='ltr'><strong>meas,</strong></span> <span class='ocrx_word' id='word_1_645' title='bbox 2348 3952 2560 4008; x_wconf 89' lang='lat' dir='ltr'><strong>reduxit</strong></span> <span class='ocrx_word' id='word_1_646' title='bbox 2588 3969 2675 4007; x_wconf 90' lang='lat' dir='ltr'><strong>me</strong></span> <span class='ocrx_word' id='word_1_647' title='bbox 2704 3951 2771 4007; x_wconf 93' lang='lat' dir='ltr'><strong>de</strong></span> <span class='ocrx_word' id='word_1_648' title='bbox 2803 3952 2921 4008; x_wconf 89' lang='lat' dir='ltr'><strong>lacu</strong></span> <span class='ocrx_word' id='word_1_649' title='bbox 2950 3951 3183 4008; x_wconf 68' lang='lat' dir='ltr'><strong>miseria:</strong></span> <span class='ocrx_word' id='word_1_650' title='bbox 3219 3960 3273 4008; x_wconf 91' lang='lat' dir='ltr'><strong>et</strong></span> <span class='ocrx_word' id='word_1_651' title='bbox 3318 3952 3384 4008; x_wconf 93' lang='lat' dir='ltr'><strong>de</strong></span> <span class='ocrx_word' id='word_1_652' title='bbox 3430 3954 3539 4009; x_wconf 91' lang='lat' dir='ltr'><strong>luto</strong></span> <span class='ocrx_word' id='word_1_653' title='bbox 3584 3953 3732 4010; x_wconf 60' lang='lat' dir='ltr'><strong>faecis</strong></span> 
     </span>
    </p>
   </div>
   <div class='ocr_carea' id='block_1_86' title="bbox 2146 4042 3730 4115">
    <p class='ocr_par' dir='ltr' id='par_1_86' title="bbox 2146 4042 3730 4115">
     <span class='ocr_line' id='line_1_86' title="bbox 2146 4042 3730 4115; baseline 0 -16"><span class='ocrx_word' id='word_1_654' title='bbox 2146 4042 2335 4112; x_wconf 78' lang='lat' dir='ltr'><strong>(Psat.</strong></span> <span class='ocrx_word' id='word_1_655' title='bbox 2369 4043 2588 4112; x_wconf 75' lang='lat' dir='ltr'><strong>XXXIX).</strong></span> <span class='ocrx_word' id='word_1_656' title='bbox 2634 4064 2655 4090; x_wconf 76' lang='grc' dir='ltr'><strong>ι</strong></span> <span class='ocrx_word' id='word_1_657' title='bbox 2700 4042 2987 4113; x_wconf 88' lang='lat' dir='ltr'><strong>Propterea</strong></span> <span class='ocrx_word' id='word_1_658' title='bbox 3051 4057 3183 4115; x_wconf 89' lang='lat' dir='ltr'><strong>ergo</strong></span> <span class='ocrx_word' id='word_1_659' title='bbox 3247 4042 3360 4113; x_wconf 89' lang='lat' dir='ltr'><strong>ipse</strong></span> <span class='ocrx_word' id='word_1_660' title='bbox 3424 4058 3522 4098; x_wconf 92' lang='lat' dir='ltr'><strong>nos</strong></span> <span class='ocrx_word' id='word_1_661' title='bbox 3580 4060 3730 4099; x_wconf 91' lang='lat' dir='ltr'><strong>orare</strong></span> 
     </span>
    </p>
   </div>
   <div class='ocr_carea' id='block_1_87' title="bbox 2147 4140 3734 4211">
    <p class='ocr_par' dir='ltr' id='par_1_87' title="bbox 2147 4140 3734 4211">
     <span class='ocr_line' id='line_1_87' title="bbox 2147 4140 3734 4211; baseline 0.001 -14"><span class='ocrx_word' id='word_1_662' title='bbox 2147 4143 2328 4197; x_wconf 89' lang='lat' dir='ltr'><strong>docuit</strong></span> <span class='ocrx_word' id='word_1_663' title='bbox 2346 4149 2404 4197; x_wconf 93' lang='lat' dir='ltr'><strong>ut</strong></span> <span class='ocrx_word' id='word_1_664' title='bbox 2425 4149 2593 4196; x_wconf 89' lang='lat' dir='ltr'><strong>totum</strong></span> <span class='ocrx_word' id='word_1_665' title='bbox 2623 4140 2829 4197; x_wconf 91' lang='lat' dir='ltr'><strong>bonum</strong></span> <span class='ocrx_word' id='word_1_666' title='bbox 2859 4147 3099 4195; x_wconf 91' lang='lat' dir='ltr'><strong>nostrum</strong></span> <span class='ocrx_word' id='word_1_667' title='bbox 3135 4141 3204 4196; x_wconf 90' lang='lat' dir='ltr'><strong>ab</strong></span> <span class='ocrx_word' id='word_1_668' title='bbox 3263 4141 3382 4211; x_wconf 92' lang='lat' dir='ltr'><strong>ipso</strong></span> <span class='ocrx_word' id='word_1_669' title='bbox 3437 4142 3523 4208; x_wconf 90' lang='lat' dir='ltr'><strong>sit,</strong></span> <span class='ocrx_word' id='word_1_670' title='bbox 3570 4150 3629 4197; x_wconf 92' lang='lat' dir='ltr'><strong>ut</strong></span> <span class='ocrx_word' id='word_1_671' title='bbox 3678 4150 3734 4198; x_wconf 90' lang='lat' dir='ltr'><strong>et</strong></span> 
     </span>
    </p>
   </div>
   <div class='ocr_carea' id='block_1_88' title="bbox 2149 4228 3733 4303">
    <p class='ocr_par' dir='ltr' id='par_1_88' title="bbox 2149 4228 3733 4303">
     <span class='ocr_line' id='line_1_88' title="bbox 2149 4228 3733 4303; baseline 0.001 -18"><span class='ocrx_word' id='word_1_672' title='bbox 2149 4230 2293 4303; x_wconf 87' lang='lat' dir='ltr'><strong>quod</strong></span> <span class='ocrx_word' id='word_1_673' title='bbox 2321 4230 2573 4302; x_wconf 87' lang='lat' dir='ltr'><strong>petimus,</strong></span> <span class='ocrx_word' id='word_1_674' title='bbox 2604 4239 2659 4284; x_wconf 91' lang='lat' dir='ltr'><strong>et</strong></span> <span class='ocrx_word' id='word_1_675' title='bbox 2685 4228 2828 4300; x_wconf 91' lang='lat' dir='ltr'><strong>quod</strong></span> <span class='ocrx_word' id='word_1_676' title='bbox 2857 4236 3097 4300; x_wconf 89' lang='lat' dir='ltr'><strong>petentes</strong></span> <span class='ocrx_word' id='word_1_677' title='bbox 3138 4229 3449 4301; x_wconf 88' lang='lat' dir='ltr'><strong>accipimus,</strong></span> <span class='ocrx_word' id='word_1_678' title='bbox 3483 4231 3597 4303; x_wconf 91' lang='lat' dir='ltr'><strong>ejus</strong></span> <span class='ocrx_word' id='word_1_679' title='bbox 3639 4231 3733 4287; x_wconf 91' lang='lat' dir='ltr'><strong>do-</strong></span> 
     </span>
    </p>
   </div>
   <div class='ocr_carea' id='block_1_89' title="bbox 2151 4318 3511 4393">
    <p class='ocr_par' dir='ltr' id='par_1_89' title="bbox 2151 4318 3511 4393">
     <span class='ocr_line' id='line_1_89' title="bbox 2151 4318 3511 4393; baseline -0.001 -17"><span class='ocrx_word' id='word_1_680' title='bbox 2151 4338 2279 4376; x_wconf 90' lang='lat' dir='ltr'><strong>num</strong></span> <span class='ocrx_word' id='word_1_681' title='bbox 2309 4336 2416 4376; x_wconf 93' lang='lat' dir='ltr'><strong>non</strong></span> <span class='ocrx_word' id='word_1_682' title='bbox 2446 4327 2685 4375; x_wconf 90' lang='lat' dir='ltr'><strong>nostrum</strong></span> <span class='ocrx_word' id='word_1_683' title='bbox 2717 4320 2967 4374; x_wconf 90' lang='lat' dir='ltr'><strong>meritum</strong></span> <span class='ocrx_word' id='word_1_684' title='bbox 2990 4334 3106 4375; x_wconf 90' lang='lat' dir='ltr'><strong>esse</strong></span> <span class='ocrx_word' id='word_1_685' title='bbox 3132 4318 3511 4393; x_wconf 85' lang='lat' dir='ltr'><strong>intelligamus.</strong></span> 
     </span>
    </p>
   </div>
   <div class='ocr_carea' id='block_1_90' title="bbox 2223 4425 3737 4499">
    <p class='ocr_par' dir='ltr' id='par_1_90' title="bbox 2223 4425 3737 4499">
     <span class='ocr_line' id='line_1_90' title="bbox 2223 4425 3737 4499; baseline 0.001 -17"><span class='ocrx_word' id='word_1_686' title='bbox 2223 4427 2404 4483; x_wconf 88' lang='lat' dir='ltr'><strong>Prima</strong></span> <span class='ocrx_word' id='word_1_687' title='bbox 2432 4443 2565 4499; x_wconf 90' lang='lat' dir='ltr'><strong>ergo</strong></span> <span class='ocrx_word' id='word_1_688' title='bbox 2612 4426 2799 4496; x_wconf 89' lang='lat' dir='ltr'><strong>petitio</strong></span> <span class='ocrx_word' id='word_1_689' title='bbox 2856 4432 3043 4482; x_wconf 91' lang='lat' dir='ltr'><strong>contra</strong></span> <span class='ocrx_word' id='word_1_690' title='bbox 3093 4425 3402 4498; x_wconf 90' lang='lat' dir='ltr'><strong>superbiam</strong></span> <span class='ocrx_word' id='word_1_691' title='bbox 3453 4434 3575 4496; x_wconf 89' lang='lat' dir='ltr'><strong>est,</strong></span> <span class='ocrx_word' id='word_1_692' title='bbox 3632 4444 3737 4498; x_wconf 86' lang='lat' dir='ltr'><strong>qua</strong></span> 
     </span>
    </p>
   </div>
   <div class='ocr_carea' id='block_1_91' title="bbox 442 4502 2031 4589">
    <p class='ocr_par' dir='ltr' id='par_1_91' title="bbox 442 4502 2031 4583">
     <span class='ocr_line' id='line_1_91' title="bbox 442 4502 2031 4583; baseline -0.01 -11"><span class='ocrx_word' id='word_1_693' title='bbox 442 4515 605 4572; x_wconf 87' lang='lat' dir='ltr'><strong>etiam</strong></span> <span class='ocrx_word' id='word_1_694' title='bbox 628 4511 771 4583; x_wconf 90' lang='lat' dir='ltr'><strong>quod</strong></span> <span class='ocrx_word' id='word_1_695' title='bbox 801 4509 964 4566; x_wconf 88' lang='lat' dir='ltr'><strong>habet</strong></span> <span class='ocrx_word' id='word_1_696' title='bbox 997 4508 1099 4562; x_wconf 89' lang='lat' dir='ltr'><strong>sibi</strong></span> <span class='ocrx_word' id='word_1_697' title='bbox 1157 4507 1441 4579; x_wconf 89' lang='lat' dir='ltr'><strong>disciplere</strong></span> <span class='ocrx_word' id='word_1_698' title='bbox 1499 4504 1705 4576; x_wconf 92' lang='lat' dir='ltr'><strong>incipit,</strong></span> <span class='ocrx_word' id='word_1_699' title='bbox 1766 4519 1927 4573; x_wconf 90' lang='lat' dir='ltr'><strong>quem</strong></span> <span class='ocrx_word' id='word_1_700' title='bbox 1986 4502 2031 4556; x_wconf 88' lang='lat' dir='ltr'><strong>in</strong></span> 
     </span>
    </p>
   </div>
   <div class='ocr_carea' id='block_1_92' title="bbox 2144 4502 3735 4589">
    <p class='ocr_par' dir='ltr' id='par_1_92' title="bbox 2159 4513 3735 4573">
     <span class='ocr_line' id='line_1_92' title="bbox 2159 4513 3735 4573; baseline -0.001 0"><span class='ocrx_word' id='word_1_701' title='bbox 2159 4518 2393 4573; x_wconf 90' lang='lat' dir='ltr'><strong>Domino</strong></span> <span class='ocrx_word' id='word_1_702' title='bbox 2459 4515 2731 4572; x_wconf 89' lang='lat' dir='ltr'><strong>dicimus:</strong></span> <span class='ocrx_word' id='word_1_703' title='bbox 2806 4537 2829 4565; x_wconf 74' lang='grc' dir='ltr'><strong><em>α</em></strong></span> <span class='ocrx_word' id='word_1_704' title='bbox 2871 4513 3241 4571; x_wconf 85' lang='lat' dir='ltr'><strong>Sanctiﬁcetur</strong></span> <span class='ocrx_word' id='word_1_705' title='bbox 3331 4533 3528 4573; x_wconf 91' lang='lat' dir='ltr'><strong>nomen</strong></span> <span class='ocrx_word' id='word_1_706' title='bbox 3590 4524 3735 4572; x_wconf 88' lang='lat' dir='ltr'><strong>tuum</strong></span> 
     </span>
    </p>
   </div>
   <div class='ocr_carea' id='block_1_93' title="bbox 444 4590 2042 4672">
    <p class='ocr_par' dir='ltr' id='par_1_93' title="bbox 444 4590 2042 4672">
     <span class='ocr_line' id='line_1_93' title="bbox 444 4590 2042 4672; baseline -0.011 -10"><span class='ocrx_word' id='word_1_707' title='bbox 444 4605 551 4662; x_wconf 86' lang='lat' dir='ltr'><strong>alio</strong></span> <span class='ocrx_word' id='word_1_708' title='bbox 582 4602 635 4657; x_wconf 90' lang='lat' dir='ltr'><strong>id</strong></span> <span class='ocrx_word' id='word_1_709' title='bbox 667 4598 810 4672; x_wconf 90' lang='lat' dir='ltr'><strong>quod</strong></span> <span class='ocrx_word' id='word_1_710' title='bbox 840 4599 1039 4654; x_wconf 84' lang='lat' dir='ltr'><strong>habere</strong></span> <span class='ocrx_word' id='word_1_711' title='bbox 1069 4612 1177 4653; x_wconf 90' lang='lat' dir='ltr'><strong>non</strong></span> <span class='ocrx_word' id='word_1_712' title='bbox 1217 4603 1394 4668; x_wconf 90' lang='lat' dir='ltr'><strong>potest</strong></span> <span class='ocrx_word' id='word_1_713' title='bbox 1443 4592 1707 4667; x_wconf 90' lang='lat' dir='ltr'><strong>agnoscit.</strong></span> <span class='ocrx_word' id='word_1_714' title='bbox 1750 4590 1854 4661; x_wconf 89' lang='lat' dir='ltr'><strong>Qui</strong></span> <span class='ocrx_word' id='word_1_715' title='bbox 1909 4605 2042 4663; x_wconf 87' lang='lat' dir='ltr'><strong>ergo</strong></span> 
     </span>
    </p>
   </div>
   <div class='ocr_carea' id='block_1_94' title="bbox 449 4687 2046 4775">
    <p class='ocr_par' dir='ltr' id='par_1_94' title="bbox 449 4687 2046 4775">
     <span class='ocr_line' id='line_1_94' title="bbox 449 4687 2046 4775; baseline -0.01 -17"><span class='ocrx_word' id='word_1_716' title='bbox 449 4719 545 4775; x_wconf 89' lang='lat' dir='ltr'><strong>per</strong></span> <span class='ocrx_word' id='word_1_717' title='bbox 573 4700 886 4757; x_wconf 86' lang='lat' dir='ltr'><strong>charitatem</strong></span> <span class='ocrx_word' id='word_1_718' title='bbox 907 4697 963 4751; x_wconf 89' lang='lat' dir='ltr'><strong>in</strong></span> <span class='ocrx_word' id='word_1_719' title='bbox 984 4697 1098 4751; x_wconf 92' lang='lat' dir='ltr'><strong>Deo</strong></span> <span class='ocrx_word' id='word_1_720' title='bbox 1122 4702 1292 4751; x_wconf 90' lang='lat' dir='ltr'><strong>totum</strong></span> <span class='ocrx_word' id='word_1_721' title='bbox 1338 4692 1533 4748; x_wconf 90' lang='lat' dir='ltr'><strong>habere</strong></span> <span class='ocrx_word' id='word_1_722' title='bbox 1564 4690 1752 4763; x_wconf 85' lang='lat' dir='ltr'><strong>potuit,</strong></span> <span class='ocrx_word' id='word_1_723' title='bbox 1789 4688 1845 4744; x_wconf 93' lang='lat' dir='ltr'><strong>id</strong></span> <span class='ocrx_word' id='word_1_724' title='bbox 1882 4687 2046 4745; x_wconf 88' lang='lat' dir='ltr'><strong>etiam</strong></span> 
     </span>
    </p>
   </div>
   <div class='ocr_carea' id='block_1_95' title="bbox 449 4778 2044 4865">
    <p class='ocr_par' dir='ltr' id='par_1_95' title="bbox 449 4778 2044 4865">
     <span class='ocr_line' id='line_1_95' title="bbox 449 4778 2044 4865; baseline -0.01 -16"><span class='ocrx_word' id='word_1_725' title='bbox 449 4791 595 4865; x_wconf 91' lang='lat' dir='ltr'><strong>quod</strong></span> <span class='ocrx_word' id='word_1_726' title='bbox 624 4806 721 4862; x_wconf 91' lang='lat' dir='ltr'><strong>per</strong></span> <span class='ocrx_word' id='word_1_727' title='bbox 747 4787 1035 4845; x_wconf 87' lang='lat' dir='ltr'><strong>elationem</strong></span> <span class='ocrx_word' id='word_1_728' title='bbox 1067 4792 1219 4840; x_wconf 88' lang='lat' dir='ltr'><strong>extra</strong></span> <span class='ocrx_word' id='word_1_729' title='bbox 1264 4784 1436 4840; x_wconf 89' lang='lat' dir='ltr'><strong>Deum</strong></span> <span class='ocrx_word' id='word_1_730' title='bbox 1484 4781 1684 4837; x_wconf 87' lang='lat' dir='ltr'><strong>habere</strong></span> <span class='ocrx_word' id='word_1_731' title='bbox 1730 4778 2044 4848; x_wconf 88' lang='lat' dir='ltr'><strong>conabatur,</strong></span> 
     </span>
    </p>
   </div>
   <div class='ocr_carea' id='block_1_96' title="bbox 450 4870 2051 4955">
    <p class='ocr_par' dir='ltr' id='par_1_96' title="bbox 450 4870 2051 4955">
     <span class='ocr_line' id='line_1_96' title="bbox 450 4870 2051 4955; baseline -0.011 -16"><span class='ocrx_word' id='word_1_732' title='bbox 450 4899 550 4955; x_wconf 88' lang='lat' dir='ltr'><strong>per</strong></span> <span class='ocrx_word' id='word_1_733' title='bbox 577 4878 839 4938; x_wconf 89' lang='lat' dir='ltr'><strong>invidiam</strong></span> <span class='ocrx_word' id='word_1_734' title='bbox 868 4884 922 4931; x_wconf 92' lang='lat' dir='ltr'><strong>et</strong></span> <span class='ocrx_word' id='word_1_735' title='bbox 950 4876 1084 4931; x_wconf 89' lang='lat' dir='ltr'><strong>iram</strong></span> <span class='ocrx_word' id='word_1_736' title='bbox 1129 4872 1343 4940; x_wconf 91' lang='lat' dir='ltr'><strong>amittit,</strong></span> <span class='ocrx_word' id='word_1_737' title='bbox 1404 4870 1551 4943; x_wconf 87' lang='lat' dir='ltr'><strong>quia,</strong></span> <span class='ocrx_word' id='word_1_738' title='bbox 1609 4875 1896 4942; x_wconf 92' lang='lat' dir='ltr'><strong>postquam</strong></span> <span class='ocrx_word' id='word_1_739' title='bbox 1949 4883 2051 4937; x_wconf 90' lang='lat' dir='ltr'><strong>per</strong></span> 
     </span>
    </p>
   </div>
   <div class='ocr_carea' id='block_1_97' title="bbox 449 4965 2048 5049">
    <p class='ocr_par' dir='ltr' id='par_1_97' title="bbox 449 4965 2048 5049">
     <span class='ocr_line' id='line_1_97' title="bbox 449 4965 2048 5049; baseline -0.01 -14"><span class='ocrx_word' id='word_1_740' title='bbox 449 4977 760 5049; x_wconf 89' lang='lat' dir='ltr'><strong>superbiam</strong></span> <span class='ocrx_word' id='word_1_741' title='bbox 790 4975 962 5029; x_wconf 90' lang='lat' dir='ltr'><strong>Deum</strong></span> <span class='ocrx_word' id='word_1_742' title='bbox 994 4971 1209 5040; x_wconf 89' lang='lat' dir='ltr'><strong>amittit,</strong></span> <span class='ocrx_word' id='word_1_743' title='bbox 1240 4986 1340 5041; x_wconf 89' lang='lat' dir='ltr'><strong>per</strong></span> <span class='ocrx_word' id='word_1_744' title='bbox 1369 4968 1629 5024; x_wconf 90' lang='lat' dir='ltr'><strong>invidiam</strong></span> <span class='ocrx_word' id='word_1_745' title='bbox 1686 4965 1861 5039; x_wconf 90' lang='lat' dir='ltr'><strong>perdit</strong></span> <span class='ocrx_word' id='word_1_746' title='bbox 1915 4980 2048 5037; x_wconf 88' lang='lat' dir='ltr'><strong>pro-</strong></span> 
     </span>
    </p>
   </div>
   <div class='ocr_carea' id='block_1_98' title="bbox 448 5052 2049 5134">
    <p class='ocr_par' dir='ltr' id='par_1_98' title="bbox 448 5052 2049 5134">
     <span class='ocr_line' id='line_1_98' title="bbox 448 5052 2049 5134; baseline -0.01 -10"><span class='ocrx_word' id='word_1_747' title='bbox 448 5069 656 5124; x_wconf 90' lang='lat' dir='ltr'><strong>ximum</strong></span> <span class='ocrx_word' id='word_1_748' title='bbox 683 5074 736 5121; x_wconf 92' lang='lat' dir='ltr'><strong>et</strong></span> <span class='ocrx_word' id='word_1_749' title='bbox 764 5079 864 5134; x_wconf 82' lang='lat' dir='ltr'><strong>per</strong></span> <span class='ocrx_word' id='word_1_750' title='bbox 890 5062 1026 5118; x_wconf 89' lang='lat' dir='ltr'><strong>iram</strong></span> <span class='ocrx_word' id='word_1_751' title='bbox 1056 5058 1433 5130; x_wconf 91' lang='lat' dir='ltr'><strong>semetipsum.</strong></span> <span class='ocrx_word' id='word_1_752' title='bbox 1484 5055 1626 5126; x_wconf 85' lang='lat' dir='ltr'><strong>Quia</strong></span> <span class='ocrx_word' id='word_1_753' title='bbox 1678 5070 1811 5127; x_wconf 90' lang='lat' dir='ltr'><strong>ergo</strong></span> <span class='ocrx_word' id='word_1_754' title='bbox 1867 5052 2049 5110; x_wconf 89' lang='lat' dir='ltr'><strong>omni-</strong></span> 
     </span>
    </p>
   </div>
   <div class='ocr_carea' id='block_1_99' title="bbox 448 5142 2052 5222">
    <p class='ocr_par' dir='ltr' id='par_1_99' title="bbox 448 5142 2052 5222">
     <span class='ocr_line' id='line_1_99' title="bbox 448 5142 2052 5222; baseline -0.011 -8"><span class='ocrx_word' id='word_1_755' title='bbox 448 5158 551 5215; x_wconf 91' lang='lat' dir='ltr'><strong>bus</strong></span> <span class='ocrx_word' id='word_1_756' title='bbox 578 5154 792 5213; x_wconf 89' lang='lat' dir='ltr'><strong>amissis</strong></span> <span class='ocrx_word' id='word_1_757' title='bbox 827 5151 961 5207; x_wconf 91' lang='lat' dir='ltr'><strong>nihil</strong></span> <span class='ocrx_word' id='word_1_758' title='bbox 1026 5156 1270 5222; x_wconf 89' lang='lat' dir='ltr'><strong>superest</strong></span> <span class='ocrx_word' id='word_1_759' title='bbox 1332 5146 1475 5203; x_wconf 91' lang='lat' dir='ltr'><strong>unde</strong></span> <span class='ocrx_word' id='word_1_760' title='bbox 1540 5144 1795 5220; x_wconf 89' lang='lat' dir='ltr'><strong>gaudeat,</strong></span> <span class='ocrx_word' id='word_1_761' title='bbox 1856 5142 2052 5199; x_wconf 86' lang='lat' dir='ltr'><strong>infelix</strong></span> 
     </span>
    </p>
   </div>
   <div class='ocr_carea' id='block_1_100' title="bbox 446 5240 2050 5323">
    <p class='ocr_par' dir='ltr' id='par_1_100' title="bbox 446 5240 2050 5323">
     <span class='ocr_line' id='line_1_100' title="bbox 446 5240 2050 5323; baseline -0.011 -11"><span class='ocrx_word' id='word_1_762' title='bbox 446 5251 774 5312; x_wconf 80' lang='lat' dir='ltr'><strong>conscientia</strong></span> <span class='ocrx_word' id='word_1_763' title='bbox 801 5266 899 5323; x_wconf 86' lang='lat' dir='ltr'><strong>per</strong></span> <span class='ocrx_word' id='word_1_764' title='bbox 953 5247 1215 5303; x_wconf 90' lang='lat' dir='ltr'><strong>tristitiam</strong></span> <span class='ocrx_word' id='word_1_765' title='bbox 1271 5245 1328 5300; x_wconf 90' lang='lat' dir='ltr'><strong>in</strong></span> <span class='ocrx_word' id='word_1_766' title='bbox 1398 5242 1701 5313; x_wconf 90' lang='lat' dir='ltr'><strong>semetipsis</strong></span> <span class='ocrx_word' id='word_1_767' title='bbox 1761 5240 2050 5311; x_wconf 88' lang='lat' dir='ltr'><strong>colliditur,</strong></span> 
     </span>
    </p>
   </div>
   <div class='ocr_carea' id='block_1_101' title="bbox 450 5329 2052 5415">
    <p class='ocr_par' dir='ltr' id='par_1_101' title="bbox 450 5329 2052 5415">
     <span class='ocr_line' id='line_1_101' title="bbox 450 5329 2052 5415; baseline -0.009 -16"><span class='ocrx_word' id='word_1_768' title='bbox 450 5352 504 5399; x_wconf 88' lang='lat' dir='ltr'><strong>et</strong></span> <span class='ocrx_word' id='word_1_769' title='bbox 531 5344 658 5415; x_wconf 90' lang='lat' dir='ltr'><strong>quia</strong></span> <span class='ocrx_word' id='word_1_770' title='bbox 695 5341 763 5396; x_wconf 91' lang='lat' dir='ltr'><strong>de</strong></span> <span class='ocrx_word' id='word_1_771' title='bbox 802 5338 979 5396; x_wconf 89' lang='lat' dir='ltr'><strong>alieno</strong></span> <span class='ocrx_word' id='word_1_772' title='bbox 1015 5336 1162 5393; x_wconf 93' lang='lat' dir='ltr'><strong>bono</strong></span> <span class='ocrx_word' id='word_1_773' title='bbox 1199 5334 1291 5407; x_wconf 90' lang='lat' dir='ltr'><strong>pie</strong></span> <span class='ocrx_word' id='word_1_774' title='bbox 1326 5333 1496 5391; x_wconf 67' lang='lat' dir='ltr'><strong>laetari</strong></span> <span class='ocrx_word' id='word_1_775' title='bbox 1558 5330 1747 5404; x_wconf 84' lang='lat' dir='ltr'><strong>noluit,</strong></span> <span class='ocrx_word' id='word_1_776' title='bbox 1817 5329 1885 5385; x_wconf 91' lang='lat' dir='ltr'><strong>de</strong></span> <span class='ocrx_word' id='word_1_777' title='bbox 1953 5344 2052 5385; x_wconf 92' lang='lat' dir='ltr'><strong>suo</strong></span> 
     </span>
    </p>
   </div>
   <div class='ocr_carea' id='block_1_102' title="bbox 453 5429 911 5489">
    <p class='ocr_par' dir='ltr' id='par_1_102' title="bbox 453 5429 911 5489">
     <span class='ocr_line' id='line_1_102' title="bbox 453 5429 911 5489; baseline -0.009 -3"><span class='ocrx_word' id='word_1_778' title='bbox 453 5433 598 5489; x_wconf 90' lang='lat' dir='ltr'><strong>malo</strong></span> <span class='ocrx_word' id='word_1_779' title='bbox 625 5429 911 5488; x_wconf 88' lang='lat' dir='ltr'><strong>cruciatur.</strong></span> 
     </span>
    </p>
   </div>
   <div class='ocr_carea' id='block_1_103' title="bbox 525 5536 2056 5617">
    <p class='ocr_par' dir='ltr' id='par_1_103' title="bbox 525 5536 2056 5617">
     <span class='ocr_line' id='line_1_103' title="bbox 525 5536 2056 5617; baseline -0.007 -16"><span class='ocrx_word' id='word_1_780' title='bbox 525 5548 650 5603; x_wconf 90' lang='lat' dir='ltr'><strong>Post</strong></span> <span class='ocrx_word' id='word_1_781' title='bbox 675 5544 987 5617; x_wconf 89' lang='lat' dir='ltr'><strong>superbiam</strong></span> <span class='ocrx_word' id='word_1_782' title='bbox 1019 5557 1171 5614; x_wconf 87' lang='lat' dir='ltr'><strong>ergo,</strong></span> <span class='ocrx_word' id='word_1_783' title='bbox 1204 5548 1254 5596; x_wconf 91' lang='lat' dir='ltr'><strong>et</strong></span> <span class='ocrx_word' id='word_1_784' title='bbox 1284 5538 1566 5603; x_wconf 90' lang='lat' dir='ltr'><strong>invidiam,</strong></span> <span class='ocrx_word' id='word_1_785' title='bbox 1611 5545 1665 5593; x_wconf 90' lang='lat' dir='ltr'><strong>et</strong></span> <span class='ocrx_word' id='word_1_786' title='bbox 1720 5536 1876 5605; x_wconf 88' lang='lat' dir='ltr'><strong>iram,</strong></span> <span class='ocrx_word' id='word_1_787' title='bbox 1932 5550 2056 5605; x_wconf 61' lang='lat' dir='ltr'><strong>qua</strong></span> 
     </span>
    </p>
   </div>
   <div class='ocr_carea' id='block_1_104' title="bbox 455 5622 2054 5703">
    <p class='ocr_par' dir='ltr' id='par_1_104' title="bbox 455 5622 2054 5703">
     <span class='ocr_line' id='line_1_104' title="bbox 455 5622 2054 5703; baseline -0.006 -17"><span class='ocrx_word' id='word_1_788' title='bbox 455 5630 733 5690; x_wconf 86' lang='lat' dir='ltr'><strong>hominem</strong></span> <span class='ocrx_word' id='word_1_789' title='bbox 805 5631 1086 5703; x_wconf 87' lang='lat' dir='ltr'><strong>spoliant,</strong></span> <span class='ocrx_word' id='word_1_790' title='bbox 1160 5629 1414 5685; x_wconf 91' lang='lat' dir='ltr'><strong>continuo</strong></span> <span class='ocrx_word' id='word_1_791' title='bbox 1487 5626 1700 5682; x_wconf 87' lang='lat' dir='ltr'><strong>tristitia</strong></span> <span class='ocrx_word' id='word_1_792' title='bbox 1768 5622 2009 5695; x_wconf 89' lang='lat' dir='ltr'><strong>sequitur</strong></span> <span class='ocrx_word' id='word_1_793' title='bbox 2036 5663 2054 5691; x_wconf 89' lang='lat'><strong>,</strong></span> 
     </span>
    </p>
   </div>
   <div class='ocr_carea' id='block_1_105' title="bbox 457 5712 2057 5793">
    <p class='ocr_par' dir='ltr' id='par_1_105' title="bbox 457 5712 2057 5793">
     <span class='ocr_line' id='line_1_105' title="bbox 457 5712 2057 5793; baseline -0.008 -13"><span class='ocrx_word' id='word_1_794' title='bbox 457 5735 577 5790; x_wconf 75' lang='lat' dir='ltr'><strong>quae</strong></span> <span class='ocrx_word' id='word_1_795' title='bbox 613 5722 873 5779; x_wconf 87' lang='lat' dir='ltr'><strong>nudatum</strong></span> <span class='ocrx_word' id='word_1_796' title='bbox 901 5720 1166 5793; x_wconf 84' lang='lat' dir='ltr'><strong>ﬂagellat.</strong></span> <span class='ocrx_word' id='word_1_797' title='bbox 1204 5718 1302 5781; x_wconf 75' lang='lat' dir='ltr'><strong>Cui</strong></span> <span class='ocrx_word' id='word_1_798' title='bbox 1332 5716 1528 5773; x_wconf 84' lang='lat' dir='ltr'><strong>deinde</strong></span> <span class='ocrx_word' id='word_1_799' title='bbox 1581 5713 1819 5773; x_wconf 84' lang='lat' dir='ltr'><strong>succedit</strong></span> <span class='ocrx_word' id='word_1_800' title='bbox 1872 5712 2057 5771; x_wconf 87' lang='lat' dir='ltr'><strong>avari-</strong></span> 
     </span>
    </p>
   </div>
   <div class='ocr_carea' id='block_1_106' title="bbox 528 5839 1484 5920">
    <p class='ocr_par' dir='ltr' id='par_1_106' title="bbox 528 5839 1484 5920">
     <span class='ocr_line' id='line_1_106' title="bbox 528 5839 1484 5920; baseline -0.005 -21"><span class='ocrx_word' id='word_1_801' title='bbox 528 5846 666 5920; x_wconf 70' lang='lat'><strong>(15&#39;)</strong></span> <span class='ocrx_word' id='word_1_802' title='bbox 696 5842 787 5898; x_wconf 86' lang='lat' dir='ltr'><strong>Sic</strong></span> <span class='ocrx_word' id='word_1_803' title='bbox 812 5842 869 5898; x_wconf 87' lang='lat' dir='ltr'><strong>in</strong></span> <span class='ocrx_word' id='word_1_804' title='bbox 896 5841 1082 5897; x_wconf 87' lang='lat' dir='ltr'><strong>codice</strong></span> <span class='ocrx_word' id='word_1_805' title='bbox 1114 5856 1127 5892; x_wconf 86' lang='lat'><strong>:</strong></span> <span class='ocrx_word' id='word_1_806' title='bbox 1162 5839 1324 5894; x_wconf 90' lang='lat' dir='ltr'><strong>miser</strong></span> <span class='ocrx_word' id='word_1_807' title='bbox 1350 5840 1484 5895; x_wconf 77' lang='lat' dir='ltr'><strong>suis.</strong></span> 
     </span>
    </p>
   </div>
   <div class='ocr_carea' id='block_1_107' title="bbox 2154 4603 3737 4676">
    <p class='ocr_par' dir='ltr' id='par_1_107' title="bbox 2154 4603 3737 4676">
     <span class='ocr_line' id='line_1_107' title="bbox 2154 4603 3737 4676; baseline -0.001 -13"><span class='ocrx_word' id='word_1_808' title='bbox 2154 4607 2384 4675; x_wconf 75' lang='lat' dir='ltr'><strong>(Matth.</strong></span> <span class='ocrx_word' id='word_1_809' title='bbox 2422 4606 2524 4669; x_wconf 73' lang='lat' dir='ltr'><strong>vr).</strong></span> <span class='ocrx_word' id='word_1_810' title='bbox 2561 4626 2583 4653; x_wconf 83' lang='lat'><strong>»</strong></span> <span class='ocrx_word' id='word_1_811' title='bbox 2627 4605 2745 4660; x_wconf 84' lang='lat' dir='ltr'><strong>Hoc</strong></span> <span class='ocrx_word' id='word_1_812' title='bbox 2768 4603 2911 4660; x_wconf 91' lang='lat' dir='ltr'><strong>enim</strong></span> <span class='ocrx_word' id='word_1_813' title='bbox 2944 4604 3195 4676; x_wconf 89' lang='lat' dir='ltr'><strong>petimus,</strong></span> <span class='ocrx_word' id='word_1_814' title='bbox 3225 4612 3285 4660; x_wconf 92' lang='lat' dir='ltr'><strong>ut</strong></span> <span class='ocrx_word' id='word_1_815' title='bbox 3336 4604 3428 4662; x_wconf 87' lang='lat' dir='ltr'><strong>det</strong></span> <span class='ocrx_word' id='word_1_816' title='bbox 3466 4604 3620 4662; x_wconf 89' lang='lat' dir='ltr'><strong>nobis</strong></span> <span class='ocrx_word' id='word_1_817' title='bbox 3663 4606 3737 4661; x_wconf 88' lang='lat' dir='ltr'><strong>ti-</strong></span> 
     </span>
    </p>
   </div>
   <div class='ocr_carea' id='block_1_108' title="bbox 2154 4693 3740 4768">
    <p class='ocr_par' dir='ltr' id='par_1_108' title="bbox 2154 4693 3740 4768">
     <span class='ocr_line' id='line_1_108' title="bbox 2154 4693 3740 4768; baseline -0.001 -17"><span class='ocrx_word' id='word_1_818' title='bbox 2154 4712 2304 4751; x_wconf 91' lang='lat' dir='ltr'><strong>mere</strong></span> <span class='ocrx_word' id='word_1_819' title='bbox 2335 4702 2388 4751; x_wconf 91' lang='lat' dir='ltr'><strong>et</strong></span> <span class='ocrx_word' id='word_1_820' title='bbox 2439 4693 2687 4751; x_wconf 88' lang='lat' dir='ltr'><strong>venerari</strong></span> <span class='ocrx_word' id='word_1_821' title='bbox 2739 4709 2940 4749; x_wconf 87' lang='lat' dir='ltr'><strong>nomen</strong></span> <span class='ocrx_word' id='word_1_822' title='bbox 3004 4710 3182 4761; x_wconf 91' lang='lat' dir='ltr'><strong>suum,</strong></span> <span class='ocrx_word' id='word_1_823' title='bbox 3240 4702 3498 4765; x_wconf 87' lang='lat' dir='ltr'><strong>quatenus</strong></span> <span class='ocrx_word' id='word_1_824' title='bbox 3542 4694 3591 4750; x_wconf 92' lang='lat' dir='ltr'><strong>ei</strong></span> <span class='ocrx_word' id='word_1_825' title='bbox 3644 4711 3740 4768; x_wconf 88' lang='lat' dir='ltr'><strong>per</strong></span> 
     </span>
    </p>
   </div>
   <div class='ocr_carea' id='block_1_109' title="bbox 2156 4782 3738 4857">
    <p class='ocr_par' dir='ltr' id='par_1_109' title="bbox 2156 4782 3738 4857">
     <span class='ocr_line' id='line_1_109' title="bbox 2156 4782 3738 4857; baseline -0.001 -15"><span class='ocrx_word' id='word_1_826' title='bbox 2156 4785 2515 4842; x_wconf 90' lang='lat' dir='ltr'><strong>humilitatem</strong></span> <span class='ocrx_word' id='word_1_827' title='bbox 2541 4782 2771 4853; x_wconf 89' lang='lat' dir='ltr'><strong>subjecti</strong></span> <span class='ocrx_word' id='word_1_828' title='bbox 2798 4783 2986 4853; x_wconf 88' lang='lat' dir='ltr'><strong>simus,</strong></span> <span class='ocrx_word' id='word_1_829' title='bbox 3018 4783 3110 4853; x_wconf 92' lang='lat' dir='ltr'><strong>qui</strong></span> <span class='ocrx_word' id='word_1_830' title='bbox 3144 4798 3245 4854; x_wconf 89' lang='lat' dir='ltr'><strong>per</strong></span> <span class='ocrx_word' id='word_1_831' title='bbox 3298 4783 3604 4857; x_wconf 88' lang='lat' dir='ltr'><strong>superbiam</strong></span> <span class='ocrx_word' id='word_1_832' title='bbox 3654 4801 3738 4841; x_wconf 89' lang='lat' dir='ltr'><strong>re-</strong></span> 
     </span>
    </p>
   </div>
   <div class='ocr_carea' id='block_1_110' title="bbox 2155 4880 3737 4954">
    <p class='ocr_par' dir='ltr' id='par_1_110' title="bbox 2155 4880 3737 4954">
     <span class='ocr_line' id='line_1_110' title="bbox 2155 4880 3737 4954; baseline 0 -15"><span class='ocrx_word' id='word_1_833' title='bbox 2155 4884 2327 4939; x_wconf 80' lang='lat' dir='ltr'><strong>belles</strong></span> <span class='ocrx_word' id='word_1_834' title='bbox 2354 4890 2407 4939; x_wconf 89' lang='lat' dir='ltr'><strong>et</strong></span> <span class='ocrx_word' id='word_1_835' title='bbox 2439 4889 2784 4940; x_wconf 89' lang='lat' dir='ltr'><strong>contumaces</strong></span> <span class='ocrx_word' id='word_1_836' title='bbox 2810 4880 3130 4938; x_wconf 89' lang='lat' dir='ltr'><strong>exstitimus.</strong></span> <span class='ocrx_word' id='word_1_837' title='bbox 3172 4881 3308 4938; x_wconf 85' lang='lat' dir='ltr'><strong>Huic</strong></span> <span class='ocrx_word' id='word_1_838' title='bbox 3352 4882 3591 4954; x_wconf 90' lang='lat' dir='ltr'><strong>petitioni</strong></span> <span class='ocrx_word' id='word_1_839' title='bbox 3636 4882 3737 4939; x_wconf 86' lang='lat' dir='ltr'><strong>da-</strong></span> 
     </span>
    </p>
   </div>
   <div class='ocr_carea' id='block_1_111' title="bbox 2159 4969 3740 5041">
    <p class='ocr_par' dir='ltr' id='par_1_111' title="bbox 2159 4969 3740 5041">
     <span class='ocr_line' id='line_1_111' title="bbox 2159 4969 3740 5041; baseline -0.001 -11"><span class='ocrx_word' id='word_1_840' title='bbox 2159 4981 2244 5030; x_wconf 90' lang='lat' dir='ltr'><strong>tur</strong></span> <span class='ocrx_word' id='word_1_841' title='bbox 2262 4972 2464 5029; x_wconf 90' lang='lat' dir='ltr'><strong>donum</strong></span> <span class='ocrx_word' id='word_1_842' title='bbox 2496 4970 2727 5041; x_wconf 89' lang='lat' dir='ltr'><strong>Spiritus</strong></span> <span class='ocrx_word' id='word_1_843' title='bbox 2754 4970 2962 5026; x_wconf 92' lang='lat' dir='ltr'><strong>timoris</strong></span> <span class='ocrx_word' id='word_1_844' title='bbox 3005 4969 3246 5041; x_wconf 90' lang='lat' dir='ltr'><strong>Domini,</strong></span> <span class='ocrx_word' id='word_1_845' title='bbox 3289 4978 3349 5026; x_wconf 94' lang='lat' dir='ltr'><strong>ut</strong></span> <span class='ocrx_word' id='word_1_846' title='bbox 3396 4971 3486 5027; x_wconf 91' lang='lat' dir='ltr'><strong>ille</strong></span> <span class='ocrx_word' id='word_1_847' title='bbox 3539 4972 3607 5028; x_wconf 90' lang='lat' dir='ltr'><strong>ad</strong></span> <span class='ocrx_word' id='word_1_848' title='bbox 3647 4988 3740 5029; x_wconf 84' lang='lat' dir='ltr'><strong>cor</strong></span> 
     </span>
    </p>
   </div>
   <div class='ocr_carea' id='block_1_112' title="bbox 2158 5059 3739 5133">
    <p class='ocr_par' dir='ltr' id='par_1_112' title="bbox 2158 5059 3739 5133">
     <span class='ocr_line' id='line_1_112' title="bbox 2158 5059 3739 5133; baseline -0.001 -13"><span class='ocrx_word' id='word_1_849' title='bbox 2158 5062 2383 5121; x_wconf 90' lang='lat' dir='ltr'><strong>veniens</strong></span> <span class='ocrx_word' id='word_1_850' title='bbox 2413 5059 2664 5117; x_wconf 89' lang='lat' dir='ltr'><strong>virtutem</strong></span> <span class='ocrx_word' id='word_1_851' title='bbox 2714 5059 2771 5114; x_wconf 90' lang='lat' dir='ltr'><strong>in</strong></span> <span class='ocrx_word' id='word_1_852' title='bbox 2803 5075 2869 5115; x_wconf 88' lang='lat' dir='ltr'><strong>eo</strong></span> <span class='ocrx_word' id='word_1_853' title='bbox 2924 5067 3173 5116; x_wconf 87' lang='lat' dir='ltr'><strong>exerceat</strong></span> <span class='ocrx_word' id='word_1_854' title='bbox 3234 5060 3566 5130; x_wconf 89' lang='lat' dir='ltr'><strong>humilitatis,</strong></span> <span class='ocrx_word' id='word_1_855' title='bbox 3623 5078 3739 5133; x_wconf 67' lang='lat' dir='ltr'><strong>qua:</strong></span> 
     </span>
    </p>
   </div>
   <div class='ocr_carea' id='block_1_113' title="bbox 2161 5148 3741 5223">
    <p class='ocr_par' dir='ltr' id='par_1_113' title="bbox 2161 5148 3741 5223">
     <span class='ocr_line' id='line_1_113' title="bbox 2161 5148 3741 5223; baseline 0 -16"><span class='ocrx_word' id='word_1_856' title='bbox 2161 5150 2429 5223; x_wconf 65' lang='lat' dir='ltr'><strong>superbia:</strong></span> <span class='ocrx_word' id='word_1_857' title='bbox 2458 5149 2708 5205; x_wconf 89' lang='lat' dir='ltr'><strong>morbum</strong></span> <span class='ocrx_word' id='word_1_858' title='bbox 2737 5156 2908 5217; x_wconf 88' lang='lat' dir='ltr'><strong>sanet,</strong></span> <span class='ocrx_word' id='word_1_859' title='bbox 2941 5156 3202 5219; x_wconf 90' lang='lat' dir='ltr'><strong>quatenus</strong></span> <span class='ocrx_word' id='word_1_860' title='bbox 3240 5148 3309 5205; x_wconf 91' lang='lat' dir='ltr'><strong>ad</strong></span> <span class='ocrx_word' id='word_1_861' title='bbox 3362 5165 3585 5223; x_wconf 66' lang='lat' dir='ltr'><strong>regnum</strong></span> <span class='ocrx_word' id='word_1_862' title='bbox 3637 5166 3741 5207; x_wconf 68' lang='lat' dir='ltr'><strong>ca:-</strong></span> 
     </span>
    </p>
   </div>
   <div class='ocr_carea' id='block_1_114' title="bbox 2162 5237 3742 5311">
    <p class='ocr_par' dir='ltr' id='par_1_114' title="bbox 2162 5237 3742 5311">
     <span class='ocr_line' id='line_1_114' title="bbox 2162 5237 3742 5311; baseline 0 -15"><span class='ocrx_word' id='word_1_863' title='bbox 2162 5242 2336 5297; x_wconf 90' lang='lat' dir='ltr'><strong>lorum</strong></span> <span class='ocrx_word' id='word_1_864' title='bbox 2366 5239 2511 5311; x_wconf 88' lang='lat' dir='ltr'><strong>quod</strong></span> <span class='ocrx_word' id='word_1_865' title='bbox 2542 5238 2769 5311; x_wconf 88' lang='lat' dir='ltr'><strong>angelus</strong></span> <span class='ocrx_word' id='word_1_866' title='bbox 2814 5237 3079 5310; x_wconf 91' lang='lat' dir='ltr'><strong>superbus</strong></span> <span class='ocrx_word' id='word_1_867' title='bbox 3122 5254 3220 5309; x_wconf 88' lang='lat' dir='ltr'><strong>per</strong></span> <span class='ocrx_word' id='word_1_868' title='bbox 3253 5239 3535 5296; x_wconf 90' lang='lat' dir='ltr'><strong>elationem</strong></span> <span class='ocrx_word' id='word_1_869' title='bbox 3572 5239 3742 5311; x_wconf 88' lang='lat' dir='ltr'><strong>perdi-</strong></span> 
     </span>
    </p>
   </div>
   <div class='ocr_carea' id='block_1_115' title="bbox 2165 5326 3292 5398">
    <p class='ocr_par' dir='ltr' id='par_1_115' title="bbox 2165 5326 3292 5398">
     <span class='ocr_line' id='line_1_115' title="bbox 2165 5326 3292 5398; baseline -0.003 -14"><span class='ocrx_word' id='word_1_870' title='bbox 2165 5330 2319 5398; x_wconf 83' lang='lat' dir='ltr'><strong>didit,</strong></span> <span class='ocrx_word' id='word_1_871' title='bbox 2355 5330 2517 5384; x_wconf 91' lang='lat' dir='ltr'><strong>homo</strong></span> <span class='ocrx_word' id='word_1_872' title='bbox 2552 5327 2770 5382; x_wconf 90' lang='lat' dir='ltr'><strong>humilis</strong></span> <span class='ocrx_word' id='word_1_873' title='bbox 2797 5326 3079 5398; x_wconf 89' lang='lat' dir='ltr'><strong>pervenire</strong></span> <span class='ocrx_word' id='word_1_874' title='bbox 3105 5328 3292 5397; x_wconf 75' lang='lat' dir='ltr'><strong>possit.</strong></span> 
     </span>
    </p>
   </div>
   <div class='ocr_carea' id='block_1_116' title="bbox 2238 5433 3739 5507">
    <p class='ocr_par' dir='ltr' id='par_1_116' title="bbox 2238 5433 3739 5507">
     <span class='ocr_line' id='line_1_116' title="bbox 2238 5433 3739 5507; baseline -0.001 -14"><span class='ocrx_word' id='word_1_875' title='bbox 2238 5435 2489 5493; x_wconf 88' lang='lat' dir='ltr'><strong>Secunda</strong></span> <span class='ocrx_word' id='word_1_876' title='bbox 2518 5434 2704 5507; x_wconf 88' lang='lat' dir='ltr'><strong>petitio</strong></span> <span class='ocrx_word' id='word_1_877' title='bbox 2735 5442 2814 5491; x_wconf 86' lang='lat' dir='ltr'><strong>est</strong></span> <span class='ocrx_word' id='word_1_878' title='bbox 2851 5442 3038 5490; x_wconf 91' lang='lat' dir='ltr'><strong>contra</strong></span> <span class='ocrx_word' id='word_1_879' title='bbox 3072 5433 3353 5504; x_wconf 87' lang='lat' dir='ltr'><strong>invidiam,</strong></span> <span class='ocrx_word' id='word_1_880' title='bbox 3384 5451 3489 5505; x_wconf 90' lang='lat' dir='ltr'><strong>qua</strong></span> <span class='ocrx_word' id='word_1_881' title='bbox 3513 5433 3700 5491; x_wconf 90' lang='lat' dir='ltr'><strong>dicitur</strong></span> <span class='ocrx_word' id='word_1_882' title='bbox 3727 5456 3739 5491; x_wconf 91' lang='lat'><strong>:</strong></span> 
     </span>
    </p>
   </div>
   <div class='ocr_carea' id='block_1_117' title="bbox 2172 5523 3744 5597">
    <p class='ocr_par' dir='ltr' id='par_1_117' title="bbox 2172 5523 3744 5597">
     <span class='ocr_line' id='line_1_117' title="bbox 2172 5523 3744 5597; baseline 0.003 -20"><span class='ocrx_word' id='word_1_883' title='bbox 2172 5550 2193 5577; x_wconf 78' lang='grc' dir='ltr'><em>α</em></span> <span class='ocrx_word' id='word_1_884' title='bbox 2231 5525 2498 5583; x_wconf 79' lang='lat' dir='ltr'><strong>Adveniet</strong></span> <span class='ocrx_word' id='word_1_885' title='bbox 2525 5540 2752 5597; x_wconf 87' lang='lat' dir='ltr'><strong>regnum</strong></span> <span class='ocrx_word' id='word_1_886' title='bbox 2809 5532 2977 5579; x_wconf 90' lang='lat' dir='ltr'><strong>tuum.</strong></span> <span class='ocrx_word' id='word_1_887' title='bbox 3015 5546 3037 5574; x_wconf 79' lang='grc' dir='ltr'>ι»</span> <span class='ocrx_word' id='word_1_888' title='bbox 3098 5523 3343 5596; x_wconf 85' lang='lat' dir='ltr'><strong>Regnum</strong></span> <span class='ocrx_word' id='word_1_889' title='bbox 3364 5523 3625 5595; x_wconf 88' lang='lat' dir='ltr'><strong>siquidem</strong></span> <span class='ocrx_word' id='word_1_890' title='bbox 3654 5525 3744 5581; x_wconf 84' lang='lat' dir='ltr'><strong>Dei</strong></span> 
     </span>
    </p>
   </div>
   <div class='ocr_carea' id='block_1_118' title="bbox 2164 5617 3745 5689">
    <p class='ocr_par' dir='ltr' id='par_1_118' title="bbox 2164 5617 3745 5689">
     <span class='ocr_line' id='line_1_118' title="bbox 2164 5617 3745 5689; baseline -0.001 -12"><span class='ocrx_word' id='word_1_891' title='bbox 2164 5621 2309 5678; x_wconf 88' lang='lat' dir='ltr'><strong>salus</strong></span> <span class='ocrx_word' id='word_1_892' title='bbox 2338 5629 2418 5677; x_wconf 91' lang='lat' dir='ltr'><strong>est</strong></span> <span class='ocrx_word' id='word_1_893' title='bbox 2446 5618 2747 5685; x_wconf 89' lang='lat' dir='ltr'><strong>hominum,</strong></span> <span class='ocrx_word' id='word_1_894' title='bbox 2810 5618 2937 5689; x_wconf 87' lang='lat' dir='ltr'><strong>quia</strong></span> <span class='ocrx_word' id='word_1_895' title='bbox 2993 5626 3117 5674; x_wconf 91' lang='lat' dir='ltr'><strong>tunc</strong></span> <span class='ocrx_word' id='word_1_896' title='bbox 3170 5619 3313 5675; x_wconf 91' lang='lat' dir='ltr'><strong>Deus</strong></span> <span class='ocrx_word' id='word_1_897' title='bbox 3341 5617 3394 5673; x_wconf 93' lang='lat' dir='ltr'><strong>in</strong></span> <span class='ocrx_word' id='word_1_898' title='bbox 3448 5619 3745 5676; x_wconf 89' lang='lat' dir='ltr'><strong>hominibus</strong></span> 
     </span>
    </p>
   </div>
   <div class='ocr_carea' id='block_1_119' title="bbox 2164 5706 3745 5785">
    <p class='ocr_par' dir='ltr' id='par_1_119' title="bbox 2164 5706 3745 5785">
     <span class='ocr_line' id='line_1_119' title="bbox 2164 5706 3745 5785; baseline 0.002 -17"><span class='ocrx_word' id='word_1_899' title='bbox 2164 5727 2395 5785; x_wconf 85' lang='lat' dir='ltr'><strong>regnare</strong></span> <span class='ocrx_word' id='word_1_900' title='bbox 2424 5708 2634 5781; x_wconf 87' lang='lat' dir='ltr'><strong>dicitur,</strong></span> <span class='ocrx_word' id='word_1_901' title='bbox 2669 5706 2885 5781; x_wconf 89' lang='lat' dir='ltr'><strong>quando</strong></span> <span class='ocrx_word' id='word_1_902' title='bbox 2914 5707 3016 5780; x_wconf 89' lang='lat' dir='ltr'><strong>ipsi</strong></span> <span class='ocrx_word' id='word_1_903' title='bbox 3070 5708 3317 5765; x_wconf 89' lang='lat' dir='ltr'><strong>homines</strong></span> <span class='ocrx_word' id='word_1_904' title='bbox 3351 5707 3584 5768; x_wconf 86' lang='lat' dir='ltr'><strong>Domino</strong></span> <span class='ocrx_word' id='word_1_905' title='bbox 3620 5708 3745 5771; x_wconf 79' lang='lat' dir='ltr'><strong>sub-</strong></span> 
     </span>
    </p>
   </div>
  </div>
