3924 6442
185 396 313 449 1069

1113 387 1699 446 DEFLORATIONES
1737 387 1840 442 SS.
1891 387 2192 445 PATRUM.
2226 419 2294 429 —
2325 389 2456 443 LIB.
2502 388 2575 444 II.

3344 391 3478 444 1070

176 545 448 614 jiciuntur,
491 552 548 600 et
587 543 756 600 modo
785 543 833 597 ei
861 541 1193 597 adharendo
1225 558 1321 610 per
1353 540 1535 607 fidem,
1573 548 1624 594 et
1654 546 1776 609 post
1805 540 1858 602 Α
1886 549 2076 596 nostro
2106 541 2293 595 debito
2322 539 2534 594 absolvi
2566 539 2885 606 debeamus,
2921 557 2986 595 ex
3020 540 3296 611 proposita
3328 541 3476 594 salu-

179 633 490 688 inharendo
519 650 625 704 per
657 632 914 703 speciem.
960 631 1064 699 Qui
1096 646 1230 700 ergo
1274 630 1408 700 petit
1443 638 1500 684 ut
1554 644 1781 701 regnum

180 731 276 785 Dei
305 731 583 796 adveniat,
631 729 722 784 ille
779 727 1021 799 profecto
1060 727 1288 782 salutem
1323 727 1598 781 hominum
1631 743 1783 796 qua-

181 820 266 874 rit.
299 821 374 873 Ac
403 836 504 890 per
547 820 654 874 hoc
685 819 812 872 dum
845 833 940 887 pro
998 815 1276 871 communi
1317 816 1560 869 omnium
1609 815 1783 868 salute

183 909 435 978 postulat,
517 907 710 961 livoris
749 907 933 960 vitium
974 922 1032 959 se
1090 904 1387 975 reprobare
1427 904 1782 958 demonstrat.

186 995 318 1051 Huic
348 994 606 1065 petitioni
637 996 798 1048 datur
831 992 1062 1063 Spiritus
1095 993 1334 1064 pietatis,
1368 1001 1424 1047 ut
1453 992 1569 1063 ipse
1599 991 1666 1045 ad
1697 1006 1791 1045 cor

189 1097 412 1150 veniens
442 1092 514 1146 ad
553 1090 955 1163 benignitatem
993 1091 1121 1144 illud
1178 1089 1462 1154 accendat,
1522 1096 1791 1159 quatenus

191 1179 256 1234 ad
291 1177 547 1233 eamdem
590 1177 753 1230 homo
809 1183 1033 1230 aterna
1090 1174 1421 1229 hareditatis
1479 1173 1790 1243 possessio-

190 1283 332 1332 nem,
363 1266 432 1321 ad
465 1281 634 1338 quam
664 1265 800 1319 alios
831 1264 1120 1336 pervenire
1153 1263 1318 1333 cupit,
1351 1263 1468 1332 ipse
1491 1261 1790 1332 perveniat.

259 1374 445 1429 Tertia
503 1372 696 1443 petitio
747 1379 829 1426 est
885 1379 1081 1427 contra
1155 1371 1320 1438 iram,
1399 1385 1507 1442 qua
1579 1369 1792 1424 dicitur.

198 1486 217 1510 ιι
254 1463 364 1516 Fiat
403 1461 667 1516 voluntas
733 1470 828 1514 tua
868 1460 1009 1515 sicut
1065 1460 1118 1514 in
1158 1459 1296 1514 calo
1357 1466 1412 1513 et
1449 1459 1502 1512 in
1547 1465 1716 1513 terra.
1769 1485 1790 1505 ηρ

190 1551 309 1606 Non
335 1551 482 1606 enim
517 1549 630 1605 vult
660 1549 991 1604 contendere
1048 1548 1138 1619 qui
1170 1548 1301 1602 dicit
1329 1566 1346 1601 :
1385 1570 1406 1593 ιι
1455 1547 1575 1601 Fiat
1604 1546 1796 1600 volun—

191 1657 271 1703 tas
311 1657 422 1710 tua,
463 1671 484 1695 ιι
527 1647 626 1700 sed
659 1645 764 1700 sibi
796 1645 1008 1716 placere
1061 1644 1261 1700 indicat
1293 1643 1559 1715 quidquid
1598 1644 1798 1698 volun-

193 1736 315 1792 tatis
343 1735 446 1791 Dei
478 1735 664 1801 fuerit,
709 1733 827 1788 sive
875 1734 928 1788 in
984 1750 1042 1789 se
1081 1751 1178 1788 seu
1235 1734 1289 1786 in
1319 1733 1436 1786 aliis
1493 1732 1797 1786 secundum

193 1826 482 1882 arbitrium
544 1840 658 1878 sua
710 1822 1042 1894 dignationis
1106 1822 1406 1892 dispensat.
1475 1821 1608 1876 Huic
1661 1837 1800 1891 ergo

1894 629 1963 682 tis
1995 629 2304 684 conditione
2360 629 2614 683 donatur.
2669 630 2803 682 Huic
2851 645 2994 700 ergo
3027 629 3272 699 petitioni
3327 629 3486 683 datur

1895 717 2130 787 Spiritus
2162 718 2397 782 consilii,
2431 717 2521 789 qui
2551 718 2745 773 doceat
2777 718 2945 772 nosin
2977 719 3078 773 hoc
3100 718 3298 774 saculo
3326 718 3488 772 liben-

1894 824 1976 870 ter
2007 816 2355 885 peccantibus
2413 816 2468 869 in
2521 831 2621 870 nos
2662 815 3094 870 misericordiam
3152 815 3486 885 impendere,

1898 913 2160 975 quatenus
2189 905 2242 958 in
2277 905 2457 960 futuro
2513 920 2634 961 cum
2667 921 2763 975 pro
2792 904 3040 976 peccatis
3084 904 3285 958 nostris
3317 903 3490 959 ratio-

1897 1009 2024 1047 nem
2055 993 2318 1049 reddituri
2348 1010 2554 1060 sumus,
2583 1009 2899 1049 mereamur
2921 992 3354 1049 misericordiam
3408 992 3493 1046 in-

1897 1107 2111 1146 ventre.

1973 1197 2140 1252 Sexta
2169 1197 2357 1267 petitio
2386 1206 2466 1253 est
2485 1206 2672 1254 contra
2701 1198 2906 1272 gulam,
2941 1215 3045 1272 qua
3074 1197 3275 1255 dicitur
3308 1215 3320 1252 :
3358 1221 3379 1247 «
3411 1197 3496 1254 Ne

1903 1301 2002 1341 nos
2033 1286 2260 1342 inducas
2290 1287 2342 1341 in
2365 1288 2744 1353 tentationem,
2770 1312 2792 1337 η
2818 1288 2869 1342 id
2893 1296 2973 1343 est
3003 1287 3184 1344 induci
3211 1285 3497 1360 permittas

1905 1381 2370 1439 intentationem.
2436 1385 2563 1440 Hac
2617 1393 2700 1440 est
2739 1384 2958 1439 tentatio
3013 1399 3121 1456 qua
3173 1399 3275 1439 nos
3303 1383 3497 1439 illece-

1908 1465 2004 1520 bra
2033 1467 2211 1522 carnis
2243 1484 2388 1537 saepe
2418 1483 2516 1537 per
2542 1466 2850 1522 naturalem
2881 1468 3181 1538 appetitum
3212 1466 3282 1522 ad
3313 1466 3498 1522 excel-

1907 1569 2029 1609 sum
2059 1557 2277 1610 trahere
2309 1556 2515 1621 nititur,
2545 1564 2598 1611 et
2627 1555 2860 1611 latenter
2908 1556 3238 1628 voluptatem
3262 1555 3498 1625 subjicit,

1907 1653 2035 1708 dum
2066 1655 2349 1710 manifeste
2399 1654 2559 1710 nobis
2592 1654 2660 1709 de
2718 1654 3042 1710 necessitate
3075 1653 3378 1708 blanditur.
3445 1654 3502 1707 [n

1910 1759 2068 1812 quam
2101 1743 2344 1814 profecto
2374 1743 2728 1798 tentationem
2758 1751 2886 1798 tunc
2917 1758 3269 1814 nequaquam
3299 1740 3508 1797 induci-

1913 1848 2058 1896 mur,
2113 1832 2157 1885 si
2189 1833 2268 1888 sic
2298 1833 2580 1887 studemus
2628 1831 2927 1888 secundum
2959 1848 3273 1887 mensuram
3302 1847 3505 1887 neces—

193 1925 436 1996 petitioni
470 1926 642 1980 datur
673 1925 909 1994 Spiritus
939 1923 1209 1985 scientia,
1242 1929 1297 1976 ut
1328 1921 1445 1992 ipse
1474 1922 1542 1975 ad
1573 1936 1669 1976 cor
1699 1936 1800 1974 ve-
1830 1896 1883 1954 B
1914 1916 2084 1970 sitatis
2116 1926 2318 1971 natura
2350 1917 2649 1971 subsidium
2689 1917 3029 1987 impendere,
3064 1925 3120 1972 ut
3149 1925 3326 1972 tamen
3358 1933 3507 1971 sem-

195 2014 353 2069 niens
411 2014 638 2070 erudiat
695 2013 852 2078 illud,
893 2020 945 2066 et
1003 2011 1292 2065 salubriter
1351 2016 1703 2080 eompungat.
1748 2016 1805 2063 ut

198 2103 328 2158 sciat
360 2105 530 2158 homo
563 2102 768 2157 malum
799 2101 945 2172 quod
1000 2099 1200 2168 patitur
1255 2115 1326 2153 ex
1357 2115 1453 2153 sua
1483 2099 1642 2167 culpa
1673 2113 1803 2167 pro-

198 2190 400 2255 venire,
437 2191 483 2244 si
517 2189 648 2262 quid
679 2199 858 2244 autem
893 2188 1020 2241 boni
1053 2187 1324 2251 habuerit,
1382 2204 1447 2241 ex
1489 2185 1806 2240 misericor-

199 2279 284 2334 dia
327 2279 560 2334 Domini
617 2278 940 2349 proeedere,
974 2292 1035 2330 ac
1096 2292 1196 2346 per
1225 2276 1329 2330 hoc
1367 2275 1560 2342 discat,
1597 2275 1714 2330 sive
1753 2273 1808 2327 in

200 2367 360 2422 malis
391 2385 521 2440 qua
558 2367 810 2432 sustinet,
853 2366 968 2420 sive
1008 2364 1062 2418 in
1093 2365 1251 2419 bonis
1310 2381 1431 2435 qua
1458 2380 1566 2418 non
1626 2362 1804 2424 habet,

200 2468 384 2512 contra
439 2458 762 2512 Creatorem
805 2471 913 2511 non
952 2454 1141 2520 irasci,
1185 2453 1284 2508 sed
1324 2469 1422 2523 per
1472 2451 1652 2507 omnia
1707 2468 1806 2522 pa-

201 2555 449 2611 tientiam
490 2555 784 2610 exhibere.
833 2553 1050 2624 Optime
1115 2567 1252 2623 ergo
1291 2567 1391 2622 per
1429 2549 1808 2620 compunetio-

199 2661 324 2699 nem
363 2643 560 2700 cordis
622 2659 745 2714 qua
803 2641 1013 2710 Spiritu
1074 2639 1312 2696 scientia
1367 2647 1629 2708 cperante
1666 2637 1812 2693 intc-

200 2732 311 2788 rius
336 2751 407 2788 ex
439 2732 750 2787 humilitate
806 2730 1068 2795 nascitur,
1120 2729 1198 2782 ira
1229 2736 1280 2782 et
1310 2727 1610 2800 indignatio
1648 2725 1816 2782 animi

198 2831 508 2902 mitigatur,
582 2829 710 2900 quia
779 2841 1082 2883 econverso
1154 2825 1377 2880 stultum
1419 2826 1502 2879 ira
1540 2823 1814 2890 interﬁcit,

202 2919 418 2991 quando
451 2920 510 2972 in
541 2916 794 2972 adversis
824 2934 922 2987 per
952 2915 1304 2986 impatientia
1334 2915 1516 2969 vitium
1549 2913 1815 2985 agitatus,

203 3017 364 3081 atque
394 3016 660 3069 cacatus,
688 3008 770 3061 vel
804 3007 1006 3060 malum
1030 3004 1174 3076 quod
1207 3005 1406 3074 patitur
1435 3021 1494 3058 se
1525 3003 1812 3068 meruisse,

202 3095 287 3150 vel
318 3095 526 3150 bonum
561 3093 706 3164 quod
748 3093 928 3157 habet,
969 3108 1068 3162 per
1097 3091 1332 3162 gratiam
1371 3089 1653 3160 accepisse
1706 3104 1812 3142 non

206 3193 482 3266 agnoscit.
547 3192 702 3246 Hanc
740 3199 918 3246 autem
984 3189 1257 3256 virtutem,
1301 3188 1354 3242 id
1412 3196 1494 3244 est
1533 3203 1808 3257 compun-

205 3282 438 3336 ctionem
470 3281 589 3336 sive
618 3279 866 3334 dolorem
898 3278 1177 3349 praniium
1208 3276 1598 3332 consolationis
1629 3275 1808 3346 sequi-

204 3380 305 3442 tur,
335 3381 396 3429 ut
419 3374 520 3445 qui
552 3373 640 3428 hic
670 3380 862 3442 sponte
892 3387 1077 3426 coram
1129 3371 1243 3425 Deo
1276 3387 1375 3440 per
1404 3369 1643 3424 lamenta
1671 3365 1805 3421 affli-

203 3473 364 3546 gitur,
444 3471 562 3526 illic
617 3485 803 3525 verum
840 3468 1096 3538 gaudium
1136 3475 1187 3522 et
1243 3465 1482 3521 latitiam
1557 3463 1804 3520 invenire

204 3567 501 3616 mereatur.

271 3663 475 3734 Quarta
507 3661 698 3734 petitio
727 3669 808 3716 est
862 3667 1052 3716 contra
1085 3658 1375 3728 tristitiam,
1411 3675 1518 3730 qua
1547 3659 1744 3714 dicitur
1788 3677 1799 3712 :

206 3780 230 3811 ε
261 3761 468 3816 Panem
522 3766 772 3813 nostrum
823 3757 1194 3829 quotidianum
1245 3757 1317 3810 da
1346 3756 1505 3810 nobis
1536 3756 1723 3811 hodie.
1777 3775 1799 3804 »

202 3855 436 3910 Tristitia
479 3869 722 3925 namque
777 3854 994 3907 tadium
1035 3861 1118 3908 est
1171 3852 1338 3907 animi
1393 3868 1512 3908 cum
1546 3868 1802 3918 mat-ore,

205 3945 425 4015 quando
457 3959 639 4008 mens,
697 3942 1100 4013 quodammodo
1133 3940 1404 3996 tabefacta
1435 3949 1491 3996 et
1547 3941 1678 3996 vitio
1710 3956 1807 3996 suo

205 4033 529 4096 amaricata,
570 4031 780 4084 interna
839 4032 982 4085 bona
1013 4046 1123 4084 non
1169 4030 1394 4100 appetit,
1445 4037 1606 4101 atque
1659 4031 1809 4085 omni

207 4130 400 4202 vigore
429 4135 520 4184 est
551 4135 783 4195 mortua,
817 4127 967 4181 nullo
996 4125 1292 4196 spiritualis
1335 4125 1648 4181 refectionis
1703 4127 1809 4183 de-

210 4219 416 4273 siderio
446 4215 742 4271 hilarescit.
797 4217 1090 4285 Propterea
1121 4215 1190 4269 ad
1219 4215 1528 4269 sanandum
1582 4216 1688 4271 hoc
1728 4216 1811 4270 vi-

212 4305 340 4361 tium
388 4303 683 4376 deprecari
713 4318 812 4358 nos
858 4312 1074 4374 oportet
1120 4303 1554 4358 misericordiam
1611 4304 1731 4369 Dei,
1755 4313 1813 4359 ut

212 4393 333 4466 ipsa
362 4395 526 4450 solita
579 4392 774 4463 pietate
805 4391 996 4446 anima
1026 4391 1186 4446 tadio
1215 4407 1312 4446 suo
1343 4391 1619 4464 languenti
1650 4393 1816 4449 inter-

213 4509 297 4550 na
345 4490 663 4548 refectionis
719 4490 976 4560 pabulum
1034 4490 1340 4556 admoveat,
1403 4491 1633 4562 utquod
1693 4491 1816 4562 ipsa

1841 3236 1889 3298 C

1909 2029 2006 2084 per
2036 2013 2445 2068 meminerimus
2476 2013 2776 2086 appetitum
2831 2015 2898 2068 ab
2933 2013 3187 2070 illecebra
3220 2013 3510 2085 voluptatis

1915 2117 2187 2157 coercere.
2249 2101 2405 2171 Quod
2438 2111 2493 2156 ut
2543 2102 2758 2172 impleri
2793 2102 3106 2168 valeamus,
3141 2103 3298 2158 datur
3354 2103 3512 2158 nobis

1915 2191 2224 2261 petentibus
2255 2191 2488 2261 Spiritus
2519 2190 2910 2263 intelligentia,
2935 2200 2992 2246 ut
3022 2192 3234 2247 interna
3288 2190 3514 2248 refectio

1916 2290 2074 2344 verbi
2106 2290 2204 2344 Dei
2234 2289 2532 2360 appetitum
2562 2289 2895 2345 exteriorem
2925 2290 3198 2346 cohibeat.
3259 2298 3311 2344 et
3352 2306 3514 2346 men-

1917 2385 2026 2432 tem
2057 2377 2287 2448 spiritali
2314 2377 2435 2433 cibo
2480 2378 2806 2443 roboratam,
2843 2395 2943 2434 nec
2973 2379 3150 2434 valeat
3207 2380 3515 2450 corporalis

1918 2474 2141 2535 egestas
2199 2465 2470 2538 frangere,
2527 2482 2629 2521 nec
2679 2466 2860 2523 carnis
2911 2466 3161 2538 voluptas
3220 2484 3507 2539 superare.

1918 2562 2216 2631 PrOpterea
2236 2577 2471 2633 namque
2502 2562 2762 2617 Dominus
2791 2562 2909 2634 ipse
2943 2563 3201 2619 tentatori
3231 2580 3355 2630 suo,
3387 2563 3516 2619 dum

1920 2649 2178 2705 esurienti
2209 2649 2313 2704 sibi
2341 2650 2736 2706 fraudulentam
2767 2651 2836 2706 de
2892 2651 3177 2707 exterioris
3225 2652 3380 2724 panis
3430 2669 3520 2708 re-

1923 2737 2156 2794 fectione
2188 2739 2598 2811 suggestionem
2659 2740 2880 2806 faceret,
2936 2742 3222 2812 respondit
3251 2741 3442 2798 dicens
3504 2759 3517 2795 :

1930 2849 1951 2874 α
1986 2827 2109 2882 Non
2138 2827 2192 2880 in
2224 2827 2343 2883 solo
2378 2844 2517 2898 pane
2548 2827 2677 2884 vivit
2726 2830 2910 2897 homo,
2943 2830 3038 2884 sed
3070 2830 3124 2884 in
3154 2829 3301 2886 omni
3354 2829 3522 2885 verbo

1893 2913 2024 2979 ‘Dei
2055 2925 2276 2994 (Matth.
2317 2927 2417 2994 tv),
2456 2948 2478 2973 ιι
2512 2932 2569 2978 ut
2597 2934 2782 2995 aperte
2812 2926 3214 2981 demonstraret
3236 2925 3380 2997 quia,
3399 2941 3523 2981 cum

1925 3030 2078 3068 mens
2110 3013 2200 3067 illo
2231 3028 2372 3082 pane
2406 3012 2552 3067 intus
2583 3012 2849 3076 reficitur,
2872 3030 2980 3068 non
3013 3030 3346 3085 magnopere
3376 3021 3526 3069 curat

1922 3101 1965 3155 si
1997 3100 2126 3155 foris
2185 3102 2254 3155 ad
2287 3109 2517 3171 tempus
2567 3101 2744 3156 famen
2803 3101 2979 3157 carnis
3037 3103 3284 3172 patiatur.
3344 3103 3524 3157 Datur

1921 3206 2058 3262 ergo
2093 3195 2277 3245 contra
2307 3190 2493 3262 gulam
2524 3191 2755 3261 Spiritus
2785 3190 3172 3262 intelligentia,
3207 3189 3303 3245 sed
3329 3189 3419 3244 ille
3450 3191 3522 3246 ad

1918 3295 2010 3333 our
2040 3278 2286 3344 veniens,
2319 3279 2578 3332 emundat
2608 3278 2737 3333 illud
2769 3288 2930 3350 atque
2963 3277 3234 3349 purificat,
3271 3287 3322 3332 et
3355 3277 3516 3332 illum

1915 3375 2221 3430 interiorem
2253 3375 2466 3430 oculum
2502 3392 2566 3430 ex
2599 3376 2808 3431 ratione
2859 3375 3013 3431 verbi
3045 3375 3144 3430 Dei
3174 3375 3327 3446 quasi
3385 3391 3519 3447 quo-

1916 3473 2040 3528 dam
2069 3472 2299 3544 eollyrio
2332 3489 2557 3541 sanans,
2595 3489 2659 3529 eo
2690 3490 2865 3545 usque
2895 3473 3224 3528 luminosum
3255 3481 3415 3545 atque
3431 3490 3517 3529 se-

1915 3579 2084 3616 unum
2112 3561 2296 3627 efﬁcit,
2331 3570 2386 3616 ut
2445 3562 2515 3616 ad
2545 3562 2720 3633 ipsam
2779 3563 2940 3618 etiam
2973 3563 3188 3617 deitatis
3217 3561 3522 3619 claritatem

1913 3651 2396 3722 contemplandam
2453 3651 2747 3722 perspicax
2793 3651 2907 3707 fiat.
2955 3652 3157 3707 Contra
3204 3651 3389 3706 vitium
3422 3651 3524 3725 igi-

1914 3757 1997 3804 tur
2026 3749 2170 3822 gula
2201 3750 2502 3804 remedium
2530 3751 2842 3820 opponitur,
2876 3750 3084 3806 scilicet
3125 3751 3362 3821 Spiritus
3422 3750 3514 3805 in-

1915 3837 2252 3910 telligentia.
2291 3840 2378 3893 Ex
2435 3839 2638 3909 Spiritu
2676 3847 2854 3895 autem
2885 3839 3270 3912 intelligentia
3299 3838 3521 3894 mundi-

1916 3926 1985 3980 tia
2015 3927 2198 3982 cordis
2253 3927 2515 3982 nascitur.
2549 3928 2814 3983 Munditia
2872 3944 3001 3984 vero
3033 3928 3220 3984 cordis
3251 3927 3522 3984 visionem

1916 4027 2014 4080 Dei
2038 4030 2416 4096 promeretur;
2450 4025 2589 4081 sicut
2619 4026 2880 4098 scriptum
2912 4034 2996 4082 est
3029 4045 3041 4080 :
3082 4049 3104 4076 ιι
3135 4025 3282 4081 Beati
3315 4025 3520 4083 mundo

1915 4114 2098 4182 corde,
2130 4114 2390 4186 quoniam
2418 4113 2520 4185 ipsi
2552 4116 2730 4170 Deum
2759 4114 3019 4171 videbunt
3046 4115 3268 4182 (Matth.
3300 4116 3410 4186 v).n

1991 4212 2230 4281 Septima
2258 4212 2445 4282 petitio
2476 4219 2560 4268 est
2589 4221 2787 4268 contra
2819 4212 3108 4280 luxuriam,
3141 4229 3250 4285 qua
3271 4212 3468 4268 dicitur
3507 4231 3525 4270 :

1925 4323 1946 4347 α
1982 4301 2176 4355 Libera
2205 4317 2304 4356 nos
2336 4317 2369 4356 a
2399 4301 2560 4355 malo.
2599 4324 2621 4347 ο
2687 4301 3092 4356 Convenienter
3154 4318 3292 4357 sane
3325 4318 3521 4358 servus

1919 4397 2226 4454 libertatem
2256 4399 2408 4468 petit,
2441 4406 2495 4454 et
2524 4398 2730 4454 idcirco
2752 4399 2887 4455 huic
2923 4399 3174 4471 petitioni
3203 4400 3365 4455 datur
3394 4400 3522 4471 Spi-

1921 4487 2063 4542 ritus
2109 4488 2408 4558 sapientia,
2473 4487 2565 4558 qui
2613 4490 2882 4542 amissam
2940 4488 3153 4558 captivo
3201 4488 3520 4544 libertatem

211 4582 412 4638 absens
470 4581 647 4635 nescit
693 4588 976 4650 appetere,
1017 4587 1180 4651 gustu
1239 4579 1628 4636 misericordia
1671 4597 1811 4652 pra-
1837 4598 1890 4659 D
1919 4577 2184 4642 restituat,
2218 4576 2474 4647 etjugum
2494 4575 2696 4646 iniqua
2726 4576 3114 4632 dominationis
3136 4577 3282 4648 quod
3303 4577 3415 4632 suis
3437 4577 3523 4632 vi-

213 4671 381 4726 sentis
411 4669 702 4726 admonita
734 4667 957 4738 incipiat
985 4683 1198 4722 amare.
1268 4669 1441 4722 Datur
1495 4685 1629 4740 ergo
1689 4670 1814 4727 huic

210 4768 461 4840 petitioni
515 4765 746 4836 Spiritus
783 4763 1127 4832 fortitudinis,
1184 4772 1241 4818 ut
1295 4764 1638 4821 fatiscentem
1694 4767 1816 4822 ani-

211 4873 356 4912 mam
376 4855 584 4927 exigat,
644 4861 910 4930 quatenus
941 4853 1034 4907 illa
1092 4853 1303 4922 pristini
1359 4854 1565 4924 vigoris
1621 4855 1818 4912 virtute

211 4955 452 5016 recepta,
488 4958 522 4996 a
575 4941 791 4997 defectu
822 4941 905 4996 sui
957 4941 1100 4996 tadii
1128 4941 1194 4995 ad
1233 4941 1571 4997 desiderium
1619 4943 1818 5000 interni

213 5044 417 5098 amoris
449 5039 816 5098 convalescat.
851 5039 1012 5094 Great
1039 5055 1179 5109 ergo
1214 5039 1452 5108 Spiritus
1482 5040 1818 5096 fortitudinis

215 5133 270 5186 in
299 5131 473 5188 corde
506 5130 705 5183 famem
729 5127 969 5197 justitia,
996 5135 1070 5191 ut,
1096 5127 1222 5182 dum
1246 5128 1333 5183 hic
1364 5145 1461 5198 per
1482 5129 1818 5185 desiderium

217 5221 432 5293 pietatis
491 5217 701 5272 fortiter
722 5217 1052 5282 accenditur,
1114 5216 1224 5271 illic
1257 5233 1356 5286 pro
1414 5218 1643 5287 pramio
1699 5219 1819 5290 ple-

218 5326 342 5364 nam
375 5307 727 5364 beatitudinis
757 5306 1059 5360 satietatem
1092 5314 1490 5377 consequatur.

289 5431 492 5501 Quinta
540 5428 730 5500 petitio
759 5436 843 5483 est
871 5436 1062 5484 contra
1090 5429 1402 5495 avaritiam,
1444 5446 1549 5500 qua
1579 5430 1775 5487 dicitur
1804 5447 1816 5487 :

224 5544 244 5571 ι
307 5521 530 5576 Dimitte
561 5518 723 5573 nobis
754 5517 937 5572 debita
966 5525 1172 5582 nostra,
1207 5518 1350 5574 sicut
1379 5527 1433 5572 et
1463 5535 1566 5573 nos
1592 5519 1820 5574 dimitti-

219 5626 339 5666 mus
394 5607 740 5665 debitoribus
783 5607 1013 5661 nostris.
1057 5629 1080 5654 η
1140 5607 1353 5662 Justum
1388 5608 1535 5662 enim
1568 5616 1655 5663 est
1684 5617 1739 5662 ut
1768 5609 1824 5663 in

221 5698 505 5754 reddendo
534 5695 718 5750 debito
745 5710 852 5749 non
883 5695 1077 5750 debeat
1109 5709 1234 5750 esse
1262 5696 1481 5762 anxius,
1515 5697 1608 5767 qui
1637 5695 1692 5750 in
1713 5697 1826 5752 exi-

226 5795 407 5868 gendo
437 5791 672 5850 noluerit
701 5806 823 5845 esse
879 5805 1095 5845 avarus.
1129 5791 1192 5845 Et
1248 5790 1372 5847 ideo
1428 5806 1551 5846 cum
1581 5807 1611 5844 a
1669 5792 1826 5847 nobis

224 5900 322 5956 per
348 5883 446 5940 Dei
477 5880 721 5957 gratiam
751 5879 934 5935 vitium
964 5879 1208 5936 avaritia
1254 5880 1476 5947 tollitur,
1533 5879 1766 5951 qualiter
1793 5897 1827 5937 α
1873 5893 1898 5903 "

1925 4674 2073 4729 ribus
2101 4689 2210 4728 non
2261 4673 2447 4738 valuit,
2481 4689 2580 4744 per
2609 4673 2839 4744 gratiam
2887 4673 3103 4742 adjutus
3133 4673 3354 4729 evadat.
3421 4675 3525 4731 Sa-

1926 4762 2127 4833 pientia
2183 4778 2418 4832 namque
2448 4778 2481 4816 a
2511 4778 2706 4832 sapore
2757 4760 2976 4831 dicitur,
3011 4777 3137 4817 cum
3176 4778 3332 4817 mens
3361 4772 3524 4834 gustu

1926 4852 2150 4906 interna
2174 4850 2475 4906 dulcedinis
2535 4858 2695 4918 tacta,
2757 4857 2920 4905 totam
2945 4866 3006 4906 se
3058 4867 3157 4921 per
3184 4849 3524 4907 desiderium

1925 4939 2069 4995 intus
2099 4940 2326 5011 colligit,
2360 4955 2462 4995 nec
2494 4938 2621 4995 foris
2645 4939 2762 5008 jam
2801 4946 3054 4994 enervata
3087 4941 3142 4993 in
3199 4939 3382 4995 carnis
3430 4956 3528 4996 vo-

1926 5037 2134 5108 luptate
2163 5037 2494 5103 dissolvitur,
2531 5037 2656 5107 quia
2686 5045 2853 5091 totum
2885 5036 3029 5092 intus
3059 5035 3301 5107 possidet
3329 5037 3384 5091 in
3415 5053 3525 5109 quo

1929 5129 2246 5182 delectatur.
2308 5127 2562 5197 Congrue
2605 5125 2772 5197 igitur
2802 5135 2991 5180 contra
3048 5125 3380 5181 exteriorem
3430 5143 3526 5184 vo-

1928 5226 2188 5297 luptatem
2211 5226 2434 5282 interior
2461 5225 2698 5280 dulcedo
2727 5224 3040 5296 apponitur,
3074 5235 3130 5280 ut
3165 5234 3368 5296 quanto
3403 5226 3528 5298 plus

1929 5325 2024 5380 illa
2053 5340 2245 5394 sapere
2274 5332 2327 5379 et
2356 5323 2572 5394 placere
2601 5323 2904 5394 incaperit,
2933 5331 3083 5379 tanto
3110 5324 3333 5380 liberius
3358 5334 3528 5396 atque

1929 5422 2191 5478 libentius
2222 5421 2332 5475 ista
2388 5421 2736 5486 condemnat,
2771 5421 3100 5491 tandemque
3127 5421 3182 5477 in
3241 5423 3532 5493 semetipsa

1931 5527 2085 5566 mens
2115 5509 2430 5580 paciﬁcata,
2466 5509 2597 5563 dum
2655 5509 2789 5563 nihil
2819 5518 2903 5564 est
2933 5508 3061 5564 foris
3122 5510 3268 5581 quod
3297 5519 3532 5582 appetat,

1931 5607 2044 5654 tota
2071 5615 2166 5668 per
2196 5614 2446 5652 amorem
2469 5597 2615 5652 intus
2645 5598 2979 5668 requiescat.
3021 5598 3252 5669 Spiritus
3281 5615 3412 5672 ergo
3442 5616 3539 5656 sa-

1931 5695 2146 5767 pienter
2174 5710 2272 5750 cor
2303 5711 2405 5748 sua
2439 5694 2740 5750 dulcedine
2787 5703 3040 5766 tangens,
3093 5703 3146 5750 et
3175 5696 3314 5752 foris
3337 5711 3543 5754 concu-

1933 5792 2214 5864 piscentia
2272 5793 2531 5847 ardorem
2590 5799 2875 5862 temperat,
2945 5799 2999 5846 et
3057 5793 3236 5863 sopita
3294 5794 3551 5864 concupi-

1935 5880 2148 5938 scentia
2178 5880 2330 5935 intus
2363 5894 2555 5952 pacem
2581 5888 2754 5949 creat,
2791 5889 3067 5951 quatenus
3095 5881 3225 5936 dum
3253 5896 3408 5936 mens
3437 5888 3550 5956 tota
