3924 6414
448 431 471 485 1
486 428 583 484 071

1592 424 1932 483 WERNERI
1971 426 2265 484 ΑΒΗΔἩὸ
2303 425 2361 484 S.
2402 426 2621 485 BLASII

3616 437 3742 491 1072

438 552 511 611 ad
536 553 810 610 internum
842 550 1103 625 gaudium
1131 549 1425 624 colligitur,
1484 549 1646 623 plene
1699 566 1761 608 ac
1790 550 2036 622 perfecte
2067 551 2123 615 Α
2154 549 2387 624 pietatis,
2448 550 2712 620 scientiae,
2760 550 3112 623 fortitudinis,
3153 555 3384 625 consilii,
3416 556 3740 627 intellectus,

441 644 607 700 homo
635 642 706 698 ad
733 640 1033 713 imaginem
1060 639 1161 697 Dei
1191 641 1551 707 reformetur,
1583 640 1726 697 sicut
1779 640 2043 711 scriptum

439 742 565 791 est:
604 756 625 781 ιι
659 730 811 787 Beati
831 728 1062 803 paciﬁci,
1094 729 1357 801 quoniam
1412 728 1510 785 ﬁlii
1538 728 1642 786 Dei
1698 729 2044 788 vocabuntur

440 828 665 901 (ﬂatth.
695 829 774 891 ν).
801 854 822 877 υ

514 982 587 1039 De
609 980 982 1055 petitionibus
1007 997 1133 1055 quae
1183 981 1535 1039 conveniant
1565 979 1941 1055 praesentibus
1988 982 2048 1037 et

1120 1070 1340 1142 futuris
1353 1112 1367 1125 .

510 1215 690 1290 igitur
717 1216 856 1274 sicut
883 1214 1137 1274 Ecclesia
1165 1215 1421 1288 bipertita
1441 1222 1544 1285 est,
1577 1214 1634 1271 in
1658 1222 1812 1287 parte
1840 1214 2051 1272 scilicet

441 1302 832 1374 triumphante,
864 1308 916 1358 et
946 1302 1001 1356 in
1030 1309 1187 1374 parte
1217 1300 1504 1367 militante,
1524 1300 1598 1356 ita
1625 1300 1730 1356 iste
1785 1315 2050 1356 numerus

443 1390 788 1464 septenarius
816 1390 1140 1463 petitionum
1170 1390 1427 1447 dividitur
1481 1389 1537 1444 in
1565 1397 1802 1462 quatuor
1829 1397 1883 1445 et
1910 1389 2041 1444 tria.

442 1488 689 1560 Quatuor
723 1504 959 1562 namque
1013 1488 1346 1545 conveniunt
1399 1489 1543 1560 parti
1600 1486 1869 1554 militanti,
1949 1487 2050 1541 tria

441 1594 580 1637 vero
608 1579 994 1651 triumphanti.
1032 1579 1167 1633 Pars
1226 1593 1464 1650 namque
1538 1577 1779 1632 militans
1810 1575 2051 1646 quandiu

438 1676 589 1744 vivit,
621 1675 678 1730 in
704 1673 918 1731 lubrico
949 1682 1051 1741 est,
1078 1682 1130 1729 et
1161 1673 1286 1729 ideo
1303 1673 1621 1729 necessaria
1644 1680 1727 1728 est
1749 1672 1977 1744 quidem
1998 1671 2049 1726 ei

438 1765 707 1842 quadrata
739 1763 917 1819 forma
937 1763 1253 1836 petitionum
1278 1779 1400 1835 quae
1419 1760 1575 1818 ﬁrma
1594 1770 1696 1831 est,
1714 1778 1784 1817 ne
1808 1760 2046 1815 labatur.

436 1854 567 1911 Hac
595 1868 734 1927 ergo
757 1860 986 1926 quatuor
1006 1851 1319 1925 petitiones,
1340 1851 1783 1923 scilicettpanem
1805 1858 2046 1906 nostrum

2154 640 2460 710 sapientiae.
2492 641 2733 697 Virtutes
2764 649 2949 698 autem
2977 652 3103 700 sunt
3137 662 3149 699 :
3180 646 3479 719 Paupertas
3504 647 3739 720 spiritus,

2153 729 2535 795 mansuetudo,
2556 728 2761 797 luctus,
2786 731 3017 803 esuries,
3036 741 3093 789 et
3120 733 3240 790 sitis
3253 735 3475 805 justitiae
3497 754 3511 800 ;
3542 736 3744 793 miseri-

2153 827 2365 898 cordia,
2398 828 2662 884 munditia
2691 830 2891 900 cordis,
2923 838 2977 887 et
3003 848 3126 904 pax.
3151 833 3519 892 Beatitudines
3544 843 3740 903 autem,

2154 932 2390 989 regnum
2421 916 2712 985 caelorum,
2754 928 2915 977 terra;
2970 923 3269 993 possessio,
3300 924 3613 991 consolatio,
3651 940 3745 981 sa-

2154 1004 2334 1074 tietas,
2376 1005 2775 1063 misericordias
2802 1010 3140 1078 consecutio,
3172 1011 3311 1073 visio
3365 1012 3483 1081 Dei,
3543 1019 3600 1070 et
3656 1014 3743 1085 qui

2154 1102 2252 1160 ﬁlii
2281 1102 2381 1160 Dei
2408 1106 2770 1162 vocabuntur.
2804 1106 3107 1164 Videndum
3139 1116 3222 1165 est
3250 1116 3430 1167 autem
3452 1109 3679 1183 qualiter
3691 1118 3744 1167 et

2156 1210 2281 1266 quae
2300 1193 2615 1266 petitiones,
2644 1204 2735 1250 aut
2766 1212 2889 1268 quin
2908 1196 3054 1253 dona
3072 1206 3276 1270 petant,
3304 1207 3354 1255 et
3374 1200 3517 1271 quod
3532 1199 3737 1271 faciant,

2157 1291 2210 1339 et
2267 1299 2437 1356 quare
2490 1283 2611 1339 ﬁeri
2640 1285 3004 1356 postulentur.
3071 1287 3311 1344 Accedat
3344 1288 3507 1361 igitur
3532 1289 3635 1345 iste
3686 1287 3745 1343 ﬁ-

2156 1381 2297 1438 delis
2351 1388 2537 1437 orator
2590 1381 2835 1454 gemine
2864 1382 3172 1441 dilectionis
3211 1385 3422 1453 virtute,
3473 1386 3664 1443 cmlum
3692 1395 3745 1443 et

2155 1468 2366 1525 mansio
2393 1469 2495 1525 Dei
2524 1469 2720 1536 factus,
2756 1478 2811 1526 et
2837 1471 2986 1528 dicat
3019 1489 3031 1527 :
3068 1497 3090 1522 α
3125 1472 3502 1532 Sanctiﬁcetur
3530 1491 3744 1532 nomem

2154 1566 2328 1615 tuum.
2366 1581 2389 1609 ι
2424 1557 2595 1628 Quasi
2623 1559 2863 1616 diceret:
2898 1561 2978 1616 Da
3008 1562 3190 1631 nobis,
3215 1563 3463 1632 Domine,
3496 1564 3742 1636 Spiritum

2158 1657 2332 1714 sancti
2361 1658 2596 1729 timoris,
2630 1658 2725 1730 qui
2754 1658 2809 1713 in
2841 1659 3002 1716 nobis
3048 1660 3206 1718 faciat
3233 1671 3606 1735 paupertatem
3631 1663 3743 1736 spi-

2156 1747 2312 1813 ritus,
2344 1755 2401 1801 ut
2430 1748 2614 1802 omnia
2645 1748 2966 1819 temporalia
3013 1759 3430 1822 postponamus,
3473 1760 3527 1809 et
3555 1753 3744 1811 sancti-

2156 1834 2467 1892 ﬁcationem
2497 1836 2552 1890 in
2584 1835 2853 1907 baptismo
2901 1846 3185 1911 acceptam
3214 1856 3632 1913 consequamur,
3689 1850 3747 1898 ut

440 1910 818 2027 quotidianum
847 1951 920 2006 da
952 1910 1133 2017 uehis,
1168 1951 1390 2015 (Matth.
1412 1950 1514 2021 v1),
1552 1910 1665 2006 n.et
1694 1957 1896 2004 caetera
1927 1965 2048 2021 quae
2076 1910 2131 1971 B
2164 1933 2385 2027 [andem
2423 1933 2582 2027 P189?
2612 1933 2940 2027 δαῐξοῑίῧοθῑί
2979 1952 3209 2008 regnum
3271 1937 3533 2027 (3310mm
3569 1938 3747 2010 P05“-

438 2049 760 2116 sequuntur,
818 2040 1076 2113 praesenti
1132 2040 1263 2095 vita:
1328 2038 1682 2105 conveniunt,
1714 2038 1769 2093 in
1802 2052 1912 2111 qua
1958 2037 2043 2091 in-

441 2132 712 2190 choantur
758 2138 811 2187 et
846 2128 1222 2203 perﬁciuntur.
1307 2129 1369 2183 In
1406 2130 1512 2185 hac
1574 2127 1721 2183 enim
1761 2127 1872 2183 vita
1909 2141 2053 2200 pane

441 2229 603 2287 verbi
630 2227 731 2284 Dei
764 2235 816 2284 et
844 2243 987 2299 pane
1017 2226 1266 2299 corporis
1296 2225 1493 2281 Christi
1524 2223 1815 2292 reﬁcimur,
1843 2223 1942 2279 sed
1988 2238 2055 2279 ea

446 2312 614 2381 ﬁnita,
672 2327 779 2368 nec
832 2326 976 2383 pane
1031 2310 1460 2381 Scripturarum,
1498 2324 1602 2365 nec
1641 2324 1779 2379 pane
1809 2307 2057 2377 corporis

445 2402 645 2461 Christi
674 2400 955 2457 reﬁcimur
983 2415 1052 2456 eo
1081 2399 1249 2455 modo
1278 2413 1387 2471 quo
1418 2414 1561 2454 nunc
1591 2396 1898 2453 reﬁcimur.
1941 2397 2054 2452 Ve-

443 2518 567 2558 rum
606 2499 755 2571 quod
792 2498 957 2555 modo
995 2496 1155 2570 quasi
1212 2511 1412 2568 panem
1471 2511 1596 2552 cum
1656 2494 1849 2550 labore
1890 2492 2057 2549 sumi-

443 2606 585 2657 mus,
617 2596 753 2645 tunc
789 2586 947 2660 quasi
974 2594 1163 2658 potum
1200 2584 1364 2641 facile
1409 2583 1803 2655 percipiemus.
1851 2585 1914 2638 In
1955 2583 2057 2638 hac

446 2680 614 2736 etiam
640 2677 754 2734 vita
781 2676 911 2732 dum
942 2674 1098 2748 quasi
1125 2672 1472 2739 oﬁ‘endimus,
1530 2671 1730 2727 dimitti
1756 2677 1813 2727 et
1867 2670 2055 2727 dimit-

445 2786 563 2835 tere
592 2790 823 2833 necesse
877 2772 1161 2841 habemus,
1206 2772 1303 2827 sed
1366 2770 1422 2826 in
1459 2769 1662 2838 futuro,
1701 2770 1841 2826 sicut
1895 2768 2046 2824 nulla

454 2867 563 2924 erit
598 2863 831 2930 oﬁensa,
873 2862 949 2918 ita
986 2861 1139 2917 nulla
1177 2860 1279 2917 erit
1318 2860 1632 2916 necessario
1687 2858 2061 2931 indulgentia.

452 2956 554 3013 Hic
582 2955 748 3012 etiam
804 2960 1096 3022 tentamur,
1143 2958 1195 3007 et
1225 2950 1525 3006 timendum
1556 2957 1640 3005 est
1669 2965 1738 3005 ne
1776 2948 2059 3003 tentationi

458 3052 902 3111 succumbamus.
954 3049 1032 3104 Ibi
1063 3050 1207 3105 enim
1235 3048 1380 3103 nulla
1411 3063 1640 3119 prorsus
1670 3046 1769 3103 erit
1799 3046 2051 3102 tentatio.

447 3145 514 3200 In
542 3140 808 3215 praesenti
850 3136 1079 3211 quoque
1120 3137 1542 3193 innumerabilia
1574 3136 1710 3191 mala
1745 3144 2056 3204 occurrunt,

452 3234 638 3290 hostes
687 3236 814 3285 sunt
862 3227 1106 3284 visibiles
1134 3234 1186 3281 et
1214 3225 1540 3293 invisibiles,
1598 3240 1709 3279 non
1762 3240 2058 3295 possumus

453 3322 673 3397 penitus
699 3333 895 3375 carere
926 3316 1191 3389 peccatis,
1236 3315 1363 3386 quia
1392 3329 1610 3385 semper
1642 3312 1864 3368 macula
1893 3321 1973 3368 est
2003 3312 2058 3366 in

450 3421 577 3479 luna
607 3417 730 3491 (Job
760 3418 894 3487 xxv)
923 3434 936 3480 ;
967 3431 1069 3472 nec
1090 3439 1111 3464 κ
1133 3413 1520 3484 justiﬁcabitur
1549 3413 1601 3467 in
1636 3419 1932 3483 conspectu
1956 3409 2056 3466 Dei

450 3509 629 3569 omnis
640 3510 814 3565 homo
830 3505 1021 3562 vivens
1038 3504 1219 3577 (Psal.
1235 3506 1419 3573 cxun).
1433 3523 1455 3553 ι
1482 3500 1623 3570 Quia
1645 3501 1699 3555 in
1714 3500 1928 3574 angelis
1945 3499 2059 3555 suis

451 3600 654 3673 reperit
671 3597 1017 3669 pravitatem,
1042 3601 1095 3650 et
1124 3616 1145 3642 «
1173 3591 1475 3648 inebriatus
1495 3599 1579 3646 est
1609 3590 1663 3645 in
1684 3590 1823 3646 caelo
1840 3588 2059 3663 gladius

452 3698 750 3768 meus(Isa.
784 3694 1028 3764 xxxxv),»
1066 3699 1122 3749 et
1146 3700 1293 3747 astra
1325 3707 1437 3747 non
1459 3698 1585 3746 sunt
1612 3689 1817 3744 munda
1846 3689 1899 3743 in
1929 3704 2060 3745 con-

452 3795 641 3861 spectu
662 3786 799 3856 ejus,
818 3791 874 3840 et
904 3784 1029 3839 ideo
1045 3779 1271 3837 liberari
1293 3796 1324 3835 a
1340 3780 1483 3836 malo
1504 3794 1732 3835 necesse
1749 3795 1871 3834 esse
1892 3778 2059 3833 habe-

451 3891 595 3934 mus.
630 3877 689 3931 ln
721 3874 899 3929 futuro
929 3886 1169 3942 namque
1183 3869 1333 3925 nulla
1363 3869 1470 3925 erit
1502 3867 1639 3923 mala
1662 3867 1927 3930 incussio,
1954 3881 2061 3922 nec

449 3974 563 4032 ulla
590 3971 903 4031 necessaria
931 3967 1207 4025 liberatio.
1242 3966 1377 4023 Aliae
1404 3975 1583 4022 autem
1607 3974 1717 4021 tres
1748 3965 2057 4037 petitiones,

452 4041 657 4122 scilicet
686 4086 708 4109 α
735 4057 1108 4117 sanctiﬁcetur
1126 4073 1325 4113 nomen
1346 4064 1515 4117 tuum.
1549 4055 1804 4111 adveniat
1831 4070 2058 4127 regnum

452 4163 621 4219 tuum,
655 4150 746 4207 ﬁat
772 4149 1024 4207 voluntas
1050 4156 1157 4215 tua,
1197 4171 1218 4195 η
1284 4154 1414 4213 etc.,
1450 4145 1641 4201 futura:
1693 4144 1817 4200 vita
1853 4159 2059 4201 conve-

452 4249 631 4315 niunt,
674 4245 801 4319 quia
829 4248 885 4301 et
915 4244 962 4299 si
1006 4243 1096 4299 hic
1127 4240 1567 4298 sanctificatione
1606 4240 1807 4295 mentis
1835 4239 2062 4311 incipiat

454 4345 509 4396 et
537 4352 771 4410 regnum
816 4340 874 4390 et
894 4333 1146 4389 voluntas
1178 4331 1299 4395 Dei,
1350 4340 1529 4387 tamen
1561 4329 1744 4386 omnia
1773 4327 2061 4401 proﬁcien-

455 4435 546 4485 tur
609 4426 665 4480 in
722 4424 923 4490 futuro,
965 4421 1056 4477 ubi
1096 4437 1160 4477 ex
1219 4428 1331 4477 toto
1370 4418 1719 4476 sanctiﬁcatis
1772 4418 1954 4473 anima
2009 4425 2064 4473 et

453 4530 684 4588 corpore
713 4527 839 4569 cum
871 4510 1089 4566 Christo
1120 4509 1496 4582 regnabimus,
1521 4516 1574 4564 et
1598 4507 1697 4564 Dei
1723 4507 2059 4564 voluntatem

2158 2022 2405 2078 deamus.
2436 2044 2458 2071 «ι
2491 2022 2768 2078 Adveniet
2799 2039 3021 2096 regnum
3055 2034 3225 2094 tuum,
3252 2050 3275 2074 υ
3308 2026 3362 2082 id
3393 2033 3477 2083 est
3499 2027 3566 2083 da
3592 2027 3747 2083 nobis

2161 2120 2213 2167 et
2244 2111 2505 2183 Spiritum
2533 2111 2774 2182 pietatis,
2810 2128 2918 2184 quo
2948 2112 3128 2182 mites,
3156 2115 3446 2185 mansueti,
3479 2125 3532 2173 et
3566 2116 3747 2173 humi-

2162 2209 2244 2265 les
2274 2208 2418 2277 facti,
2450 2218 2635 2266 contra
2684 2209 2941 2267 inimicos
2995 2222 3254 2270 nocentes
3298 2214 3444 2271 nulla
3471 2213 3748 2288 iniquitate

2162 2314 2502 2366 moveamur,
2534 2307 2591 2355 ut
2617 2300 2833 2356 interim
2873 2316 2974 2358 nos
3015 2302 3166 2374 ipsos
3194 2313 3463 2377 regentes,
3520 2312 3575 2360 et
3614 2320 3649 2361 a
3697 2314 3748 2365 te

2164 2389 2283 2462 regi
2314 2388 2616 2460 cupientes,
2658 2390 2879 2447 tandem
2918 2391 2975 2446 in
3032 2399 3177 2447 terra
3207 2391 3498 2449 viventium
3535 2391 3747 2450 ﬁrmam

2164 2485 2573 2559 possessionem
2600 2485 2974 2544 obtineamus.
3018 2512 3039 2538 ιι
3078 2489 3192 2545 Fiat
3219 2490 3468 2547 voluntas
3494 2498 3584 2547 tua
3614 2492 3751 2549 sicut

2164 2580 2220 2631 tn
2259 2577 2399 2633 cuzlo
2436 2582 2491 2631 et
2517 2574 2573 2630 in
2603 2584 2766 2644 terra,
2803 2600 2825 2625 υ
2861 2578 2967 2635 hoc
2995 2585 3079 2634 est
3104 2578 3177 2635 da
3195 2585 3250 2635 et
3293 2579 3547 2651 Spiritum
3575 2580 3752 2638 scieno

2165 2663 2271 2730 tias,
2310 2662 2403 2736 qui
2432 2664 2623 2720 doceat
2642 2680 2745 2721 nos
2772 2664 2967 2739 lugere
2986 2682 3085 2738 pro
3141 2668 3379 2740 peccatis
3409 2669 3604 2725 nostris
3630 2686 3749 2727 cum

2166 2761 2327 2817 Petro
2357 2768 2408 2816 et
2437 2761 2638 2828 Maria,
2672 2777 2774 2834 pro
2808 2762 3002 2819 alienis
3048 2780 3263 2836 quoque
3321 2780 3444 2822 cum
3497 2767 3751 2837 Apostolo

2167 2850 2258 2923 qui
2287 2849 2418 2905 dicit
2452 2867 2465 2905 :
2502 2873 2524 2899 ι
2561 2850 2697 2920 Quis
2727 2852 3139 2921 scandalizatur,
3171 2863 3223 2909 et
3252 2870 3357 2927 ego
3386 2870 3493 2912 non
3522 2872 3651 2912 uror
3674 2858 3704 2912 7
3723 2881 3744 2905 -

2168 2949 2278 2996 etc.
2317 2940 2392 3011 (II
2422 2940 2543 2997 Cor.
2576 2942 2678 3012 xx.)
2713 2941 2817 2997 Pro
2846 2941 3122 2998 desiderio
3152 2959 3367 3016 quoque
3414 2945 3602 3016 patria:
3630 2961 3751 3002 cum

2168 3041 2378 3097 Joanne
2401 3039 2635 3111 quidicit
2654 3058 2701 3094 τα
2728 3041 2797 3097 Et
2816 3057 2921 3115 ego
2942 3044 3138 3099 llebam
3158 3044 3386 3099 multum
3407 3046 3655 3117 (Apoc.vft
3673 3054 3757 3102 »et

2168 3146 2294 3186 cum
2326 3130 2496 3184 David
2532 3129 2781 3186 dicente:
2811 3157 2831 3179 υ
2870 3132 2987 3187 Heu
3018 3132 3150 3187 mihi
3171 3132 3292 3203 quia
3318 3133 3585 3190 incolatus
3606 3151 3754 3191 meus

2171 3218 2526 3291 prolongatus
2548 3227 2630 3276 est
2655 3222 2667 3274 l
2695 3240 2717 3269 ι
2744 3221 2918 3290 (Psal.
2939 3221 3119 3293 crux.)
3149 3222 3217 3278 Ut
3246 3238 3342 3293 per
3376 3221 3574 3280 luctum
3596 3223 3756 3279 istum

2173 3316 2423 3373 voluntas
2454 3316 2552 3371 Dei
2581 3321 2790 3371 tantum
2825 3317 2882 3372 in
2914 3317 3072 3374 nobis
3100 3317 3431 3389 perﬁciatur,
3474 3329 3526 3376 et
3562 3335 3759 3378 conso-

2168 3405 2428 3461 lationem
2475 3404 2788 3477 lugentibus
2840 3406 3168 3478 promissam
3206 3424 3536 3465 mereamur.
3588 3432 3611 3460 α
3654 3411 3760 3466 Pa-

2166 3519 2292 3559 nem
2323 3510 2571 3558 nostrum
2603 3503 2981 3574 quotidianum
3011 3505 3082 3560 da
3129 3506 3287 3562 nobis
3317 3506 3495 3563 hodie.
3534 3531 3555 3556 ιι
3591 3506 3759 3578 Quasi

2167 3591 2379 3648 dicatur
2407 3610 2426 3648 :
2457 3593 2537 3647 Da
2575 3592 2754 3662 nobis,
2797 3594 3048 3661 Domine,
3092 3594 3357 3667 Spiritum
3414 3595 3756 3665 fortitudinis,

2168 3696 2275 3755 quo
2307 3689 2495 3737 contra
2551 3682 2733 3738 omnia
2771 3682 2914 3739 mala
2970 3683 3138 3739 fortes
3196 3700 3338 3757 pane
3365 3686 3517 3743 verbi
3554 3686 3653 3744 Dei
3706 3695 3760 3744 et

2167 3779 2292 3835 cibo
2350 3777 2597 3849 corporis
2653 3778 2853 3835 Christi
2900 3779 3230 3849 reﬁciamur,
3290 3791 3349 3837 ut
3377 3783 3676 3840 esurientes
3706 3792 3761 3841 et

2168 3868 2416 3923 sitientes
2439 3867 2727 3937 justitiam,
2772 3868 2992 3925 tandem
3050 3869 3104 3924 in
3144 3870 3473 3928 beatitudine
3529 3874 3757 3928 saturari

2169 3973 2522 4014 mereamur:
2562 3980 2584 4006 α
2650 3957 2717 4012 Ει
2741 3958 2951 4013 dimitte
3004 3960 3164 4015 nobis
3194 3960 3376 4016 debita
3406 3970 3607 4028 nostra,
3643 3984 3665 4010 ιο
3700 3962 3757 4018 id

2169 4062 2271 4120 est,
2302 4053 2374 4108 da
2401 4053 2562 4109 nobis
2619 4053 2879 4124 Spiritum
2921 4055 3156 4128 consilii,
3210 4065 3269 4113 ut
3314 4057 3359 4112 si
3414 4058 3471 4113 in
3501 4060 3758 4130 praesenti

2169 4143 2408 4200 oﬁ'ensas
2459 4144 2627 4199 vitare
2681 4159 2793 4199 non
2831 4160 3143 4216 possumus,
3174 4145 3368 4203 saltem
3424 4148 3524 4205 hoc
3574 4149 3758 4205 consi-

2170 4232 2304 4288 lium
2342 4232 2662 4299 habeamus,
2696 4240 2756 4288 ut
2788 4233 3170 4292 misericordes
3220 4236 3408 4304 simus,
3438 4245 3491 4292 et
3526 4252 3754 4310 peccan-

2171 4330 2318 4386 tibus
2346 4330 2730 4403 ignoscamus,
2764 4339 2822 4386 ut
2850 4330 2903 4386 in
2935 4330 3118 4388 futuro
3171 4333 3601 4390 misericordiam
3630 4350 3757 4391 con-

2173 4435 2489 4493 sequamur.
2508 4445 2530 4469 «
2568 4419 2634 4475 Et
2661 4437 2730 4475 ne
2751 4435 2852 4476 nos
2868 4419 3125 4478 inducas?
3137 4439 3170 4477 n
3191 4422 3586 4491 tentationem,»
3606 4423 3657 4479 id
3675 4432 3757 4479 est

2171 4510 2240 4565 da
2270 4518 2326 4565 et
2355 4509 2616 4581 Spiritum
2653 4508 3045 4581 intelligentia,
3103 4527 3210 4584 quo
3239 4511 3619 4569 tentationibus
3646 4512 3756 4569 cir-

455 4611 879 4686 complebimus.
918 4606 1232 4664 Notandum
1263 4623 1396 4663 vero
1426 4606 1553 4679 quia
1585 4614 1697 4662 tres
1737 4605 2052 4678 petitiones,
2084 4636 2144 4700 D
2174 4608 2504 4680 cumplicati,
2529 4624 2652 4680 quae
2680 4606 2934 4665 facienda
2980 4617 3108 4665 sunt
3134 4610 3521 4685 intelligamus,
3554 4620 3608 4668 et
3633 4628 3758 4670 cor-

455 4703 705 4780 quamvis
751 4701 805 4756 in
838 4699 1020 4755 futuro
1049 4696 1413 4770 perﬁciantur,
1455 4703 1510 4752 et
1561 4695 1756 4752 ordine
1794 4694 2057 4767 temporis

455 4795 564 4850 sint
595 4790 946 4866 posteriores,
982 4795 1165 4843 tamen
1193 4787 1248 4842 in
1277 4785 1525 4841 oratione
1561 4792 1685 4840 sunt
1707 4784 1942 4856 priores,
1973 4782 2061 4841 vel

455 4908 556 4966 pro
601 4886 842 4947 ternario
881 4883 1339 4951 commendando,
1379 4883 1437 4939 in
1476 4899 1584 4954 quo
1612 4884 1898 4940 Trinitatis
1934 4901 2053 4959 my-

455 4981 675 5039 sterium
707 4977 900 5051 fulget,
934 4975 1021 5031 vel
1053 4973 1182 5047 quia
1211 4972 1493 5045 digniores
1523 4980 1670 5029 sunt.

522 5071 803 5127 Praeterea
868 5063 1211 5137 septenarius
1275 5064 1378 5119 iste
1443 5078 1704 5119 numerus
1740 5063 2062 5135 petitionum

451 5172 764 5235 congruere
801 5161 979 5228 potest
1015 5153 1352 5225 praecedenti
1390 5153 1701 5225 septenario
1764 5153 2058 5222 donorum,

449 5260 709 5317 virtutum
737 5262 792 5311 et
822 5251 1238 5317 beatitudinum,
1295 5250 1365 5306 de
1404 5266 1513 5323 quo
1566 5258 1711 5307 totus
1763 5266 1949 5306 sermo
2005 5252 2060 5307 in

451 5360 641 5406 monte
663 5355 748 5404 est
775 5342 1013 5409 habitus,
1048 5346 1109 5396 ut
1146 5340 1387 5412 singulis
1419 5339 1781 5412 petitionibus
1839 5340 2064 5414 singula

453 5438 599 5495 dona
655 5439 1001 5507 appetuntur,
1043 5446 1168 5503 qure
1204 5428 1451 5503 singulas
1504 5430 1733 5486 virtutes
1797 5428 2058 5500 efficiant,

450 5534 646 5606 quibus
702 5530 933 5604 singulas
989 5528 1357 5585 beatitudines
1414 5536 1688 5601 aptantur.
1765 5527 2060 5585 Petitiones

451 5644 583 5704 ergo
612 5638 755 5696 sunt,
791 5642 928 5701 quas
955 5640 1121 5697 supra
1148 5624 1403 5694 diximus,
1437 5625 1654 5683 scilicet
1686 5643 1701 5682 :
1739 5646 1762 5676 α
1797 5624 2058 5683 Sanctiﬁ-

452 5728 606 5777 oetur
632 5732 855 5785 nomen,
878 5739 902 5767 ιι
935 5725 1064 5779 etc.;
1086 5714 1380 5773 donavero
1410 5722 1557 5787 sunt,
1576 5714 1807 5788 spiritus
1828 5715 2058 5787 timoris,

2057 5898 2146 5922 ﬂ

2174 4699 2246 4754 da
2274 4706 2459 4755 nostra
2487 4697 2832 4765 mundantes,
2866 4697 3213 4772 aliquatenus
3259 4701 3432 4756 Deum
3462 4701 3754 4769 videamus,

2170 4795 2230 4844 ut
2256 4788 2312 4843 in
2341 4787 2530 4843 futuro
2558 4786 2721 4859 plena
2749 4787 2960 4844 visione
2987 4787 3162 4861 ipsum
3190 4797 3556 4847 contueamur.
3592 4812 3614 4843 ι
3649 4790 3757 4847 Sed

2168 4883 2346 4940 libera
2375 4898 2475 4939 nos
2531 4899 2565 4940 a
2591 4881 2758 4948 malo.
2797 4906 2818 4932 ιο
2869 4884 2976 4941 hoc
3027 4893 3132 4953 est,
3188 4886 3260 4942 da
3289 4894 3342 4942 et
3387 4885 3637 4960 Spiritum
3666 4902 3756 4943 sa-

2170 4972 2410 5046 pientiae,
2468 4988 2576 5046 quo
2600 4972 2669 5028 ab
2699 4972 2847 5029 omni
2882 4972 3026 5030 malo
3051 4974 3367 5045 liberemur,
3423 4983 3479 5032 ut
3522 4975 3576 5031 in
3630 4992 3757 5034 arca

2171 5064 2357 5120 cordis
2412 5061 2674 5118 animalia
2727 5061 2930 5119 domita
2992 5062 3153 5119 simul
3228 5071 3279 5120 et
3350 5064 3613 5121 indomita
3664 5081 3754 5122 re-

2172 5162 2477 5237 quiescant,
2544 5170 2606 5219 ut
2633 5162 2818 5234 pravis
2847 5161 3089 5219 motibus
3129 5164 3356 5231 sedatis,
3416 5171 3469 5221 et
3524 5163 3754 5236 imagine

2173 5253 2347 5309 Patris
2402 5252 2677 5319 restituta,
2738 5251 2833 5307 ﬁlii
2886 5252 2987 5308 Dei
3021 5260 3074 5308 et
3112 5268 3237 5310 esse
3263 5268 3594 5309 mereamur.
3632 5254 3754 5311 Haec

2167 5350 2435 5405 hactenus
2466 5350 2533 5405 de
2563 5348 2923 5422 congruentia
2951 5349 3271 5421 petitionum
3294 5350 3563 5407 donorum
3595 5351 3755 5408 virtu-

2173 5447 2291 5496 tum
2323 5448 2374 5496 et
2405 5438 2803 5495 beatitudinum
2850 5437 2998 5495 dicta
3045 5437 3315 5496 suﬁiciant
3342 5457 3357 5506 ;
3388 5453 3612 5511 quorum
3652 5441 3754 5496 alia

2171 5529 2465 5601 postulant,
2501 5528 2556 5583 id
2583 5535 2669 5584 est
2707 5525 3000 5600 petitiones
3034 5546 3048 5596 ;
3079 5528 3186 5584 alia
3215 5527 3557 5600 postulantur
3581 5538 3635 5586 ut
3680 5529 3753 5584 fa-

2168 5628 2335 5695 ciant,
2369 5634 2428 5682 ut
2454 5627 2599 5683 dona
2632 5643 2647 5691 ;
2675 5624 2781 5682 alia
2811 5624 2947 5683 ﬁunt
2975 5633 3034 5681 ut
3061 5625 3308 5692 virtutes,
3343 5623 3451 5682 alia
3478 5625 3753 5698 perﬁciunt

2167 5724 2225 5774 ut
2254 5717 2637 5774 beatitudiues.
