3924 6400
180 398 315 454 1073
1144 398 1726 457 DEFLORATIONES
1764 398 1868 455 SS.
1918 398 2215 456 PATRUM.
2246 430 2317 440 —
2352 399 2479 455 LIB.
2520 402 2590 459 II.

1215 608 1833 713 DOMINICA
1947 609 2504 714 OCTAVA.

3373 406 3506 461 1οη

1423 877 1818 943 Secundum
1874 878 2289 945 Matthaeum.

245 1062 533 1118 Attendite
578 1079 615 1119 a
670 1063 822 1119 falsis
851 1064 1126 1134 prophetis
1181 1062 1271 1133 qui
1320 1062 1542 1118 veniunt
1595 1060 1664 1117 ad
1710 1077 1807 1119 vos
1836 1063 1888 1123 A
1920 1079 2029 1119 non
2072 1063 2323 1119 caleﬁeri.
2383 1066 2474 1121 Sic
2503 1067 2664 1122 etiam
2713 1076 2888 1139 potest
2916 1067 3030 1123 ﬁeri
3085 1076 3142 1123 ut
3179 1068 3353 1124 malus
3404 1084 3515 1126 non

176 1150 233 1206 in
272 1150 643 1206 vestimentis
675 1152 879 1220 ovium,
928 1152 1245 1208 intrinsecus
1292 1159 1470 1206 autem
1527 1159 1648 1206 sunt
1703 1150 1815 1223 lupi
1919 1152 1988 1206 sit
2039 1154 2128 1222 qui
2186 1154 2359 1208 malus
2392 1154 2507 1221 fuit,
2553 1171 2662 1211 non
2696 1164 2876 1212 tamen
2907 1164 3084 1227 potest
3128 1155 3243 1211 ﬁeri
3290 1164 3349 1213 ut
3400 1173 3516 1214 ma-

176 1256 431 1311 rapaces.
466 1244 516 1296 Α
548 1241 827 1297 fructibus
850 1257 1035 1297 eorum
1081 1241 1418 1313 cognoscetis
1445 1257 1538 1295 eos
1592 1239 1812 1310 (Hatth.
1924 1240 2005 1295 lus
2033 1242 2172 1296 bene
2201 1242 2379 1298 faciat.
2404 1244 2543 1299 Nam
2572 1252 2626 1299 et
2680 1245 2723 1299 si
2744 1245 3033 1316 aliquando
3054 1245 3215 1314 utilis,
3248 1260 3357 1301 non
3410 1248 3516 1303 hoc

177 1328 307 1397 vn).
343 1350 367 1376 ι
408 1328 567 1398 Quia
599 1346 902 1401 paucorum
924 1338 1002 1384 est
1046 1338 1331 1402 angustam
1351 1329 1495 1386 viam
1553 1328 1813 1394 invenire,
1924 1330 2040 1401 ipse
2068 1331 2215 1399 facit,
2246 1331 2340 1387 sed
2370 1331 2553 1389 divina
2570 1334 2910 1404 providentia
2935 1332 3012 1389 ﬁt.
3042 1334 3167 1390 Non
3196 1334 3340 1404 quod
3369 1335 3515 1391 Pha-

181 1422 635 1479 frandulentiam
677 1439 863 1480 eorum
904 1425 993 1494 qui
1023 1440 1144 1479 eam
1198 1440 1437 1494 quaerere
1494 1423 1820 1478 mentiuntur

182 1512 440 1581 exponit.
489 1535 513 1560 «
544 1513 850 1575 Attendite,
899 1536 921 1561 υ
976 1512 1029 1567 id
1086 1520 1166 1568 est
1192 1520 1398 1568 cavete.
1440 1512 1520 1567 De
1567 1511 1819 1567 omnibus

182 1600 497 1672 hypocritis
528 1601 630 1657 hic
647 1609 825 1672 potest
861 1601 1110 1673 intelligi,
1142 1602 1237 1656 sed
1274 1601 1578 1671 specialiter
1603 1600 1670 1655 de
1701 1602 1819 1655 hae-

183 1689 372 1745 reticis
407 1689 633 1745 fructus
689 1691 989 1746 animarum
1020 1690 1370 1761 rapientibus.
1414 1690 1566 1746 Unde
1603 1697 1658 1744 et
1683 1689 1821 1760 lupis

185 1793 627 1858 comparantur.
696 1785 972 1856 Praecipue
999 1784 1230 1840 cavendi
1257 1792 1380 1840 sunt
1408 1784 1664 1853 haeretici,
1722 1800 1820 1839 co-

189 1873 515 1946 gnitionem
568 1874 816 1932 veritatis
846 1890 1009 1944 quam
1038 1889 1147 1930 non
1185 1874 1387 1930 habent
1432 1874 1819 1943 promittentes.

192 1964 557 2019 Vestimenta
579 1964 768 2019 ovium
815 1970 940 2018 sunt
964 1962 1167 2018 blanda
1220 1962 1388 2018 verba
1437 1962 1822 2029 innocentium,

192 2066 522 2130 ceteraque
546 2060 834 2133 religionis
864 2060 1040 2132 signa.
1090 2060 1213 2114 Non
1240 2065 1420 2114 autem
1450 2058 1571 2113 ideo
1628 2058 1829 2113 debent

196 2161 335 2203 oves
389 2148 590 2204 odisse
632 2148 1011 2203 vestimentum
1077 2163 1252 2213 suum,
1313 2146 1456 2217 quod
1511 2146 1827 2216 plerunique

197 2235 295 2292 illo
333 2253 396 2291 se
432 2237 720 2293 occultant
774 2236 907 2308 lupi,
955 2237 1085 2291 dum
1133 2235 1278 2291 aliud
1307 2235 1377 2291 ad
1427 2235 1826 2307 decipiendum,

201 2333 356 2388 aliud
385 2335 684 2406 excipiunt
711 2334 780 2390 ad
808 2333 1251 2405 depraedandum.
1284 2334 1480 2388 Verum
1498 2348 1594 2403 per
1614 2340 1828 2403 tempo-

200 2422 334 2477 ralis
360 2422 657 2479 commodi
692 2422 1061 2491 tentationem,
1103 2422 1217 2477 sive
1256 2421 1640 2491 persecutionis
1683 2427 1823 2475 tem-
1852 2420 1905 2480 Β

203 2527 361 2582 pore,
397 2513 652 2583 aperitur
700 2511 827 2582 quid
874 2511 997 2566 sint.
1059 2512 1281 2567 Fructus
1332 2517 1455 2565 sunt
1500 2510 1641 2565 mala
1658 2525 1826 2580 opera

206 2614 435 2656 ϐΟΓΠΠΩ.

286 2746 310 2773 σι
346 2725 619 2796 Nunquid
649 2724 911 2797 colligunt
964 2725 1030 2778 de
1061 2722 1229 2795 spinis
1258 2739 1411 2791 uvas,
1436 2731 1526 2779 aut
1554 2723 1620 2777 de
1659 2722 1824 2777 tribu-

206 2811 435 2869 lisﬁeus
472 2813 506 2869 τ
539 2837 562 2863 ι»
600 2815 883 2886 Sapientes
912 2828 1019 2868 non
1047 2814 1305 2885 colligent
1359 2829 1493 2868 uvas
1519 2813 1584 2866 de
1632 2812 1819 2884 spinis,

204 2898 266 2956 id
297 2909 381 2957 est
408 2902 598 2959 dulcia
653 2902 819 2958 verba
838 2902 907 2958 de
952 2902 1237 2967 haereticis,
1270 2901 1361 2971 qui
1408 2901 1531 2956 ideo
1578 2900 1825 2955 dicuntur

206 2990 386 3058 spinae
444 3000 503 3047 et
533 2990 735 3058 tribuli,
787 2990 915 3061 quia
960 2991 1202 3045 sauciant
1229 2991 1437 3044 animas
1474 3005 1569 3060 per
1620 2989 1821 3045 verbo-

209 3092 334 3133 rum
363 3079 685 3135 blanditias.
741 3079 992 3135 Tribulus
1019 3086 1098 3134 est
1116 3095 1288 3150 genus
1317 3078 1499 3133 herbae
1554 3078 1809 3148 spinosas.

211 3196 234 3222 α
258 3175 457 3247 Neque
497 3177 566 3232 de
597 3176 766 3247 spinis
794 3176 1059 3248 colligunt
1112 3176 1331 3241 fruetus,
1364 3192 1539 3245 neque
1567 3175 1633 3228 de
1685 3174 1819 3228 rubo

208 3263 563 3322 vindemiant
614 3280 775 3320 uvam
807 3266 962 3334 (Luc.
999 3268 1095 3335 γι).
1135 3287 1157 3312 ιι
1194 3264 1375 3335 Spinte
1424 3271 1476 3319 et
1526 3263 1646 3318 rubi
1699 3278 1824 3334 sunt

208 3366 354 3409 cum
405 3353 614 3419 saeculi,
699 3359 754 3408 et
804 3353 1118 3424 punctiones
1191 3352 1463 3417 vitiorum,
1549 3351 1616 3407 de
1692 3351 1818 3421 qui-

214 3438 318 3495 bus
347 3441 626 3513 peccatori
664 3441 864 3497 dictum
894 3449 975 3497 est
1004 3460 1017 3497 :
1056 3464 1078 3489 ιι
1105 3442 1268 3497 Terra
1300 3449 1387 3495 tua
1416 3440 1598 3511 spinas
1646 3447 1700 3494 et
1724 3439 1817 3494 tri-

212 3535 375 3595 bulos
396 3538 731 3612 germinabit
763 3539 855 3593 tibi
884 3539 903 3587 ί
911 3539 1046 3596 Gen.
1078 3541 1183 3608 ιιι).
1223 3561 1245 3587 υ
1282 3538 1439 3594 Ficus
1468 3553 1594 3593 vero
1631 3545 1683 3593 et
1712 3554 1818 3593 uva

211 3625 447 3685 dulcedo
504 3644 662 3684 nova
715 3628 1138 3683 conversationis
1169 3636 1265 3694 est,
1302 3643 1463 3697 quam
1494 3626 1705 3681 Chritus
1761 3627 1816 3680 in

1924 1430 2063 1485 rissei
2094 1430 2293 1486 utiliter
2346 1431 2701 1487 audiebantur
2750 1432 2964 1488 illorum
2985 1441 3117 1501 erat,
3140 1433 3233 1488 sed
3262 1432 3380 1488 Dei.
3435 1433 3516 1490 De

1927 1519 2121 1589 quibus
2174 1520 2303 1574 dicit
2357 1523 2665 1592 propheta:
2706 1544 2727 1569 α
2762 1521 3051 1577 Seminatis
3108 1522 3361 1590 triticum,
3419 1523 3514 1577 sed

1926 1608 2108 1677 spinas
2123 1608 2321 1663 metitis
2340 1610 2473 1675 (Jer.
2506 1614 2629 1679 xu).
2664 1631 2685 1657 η
2721 1611 2843 1666 Non
2874 1626 3005 1683 ergo
3034 1609 3303 1665 auditores
3323 1626 3511 1666 eorum

1928 1705 1995 1761 de
2026 1707 2194 1778 spinis
2224 1707 2477 1779 legebant
2530 1724 2681 1776 uvas,
2714 1708 2808 1763 sed
2836 1724 2933 1779 per
2984 1708 3167 1779 spinas
3194 1708 3262 1762 de
3288 1708 3415 1775 vite,
3460 1715 3518 1764 ut

1929 1795 1972 1849 si
1996 1796 2113 1865 quis
2168 1812 2265 1867 per
2319 1796 2565 1865 spineam
2623 1812 2806 1867 sepem
2830 1798 2898 1851 ad
2942 1813 3001 1852 se
3050 1799 3280 1853 traheret
3334 1811 3517 1863 uvam,

1930 1901 2035 1939 uva
2062 1885 2151 1939 illa
2180 1901 2288 1939 non
2317 1892 2455 1940 esset
2473 1885 2768 1955 spinarum,
2800 1885 2894 1940 sed
2928 1885 3068 1941 vitis.

2008 2022 2031 2048 α
2064 2000 2242 2055 Bonus
2270 2002 2432 2056 homo
2463 2001 2531 2055 de
2561 2001 2707 2057 bono
2755 2003 3003 2057 thesauro
3022 2000 3199 2058 cordis
3253 2000 3335 2056 sui
3389 2015 3524 2072 pro-

1934 2088 2037 2143 fert
2062 2089 2226 2154 bona,
2262 2096 2315 2143 et
2343 2089 2517 2143 malus
2544 2091 2707 2144 homo
2758 2088 2824 2144 de
2856 2091 2998 2145 malo
3022 2092 3267 2145 thesauro
3323 2088 3528 2160 profert

1935 2177 2096 2231 mala.
2153 2177 2235 2232 Ex
2284 2177 2613 2232 abundantia
2669 2177 2813 2233 enim
2874 2177 3051 2233 cordis
3091 2193 3152 2234 os
3197 2177 3457 2247 loquitur.
3497 2198 3519 2225 ιο

1936 2265 2085 2320 Idem
2097 2273 2173 2319 est
2206 2267 2483 2320 thesaurus
2510 2265 2687 2321 cordis
2731 2265 2875 2336 quod
2928 2266 3082 2321 radix
3111 2274 3191 2321 est
3217 2265 3441 2332 arboris,
3475 2272 3527 2320 et

1937 2360 2079 2433 quod
2108 2361 2174 2416 de
2202 2361 2363 2418 corde
2381 2362 2668 2432 profertur,
2719 2362 2862 2419 idem
2892 2370 2973 2418 est
2999 2363 3142 2434 quod
3171 2361 3378 2418 arboris
3405 2361 3525 2417 fru-

1935 2466 2069 2514 ctus.
2102 2457 2205 2528 Qui
2228 2474 2358 2531 ergo
2406 2458 2463 2512 in
2489 2458 2651 2515 corde
2686 2460 2990 2514 thesaurum
3018 2460 3290 2532 patientiae
3336 2460 3523 2532 perfe-

1930 2549 2107 2618 ctique
2130 2548 2289 2618 hujus
2317 2548 2516 2603 amoris
2559 2548 2794 2619 Optimos
2819 2549 3020 2604 fructus
3066 2548 3363 2615 effundens,
3403 2549 3524 2603 dili-

1932 2638 2012 2709 git
2033 2637 2332 2704 inimicum,
2360 2636 2501 2693 bene
2532 2636 2657 2692 facit
2685 2637 2884 2692 odienti
2914 2654 2993 2701 se,
3024 2637 3294 2693 benedicit
3347 2637 3523 2693 male-

1931 2725 2129 2781 dicenti
2159 2743 2237 2779 se.
2289 2724 2453 2781 Omni
2482 2726 2683 2803 petenti
2714 2726 2898 2781 tribuit
2949 2742 3062 2795 sua,
3096 2733 3362 2782 errantem
3420 2741 3525 2797 pa-

1930 2815 2119 2870 tienter
2161 2814 2405 2886 corrigit.
2459 2815 2619 2884 Atqui
2666 2831 2840 2884 neque
2902 2816 3206 2870 thesaurum
3261 2815 3317 2870 in
3364 2814 3527 2872 corde

1928 2910 2129 2970 servat,
2162 2902 2274 2958 odit
2303 2903 2559 2970 amicum,
2591 2902 2839 2975 diligenti
2862 2904 3156 2972 malefacit,
3185 2903 3524 2959 benedicenti

1928 2999 2220 3054 maledicit.
2245 2999 2335 3054 Sic
2363 3015 2577 3069 quoque
2608 3016 2709 3055 nec
2735 3000 2983 3056 diabolus
3010 3001 3174 3067 bona,
3234 3017 3335 3055 nec
3361 3000 3522 3055 Chri-

1925 3095 2039 3142 stus
2067 3088 2210 3142 mala
2237 3103 2405 3157 opera
2448 3095 2625 3158 potest
2668 3087 2865 3143 facere.
2899 3089 3000 3143 Per
3034 3088 3146 3144 oris
3194 3088 3521 3145 locutionem

1926 3177 2318 3245 universaque
2347 3184 2466 3231 actu
2513 3176 2601 3234 vel
2629 3177 2868 3247 cogitatu
2914 3176 2981 3230 de
3025 3178 3187 3232 corde
3236 3176 3521 3246 proferun-

1928 3273 2029 3330 tur,
2064 3264 2327 3321 Dominus
2379 3264 2648 3336 signiﬁcat
2680 3280 2693 3332 ;
2727 3281 2854 3320 nam
2899 3265 3066 3321 moris
3121 3265 3518 3336 Scripturarum

1927 3361 2008 3409 est
2034 3353 2202 3410 verba
2230 3369 2328 3425 pro
2356 3352 2517 3409 rebus
2546 3368 2766 3423 ponere,
2828 3360 2884 3407 ut
2936 3353 2992 3407 in
3048 3353 3189 3408 Isaia
3216 3352 3413 3409 dicitur
3445 3352 3513 3408 de

1928 3442 2156 3498 Ezechia
2187 3459 2201 3498 :
2240 3464 2262 3490 «
2296 3442 2420 3498 Non
2466 3441 2568 3496 fuit
2595 3442 2821 3498 verbum
2877 3441 3021 3511 quod
3048 3457 3160 3496 non
3212 3442 3518 3497 ostenderet

1923 3531 2002 3586 eis
2023 3531 2150 3601 (Ira.
2181 3532 2403 3600 χχχιχ).
2447 3552 2470 3578 η
2506 3530 2702 3585 Rerum
2733 3529 2914 3599 utique
2960 3544 3067 3584 non
3094 3530 3382 3587 verborum
3432 3544 3517 3585 re-

1924 3620 2121 3676 velavit
2164 3635 2384 3675 arcana.
2453 3640 2475 3666 u
2531 3617 2721 3674 Omnis
2776 3618 2953 3686 arbor,
3020 3642 3042 3666 η
3104 3617 3162 3672 id
3215 3625 3295 3673 est
3340 3619 3518 3675 omnis

211 3715 372 3771 nobis
432 3718 617 3785 esurit,
650 3724 702 3771 et
721 3717 903 3772 fervor
955 3716 1257 3772 dilectionis
1294 3716 1382 3786 qui
1443 3714 1675 3771 lzetiﬁcat
1722 3730 1818 3770 cor
1853 3780 1888 3786 _
1923 3711 2104 3777 homo,
2137 3708 2249 3763 sive
2307 3724 2424 3778 rex,
2463 3706 2576 3763 sive
2642 3706 2909 3779 princeps,
2965 3706 3079 3764 sive
3137 3707 3335 3778 senior,
3393 3706 3512 3763 sive

211 3811 481 3871 hominis.
548 3813 686 3868 Hinc
712 3812 969 3883 scriptum
1000 3820 1117 3868 est:
1148 3836 1170 3861 «
1205 3813 1360 3869 Ficus
1381 3812 1597 3884 protulit
1652 3828 1810 3884 gros-
1841 3780 2149 3867 Cluvenisi
2202 3796 2333 3851 num
2387 3804 2653 3868 Ρδΐαθιυνν
2724 3796 2819 3851 sed
2866 3796 3041 3851 omnis
3096 3796 3258 3852 arbor

214 3914 304 3955 sos
332 3919 483 3972 suos,
515 3902 691 3958 vineae
709 3902 960 3958 ﬂorentes
1004 3903 1225 3958 odorem
1278 3902 1539 3957 dederunt
1594 3900 1804 3969 (Cant.

216 3989 301 4058 ιι).
327 4012 351 4040 υ
386 3993 515 4047 Non
542 3989 673 4046 ﬁcus
720 3990 789 4047 de
814 3991 1003 4060 spinis,
1063 4007 1171 4047 non
1192 4007 1297 4048 uva
1324 3991 1391 4046 de
1420 3991 1555 4045 rubo
1608 3990 1814 4062 colligi-

218 4092 320 4156 tur,
345 4089 476 4160 quia
505 4105 657 4144 mens
684 4088 860 4145 adhuc
900 4089 1095 4144 veteris
1142 4089 1374 4144 hominis
1432 4087 1812 4144 consuetudine

218 4172 478 4246 depressa
506 4177 759 4232 simulare
815 4184 1008 4247 potest,
1070 4185 1123 4233 et
1178 4176 1378 4233 fructus
1405 4177 1530 4232 novi
1581 4176 1814 4231 homiuis

220 4259 363 4320 ferre
383 4281 495 4320 non
527 4271 727 4336 potest.
766 4263 927 4334 Quod
968 4265 1012 4319 si
1041 4265 1330 4335 aliquando
1362 4264 1501 4320 facta
1531 4264 1616 4319 vel
1670 4263 1813 4320 dicta

215 4353 485 4409 malorum
543 4360 764 4424 prosunt
842 4354 1017 4423 bonis,
1092 4370 1202 4409 non
1256 4355 1358 4409 hoc
1414 4354 1617 4409 faciunt
1661 4353 1809 4421 mali,

215 4441 309 4495 sed
334 4442 624 4499 consilium
654 4442 751 4496 Dei
783 4457 796 4510 ;
827 4442 904 4497 sic
932 4442 999 4497 de
1022 4442 1127 4497 illis
1151 4450 1419 4514 operatur.

290 4569 314 4596 ι
349 4549 446 4605 Sic
497 4548 674 4605 omnis
727 4548 888 4604 arbor
932 4550 1078 4605 bona
1134 4549 1333 4606 fructus
1393 4549 1564 4605 bonos
1650 4548 1801 4603 facit.

217 4634 361 4693 Mala
394 4644 573 4693 autem
603 4636 766 4693 arbor
793 4636 997 4694 fructus
1048 4638 1221 4693 malos
1275 4638 1422 4693 facit.
1470 4639 1591 4693 Non
1642 4644 1815 4709 potest

220 4724 385 4782 arbor
408 4726 554 4781 bona
582 4725 781 4781 fructus
809 4725 980 4782 malos
1009 4726 1219 4794 facere;
1243 4742 1417 4797 neque
1459 4727 1620 4782 arbor
1672 4726 1815 4780 mala

221 4811 426 4871 fructus
443 4814 617 4870 bonos
647 4815 845 4870 facere.
879 4837 902 4863 υ
938 4815 1087 4870 Sicut
1107 4830 1294 4872 verum
1325 4823 1403 4870 est
1431 4815 1574 4886 quod
1603 4815 1671 4871 de
1713 4813 1814 4868 tri-

221 4907 363 4966 bulis
390 4925 499 4966 non
527 4910 856 4982 colliguntur
874 4908 1023 4977 ﬁcus,
1069 4911 1146 4967 sic
1159 4927 1343 4966 verum
1360 4920 1440 4967 est
1464 4910 1608 4981 quod
1656 4909 1817 4966 arbor

221 4996 368 5055 bona
394 4998 598 5055 fructus
613 4999 788 5055 bonos
829 4999 976 5054 facit.
1011 5000 1183 5055 Arbor
1226 5000 1372 5055 bona
1426 5001 1510 5057 vel
1544 5000 1683 5055 mala
1738 5005 1820 5055 est

223 5085 408 5157 homo,
430 5103 541 5143 non
560 5103 628 5142 ex
683 5095 894 5157 natura,
925 5103 1031 5159 qua
1058 5105 1091 5143 a
1120 5089 1236 5145 Deo
1293 5088 1345 5144 in
1369 5088 1621 5145 omnibus
1672 5088 1818 5143 bona

3319 3820 3340 3845 (ι
3403 3811 3514 3853 non

1922 3886 2099 3942 ferens
2162 3885 2391 3940 fructum
2449 3886 2654 3940 bonum
2709 3885 2984 3940 excidetur
3043 3907 3064 3934 »
3116 3901 3149 3940 a
3201 3884 3511 3941 secantibus

1919 3984 2148 4056 angelis,
2212 4005 2234 4030 α
2297 3991 2351 4037 et
2404 3981 2461 4037 in
2508 3982 2693 4055 ignem
2759 3983 2995 4039 mittetur
3041 3989 3319 4039 aeternum.
3375 4006 3397 4030 ι»
3450 3981 3508 4038 Si

1918 4072 2008 4127 ille
2040 4072 2129 4142 qui
2162 4087 2270 4125 non
2301 4071 2430 4127 facit
2459 4070 2687 4126 fructum
2736 4070 2937 4126 bonum
2984 4070 3313 4143 separandus
3350 4078 3432 4126 est
3475 4088 3509 4127 a

1912 4160 2091 4231 justis,
2142 4160 2279 4214 sicut
2322 4160 2465 4215 haedi
2517 4160 2586 4215 ab
2644 4160 2816 4232 agnis,
2872 4168 2923 4215 et
2961 4159 3016 4215 in
3072 4160 3254 4233 ignem
3284 4159 3507 4215 mitten-

1918 4251 2019 4305 dus
2034 4256 2111 4304 est
2140 4264 2273 4304 voce
2330 4248 2421 4303 illa
2453 4268 2465 4303 :
2503 4271 2526 4297 ιι
2559 4250 2658 4315 Ite,
2688 4248 2979 4315 maledicti,
3013 4249 3068 4303 in
3116 4249 3298 4323 ignem
3355 4255 3508 4305 aster-

1918 4356 2045 4393 nnm
2074 4337 2296 4409 (Matth.
2327 4338 2465 4408 xxv)
2496 4355 2511 4404 ;
2544 4337 2672 4407 quid
2726 4337 2826 4393 erit
2850 4337 2916 4393 de
2971 4337 3064 4394 illo
3093 4337 3183 4409 qui
3222 4337 3335 4413 agit
3360 4336 3514 4410 quid~

1918 4427 2046 4498 quid
2072 4427 2198 4481 mali
2256 4427 2483 4497 potest?
2513 4424 2653 4495 Quia
2707 4426 2867 4481 arbor
2896 4427 3039 4483 mala
3087 4427 3288 4483 fructus
3336 4425 3510 4483 bonos

1919 4517 2095 4572 facere
2152 4531 2259 4569 non
2311 4521 2503 4584 potest,
2557 4514 2721 4587 igitur
2754 4537 2775 4563 ιι
2811 4531 2879 4571 ex
2933 4514 3191 4571 fructibus
3237 4531 3444 4585 eorum,
3482 4538 3503 4563 ι

1920 4604 1974 4658 id
2005 4611 2082 4659 est
2106 4603 2360 4658 falsorum
2390 4603 2774 4674 prophetarum
2811 4627 2834 4651 α
2869 4603 3202 4675 cognoscetis
3232 4618 3326 4658 eos
3357 4624 3379 4652 η
3417 4603 3512 4659 tale

1920 4709 2026 4748 SOS.

1998 4813 2019 4837 «
2053 4790 2175 4845 Non
2204 4788 2379 4844 omnis
2409 4788 2498 4859 qui
2528 4787 2657 4845 dicit
2684 4788 2840 4855 mihi,
2874 4787 3123 4859 Domine,
3147 4788 3397 4858 Domine,
3430 4788 3510 4845 in-

1923 4879 2086 4935 trabit
2110 4894 2358 4950 regnum,
2407 4877 2502 4931 sed
2531 4878 2622 4947 qui
2652 4877 2780 4932 facit
2822 4877 3151 4933 voluntatem
3182 4878 3351 4933 Patris
3383 4878 3509 4944 mei,

1923 4968 2013 5037 qui
2042 4968 2098 5021 in
2122 4968 2271 5022 caelis
2299 4974 2396 5033 est,
2436 4965 2550 5038 ipse
2582 4966 2800 5021 intrabit
2837 4965 2892 5020 in
2922 4982 3147 5038 regnum
3168 4967 3449 5022 caelorum.
3485 4991 3507 5015 ι»

1924 5056 2072 5112 Sicut
2102 5063 2321 5127 propter
2348 5055 2550 5127 dogma
2574 5055 2795 5126 justitiee
2824 5055 3048 5111 cavendi
3077 5062 3201 5109 sunt
3230 5054 3350 5111 falsi
3377 5070 3513 5125 pro-

222 5136 408 5233 creata,
427 5184 527 5243 est,
556 5175 652 5231 sed
680 5192 747 5232 ex
777 5136 1051 5233 volunjtate
1079 5176 1224 5233 bona
1263 5178 1349 5233 vel
1378 5177 1543 5233 mala.
1595 5176 1818 5232 Fructus
1842 5136 1900 5199 D
1930 5147 2126 5215 Ρδθιθο
2159 5144 2416 5243 mpean
2442 5159 2596 5243 ⁸9⁸³³
2642 5143 2813 5243 δοηαῖ
2838 5144 2991 5243 ﬁta”
3048 5143 3127 5243 Si?
3153 5150 3209 5200 et
3232 5144 3289 5243 _hi
3343 5158 3513 5243 ea?"

224 5273 347 5322 aunt
371 5280 558 5337 opera,
580 5280 702 5335 qua
746 5280 847 5320 nec
864 5264 1010 5321 bona
1066 5266 1225 5322 male;
1254 5266 1544 5322 voluntatis
1595 5271 1818 5336 possunt

222 5367 355 5421 esse,
415 5367 515 5409 nec
542 5352 688 5408 mala
714 5352 876 5408 bonae
904 5353 1219 5410 voluntatis.
1258 5354 1470 5409 Tandiu
1496 5370 1628 5427 ergo
1671 5355 1818 5409 bona

221 5444 399 5508 arbor,
426 5440 483 5496 id
511 5448 591 5497 est
616 5439 791 5496 bonus
826 5442 1011 5512 homo,
1045 5441 1247 5499 fructus
1299 5444 1473 5499 malos
1528 5457 1640 5498 non
1691 5441 1820 5497 facit

225 5529 461 5602 quandiu
506 5530 685 5585 bonus
738 5536 839 5597 est,
900 5536 956 5585 et
1009 5530 1193 5587 tandiu
1250 5532 1414 5588 arbor
1439 5532 1601 5599 mala,
1638 5530 1691 5585 id
1740 5538 1820 5584 est

224 5620 397 5676 malus
419 5620 606 5686 homo,
627 5626 811 5673 manet
840 5618 896 5672 in
923 5617 1184 5675 fructibus
1229 5628 1593 5692 peccatorum,
1653 5634 1821 5689 quan-

225 5707 313 5764 diu
369 5708 439 5764 ad
488 5706 860 5778 paenitentiam
916 5722 1027 5763 non
1080 5712 1427 5765 convertitur.
1484 5710 1607 5763 Non
1646 5712 1822 5778 potest

224 5814 334 5856 esse
362 5796 543 5854 calida
571 5794 683 5850 nix.
716 5794 857 5850 Nam
887 5811 1008 5852 cum
1040 5796 1231 5867 incipit
1284 5814 1401 5853 esse
1469 5796 1663 5861 calida,
1712 5809 1822 5851 non

222 5888 334 5961 jam
360 5887 548 5944 nivem
577 5883 671 5941 sed
692 5898 890 5955 aquam
919 5900 1195 5943 vocamus.
1231 5887 1408 5943 Potest
1432 5901 1563 5959 ergo
1605 5883 1821 5953 mutari,

1926 5242 2108 5308 trario,
2169 5239 2259 5310 qui
2315 5255 2439 5296 cum
2496 5240 2722 5313 integra:
2783 5240 2909 5296 ﬁdei
2964 5246 3017 5296 et
3077 5239 3335 5296 doctrinae
3386 5241 3513 5310 sint,

1926 5340 2105 5387 tamen
2136 5329 2358 5400 turpiter
2399 5328 2603 5386 vivunt.
2636 5330 2931 5400 Utrumque
2972 5329 3116 5384 enim
3142 5343 3358 5386 necesse
3414 5337 3514 5399 est,

1925 5428 1984 5476 ut
2007 5435 2145 5489 opus
2203 5433 2470 5484 sermone,
2502 5426 2555 5475 et
2577 5434 2755 5475 sermo
2811 5419 3066 5491 operibus
3119 5419 3518 5489 comprobetur.

1931 5531 1953 5558 σε
1978 5507 2120 5577 Quid
2136 5507 2339 5563 vocatis
2366 5522 2474 5576 me,
2509 5508 2761 5576 Domine,
2792 5508 3025 5564 Domine
3055 5523 3069 5577 ;
3106 5515 3161 5564 et
3184 5524 3296 5565 non
3348 5509 3523 5565 facitis

1926 5613 2048 5668 quae
2101 5596 2222 5652 dico
2275 5598 2305 5650 ‘2
2355 5620 2377 5646 υ
2430 5597 2590 5665 (Luc.
2624 5600 2722 5666 vn.)
2754 5600 2831 5653 Ac
2859 5598 2936 5653 sic
2982 5597 3104 5653 aliis
3135 5597 3316 5655 verbis
3368 5599 3522 5656 dice-

1926 5693 2198 5763 retzQuid
2222 5693 2352 5750 folia
2395 5701 2556 5749 rectae
2594 5695 3192 5766 confessionisjactatis,
3233 5696 3323 5768 qui
3352 5694 3528 5754 bonos

1929 5794 2131 5850 fructus
2185 5807 2293 5849 non
2337 5792 2617 5849 ostenditis
2642 5796 2672 5849 7
2699 5795 2838 5850 Hine
2890 5795 3181 5865 Apostolus
3233 5800 3532 5852 secretums

1892 5968 1895 5971 ἤ
1933 5882 2231 5955 perfectum
2262 5881 2581 5952 discipulum
2613 5882 2682 5938 ab
2713 5883 3008 5954 hypocrita,
3039 5883 3176 5939 dixit
3206 5899 3219 5937 :
3258 5905 3278 5930 α
3302 5882 3526 5938 Veniam
