3924 6404
399 438 539 492 1075

1531 431 1865 487 WERNERI
1903 432 2191 491 ABBATIS
2230 433 2288 491 S.
2320 433 2541 490 BLASII

3567 436 3708 491 1076

404 562 474 618 ad
507 575 606 620 vos
634 567 686 617 et
706 575 1033 633 cognoscam
1064 575 1172 615 non
1200 573 1507 615 sermonem
1523 572 1709 614 eorum
1732 558 1822 628 qui
1836 558 2005 614 inflati
2035 565 2092 627 Α
2121 559 2304 615 animo
2334 574 2458 615 suo.
2490 559 2598 615 Sed
2630 575 2695 616 ne
2728 559 2847 631 quis
2888 560 3175 617 contendat
3218 577 3327 618 non
3354 577 3514 617 omne
3570 578 3719 617 men-

403 659 543 718 sunt,
559 649 655 705 sed
676 650 925 705 virtutem
956 651 1009 722 (I
1034 648 1252 720 Cor.rv)
1297 671 1317 697 υ
1338 649 1433 704 Ille
1466 663 1597 719 ergo
1624 647 1838 718 prOprie
1860 648 2008 717 dicit,

409 748 658 813 Domine,
691 747 943 811 Domine,
978 746 1067 815 qui
1111 746 1444 801 voluntatem
1486 760 1619 801 sono
1648 744 1797 801 vocis
1834 761 2010 800 enun-

409 839 522 893 tiat.
548 835 855 892 Secundum
886 836 989 889 hoc
1010 834 1155 904 qnod
1178 835 1252 889 ait
1288 834 1602 905 Apostolus:
1632 856 1653 878 οι
1679 834 1855 889 Nemo
1884 834 2016 889 dicit

411 926 674 982 Dominus
714 925 883 992 Jesus,
912 922 1009 977 nisi
1042 924 1095 977 in
1139 922 1341 994 Spiritu
1385 929 1569 978 sancto
1600 923 1652 989 (Ι
1677 920 1798 977 Cor.
1823 924 1948 992 xu).
1984 944 2005 971 »

413 1017 550 1071 Vere
578 1013 722 1068 enim
766 1012 945 1067 dicere
978 1012 1244 1066 Dominus
1270 1012 1443 1078 Jesus,
1476 1019 1555 1066 est
1583 1011 1745 1066 corde
1772 1012 2011 1080 credere,

414 1121 506 1161 ore
556 1101 818 1167 conﬁteri,
871 1100 1127 1173 operibus
1173 1101 1430 1156 attestari.
1485 1101 1626 1155 Nam
1677 1117 1843 1154 unum
1899 1100 2014 1155 sine

412 1192 518 1249 alio
566 1207 769 1264 negare
827 1197 925 1246 est.
989 1190 1122 1245 ltem
1182 1209 1194 1245 :
1259 1212 1281 1239 «
1340 1190 1464 1245 Non
1527 1188 1705 1244 omnis
1756 1188 1848 1261 qui
1887 1189 2017 1245 dicit

412 1289 546 1346 mihi
603 1288 857 1357 Domine,
907 1287 1161 1355 Domine,
1197 1310 1219 1336 ι»
1284 1295 1387 1343 etc.
1451 1309 1472 1336 ιι
1524 1287 1647 1342 Non
1695 1287 1750 1341 in
1768 1303 2015 1344 sermone

416 1387 495 1435 est
522 1395 753 1451 regnum
811 1377 932 1446 Dei,
962 1376 1058 1432 sed
1112 1377 1169 1431 in
1197 1376 1392 1432 virtute
1434 1376 1484 1447 (Ι
1501 1376 1621 1433 Cor.
1654 1378 1752 1448 ιγ).
1789 1378 1910 1432 Non
1966 1385 2019 1433 te

411 1469 571 1541 juvat
591 1470 693 1523 hoc
721 1466 865 1537 quod
896 1466 1050 1535 dicis,
1078 1466 1329 1531 Domine,
1362 1466 1614 1533 Domine,
1638 1466 1738 1520 nisi
1762 1466 1815 1520 in
1828 1467 2018 1522 timore

417 1556 667 1615 servieris
696 1556 952 1624 Domino,
975 1555 1077 1609 nisi
1100 1555 1348 1611 alacriter
1388 1554 1643 1610 mandata
1689 1556 1805 1626 ejus
1829 1556 2021 1626 imple-

416 1646 579 1717 veris,
633 1645 735 1700 nisi
766 1661 987 1700 omnem
1038 1643 1156 1713 ejus
1178 1643 1369 1699 feceris
1414 1644 1765 1713 voluntatem,
1799 1645 1897 1699 nisi
1949 1646 2019 1702 ab

416 1744 564 1800 omni
594 1751 646 1800 te
675 1741 1015 1797 immunditia
1056 1741 1399 1810 abstinueris,
1433 1758 1758 1813 omnemque
1816 1742 2019 1813 iniqui-

416 1843 581 1890 tatem
613 1831 952 1903 deposueris.
1008 1830 1187 1887 Gratis
1243 1832 1465 1897 clamas,
1522 1832 1787 1887 vociferas
1831 1833 2017 1905 gratis,

418 1923 623 1979 exaltas
651 1937 840 1979 vocem
859 1927 1024 1988 tuam,

419 2019 805 2077 inobedientim
834 2025 939 2073 tute
973 2034 1153 2087 vocas,
1215 2034 1338 2073 eum
1369 2019 1662 2074 Dominum
1711 2020 2017 2089 nominans,

419 2126 531 2167 non
578 2108 775 2164 timens
830 2108 967 2162 sicut
1017 2107 1309 2161 Dominum
1341 2123 1515 2177 neque
1570 2107 1626 2161 in
1685 2115 1915 2164 tremore
1971 2110 2021 2166 ei

419 2199 681 2257 serviens.
712 2199 834 2252 Non
856 2195 1033 2252 omnis
1082 2196 1172 2267 qui
1201 2195 1317 2250 sine
1351 2195 1511 2264 facto,
1569 2197 1664 2251 sed
1694 2204 1897 2252 tantum
1929 2212 2023 2252 ore

419 2305 508 2344 me
536 2287 832 2344 Dominum
855 2286 1111 2358 appellat,
1141 2285 1383 2340 introibit
1403 2285 1457 2339 in
1486 2301 1714 2358 regnum
1737 2287 2019 2354 caelorum,

417 2377 512 2434 sed
542 2376 670 2448 quia
725 2391 892 2447 opera
922 2374 1088 2447 digna
1144 2390 1269 2430 meo
1298 2373 1518 2429 nomine
1568 2375 1714 2442 facit,
1774 2383 1827 2429 et
1882 2390 2021 2431 con-

420 2466 782 2523 versationem
812 2465 1036 2537 dignam
1058 2478 1195 2521 mea:
1226 2462 1637 2520 sanctiﬁcationi
1667 2465 1945 2537 adimplet.

990 2600 1068 2655 De
1122 2598 1441 2667 mendacio.

490 2723 831 2781 Mendacium
889 2729 969 2778 est
1026 2723 1161 2778 falsa
1188 2718 1512 2795 signiﬁcatio
1570 2738 1693 2777 cum
1746 2723 2020 2779 voluntate

420 2813 671 2870 fallendi.
708 2814 832 2868 Non
861 2820 940 2869 est
968 2821 1146 2868 autem
1199 2812 1335 2867 falsa
1380 2810 1723 2883 signiﬁcatio,
1783 2813 1875 2867 ubi
1922 2813 2020 2868 etsi

420 2912 565 2969 aliud
624 2929 692 2966 ex
748 2911 855 2967 alio
911 2909 1265 2983 signiﬁcatur,
1325 2926 1511 2965 verum
1542 2918 1624 2965 est
1654 2918 1832 2966 tamen
1877 2912 2022 2982 quod

419 2999 771 3075 signiﬁcatur,
813 3000 859 3055 si
885 3008 1027 3057 rectc
1070 3000 1419 3072 intelligatur.
1452 2999 1871 3073 (Aucusrmns.)
1928 3002 2023 3055 Est

420 3099 601 3146 autem
660 3090 933 3160 quoddam
965 3105 1139 3162 genus
1174 3088 1488 3155 mentiendi,
1548 3089 1603 3142 in
1633 3090 1777 3160 qnod
1833 3106 2023 3146 omnes

416 3180 775 3248 consentiunt,
832 3178 901 3235 de
948 3194 1054 3249 quo
1104 3177 1484 3249 inquirendum
1533 3179 1634 3234 erit
1678 3185 1855 3234 utrum
1914 3180 2022 3235 ali-

418 3269 635 3340 quando
664 3268 735 3324 sit
761 3268 890 3323 utile
929 3267 1124 3323 falsum
1155 3267 1374 3338 aliquod
1420 3268 1717 3336 enuntiare,

419 3367 623 3423 luntate
680 3365 921 3421 fallendi.
979 3367 1119 3421 Nam
1169 3366 1259 3436 qui
1316 3366 1421 3420 hoc
1474 3365 1725 3433 sentiunt,
1763 3365 2021 3422 adhibent

420 3456 788 3512 testimonium
846 3454 1127 3511 sententiae
1181 3469 1311 3521 sure,
1363 3462 1853 3509 commemorantes
1916 3455 2020 3511 Sa-

420 3572 560 3622 ram,
593 3571 715 3611 cum
746 3554 966 3621 risisset,
999 3552 1208 3625 angelis
1236 3568 1461 3625 negasse
1493 3552 1618 3622 quia
1645 3551 1819 3608 riserit
1848 3553 2013 3622 (Gen.

424 3654 580 3725 xvm)
612 3670 625 3717 ;
650 3652 816 3709 Jacob
847 3668 1062 3724 quoque
1093 3668 1124 3706 a
1151 3658 1304 3720 patre
1352 3651 1739 3723 interrogatum
1796 3668 2026 3723 respon-

426 3743 567 3799 disse
582 3742 724 3815 quod
738 3743 853 3813 ipse
866 3750 1005 3797 esset
1016 3741 1157 3795 Esau
1169 3739 1276 3810 maj
1285 3738 1494 3795 orﬁlius
1509 3738 1556 3809 ej
1567 3757 1626 3794 us
1638 3740 1796 3808 (Gen.
1815 3741 1987 3812 xxvu)
2012 3756 2025 3806 ;

426 3843 703 3916 1Egyptias
724 3843 885 3897 etiam
940 3839 1274 3909 obstetrices,
1316 3855 1384 3895 ne
1413 3839 1645 3894 infantes
1682 3839 1895 3895 Hebraei
1928 3857 2030 3895 na-

426 3941 634 3989 scentes
681 3929 1123 3999 interﬁcerentur,
1183 3929 1343 3984 etiam
1417 3927 1528 3984 Deo
1585 3928 1923 3999 approbante
1981 3937 2037 3985 et

428 4029 826 4089 remunerante,
861 4019 1112 4075 mentitas
1142 4018 1342 4088 (Exod.
1376 4016 1440 4086 ι).
1475 4017 1541 4071 Ει
1572 4018 1739 4073 multa
1769 4018 2035 4089 ejusmodi

431 4120 683 4193 exempla
713 4120 998 4193 eligentes,
1030 4133 1217 4173 eorum
1253 4115 1535 4171 hominum
1566 4116 1849 4171 mendacia
1878 4133 2035 4172 com-

435 4227 741 4276 memorant
768 4235 903 4290 quos
953 4216 1169 4289 culpare
1197 4231 1307 4271 non
1335 4215 1588 4280 audeant,
1653 4223 1810 4285 atque
1843 4216 1915 4271 ita
1960 4216 2041 4271 fa-

440 4309 601 4366 tearis
654 4306 944 4378 aliquando
1000 4322 1116 4361 esse
1163 4320 1321 4377 posse
1350 4320 1458 4359 non
1515 4304 1687 4359 solum
1748 4306 2041 4376 reprehen-

437 4399 589 4453 sione
616 4413 725 4452 non
755 4397 1001 4469 dignum,
1059 4394 1153 4449 sed
1184 4395 1344 4450 etiam
1400 4393 1626 4466 dignum
1685 4392 1842 4449 laude
1882 4411 2038 4449 men-

441 4487 678 4543 dacium.
701 4486 920 4542 Addunt
947 4485 1131 4550 etiam,
1176 4483 1320 4554 quod
1347 4499 1456 4538 non
1503 4483 1647 4538 solos
1677 4492 1923 4554 premant
1951 4484 2042 4538 di-

445 4586 585 4643 vinis
612 4583 766 4641 libris
797 4583 1028 4652 deditos,
1060 4582 1153 4638 sed
1212 4582 1377 4637 etiam
1406 4597 1597 4636 omnes
1625 4582 1873 4636 homines
1925 4599 2045 4636 sen-

443 4691 672 4746 sumque
700 4690 1067 4742 communem,
1101 4672 1341 4727 dicentes
1378 4690 1390 4726 :
1431 4671 1488 4727 Si
1520 4670 1639 4740 quis
1669 4670 1737 4725 ad
1770 4678 1817 4725 te
1858 4670 2044 4735 conlu-
2072 4664 2125 4724 D

444 4775 579 4849 giat,
614 4774 706 4845 qui
733 4772 1017 4829 mendacio
1049 4779 1138 4827 tuo
1169 4770 1337 4843 possit
1364 4785 1397 4826 a
1425 4776 1598 4825 morte
1645 4768 1884 4837 liberari,
1933 4785 2041 4825 non

445 4881 505 4921 es
532 4864 873 4921 mentiturus.
925 4861 982 4917 Si
1022 4859 1225 4930 aliquid
1270 4866 1508 4932 aegrotus
1552 4857 1847 4930 interroget
1898 4857 2043 4929 quod

446 4964 495 5020 ei
550 4963 688 5019 scire
743 4977 853 5016 non
908 4958 1146 5031 expedit,
1207 4958 1299 5029 qui
1328 4957 1490 5012 etiam
1522 4956 1691 5028 possit
1747 4964 1795 5012 te
1824 4972 1933 5013 non
1951 4972 2044 5012 re-

443 5053 746 5124 spondente
773 5049 995 5124 gravius
1019 5047 1206 5121 aﬁligi,
1256 5046 1552 5103 audebisne
1600 5053 1692 5101 aut
1718 5062 1905 5101 verum
1961 5045 2047 5100 di-

444 5167 566 5208 cere
622 5151 679 5207 in
729 5148 1025 5221 perniciem
1057 5146 1291 5202 hominis
1320 5152 1413 5201 aut
1438 5145 1615 5210 silere,
1648 5144 1829 5214 potius
1882 5160 2045 5214 quam

445 5251 673 5308 honesto
700 5258 754 5304 et
782 5244 1115 5302 misericordi
1146 5243 1430 5300 mendacio
1461 5241 1753 5299 valetudini
1783 5242 1901 5313 ejus
1920 5241 2046 5313 opi-

447 5350 602 5408 tulari
630 5350 661 5405 ?
690 5348 789 5403 His
818 5346 999 5416 itaque
1038 5343 1237 5400 talibus
1262 5341 1635 5414 copiosissime
1686 5357 1744 5395 se
1773 5339 2046 5395 arbitran-

446 5445 530 5494 tur
556 5454 774 5512 urgere,
805 5443 866 5490 ut
916 5433 960 5489 si
981 5431 1297 5490 consulendi
1353 5445 1515 5487 causa
1543 5428 1715 5502 exigit
1756 5427 2047 5499 aliquando

447 5528 789 5582 mentiamur.
826 5524 1026 5581 Contra
1071 5521 1149 5576 illi
1183 5519 1379 5591 quibus
1432 5518 1611 5589 placet
1637 5533 1913 5588 nunquam
1969 5516 2050 5573 sic

447 5613 815 5671 mentiendum
870 5611 1039 5668 multo
1102 5610 1293 5666 fortius
1338 5614 1524 5681 agunt,
1603 5613 1815 5663 utentes
1868 5606 2046 5677 primo

449 5703 762 5760 auctoritate
790 5701 992 5768 divina,
1043 5699 1297 5769 quoniam
1357 5698 1411 5752 in
1439 5698 1557 5767 ipso
1580 5696 1856 5769 Decalogo
1909 5695 2046 5751 seri-

453 5798 601 5861 ptum
615 5799 696 5846 est
710 5804 722 5843 :
745 5813 766 5839 «ι
784 5790 998 5845 Falsum
1015 5788 1378 5843 testimonium
1392 5803 1461 5843 ne
1472 5786 1620 5841 dicas
1632 5785 1831 5851 (Exod.
1851 5785 1946 5854 xx)
1958 5825 1971 5840 .
2016 5808 2039 5833 ο

452 5876 571 5945 Quo
598 5893 798 5951 genere
825 5876 1239 5946 complectimur
1269 5890 1431 5930 omne
1469 5873 1838 5941 mendacium.
1875 5872 2045 5942 Quis-

452 5967 564 6020 cuis
618 5966 764 6021 enim
821 5963 1022 6034 aliquid
1061 5961 1321 6030 enuntiat,
1382 5961 1745 6018 testimonium
1797 5961 2046 6035 perhibet

2120 649 2333 704 dacium
2361 649 2555 703 falsum
2592 650 2958 705 testimonium
2999 667 3114 706 esse
3142 650 3542 723 appellandum,
3586 649 3721 721 quid

2120 748 2357 803 dicturus
2407 755 2485 802 est
2515 747 2583 802 ad
2639 747 2694 801 id
2727 748 2871 818 quod
2928 749 3182 820 scriptum
3225 756 3348 804 est:
3387 771 3408 797 α
3442 748 3516 804 Os
3571 748 3722 819 quod

2121 838 2377 893 mentitur
2414 837 2610 893 occidit
2638 837 2876 892 animam
2906 839 2935 891 ‘I
2969 860 2991 886 ιι
3027 839 3184 910 (Sap.
3229 838 3294 907 ι.)
3325 837 3479 907 Quod
3508 856 3575 893 ne
3598 838 3723 908 quis

2122 926 2410 982 arbitretur
2439 926 2676 999 exceptis
2711 926 2980 996 aliquibus
3035 927 3413 982 mentientibus
3430 943 3587 997 posse
3644 927 3720 981 in.

2121 1022 2314 1094 telligi,
2348 1023 2453 1077 alio
2484 1023 2601 1077 loco
2632 1022 2777 1094 legat
2810 1040 2821 1077 :
2860 1045 2882 1071 α
2918 1023 3116 1079 Perdes
3146 1040 3334 1079 omnes
3361 1025 3450 1094 qui
3479 1024 3720 1095 loquun-

2125 1118 2209 1167 tur
2237 1111 2579 1167 mendacium
2609 1112 2785 1182 (Psal.
2820 1112 2896 1182 v).
2940 1134 2962 1161 ι»
3002 1113 3213 1168 Etenim
3241 1128 3333 1168 ore
3361 1129 3456 1169 suo
3473 1114 3719 1184 ipseDo-

2122 1200 2301 1257 minus
2332 1200 2460 1256 dicit
2493 1220 2505 1256 :
2545 1223 2567 1251 «ι
2603 1200 2703 1269 Sit,
2759 1201 2951 1271 inquit,
2982 1201 3040 1257 in
3086 1217 3179 1258 ore
3206 1210 3401 1269 vestro,
3448 1202 3558 1269 Est,
3612 1209 3715 1270 est,

2123 1290 2269 1358 Non,
2327 1306 2437 1346 non
2468 1309 2481 1345 :
2515 1290 2660 1361 quod
2717 1298 2896 1346 autem
2954 1291 3188 1363 amplius
3242 1299 3337 1357 est,
3379 1291 3580 1347 amalo
3638 1298 3721 1348 est

2124 1380 2354 1448 (Matth.
2393 1381 2471 1449 v).
2507 1402 2529 1428 ιι
2564 1381 2649 1435 Ex
2679 1380 2763 1433 his
2789 1386 2843 1435 et
2870 1380 2992 1435 aliis
3037 1380 3344 1451 hujusmodi
3387 1380 3721 1453 argumentis

2129 1468 2389 1541 probatur
2416 1468 2472 1523 in
2500 1469 2609 1524 ulla
2637 1484 2799 1524 causa
2827 1485 2935 1524 non
2964 1469 3124 1526 licere
3153 1470 3385 1525 mentiri.

2196 1583 2489 1639 Mentiendi
2518 1591 2698 1639 autem
2727 1592 2847 1639 octo
2875 1601 3077 1657 genera
3104 1594 3242 1640 sunt.
3277 1585 3508 1641 Primum
3538 1585 3721 1656 itaque

2127 1680 2209 1728 est
2233 1674 2464 1744 capitale
2492 1674 2835 1729 mendacium
2871 1693 2883 1729 :
2917 1675 3060 1745 quod
3089 1676 3250 1748 longe
3280 1682 3361 1730 est
3380 1675 3718 1748 fugiendum,

2129 1772 2255 1841 quia
2282 1771 2342 1826 ﬁt
2390 1772 2445 1826 in
2473 1771 2715 1827 doctrina
2774 1772 3055 1844 religionis
3084 1789 3148 1828 ac
3192 1772 3418 1844 pietatis,
3449 1773 3516 1828 ad
3573 1771 3722 1843 quod

2128 1861 2471 1916 mendacium
2503 1862 2649 1915 nulla
2678 1861 2986 1918 conditione
3039 1862 3265 1933 quisque
3291 1862 3449 1917 debet
3503 1862 3719 1931 adduci,

1046 1919 1230 1975 dicens
1255 1939 1266 1975 ³
1288 1920 1539 2024 Ποίηίηθῂ
1562 1921 2015 2024 Βοωίθθνίμθδίθω
2046 1933 2099 1994 Β
2130 1950 2256 2021 quia
2285 1966 2547 2023 magnum
2581 1950 2755 2005 scelus
2783 1958 2880 2015 est,
2914 1958 2964 2006 et
2993 1919 3225 2022 primum
3263 1967 3433 2024 genus
3478 1919 3721 2006 detesta;

2126 2039 2252 2095 bilis
2280 2040 2568 2095 mendacii.
2630 2039 2934 2095 Secundum
2964 2048 3162 2107 autem,
3224 2040 3364 2111 quod
3397 2040 3497 2095 tale
3525 2048 3604 2096 est
3664 2048 3723 2096 ut

2127 2145 2182 2192 et
2209 2138 2340 2192 nulli
2371 2138 2540 2209 prosit
2569 2146 2622 2194 et
2650 2137 2793 2193 obsit
2819 2137 2999 2202 alicui,
3032 2142 3156 2208 quia
3182 2138 3312 2193 nulli
3343 2139 3586 2194 facienda
3640 2146 3721 2193 est

2128 2228 2346 2298 injuria,
2371 2236 2425 2283 et
2453 2228 2508 2282 in
2536 2228 2637 2282 hoc
2667 2243 2866 2300 genere
2895 2243 3003 2283 non
3017 2228 3175 2283 debet
3196 2228 3426 2283 mentiri.
3457 2229 3715 2295 Tertium,

2129 2316 2274 2387 quod
2300 2316 2374 2371 ita
2431 2316 2650 2388 prodest
2677 2317 2769 2371 uni
2809 2324 2867 2371 ut
2916 2317 3058 2371 obsit
3082 2316 3253 2382 alteri,
3314 2318 3558 2387 quamvis
3609 2332 3720 2373 non

2130 2414 2198 2470 ad
2230 2414 2627 2470 immunditiam
2657 2414 2799 2469 obsit
2826 2415 3182 2485 corporalem,
3215 2422 3267 2469 et
3297 2414 3349 2468 in
3393 2416 3493 2470 hoc
3519 2431 3718 2487 genere

2129 2503 2259 2559 nulli
2288 2520 2411 2558 cum
2442 2504 2659 2558 alterius
2714 2504 2911 2574 injuria
2965 2504 3348 2559 consulendum
3404 2512 3498 2559 est.
3557 2504 3721 2574 Quar-

2126 2600 2262 2659 tum,
2322 2592 2465 2663 quod
2493 2592 2551 2648 ﬁt
2604 2593 2719 2648 sola
2748 2594 3041 2648 mentiendi
3097 2593 3320 2649 libidine
3374 2593 3718 2664 fallendique,

2130 2682 2274 2753 quod
2302 2698 2509 2738 merum
2535 2682 2876 2738 mendacium
2907 2690 3004 2749 est,
3063 2682 3189 2753 quia
3217 2682 3385 2738 libido
3431 2683 3721 2738 mentiendi

2128 2788 2226 2843 per
2254 2788 2310 2825 se
2342 2772 2515 2844 ipsam
2548 2772 2740 2827 vitiosa
2769 2779 2865 2827 est.
2900 2770 3178 2841 Quintum,
3212 2771 3351 2843 quod
3382 2769 3439 2827 ﬁt
3475 2771 3721 2842 placendi

2126 2862 2419 2933 cupiditate
2449 2861 2516 2917 de
2563 2862 2901 2932 suaviloquio
2935 2879 2949 2917 :
2982 2861 3037 2916 in
3066 2861 3211 2932 quod
3238 2878 3437 2934 genere
3490 2878 3590 2917 nec
3647 2869 3724 2918 est

2128 2959 2501 3015 mentiendum
2532 2974 2547 3029 ;
2582 2962 2708 3029 quia
2734 2959 2780 3014 si
2808 2961 2925 3031 ipsa
2971 2961 3169 3016 veritas
3196 2958 3301 3015 ﬁne
3330 2960 3574 3031 placendi
3624 2958 3720 3016 ho-

2128 3048 2367 3103 minibus
2394 3049 2725 3104 enuntianda
2780 3065 2888 3105 non
2917 3057 3013 3117 est,
3046 3058 3246 3120 quanto
3292 3050 3469 3104 minus
3494 3049 3720 3105 menda-

2127 3138 2271 3193 cium
2330 3154 2427 3209 per
2481 3138 2743 3209 seipsum,
2803 3139 2929 3209 quia
2978 3139 3317 3195 mendacium
3385 3145 3483 3205 est,
3542 3138 3719 3209 utique

2128 3233 2281 3298 turpe
2304 3233 2400 3282 est.
2433 3227 2528 3281 His
2557 3227 2808 3282 omnibus
2864 3228 3076 3299 penitus
3128 3228 3337 3283 evitatis
3366 3236 3523 3298 atque
3572 3228 3718 3298 reje-

1749 3284 2021 3389 ῗυλῐῗειῖῗξ
2053 3294 2102 3359 C
2131 3284 2254 3385 ctis,
2282 3324 2362 3370 est
2388 3324 2597 3371 sextum
2627 3333 2799 3389 genus
2826 3284 3043 3386 {Quod
3071 3324 3124 3372 et
3152 3316 3283 3371 nulli
3311 3284 3467 3373 obes-t
3517 3324 3570 3372 et
3594 3284 3716 3386 pro-
3739 3309 3749 3316 ’

2131 3413 2250 3469 dest
2268 3413 2427 3469 alicui
2487 3414 2864 3486 interroganti.
2904 3415 3011 3470 Sed
3054 3423 3108 3470 et
3132 3415 3188 3469 in
3242 3416 3344 3470 hoc
3371 3430 3567 3486 genere
3613 3429 3716 3470 non

2133 3510 2215 3559 est
2244 3503 2635 3571 mentiendum,
2669 3504 2795 3574 quia
2849 3520 2949 3561 nec
2975 3512 3120 3560 recte
3146 3505 3505 3575 corrumpitur
3558 3503 3713 3560 etiam

2136 3592 2427 3647 testimonii
2486 3593 2700 3657 veritas,
2734 3609 2831 3664 pro
2865 3592 3182 3663 cujusquam
3242 3592 3519 3663 temporali
3575 3607 3719 3648 com-

2138 3680 2302 3737 modo
2333 3697 2396 3737 ac
2424 3681 2623 3738 salute.
2661 3682 2743 3736 Ad
2774 3682 3156 3753 sempiternam
3186 3698 3314 3737 vero
3343 3681 3567 3737 salutem
3608 3679 3719 3735 nul-

2140 3770 2223 3826 lus
2281 3770 2559 3826 ducendus
2614 3779 2694 3827 est
2710 3771 3006 3843 opitulante
3061 3771 3386 3826 mendacio:
3419 3787 3527 3826 non
3579 3769 3717 3824 enim

2144 3859 2302 3915 malis
2329 3860 2758 3918 convertentium
2789 3859 3030 3915 moribus
3068 3860 3135 3915 ad
3166 3862 3338 3915 bonos
3367 3875 3543 3915 mores
3592 3874 3721 3915 con-

2144 3957 2437 4014 vertendus
2492 3966 2591 4013 est.
2642 3957 2910 4027 Quoniam
2943 3973 3075 4029 erga
3102 3957 3253 4012 illum
3305 3956 3447 4012 salus
3490 3953 3725 4011 facienda

2147 4054 2246 4114 est,
2274 4046 2438 4103 debet
2466 4047 2637 4105 etiam
2658 4047 2773 4117 ipse
2828 4062 3117 4102 conversus
3166 4047 3341 4101 facere
3370 4061 3498 4117 erga
3551 4044 3680 4099 alios
3708 4060 3722 4107 ;

2148 4144 2309 4206 atque
2340 4136 2415 4191 ita
2443 4153 2553 4193 non
2584 4137 2653 4192 ad
2697 4137 2889 4203 bonos,
2921 4136 3014 4191 sed
3071 4135 3137 4191 ad
3159 4135 3331 4191 malos
3384 4149 3557 4190 mores
3608 4147 3726 4188 con-

2148 4235 2388 4302 vertitur,
2419 4250 2541 4289 cum
2574 4235 2676 4289 hoc
2701 4233 2749 4288 ei
2780 4233 3050 4305 praebetur
3110 4231 3427 4286 imitandum
3483 4244 3727 4286 converso

2149 4323 2293 4393 quod
2324 4323 2373 4377 ei
2410 4323 2707 4392 praestitum
2764 4330 2842 4378 est
2871 4321 3252 4378 convertendo.
3311 4320 3604 4391 Septimum
3655 4326 3727 4374 est

2151 4412 2295 4481 quod
2326 4412 2374 4469 ei
2401 4413 2696 4483 praestitum
2754 4420 2836 4466 est
2870 4410 3254 4467 convertenda.
3312 4408 3606 4480 Septimum
3655 4413 3728 4462 est

2152 4501 2297 4571 quod
2325 4508 2379 4556 et
2425 4502 2555 4556 nulli
2611 4501 2767 4557 obest
2806 4509 2859 4555 et
2909 4500 3127 4572 prodest
3183 4498 3360 4565 alicui,
3418 4504 3636 4568 excepto
3686 4494 3727 4549 si

2149 4598 2321 4669 judex
2351 4599 2662 4671 interroget.
2697 4600 2810 4654 Nec
2838 4599 2895 4653 in
2951 4600 3053 4653 hoc
3082 4613 3294 4667 quoque
3344 4610 3541 4668 genere
3598 4609 3731 4649 men-

2160 4696 2396 4751 tiendum
2428 4698 2544 4752 erit.
2578 4698 2703 4753 Non
2734 4697 2878 4751 enim
2908 4696 3222 4767 cujusquam
3253 4692 3601 4749 commoditas
3648 4697 3730 4746 aut

2151 4787 2295 4842 salus
2352 4787 2665 4859 temporalis
2718 4784 3058 4858 perﬁcienda
3105 4782 3232 4839 ﬁdei
3261 4780 3591 4855 praeferenda
3616 4786 3725 4835 est:

2155 4892 2255 4931 nec
2309 4876 2351 4930 si
2407 4877 2690 4947 quisquam
2739 4876 2795 4930 in
2850 4881 2993 4930 recte
3049 4873 3204 4929 factis
3257 4871 3449 4927 nostris
3479 4878 3582 4925 tam
3600 4868 3728 4924 male

2157 4973 2422 5029 movetur,
2454 4963 2630 5020 utﬁat
2684 4964 2845 5020 etiam
2877 4964 3057 5018 animo
3114 4960 3365 5023 deterior,
3417 4960 3671 5032 longeque
3697 4972 3726 5012 a

2156 5055 2353 5127 pietate
2409 5055 2693 5111 remotior.
2759 5054 3051 5124 Propterea
3081 5059 3227 5107 recte
3256 5049 3393 5106 facta
3453 5044 3725 5102 deferenda

2156 5152 2297 5211 sunt,
2359 5161 2481 5199 cum
2528 5144 2583 5199 id
2641 5142 2797 5198 nobis
2855 5142 3124 5213 prazcipue
3182 5137 3468 5196 tenendum
3496 5136 3579 5205 sit,
3630 5150 3723 5206 quo

2158 5260 2351 5300 vocare
2382 5251 2540 5315 atque
2571 5243 2797 5299 invitare
2848 5241 3111 5297 debemus
3154 5254 3289 5309 quos
3321 5237 3453 5293 sicut
3503 5239 3725 5290 nosmet-

2157 5332 2307 5404 ipsos
2343 5334 2665 5405 diligimus;
2700 5332 3099 5400 fortissimoque
3150 5329 3331 5384 animo
3381 5324 3613 5381 hibenda
3658 5328 3729 5378 est

2144 5420 2252 5477 .illa
2280 5420 2574 5491 apostolica
2603 5418 2869 5474 sententia
2901 5433 2915 5473 :
2954 5438 2977 5465 α
3009 5414 3143 5471 Aliis
3158 5413 3374 5484 quidem
3403 5425 3584 5465 sumus
3614 5407 3730 5464 odor

2158 5511 2283 5567 vita:
2313 5511 2367 5564 in
2396 5510 2560 5567 vitam
2597 5527 2612 5575 ;
2644 5508 2764 5564 aliis
2792 5507 2930 5563 odor
2957 5503 3213 5561 mortisin
3240 5509 3467 5558 mortem
3496 5497 3569 5567 (II
3611 5497 3721 5554 Cor.

2158 5604 2241 5674 ιι).
2279 5625 2302 5650 ιι
2336 5601 2406 5655 Εῑ
2433 5600 2501 5655 ad
2531 5601 2633 5654 hoc
2661 5597 2780 5667 quis
2809 5594 3079 5652 idoneus?
3109 5592 3368 5648 Octavum
3424 5604 3592 5661 genus
3640 5591 3726 5653 est,

2159 5690 2302 5761 quod
2337 5698 2391 5746 et
2420 5689 2549 5743 nulli
2606 5686 2779 5755 obest,
2812 5693 2865 5741 et
2894 5684 2961 5739 ad
3008 5685 3111 5739 hoc
3132 5680 3367 5753 prodest,
3422 5685 3477 5732 ut
3523 5676 3589 5732 ab
3635 5674 3727 5729 im-

2160 5779 2423 5837 munditia
2472 5776 2739 5847 corporali
2785 5776 3021 5846 aliquem
3069 5779 3329 5833 tueamur,
3381 5767 3630 5822 duntaxat
3674 5778 3727 5820 ea

2157 5870 2365 5927 ratione
2398 5884 2504 5940 qua
2523 5866 2766 5939 superius
2804 5861 3368 5921 commemoravimus.
3404 5858 3515 5912 Nec
3552 5856 3605 5909 in
3638 5855 3727 5909 hoc

2156 5975 2357 6034 genere
2396 5957 2498 6013 erit
2540 5954 2934 6023 mentiendum,
2991 5952 3117 6024 quia
3152 5958 3205 6007 et
3252 5949 3306 6005 in
3337 5946 3493 6004 bonis
3536 5943 3723 6002 castitas
