3956 6434
50 378 140 429 221
1201 372 1558 429 MOBALIUM
1601 373 1667 428 IN
1705 372 2009 430 GENESIN
2044 373 2173 429 LIB.
2217 372 2368 429 VIII.

3469 376 3574 427 222

52 510 169 577 Lia,
204 523 385 581 quam
443 522 673 566 necesse
718 515 802 565 est
844 506 1096 579 primum
1139 506 1419 574 exerceri,
1462 514 1528 565 ut
1561 507 1636 563 ad
1664 520 1759 563 se-
1795 509 1840 564 Α
1870 507 2180 578 reperitur,
2215 508 2494 566 adversus
2527 522 2654 565 eam
2706 522 2884 581 quam
2930 510 3164 579 optabat
3205 510 3417 581 quietis
3464 510 3565 567 in-

50 600 288 671 quentis
318 599 571 670 speciem
597 598 886 655 veniatur.

119 689 297 745 Vsus.
350 692 437 753 18,
476 691 559 744 l9.
600 718 669 727 —
721 687 928 741 Rachel
973 701 1098 754 ergo
1132 686 1367 753 diligens
1413 686 1598 752 Jacob,
1647 701 1761 741 ser-

48 782 217 845 viam,
277 777 491 848 inquit,
543 776 646 831 tibi
701 791 800 846 pro
832 777 1029 831 Rachel
1098 780 1299 845 septem
1352 777 1512 829 annis
1567 775 1762 831 Melius

48 873 144 931 est,
182 870 270 921 ait
292 867 504 933 Laban,
524 871 584 921 ut
616 866 717 920 tibi
742 882 860 919 eam
882 865 1023 931 dem,
1076 880 1241 934 quam
1285 867 1404 919 viro
1434 866 1617 921 alteri.
1658 868 1761 921 Ra-

46 958 160 1011 chel
196 970 341 1026 ergo
379 956 542 1011 Iacob
580 954 787 1026 diligit,
841 968 973 1010 cum
1017 952 1489 1023 speculationem,
1536 953 1592 1008 in
1641 967 1762 1024 qua

48 1046 316 1115 pacatius
354 1044 595 1109 vivitur,
645 1044 878 1100 animus
922 1043 1109 1114 magis
1135 1042 1353 1113 appetit
1384 1059 1397 1097 :
1426 1047 1627 1113 septem
1659 1058 1761 1114 pro

46 1150 112 1191 ea
157 1136 326 1189 annis
365 1133 563 1198 servit,
612 1132 753 1188 dum
795 1132 1231 1188 universitatem
1280 1131 1558 1202 corporis,
1604 1132 1761 1203 quod

48 1230 307 1293 quatuor
346 1220 643 1278 elementis
708 1227 955 1287 constat,
1007 1227 1062 1275 et
1100 1219 1312 1275 animae
1360 1234 1494 1291 quae
1551 1221 1758 1288 tribus,

48 1312 342 1368 intellectu
381 1310 611 1377 scilicet,
650 1310 928 1365 memoria
957 1316 1012 1365 et
1063 1308 1363 1365 voluntate
1402 1308 1759 1379 praeminet,

49 1415 148 1471 pro
211 1400 445 1456 interna
517 1398 825 1455 emerenda
899 1398 1119 1454 visione
1178 1397 1477 1467 impendit.
1533 1398 1759 1468 Septem

49 1504 184 1561 ergo
215 1488 392 1544 annis
421 1488 615 1555 servit,
668 1486 771 1557 qui
820 1486 1095 1554 corporis,
1128 1494 1184 1543 et
1225 1486 1453 1554 animze,
1503 1495 1569 1543 ut
1606 1487 1761 1543 dixi-

50 1593 197 1645 mus,
234 1577 651 1647 septenarium,
687 1576 875 1642 annis,
932 1575 985 1631 id
1016 1583 1101 1631 est
1146 1575 1431 1631 virtutum
1479 1583 1761 1647 tanquam

49 1665 275 1720 dierum
332 1663 791 1734 plenitudinibus
840 1662 1070 1719 addicit.
1142 1665 1335 1718 Melius
1400 1667 1500 1730 est,
1571 1664 1762 1734 inquit

51 1751 318 1808 desiderii
347 1751 589 1808 coslestis
617 1750 872 1819 effectus,
906 1757 966 1806 ut
1004 1752 1107 1806 tibi
1146 1751 1359 1807 divinae
1400 1759 1759 1807 venustatem

52 1840 553 1911 contemplationis
583 1840 937 1911 indulgeam,
974 1839 1077 1911 qui
1112 1840 1321 1897 unitati
1371 1840 1633 1897 tenendae
1672 1841 1757 1897 in-

54 1931 226 1987 cubas
256 1946 427 2000 quam
454 1932 578 1985 viro
609 1930 792 1997 alteri,
825 1929 880 1985 id
920 1937 1004 1985 est
1034 1943 1214 2000 quam
1243 1929 1417 1986 alicui
1465 1930 1565 2000 qui
1601 1945 1760 1986 nunc

58 2019 124 2074 ad
171 2018 482 2082 saeculum,
533 2032 692 2074 nunc
742 2018 814 2073 ad
864 2019 1045 2074 Deum
1102 2017 1388 2074 alternare
1437 2019 1756 2075 consuevit.

56 2111 206 2164 Mane
235 2122 380 2179 ergo
410 2108 563 2177 apud
609 2123 710 2175 me,
747 2107 799 2163 id
839 2115 923 2164 est
963 2121 1267 2177 persevera
1311 2107 1372 2163 in
1407 2108 1596 2165 studio
1641 2123 1762 2165 coe-

58 2199 203 2253 lestis
226 2199 380 2253 vitae.
416 2197 605 2269 (Vnus.
644 2196 759 2267 20.)
808 2197 1046 2252 Servivit
1074 2198 1247 2265 igitur
1297 2197 1459 2251 Jacob
1497 2213 1603 2267 pro
1650 2201 1763 2254 Ra-

59 2288 164 2340 chel
217 2290 425 2355 septem
481 2287 666 2352 annis,
711 2289 762 2339 et
798 2284 1130 2341 videbantur
1174 2288 1225 2338 ei
1278 2287 1448 2355 pauci
1491 2286 1607 2340 dies
1646 2302 1763 2356 prae

59 2378 249 2430 amoris
301 2374 709 2443 magnitudine,
763 2373 820 2429 id
884 2381 969 2430 est
1033 2380 1150 2429 tota
1203 2373 1440 2445 justitize
1489 2374 1762 2430 humanas

61 2464 281 2520 claritas
317 2477 504 2535 prava
558 2463 790 2519 videtur
838 2471 896 2519 et
944 2462 1133 2519 tenuis
1183 2462 1256 2531 ei,
1305 2463 1410 2535 qui
1457 2462 1763 2534 diligenter

62 2555 280 2623 cogitat,
365 2560 423 2608 et
507 2551 888 2622 intelligenter
960 2558 1116 2607 amat
1178 2551 1424 2622 speciem
1494 2567 1763 2623 supernae

63 2641 447 2698 beatitudinis.
480 2640 674 2707 (Vnus.
707 2640 821 2710 21.)
852 2643 997 2695 Dicit
1034 2643 1223 2711 itaque
1245 2641 1409 2695 Iacob
1445 2641 1520 2694 ad
1552 2642 1758 2696 Laban.

62 2732 221 2787 Iacob
248 2731 322 2786 ad
356 2730 558 2785 Laban
598 2730 840 2796 dictum,
872 2744 987 2785 non
1019 2729 1179 2785 aliud
1235 2729 1418 2785 sentio
1450 2744 1627 2800 quam
1662 2745 1763 2801 pe-

65 2835 155 2875 nes
182 2828 416 2875 aeternze
458 2818 655 2889 gloria:
694 2818 1002 2874 candorem
1046 2818 1253 2874 interni
1287 2818 1551 2875 desiderii
1587 2834 1761 2890 appe-

68 2910 241 2964 titum.
276 2912 357 2963 Da
389 2910 531 2962 mihi
560 2923 781 2962 umorem
812 2924 1003 2975 meam,
1048 2909 1181 2977 quia
1235 2912 1443 2977 tempus
1488 2910 1762 2978 expletum

66 3004 135 3051 est
187 3004 243 3052 ut
295 2998 587 3065 ingrediar
633 2997 707 3051 ad
760 2996 939 3065 illam,
981 2996 1037 3052 id
1084 3004 1169 3052 est
1226 2997 1760 3064 concedaturmihi

68 3087 263 3143 divinae
309 3085 724 3157 speculationis
770 3100 903 3142 cum
957 3086 1228 3142 facultate
1275 3086 1564 3155 voluptas,
1617 3088 1757 3157 quia
1798 3121 1838 3177 ρ

64 3176 170 3246 jam
200 3176 460 3247 corporis
488 3183 543 3231 et
583 3176 793 3231 animae
838 3189 980 3231 mete
1027 3175 1379 3245 impensione
1409 3176 1656 3246 explevi,
1692 3185 1759 3233 ut

71 3264 120 3319 in
139 3266 259 3335 ejus
292 3266 573 3321 admittar
601 3265 904 3336 amplexus
943 3272 1119 3335 atque
1156 3265 1409 3321 delicias.

132 3354 296 3411 Vnus.
332 3358 423 3422 22,
455 3357 543 3409 23.
584 3355 671 3409 24.
703 3385 775 3394 -
814 3355 950 3419 Quis
989 3357 1193 3408 vocatis
1222 3356 1409 3409 multis
1465 3357 1764 3410 amicorum

73 3444 231 3497 turbis
279 3444 355 3498 ad
402 3445 707 3498 convivium
752 3444 887 3509 fecit
930 3445 1173 3511 nuptias.
1208 3443 1281 3497 Et
1324 3458 1541 3511 vespere
1588 3443 1764 3511 ﬁliam

70 3546 211 3585 suam
262 3538 410 3588 lle
452 3533 608 3587 Liam
639 3532 950 3587 introduxit
1000 3532 1076 3586 ad
1131 3547 1270 3599 eum,
1319 3531 1457 3587 dans
1500 3532 1764 3586 ancillam

71 3622 200 3688 ﬁlia,
254 3623 471 3688 let/am
526 3623 755 3676 nomine.
808 3620 1142 3676 Amicorum
1189 3620 1375 3676 turbae
1429 3635 1545 3677 non
1603 3621 1763 3677 aliud

72 3716 194 3764 sunt
222 3723 398 3780 quam
438 3709 669 3765 utilium
714 3709 1093 3780 cogitatuum,
1147 3708 1525 3778 locutionum,
1561 3717 1615 3765 et
1662 3723 1763 3765 ac-

74 3805 226 3855 tuum
264 3809 530 3868 catervaa,
585 3813 716 3869 quze
763 3812 901 3854 vera
953 3798 1214 3865 ﬁdelitas,
1269 3798 1641 3869 amicitiaque
1678 3806 1765 3854 est

74 3888 283 3944 animae.
344 3888 463 3944 Hos
509 3896 676 3945 vocat
733 3888 929 3944 Laban
985 3888 1062 3942 ad
1115 3890 1441 3957 convivium,
1511 3888 1764 3958 facitque

72 3980 301 4045 nuptias,
370 3991 510 4034 cum
566 3977 764 4034 aeterni
818 3976 1086 4033 candoris
1135 3991 1299 4033 amor
1361 3992 1431 4034 ea
1474 3977 1764 4033 contrahit

77 4066 272 4132 pariter
295 4066 368 4122 ad
418 4080 684 4137 supernae
730 4066 1057 4122 dulcedinis
1103 4067 1400 4134 haustum,
1453 4074 1507 4123 et
1550 4065 1763 4121 divinae

74 4152 444 4211 delectationis
476 4154 694 4225 praebet
731 4156 1088 4226 amplexum.
1135 4154 1244 4211 Sed
1294 4171 1532 4226 vespere,
1579 4155 1633 4210 id
1678 4162 1763 4211 est

76 4249 351 4300 attenuate
404 4244 583 4300 animi
631 4244 932 4315 splendore
979 4243 1097 4299 tilia
1154 4244 1254 4299 Lia
1293 4245 1368 4298 ad
1409 4260 1529 4299 eum
1577 4245 1763 4301 intro-

77 4329 308 4400 ducitur,
342 4334 481 4403 quia
510 4333 568 4388 in
602 4334 803 4389 activae
823 4332 955 4389 vitae
991 4332 1245 4389 laborem
1288 4347 1449 4389 mens
1491 4334 1764 4405 quaelibet

78 4429 257 4475 sancta
332 4422 634 4489 relabitur,
704 4422 843 4477 dum
930 4422 1097 4493 quies
1160 4422 1391 4479 interna
1420 4422 1755 4493 dissipatur.

79 4507 214 4563 Zelfa
262 4510 473 4567 dicitur
518 4526 575 4565 os
621 4511 926 4566 ambulans.
979 4511 1161 4567 Habet
1204 4512 1400 4582 itaque
1443 4511 1543 4567 Lia
1579 4513 1759 4569 ancil-

82 4596 180 4652 lam
226 4614 369 4667 eam,
418 4615 553 4671 quae
595 4600 902 4657 ambulans
959 4614 1023 4656 os
1071 4599 1303 4665 dicitur,
1364 4601 1553 4657 activa
1606 4602 1761 4658 enim

82 4685 250 4743 laudis
280 4689 573 4755 humanae,
604 4704 735 4760 quae
762 4704 860 4759 per
888 4703 991 4746 ora
1011 4689 1364 4746 ancillariter
1392 4690 1758 4747 adulantium

82 4776 301 4844 proficit,
354 4787 410 4835 et
460 4779 756 4847 discurrit,
805 4779 1100 4850 obsequiis
1146 4779 1451 4851 delinitur;
1501 4788 1761 4851 patenter

82 4864 217 4919 enim
246 4876 542 4936 operatur.
573 4869 766 4937 (Vens.
810 4872 901 4934 25,
931 4870 1047 4939 26.)
1078 4869 1170 4923 Ad
1191 4884 1357 4939 quam
1386 4886 1505 4925 cum
1530 4887 1597 4924 ea:
1616 4887 1787 4941 more.

82 4952 230 5007 Jacob
252 4957 444 5021 fuisset
483 4959 781 5026 ingressus,
824 4960 971 5025 facta
1022 4972 1181 5012 mane
1222 4958 1369 5012 vidit
1412 4957 1621 5029 jLiam;
1679 4959 1762 5014 di-

86 5043 253 5110 :et'tque
294 5046 367 5099 ad
415 5061 660 5102 socerum
705 5062 864 5102 suum
897 5062 909 5101 :
963 5048 1147 5104 Nonne
1172 5063 1275 5117 pro
1323 5048 1523 5103 Rachel
1559 5050 1763 5103 servivi

90 5129 221 5184 tibi?
273 5134 449 5199 Quare
502 5137 661 5192 Liam
702 5138 1012 5207 imposuisti
1040 5137 1225 5190 mihi?
1272 5138 1392 5194 Non
1449 5142 1546 5205 est,
1580 5140 1764 5207 inquit

90 5214 268 5285 Laban,
296 5224 353 5277 in
379 5223 494 5279 loco
549 5231 731 5281 nostro
773 5226 1199 5294 consuetudinis,
1230 5228 1303 5282 'ut
1347 5230 1581 5282 minores
1637 5232 1763 5282 ante

91 5306 343 5367 tradamus
369 5314 445 5368 ad
471 5317 718 5384 nuptias.
758 5318 843 5371 Ea:
870 5332 1015 5371 more
1048 5317 1211 5372 Jacob
1240 5317 1313 5373 ad
1341 5317 1451 5374 sibi
1497 5316 1761 5387 junctam

90 5396 403 5472 ingreditur,
458 5418 591 5461 cum
645 5404 826 5462 fidelis
899 5405 1093 5462 anima
1153 5406 1226 5462 ob
1281 5405 1759 5462 considerandam

94 5493 329 5560 propositi
356 5494 445 5550 sui
478 5491 741 5565 regulam
789 5493 862 5549 ad
906 5508 1005 5550 cor
1051 5494 1413 5551 discernendi
1460 5507 1639 5551 causa
1669 5508 1763 5552 re—

96 5580 326 5637 vertitur.
374 5583 479 5640 Sed
529 5597 688 5637 mane
715 5582 928 5638 divinat
976 5580 1374 5639 illustrationis
1409 5584 1577 5650 facto,
1621 5581 1759 5638 dum

100 5662 155 5721 de
194 5671 576 5738 proximorum
643 5685 785 5727 cura
848 5670 1211 5728 conscientias
1259 5670 1421 5727 labor
1489 5670 1765 5727 inductus

1872 604 2047 654 ternm
2099 598 2369 670 gratiam,
2429 612 2497 655 ac
2548 598 2594 655 si
2658 606 2861 655 contra
2912 599 3108 655 Lahan
3167 600 3568 671 conqueritur.

1871 686 2105 755 Speciei,
2140 687 2351 757 inquit.
2390 687 2610 744 intimae
2658 688 2990 759 quaerebam
3041 695 3427 755 venustatem,
3467 703 3575 745 cur

1869 782 1950 830 tot
1976 776 2338 846 negotiorum
2373 776 2553 834 reﬂuo
2593 776 2652 832 in
2700 776 2952 833 laborem
2976 775 3004 830 ?
3055 779 3171 831 Non
3211 782 3311 846 est,
3352 777 3432 833 ait
3473 792 3574 834 ra-

1868 862 2159 920 tiocinatio
2191 864 2338 921 lucis
2364 866 2623 933 internae,
2678 866 3082 921 consuetudinis
3114 866 3280 936 apud
3327 880 3425 921 eos
3470 866 3574 937 qui

1870 953 2126 1009 localiter
2155 954 2553 1025 stabiliterque
2576 955 2750 1025 juxta
2786 953 2925 1025 jura
2972 962 3169 1010 nostra
3212 955 3407 1009 vivere
3445 955 3576 1012 deli-

1870 1042 2095 1112 berant,
2124 1047 2186 1097 ut
2212 1046 2444 1099 minores
2478 1049 2604 1098 ante
2646 1044 2930 1099 tradamus
2978 1044 3053 1098 ad
3078 1047 3328 1113 nuptias,
3383 1043 3440 1099 id
3488 1051 3574 1100 est

1869 1139 1934 1188 ut
1986 1132 2304 1189 virtutibus
2345 1133 2634 1204 quisniam
2694 1134 3015 1203 copuletur,
3069 1134 3250 1188 donec
3294 1133 3572 1188 vitiorum

1871 1223 2019 1280 bella
2047 1225 2311 1280 evincere
2341 1234 2597 1293 conetur,
2637 1240 2769 1296 qua;
2813 1226 3062 1282 minores
3102 1225 3225 1281 ideo
3272 1224 3571 1295 dicuntur,

1869 1323 1985 1364 non
2034 1310 2191 1380 quod
2242 1310 2355 1365 sint
2411 1310 2690 1381 dignitate
2744 1311 3027 1382 juniores,
3080 1310 3175 1366 sed
3232 1308 3388 1380 quod
3450 1315 3574 1379 post

1870 1398 2253 1454 tentationum
2299 1399 2624 1469 triumphos
2680 1399 2839 1454 omni
2894 1399 3221 1455 habeantur
3300 1397 3572 1453 exercitio

1872 1486 2131 1552 leviores,
2161 1495 2215 1543 et
2244 1501 2352 1543 sua
2382 1488 2637 1558 quadam
2669 1487 2945 1543 ineil‘abili
2983 1486 3239 1543 novitate
3271 1488 3568 1557 gratiores.

1869 1576 1960 1633 Nil
2007 1576 2159 1633 enim
2219 1577 2464 1647 simplici
2520 1584 2709 1633 mente
2753 1577 3001 1633 dulcius.
3052 1577 3134 1632 Eo
3188 1576 3366 1647 igitur
3404 1576 3572 1632 modo

1870 1665 2270 1735 contemplatio
2316 1665 2505 1720 minor
2549 1672 2653 1733 est,
2697 1664 2799 1735 qui
2848 1665 3146 1721 laboribus
3186 1665 3414 1720 curisvc
3456 1678 3572 1720 non

1871 1753 2122 1822 interest,
2155 1762 2210 1810 et
2257 1754 2327 1809 de
2360 1754 2547 1810 activo
2594 1754 2908 1810 certamine
2958 1754 3031 1809 ad
3077 1752 3574 1823 contemplationis

1870 1843 2129 1914 requiem
2157 1843 2573 1914 proficiendum
2604 1850 2708 1899 est.

1942 1933 2113 1991 Vsus.
2157 1936 2247 1988 27.
2312 1963 2382 1974 -
2441 1934 2609 2003 Imple
2674 1931 3068 1988 hebdomadam
3113 1932 3328 1986 dierum
3407 1932 3573 2002 hujus

1870 2024 2091 2093 copula,
2132 2028 2184 2078 et
2232 2022 2370 2078 hanc
2397 2038 2612 2092 quoque
2654 2022 2796 2077 dabo
2824 2022 2928 2076 tibi
2966 2037 3068 2092 pro
3108 2036 3265 2091 opere
3303 2036 3408 2090 quo
3454 2036 3574 2075 ser-

1868 2115 2085 2168 viturus
2106 2128 2160 2167 es
2197 2112 2356 2177 mihi,
2394 2117 2594 2182 septem
2634 2114 2797 2166 annis
2844 2113 2992 2166 aliis.
3045 2108 3418 2166 Hebdomada
3448 2109 3576 2165 die-

1871 2215 2001 2257 rum
2034 2200 2255 2271 copulze
2298 2199 2590 2271 impletur,
2639 2215 2774 2256 cum
2821 2200 3082 2269 plenaria
3120 2199 3403 2254 bonorum
3447 2211 3577 2267 ope-

1870 2304 2000 2345 rum
2028 2289 2395 2347 exsecutione
2438 2290 2620 2345 amori
2664 2288 2798 2361 quis
2842 2287 3168 2344 Conditoris
3208 2286 3571 2357 astringitur,

1870 2386 1926 2435 et
1955 2385 2096 2434 tunc
2123 2378 2236 2433 alia
2266 2392 2371 2448 pro
2399 2392 2571 2448 opere
2598 2385 2817 2448 septem
2849 2376 3092 2432 aliorum
3117 2389 3429 2441 annorum,
3459 2388 3575 2444 quo

1869 2468 2197 2524 serviturus
2243 2475 2349 2533 est,
2404 2467 2579 2523 datur
2622 2481 2757 2523 cum
2799 2465 3109 2536 speculatio
3171 2464 3343 2535 quasi
3390 2462 3573 2533 quod-

1871 2558 2003 2613 dam
2034 2557 2338 2627 praemium
2364 2555 2580 2612 intimae
2609 2563 2840 2622 nostrae,
2892 2569 3011 2625 qua
3055 2567 3088 2608 a
3136 2553 3293 2609 vitiis
3322 2551 3576 2623 quiesci-

1872 2659 2022 2710 mus,
2080 2645 2239 2715 pacis
2267 2644 2521 2700 additur.
2577 2643 2801 2714 Septem
2853 2643 2990 2699 anni
3052 2642 3272 2712 priores
3320 2641 3378 2696 in
3430 2640 3574 2695 inte-

1873 2734 2008 2790 riori
2038 2734 2429 2804 exteriorique
2471 2733 2785 2790 certamine
2823 2740 2994 2798 sunt;
3048 2731 3318 2802 postremi
3361 2735 3576 2799 septem

1872 2822 2183 2893 utrobique
2221 2823 2446 2893 corpori
2488 2822 2702 2878 scilicet
2744 2830 2801 2879 et
2848 2821 3056 2878 animae
3099 2834 3172 2876 ex
3220 2818 3434 2890 peccati
3483 2817 3577 2872 vi-

1870 2912 2051 2967 ctoria
2071 2912 2253 2983 quieti
2282 2919 2337 2968 et
2392 2912 2602 2983 placidi
2659 2920 2817 2968 sunt.
2875 2912 3016 2966 Hinc
3072 2909 3283 2965 etenim
3338 2916 3394 2964 et
3444 2907 3576 2962 inde

1872 3011 1973 3066 per
2022 2997 2414 3067 septenarium
2471 2997 2883 3064 sabbatizatur,
2944 2995 3132 3064 primo
3198 2992 3457 3048 exterius
3517 2991 3574 3045 in

1871 3100 2059 3155 opere,
2120 3086 2484 3156 postmodum
2537 3085 2783 3141 interius
2841 3086 2900 3140 in
2949 3082 3314 3154 cogitatione.
3384 3080 3577 3136 Verba

1871 3174 2067 3230 Lahan
2093 3175 2171 3230 nil
2204 3173 2369 3231 aliud
2418 3174 2706 3245 intelligas
2736 3187 2912 3244 quam
2949 3171 3189 3228 rationis
3228 3169 3576 3225 illuminataa

1870 3263 2235 3318 sententiam.
2270 3263 2464 3328 (Vens.
2500 3266 2588 3327 28,
2642 3264 2758 3331 29.)
2794 3261 3122 3331 Acquiescit
3175 3273 3313 3330 ergo
3367 3257 3571 3314 Jacob:

1871 3352 1969 3407 sed
2002 3352 2233 3407 Racheli
2261 3352 2398 3407 Bala
2429 3351 2639 3407 ancilla
2685 3351 3084 3421 subjungitur.
3128 3348 3266 3404 Bala
3315 3361 3451 3402 vero
3488 3349 3574 3400 in-

1869 3446 2111 3495 veterata
2199 3440 2628 3511 interpretatur.
2686 3440 2954 3497 Vetustas
3024 3446 3217 3494 autem
3286 3437 3395 3492 ista
3460 3450 3575 3491 non

1873 3530 2015 3586 mihi
2047 3530 2161 3585 alia
2192 3531 2423 3586 videtur
2460 3543 2636 3601 quam
2682 3542 3086 3598 corporearum
3137 3540 3333 3582 rerum
3382 3525 3577 3595 phan-

1870 3621 2036 3686 tasia,
2067 3634 2198 3689 quae
2230 3620 2473 3691 [semper
2502 3618 2970 3689 contemplationi
3029 3615 3421 3687 spiritualium
3480 3613 3576 3669 in-

1871 3709 2032 3765 fensa
2061 3710 2328 3765 sentitur.
2368 3708 2873 3778 Contemplationis
2913 3711 3111 3777 itaque
3143 3705 3368 3760 novitas
3408 3703 3575 3758 inve-

1872 3806 2113 3865 teratur,
2149 3813 2282 3855 cum
2308 3797 2775 3867 corruptibilium
2818 3794 3174 3863 imaginibus
3219 3793 3574 3858 incursatur,

1871 3889 2221 3945 ancillariter
2268 3896 2460 3945 tamen
2518 3887 2844 3958 subjicitur.
2923 3886 3115 3951 (Vens.
3180 3883 3293 3954 30.)
3360 3883 3577 3940 Verum

1872 3978 1963 4034 his
2040 3978 2216 4035 Jacob
2298 3977 2512 4049 potitus
2585 3976 2823 4046 nuptiis,
2909 3988 3163 4030 amorem
3258 3970 3573 4042 sequentis,

1872 4067 1929 4123 id
1978 4076 2061 4123 est
2117 4067 2591 4137 contemplativze,
2657 4064 2855 4136 priori,
2912 4063 2967 4119 id
3018 4070 3101 4118 est
3158 4062 3362 4118 activae
3420 4072 3577 4129 prte-

1873 4157 2024 4213 tulit.

1944 4246 2117 4304 VEus.
2148 4248 2235 4300 31.
2270 4274 2340 4287 -
2385 4244 2587 4301 Videns
2645 4248 2824 4298 autem
2882 4244 3042 4308 Deus,
3084 4239 3229 4310 quod
3278 4238 3577 4307 despiceret

1872 4335 2050 4398 Liam,
2086 4336 2306 4404 aperuit
2337 4335 2557 4388 vulvam
2586 4334 2722 4403 ejus,
2773 4347 2953 4387 sorore
2998 4332 3176 4385 sterili
3204 4332 3571 4399 permanente.

1798 4411 1844 4465 Ῑ)
1874 4424 2040 4482 Videt
2083 4426 2338 4479 Dominus
2385 4423 2467 4492 (id
2497 4428 2601 4489 est,
2644 4421 2840 4477 videre
2886 4435 2991 4476 nos
3048 4418 3203 4489 facit)
3255 4416 3402 4488 quod
3459 4430 3576 4472 non

1870 4513 2014 4571 bene
2032 4514 2382 4569 aestimemus
2424 4512 2494 4567 de
2541 4510 2661 4577 Lia,
2692 4510 2748 4565 id
2775 4517 2861 4565 est
2890 4510 2960 4565 de
2989 4505 3202 4564 actuali
3232 4506 3372 4572 vita,
3436 4504 3576 4560 dum

1870 4602 2039 4673 quasi
2072 4602 2258 4658 tutius
2287 4608 2580 4671 putamus,
2611 4598 2777 4655 nobis
2835 4597 2969 4654 solis
3012 4595 3339 4667 intendere,
3400 4606 3578 4664 quam

1871 4692 1980 4747 sub
2012 4689 2259 4761 proximi
2303 4702 2445 4744 cura
2473 4687 2776 4753 desudare,
2828 4685 3129 4756 aperitque
3176 4685 3395 4737 vulvam
3433 4682 3572 4750 ejus,

1872 4780 1927 4836 id
1979 4786 2063 4835 est
2125 4776 2372 4834 ostendit
2430 4775 2738 4833 utilitatem
2805 4789 2874 4829 ac
2916 4771 3374 4829 fructuositatem
3426 4769 3572 4839 ejus,

1872 4868 2014 4940 quia
2056 4867 2269 4923 scilicet
2316 4879 2621 4921 commune
2671 4864 2888 4919 bonum
2939 4862 3164 4933 privato
3207 4860 3375 4915 debet
3428 4872 3574 4928 prae-

1872 4956 2027 5027 poni,
2067 4972 2247 5011 sorore
2272 4959 2622 5025 permanente
2649 4954 2843 5021 sterili,
2880 4952 2934 5008 id
2978 4958 3063 5007 est
3094 4950 3234 5007 dum
3267 4962 3340 5004 ex
3384 4947 3577 5003 fecun-

1870 5046 2046 5102 ditate
2095 5043 2444 5101 actualitatis
2512 5041 2890 5113 perpenditur
2935 5039 3112 5097 unica
3177 5036 3398 5094 utilitas
3458 5035 3571 5102 sui,

1870 5149 1977 5192 nec
1996 5133 2335 5192 intendatur
2378 5133 2482 5189 abs
2524 5132 2784 5204 quolibet
2826 5130 3225 5202 proximarum
3272 5124 3571 5197 profectui.

1872 5225 2073 5291 (Vnus.
2131 5223 2246 5292 32.)
2298 5224 2619 5291 Conceptum
2678 5221 2920 5277 actualis
2959 5226 3198 5291 generat
3255 5217 3454 5283 ﬁlium,
3515 5214 3574 5269 id

1870 5321 1956 5370 est
1985 5312 2346 5383 propositum
2376 5311 2611 5368 exhibet
2651 5310 2995 5382 generaliter
3045 5308 3121 5379 pii
3168 5306 3357 5378 operis
3400 5317 3575 5360 exer-

1871 5403 2094 5469 citium,
2126 5410 2181 5459 et
2232 5409 2400 5457 vocat
2445 5416 2636 5455 nomen
2690 5401 2808 5469 ejus
2860 5398 3065 5464 Ruben,
3115 5396 3363 5452 aestimat
3414 5392 3571 5448 vide-

1871 5492 2002 5549 licet
2032 5490 2189 5561 apud
2221 5504 2281 5546 se
2310 5503 2597 5545 summam
2628 5488 2756 5560 ejus
2788 5486 2977 5558 operis
3006 5485 3161 5557 quod
3191 5498 3360 5556 penes
3387 5482 3569 5538 Deum

1872 5580 2224 5638 nominabile
2261 5586 2361 5646 est,
2395 5577 2622 5646 Ruben,
2659 5577 2714 5632 id
2743 5585 2830 5633 est
2854 5576 2997 5647 lvide
3046 5574 3104 5630 in
3152 5574 3362 5637 medio,
3415 5570 3572 5641 quod

1870 5678 1974 5738 est,
2004 5685 2117 5726 non
2157 5683 2263 5726 suo
2309 5666 2551 5738 simplici
2606 5666 2931 5738 providere,
2982 5664 3079 5721 sed
3122 5660 3418 5720 communi
3467 5673 3573 5729 po-
