3924 6400
182 460 332 517 107⁸7

181 576 356 633 animi
388 575 689 648 pudicitia
717 574 981 646 corporis,
1022 582 1075 630 et
1104 573 1158 628 in
1194 573 1352 628 malis
1394 575 1450 629 id
1523 577 1665 648 quod
1716 577 1824 650 ipsi
1859 581 1909 644 Λ,

183 667 432 722 facimus
465 682 544 721 eo
579 665 740 735 quod
772 663 888 719 fieri
920 662 1150 718 sinimus
1181 663 1353 728 majus
1385 673 1486 719 est.

268 758 333 809 In
364 755 461 809 his
492 770 654 827 ergo
721 762 844 810 octo
873 753 1171 825 generibus
1217 761 1360 807 tanto
1390 753 1622 825 quisque
1654 752 1834 810 minus

189 861 412 924 peccat,
451 867 596 907 cum
647 851 926 915 mentitur,
971 857 1174 922 quanto
1204 851 1436 919 emergit
1461 851 1528 904 ad
1557 860 1830 918 octavum,

190 949 472 1012 tantoque
506 941 764 1011 amplius
793 947 994 1009 quanto
1026 939 1256 1010 emergit
1286 939 1354 992 ad
1388 940 1641 1008 primum.
1679 941 1834 1008 Quis-

191 1031 320 1104 quis
351 1037 572 1085 autem
604 1045 736 1084 esse
762 1028 980 1097 aliquod
1027 1043 1201 1098 genus
1222 1028 1492 1083 mendacii
1526 1029 1668 1099 quod
1701 1046 1833 1098 pec—

190 1137 385 1185 catum
419 1143 548 1182 non
582 1127 660 1181 sit
696 1126 984 1196 putaverit,
1025 1124 1261 1195 decipiet
1310 1125 1553 1195 seipsum
1583 1126 1829 1196 turpiter,

189 1234 321 1274 cum
374 1217 698 1272 honestum
738 1231 798 1270 se
836 1215 1192 1284 deceptorem
1231 1213 1526 1268 arbitratur
1580 1213 1829 1269 aliorum.

191 1305 520 1362 Mendaces
595 1304 780 1373 itaque
847 1302 1051 1358 faciunt
1089 1311 1148 1357 ut
1207 1318 1309 1359 nec
1348 1318 1480 1358 vera
1533 1303 1839 1358 dicentibus

192 1404 518 1466 credatur;
559 1402 749 1457 reddit
785 1401 930 1456 enim
961 1416 1107 1470 sape
1147 1400 1434 1456 hominem
1466 1400 1634 1455 multa
1685 1400 1838 1455 falsi-

194 1500 285 1548 tas
317 1492 505 1548 etiam
539 1491 606 1546 in
647 1490 870 1545 veritate
898 1497 1233 1560 suspectum.
1267 1489 1423 1559 Sape
1452 1505 1580 1544 vera
1612 1489 1840 1560 promit-

195 1582 263 1637 tit
294 1581 397 1654 qui
429 1580 597 1636 falsa
628 1580 873 1636 dicturus
893 1586 993 1643 est,
1019 1586 1095 1644 ut,
1114 1594 1238 1633 cum
1267 1580 1502 1648 primum
1526 1578 1839 1648 acquisierit

199 1679 401 1746 ﬁdem,
438 1679 520 1734 ad
566 1679 783 1750 reliqua
821 1676 1108 1732 mendacia
1153 1676 1438 1732 audientes
1467 1676 1722 1733 credulos
1755 1676 1839 1730 fa-

200 1768 346 1825 ciat.
409 1767 618 1822 Multis
657 1767 910 1822 videntur
948 1781 1075 1820 vera
1122 1781 1246 1820 esse
1283 1781 1405 1836 qua
1442 1764 1579 1819 falsa
1617 1773 1763 1830 sunt,
1787 1771 1841 1819 et

201 1858 336 1913 ideo
398 1873 524 1911 non
590 1871 658 1910 ex
697 1856 833 1920 Deo,
874 1854 974 1908 sed
1031 1870 1098 1908 ex
1137 1869 1237 1908 suo
1274 1853 1561 1909 mendacio
1600 1853 1843 1924 loquun-

204 1964 323 2009 tur.
366 1954 804 2025 Nonnunquam
837 1950 1049 2006 falsitas
1075 1950 1373 2020 veriloquio
1413 1950 1749 2022 adjungitur,
1785 1957 1838 2004 et
1865 1937 1918 1998 Β

207 2044 570 2115 plerumque
611 2057 645 2096 a
683 2040 908 2096 veritate
947 2039 1137 2109 incipit
1192 2040 1286 2111 qui
1327 2039 1466 2093 falsa
1521 2038 1788 2111 conﬁngit
1822 2057 1836 2101 ;

208 2132 391 2187 latent
416 2149 585 2202 saepe
610 2145 743 2185 vera
765 2129 1134 2185 circumlinita
1157 2129 1316 2184 melle
1340 2127 1650 2195 verborum,
1679 2137 1731 2182 et
1751 2135 1840 2181 tan

208 2230 306 2284 diu
340 2229 638 2293 deceptor
697 2227 981 2283 veritatem
1012 2225 1249 2291 simulat,
1291 2241 1575 2296 quousque
1605 2225 1842 2279 fallendo

209 2318 498 2389 decipiat.
542 2319 947 2387 Nonnunquam
976 2317 1136 2386 pejus
1163 2319 1246 2369 est
1290 2315 1635 2369 mendacium
1664 2314 1844 2368 medi-

213 2407 325 2461 tari
389 2423 571 2479 quam
627 2405 794 2475 loqui.
837 2406 975 2459 Nam
1013 2403 1280 2459 interdum
1317 2404 1547 2474 quisque
1592 2402 1842 2456 incautus

217 2503 364 2558 solet
398 2519 479 2558 ex
514 2502 951 2573 pracipitatione
981 2501 1130 2570 loqui
1188 2497 1552 2564 mendacium,
1596 2498 1842 2552 meditari

217 2601 412 2646 autem
427 2608 550 2646 non
574 2599 751 2661 potest
767 2590 870 2644 nisi
887 2606 983 2660 per
1007 2589 1264 2643 studium.
1279 2588 1510 2643 Gravius
1522 2587 1760 2657 ergoille
1777 2603 1841 2640 ex

220 2680 410 2734 studio
456 2680 692 2734 mentiri
744 2680 1082 2749 perhibetur,
1116 2693 1279 2747 quam
1309 2678 1354 2730 is
1386 2677 1475 2746 qui
1499 2692 1562 2731 ex
1586 2676 1844 2746 praccipi-

224 2780 438 2834 tatione
482 2778 609 2833 sola
651 2777 934 2831 mentitur.
1011 2777 1368 2845 Summopere
1408 2773 1721 2829 cavendum
1762 2777 1846 2827 est

223 2881 395 2922 omne
433 2865 816 2931 mendacium,
841 2865 1089 2934 quamvis
1128 2879 1515 2934 nonnunquam
1537 2863 1603 2916 sit
1624 2859 1846 2932 aliquod

226 2956 520 3011 mendacii
553 2970 732 3027 genus
763 2954 938 3023 culpa
967 2952 1206 3014 levioris,
1240 2952 1284 3005 si
1315 2951 1598 3022 quisquam
1633 2965 1730 3020 pro
1761 2964 1845 3002 sa-

227 3054 340 3106 lute
373 3053 667 3108 hominum
717 3052 1037 3105 mentiatur.
1088 3049 1196 3104 Sed
1255 3049 1381 3119 quia
1412 3048 1672 3118 scriptum
1706 3055 1787 3101 est
1828 3064 1841 3100 :

235 3164 258 3189 ε
293 3141 375 3196 Os
409 3143 567 3214 quod
599 3141 859 3196 mentitur
897 3138 1096 3194 occidit
1133 3138 1368 3192 animam
1399 3138 1556 3208 (Sap.
1591 3139 1651 3205 ι),
1689 3157 1710 3183 ι
1746 3143 1838 3190 et:

236 3231 487 3286 oPerdes
521 3246 619 3285 eos
649 3229 743 3301 qui
780 3229 1080 3300 loquuntur
1108 3227 1451 3282 mendacium
1483 3225 1671 3295 (Paul.
1707 3223 1779 3294 v).
1819 3247 1840 3272 ι

233 3327 340 3382 hoc
373 3344 604 3400 quoque
627 3325 900 3381 mendacii
915 3341 1090 3395 genus
1119 3323 1346 3395 perfecti
1377 3323 1476 3377 viri
1499 3336 1846 3391 summopere

231 3415 485 3489 fugiunt,
517 3425 576 3470 ut
603 3431 706 3471 nec
737 3415 865 3470 vitia
895 3413 1189 3482 cujuslibet
1215 3429 1314 3483 per
1343 3428 1532 3467 eorum
1573 3410 1843 3466 fallaciam

233 3504 632 3567 defendantur,
659 3519 764 3558 nec
796 3519 908 3558 sua
925 3503 1120 3557 anima
1143 3509 1379 3556 noceant
1431 3501 1559 3554 dum
1591 3508 1845 3570 prastare

233 3602 492 3658 nituntur
521 3602 722 3658 aliena
752 3601 922 3666 carni,
957 3615 1268 3671 quanquam
1297 3599 1399 3652 hoc
1429 3597 1604 3668 ipsum
1636 3597 1845 3666 peccati

234 3707 417 3761 genus
445 3691 710 3748 facillime
741 3691 1027 3746 credamus
1059 3688 1310 3742 relaxari.
1348 3688 1485 3741 Nam
1518 3685 1560 3740 si
1589 3687 1846 3756 quaelibet

233 3781 396 3852 culpa
427 3780 683 3850 sequenti
713 3779 968 3834 mercede
1001 3785 1286 3848 purgatur,
1319 3784 1520 3848 quanto
1552 3775 1724 3846 magis
1743 3775 1845 3828 hoc

237 3874 399 3932 facile
429 3877 768 3948 abstergitur
798 3891 959 3946 qnam
990 3890 1201 3930 merces
1231 3873 1351 3944 ipsa
1412 3870 1835 3927 concomitatur.

237 3965 409 4022 Multa
437 3966 799 4031 mentiuntur,
832 3965 997 4018 multa
1055 3961 1264 4035 ﬁngunt
1317 3961 1588 4026 homines,
1622 3967 1846 4030 propter

236 4053 532 4111 hominum
569 4055 784 4109 laudem
822 4070 835 4108 :
875 4052 1064 4123 sicque
1121 4050 1176 4105 fit
1217 4058 1272 4106 ut
1311 4058 1364 4105 et
1401 4049 1489 4104 isti
1527 4047 1844 4104 mentiendo

236 4163 490 4222 pereant,
525 4160 578 4207 et
598 4168 697 4208 eos
729 4167 864 4223 quos
895 4150 1117 4205 laudant
1139 4149 1207 4204 ad
1232 4165 1384 4204 vana
1412 4147 1604 4220 gloria
1634 4145 1844 4200 ruinam

239 4242 573 4310 perducant.
642 4242 794 4296 Sicut
849 4240 987 4294 bene
1034 4239 1138 4294 sibi
1175 4238 1427 4294 conscius
1483 4252 1592 4290 non
1659 4233 1846 4289 metuit

239 4329 437 4387 aliena
470 4331 674 4404 lingua
712 4329 1038 4395 convicium,
1081 4328 1156 4382 ita
1213 4335 1265 4382 et
1321 4327 1409 4396 qui
1462 4325 1711 4380 laudatur
1775 4324 1843 4378 ab

242 4427 373 4493 alio,
409 4445 522 4485 non
561 4428 727 4484 debet
765 4442 1013 4482 errorem
1069 4425 1262 4481 aliena
1319 4424 1490 4479 laudis
1530 4422 1839 4487 attendere,

240 4518 339 4572 sed
413 4517 596 4590 magis
648 4516 1022 4588 unusquisque
1071 4513 1436 4569 testimonium
1494 4511 1841 4568 conscientia

240 4620 354 4662 sua
392 4614 654 4680 quaret:
696 4605 784 4661 cui
813 4605 930 4675 ipse
960 4603 1082 4674 plus
1121 4619 1364 4674 prasens
1389 4617 1549 4674 quam
1603 4600 1692 4656 ille
1749 4600 1838 4669 qui

240 4699 451 4760 laudat.
490 4727 512 4753 ι
547 4703 698 4774 Opus
726 4703 872 4758 enim
904 4718 1061 4757 suum
1082 4700 1462 4772 unusquisque
1489 4698 1700 4766 probet,
1730 4721 1751 4745 η
1779 4701 1836 4752 ut

240 4790 311 4845 ait
342 4793 649 4866 Apostolus
681 4793 827 4861 (Gal.
863 4793 957 4858 vx),
995 4814 1016 4839 ει
1051 4799 1103 4846 et
1133 4798 1259 4845 tunc
1297 4790 1351 4843 in
1383 4787 1574 4859 seipso
1605 4786 1836 4859 quisque

243 4879 482 4950 gloriam
543 4881 819 4946 habebit,»
854 4879 1066 4937 occulte
1105 4879 1158 4933 in
1199 4895 1292 4934 sua
1331 4876 1686 4944 conscientia,
1727 4891 1837 4929 non

243 4979 426 5048 palam
457 4979 512 5035 in
540 4979 714 5034 aliena
742 4978 950 5050 lingua.
980 4976 1234 5042 Perfecti,
1252 4976 1343 5048 qui
1373 4975 1483 5031 alta
1512 4974 1696 5029 radice
1717 4972 1829 5027 fun-

247 5065 351 5123 dati
381 5077 530 5138 sunt,
564 5077 616 5124 et
644 5069 690 5122 si
736 5067 950 5122 ﬂamine
982 5066 1156 5120 laudis
1185 5081 1252 5121 ac
1283 5063 1710 5134 vituperationis,
1753 5070 1837 5117 ut-

247 5169 463 5230 cunque
520 5157 686 5230 quasi
741 5165 1026 5212 ventorum
1066 5154 1337 5210 interdum
1390 5160 1680 5208 curventur
1728 5152 1836 5206 im-

249 5253 426 5323 pulsu,
459 5253 702 5310 funditus
750 5262 927 5309 tamen
973 5269 1080 5307 non
1110 5250 1454 5321 dejiciuntnr,
1508 5250 1606 5305 sed
1660 5249 1836 5320 proti-

245 5356 345 5398 nus
373 5344 637 5399 ﬁrmitate
670 5342 866 5397 radicis
895 5341 964 5396 ad
994 5359 1054 5396 se
1084 5341 1342 5396 redeunt.
1383 5341 1525 5394 Bona
1586 5355 1738 5393 mens
1768 5338 1836 5392 ad

249 5433 448 5489 malum
481 5448 584 5489 nec
612 5431 850 5503 pramiis
905 5445 1007 5486 nec
1061 5429 1365 5486 terroribus
1395 5429 1624 5483 vincitur
1658 5445 1670 5491 ;
1714 5444 1838 5481 nam

247 5524 411 5602 iniqui
478 5539 743 5585 terrorem
808 5526 1084 5582 blanditiis
1141 5525 1395 5595 miscent,
1438 5533 1495 5579 ut
1534 5534 1624 5579 aut
1678 5524 1837 5580 oble-

251 5619 478 5677 ctatione
509 5631 836 5688 quemquam
868 5615 1160 5688 decipiant,
1192 5623 1285 5670 aut
1328 5613 1625 5669 terroribus
1682 5611 1832 5668 fran-

249 5717 390 5774 μοι.

742 5820 819 5875 Dc
845 5820 1012 5892 falsis
1030 5819 1339 5893 prophetis.

314 5946 485 6007 Orare
511 5943 654 6003 nihil
691 5942 836 6000 aliud
873 5952 956 6000 est
1010 5957 1172 6017 quam
1228 5958 1420 6000 verum
1476 5948 1668 6016 putare
1695 5941 1840 6015 quod

1143 455 1633 512 DEFLORATION
1643 457 1723 513 ES
1762 453 1866 508 SS.
1915 455 2218 512 PATRUM.
2255 486 2326 497 —
2363 457 2498 510 LIB.
2535 457 2610 512 Π.

3386 455 3526 510 1078

1940 579 2128 634 falsum
2162 588 2264 646 est,
2298 579 2385 636 vel
2433 590 2641 636 certum
2694 581 2898 637 habere
2929 595 3031 652 pro
3090 580 3314 647 incerto,
3347 578 3530 634 incer-

1941 672 2124 723 tumve
2146 686 2246 739 pro
2276 678 2448 734 certo,
2480 671 2600 725 sive
2631 669 2818 724 falsum
2879 670 2948 724 sit
2977 670 3093 725 sive
3124 685 3336 724 verum.
3373 667 3529 724 Unde

1943 767 1991 812 et
2022 759 2247 813 haritici
2300 758 2384 812 vel
2416 757 2538 813 falsi
2592 761 2869 829 propheta
2926 757 3422 829 pseudopropheta
3451 756 3534 811 di-

1942 861 2152 919 cuntur,
2187 854 2314 924 quia
2345 855 2655 926 Scripturas
2685 871 2792 909 non
2822 870 2962 910 sano
2989 870 3154 910 sensu
3183 854 3419 925 sapiunt,
3437 853 3537 908 sed

1943 959 2034 998 eas
2063 943 2133 997 ad
2191 960 2427 998 errorem
2459 960 2637 1014 prava
2677 943 3049 1015 intelligentia
3077 945 3277 999 ducunt
3307 964 3326 1010 ;
3357 958 3536 1016 neque

1944 1031 2268 1101 semetipsos
2298 1047 2484 1086 earum
2533 1031 2785 1087 sensibus
2835 1031 3091 1098 subdunt,
3153 1031 3368 1087 sedeas
3398 1047 3534 1102 per-

1944 1143 2103 1183 verse
2132 1129 2201 1182 ad
2232 1144 2471 1183 errorem
2504 1132 2783 1200 preprium
2817 1129 3057 1184 trahunt.
3097 1130 3357 1184 Doctores
3382 1143 3536 1183 erro-

1945 1233 2082 1282 rum,
2114 1216 2324 1273 scilicet
2351 1218 2614 1284 haretici,
2648 1219 2824 1289 pravis
2854 1217 3316 1289 persuasionibus,
3338 1217 3412 1272 ita
3441 1232 3540 1288 per

1947 1313 2274 1378 argumenta
2305 1305 2685 1362 fraudulentia
2707 1323 2836 1361 suos
2882 1305 3098 1377 illigant
3145 1305 3446 1373 auditores,
3479 1312 3538 1360 ut

1947 1419 2042 1458 eos
2073 1404 2223 1476 quasi
2253 1403 2563 1476 labyrintho
2592 1404 2889 1474 implicent,
2915 1419 2948 1459 a
2977 1419 3082 1475 quo
3111 1404 3264 1459 exire
3291 1418 3401 1459 non
3429 1418 3536 1458 va-

1945 1492 2111 1548 leant.
2144 1495 2313 1548 Tanta
2373 1501 2456 1548 est
2513 1494 2888 1549 haereticorum
2945 1492 3228 1556 calliditas,
3287 1499 3346 1547 ut
3402 1490 3540 1547 falsa

1952 1581 2093 1636 veris
2149 1581 2401 1651 malaque
2456 1582 2614 1637 bonis
2678 1582 3062 1653 permisceant,
3104 1580 3540 1653 salutaribusque

1948 1681 2113 1735 rebus
2176 1680 2507 1753 plerumque
2575 1697 2822 1736 errorum
2861 1680 3010 1736 virus
3047 1681 3390 1746 interserant,
3433 1694 3542 1751 quo

1948 1768 2162 1824 facilius
2190 1770 2401 1840 possint
2457 1770 2781 1840 pravitatem
2845 1769 3094 1841 perversi
3139 1769 3413 1841 dogmatis
3434 1767 3541 1824 sub

1949 1857 2132 1928 specie
2161 1858 2491 1930 persuadere
2547 1859 2807 1914 veritatis.
2872 1858 3204 1928 Plerumque
3261 1857 3363 1912 sub
3435 1871 3542 1912 no-

1948 1953 2092 2008 mine
2151 1954 2541 2009 catholicorum
2617 1955 2902 2010 doctorum
2959 1954 3199 2009 haeretici
3256 1968 3356 2008 sua
3399 1952 3546 2009 dicta

1949 2042 2320 2110 conscribuut,
2353 2051 2410 2097 ut
2457 2042 2825 2098 indubitanter
2853 2043 2996 2098 lecta
3026 2043 3348 2100 credantur.
3384 2043 3544 2098 Non-

1951 2147 2222 2202 nunquam
2279 2131 2647 2203 hlasphemias
2704 2149 2832 2186 suas
2879 2132 3069 2188 latenti
3127 2131 3256 2186 dolo
3284 2131 3340 2185 in
3387 2131 3546 2186 libris

1951 2236 2259 2283 nostrorum
2291 2229 2639 2294 interserunt,
2673 2229 3090 2298 doctrinamque
3120 2244 3310 2284 veram
3339 2227 3547 2284 adulte-

1951 2317 2124 2372 rando
2146 2326 2514 2388 corrumpunt,
2539 2319 2746 2373 scilicet
2776 2319 2860 2374 vel
2891 2317 3201 2387 adjicienda
3231 2334 3352 2389 qua
3380 2317 3548 2388 impia

1952 2415 2096 2471 sunt,
2129 2406 2213 2460 vel
2246 2406 2540 2461 auferendo
2569 2423 2688 2476 qua
2718 2407 2806 2476 pia
2837 2415 2980 2460 sunt.
3013 2407 3182 2462 Caute
3210 2405 3544 2474 meditanda,

1952 2512 2220 2576 cautoque
2260 2520 2423 2558 sensu
2463 2504 2751 2576 probanda
2827 2511 2953 2558 sunt
3009 2521 3129 2575 qua
3178 2503 3452 2572 leguntur,
3484 2510 3544 2558 ut

1947 2594 2097 2662 juxta
2129 2593 2428 2663 apostolica
2457 2593 2681 2657 monita,
2711 2600 2763 2647 et
2789 2601 3070 2648 teneamus
3101 2609 3222 2662 qua
3252 2601 3404 2648 recta
3424 2599 3551 2646 sunt

1956 2683 2004 2751 (1
2033 2682 2220 2737 Thess.
2265 2684 2332 2748 v),
2393 2691 2445 2737 et
2499 2681 2791 2737 rafutemus
2855 2698 2976 2752 qua
3011 2681 3288 2736 contraria
3327 2680 3549 2737 veritati

1955 2781 2190 2834 existunt
2222 2797 2237 2844 ;
2280 2779 2466 2852 sicque
2497 2779 2653 2835 bonis
2681 2779 3037 2846 instruamur,
3071 2787 3128 2833 ut
3159 2794 3190 2834 a
3219 2776 3552 2834 malisillasi

1954 2883 2397 2938 permaneamus.

2027 2999 2185 3066 Quod
2217 3006 2399 3054 autem
2427 3000 2669 3054 Joannes
2699 2999 2768 3054 de
2797 2999 2999 3054 talibus
3029 2999 3305 3069 prophetis
3326 2999 3380 3054 in
3397 3002 3550 3070 Apo-

1953 3087 2162 3159 calypsi
2195 3105 2292 3142 sua
2321 3088 2468 3143 dicat
2523 3089 2874 3142 videamus.«
2912 3088 3052 3153 Vidi,
3091 3112 3112 3137 ι
3147 3087 3453 3159 inquiens,«
3479 3087 3551 3143 de

1954 3192 2050 3232 ore
2077 3176 2352 3244 draconis,
2389 3185 2439 3231 et
2460 3176 2527 3230 de
2557 3192 2650 3232 ore
2683 3177 2888 3244 bestia,
2947 3183 3000 3231 et
3056 3176 3125 3230 de
3154 3191 3250 3231 ore
3305 3175 3549 3246 pseudo-

1875 3294 1924 3358 ρ
1955 3275 2231 3346 prOpheta
2286 3273 2506 3344 spiritus
2536 3281 2649 3329 tres
2700 3273 3012 3328 immundos
3041 3273 3097 3327 in
3125 3273 3344 3328 modum
3393 3287 3554 3327 rana-

1954 3380 2074 3418 rum
2097 3363 2280 3418 exisse
2308 3365 2503 3434 (Apoc.
2558 3365 2695 3432 xvx).
2714 3387 2735 3412 υ
2772 3361 2915 3430 Quid
2945 3371 3029 3417 est
3086 3363 3250 3417 draco
3273 3365 3301 3416 ?
3332 3360 3438 3417 hoc
3467 3369 3552 3416 est

1954 3462 2007 3508 et
2037 3452 2206 3506 bestia
2235 3460 2288 3507 et
2319 3451 2820 3522 pseudOpropheta,
2854 3451 2908 3505 id
2965 3458 3054 3506 est
3103 3450 3357 3506 diabolus
3416 3465 3548 3506 cum

1952 3550 2100 3606 omni
2127 3565 2354 3620 corpore
2382 3565 2507 3603 suo.
2544 3550 2746 3604 Tamen
2800 3557 3020 3620 prepter
3047 3549 3362 3603 instantiam
3423 3564 3552 3618 per-

1953 3655 2211 3695 sonarum
2242 3647 2295 3693 et
2323 3645 2646 3709 potestatum
2678 3638 2767 3692 illa
2792 3645 3186 3693 commemorat
3245 3654 3368 3708 qua
3421 3652 3550 3692 ma-

1946 3729 2125 3798 jorem
2155 3727 2356 3783 habent
2385 3735 2703 3797 potestatem
2736 3727 2790 3781 in
2817 3727 2938 3796 ipso
2969 3730 3236 3782 malorum
3293 3742 3549 3798 corpore,

1953 3827 2246 3883 draconem
2277 3825 2505 3893 scilicet,
2536 3824 2591 3878 id
2626 3833 2709 3880 est
2738 3823 3017 3878 diabolum
3051 3842 3065 3889 ;
3099 3824 3354 3888 bestiam,
3387 3823 3548 3878 Anti-

1953 3915 2220 3970 christum
2257 3933 2272 3980 ;
2312 3914 2867 3996 pseudoprophetam,
2901 3913 2957 3966 id
2985 3919 3087 3979 est,
3119 3912 3379 3968 doctores
3408 3911 3550 3980 ejus-

1953 4004 2079 4059 dem
2109 4003 2424 4060 Antichristi
2474 4018 2598 4059 cum
2654 4002 2920 4070 subjectis
2975 4001 3251 4071 plebibus.
3316 4002 3398 4056 De
3449 4015 3546 4056 ore

1953 4101 2192 4155 omnium
2223 4102 2412 4156 horum
2435 4099 2787 4172 egrediuntur
2807 4106 2920 4154 tres
2967 4099 3203 4168 spiritus,
3265 4097 3355 4168 qui
3409 4097 3546 4153 nihil

1955 4197 2080 4246 sunt
2106 4190 2255 4245 aliud
2285 4190 2391 4244 nisi
2419 4205 2558 4243 unus
2590 4189 2840 4259 spiritus.
2879 4188 3053 4243 Tanta
3085 4188 3288 4259 quippe
3339 4186 3545 4241 malitia

1950 4287 2036 4334 est
2066 4279 2248 4334 unitas
2280 4279 2331 4332 in
2385 4277 2642 4333 omnibus
2692 4277 3052 4342 damonibus,
3110 4285 3187 4344 ut,
3237 4292 3357 4333 cum
3389 4275 3544 4332 multi

1952 4378 2058 4433 sint
2087 4384 2354 4448 potestate
2383 4383 2436 4431 et
2455 4376 2681 4442 malitia,
2714 4377 2770 4430 in
2795 4392 2961 4430 unum
3004 4384 3185 4430 tamen
3216 4375 3538 4447 redigantur

1951 4482 2224 4522 consensu
2235 4507 2248 4531 ,
2270 4465 2396 4521 licet
2411 4465 2630 4518 diverso
2649 4466 2830 4529 modo,
2847 4464 3040 4519 eadem
3054 4472 3321 4534 potestate
3334 4464 3544 4520 scilicet

1951 4563 2002 4611 et
2037 4554 2240 4608 malitia
2269 4553 2518 4609 homines
2564 4553 2907 4626 impugnent.
2966 4553 3121 4609 Unde
3151 4569 3288 4608 unus
3343 4553 3541 4609 dicitur

1867 4653 1920 4714 D
1949 4651 2172 4722 spiritus
2218 4651 2478 4714 mendax,
2540 4650 2678 4704 alius
2721 4650 2944 4721 spiritus
2974 4649 3368 4716 fornicationis,
3428 4658 3540 4705 ter-

1945 4741 2049 4796 tius
2081 4740 2303 4810 spiritus
2349 4739 2678 4795 immundus.
2737 4741 2880 4794 Bene
2937 4747 3116 4794 autem
3173 4738 3397 4809 spiritus
3427 4738 3536 4793 im-

1943 4829 2178 4884 mundus
2243 4828 2442 4884 dicitur
2494 4835 2721 4899 propter
2799 4835 3023 4898 peccata
3100 4827 3292 4897 gravia
3338 4827 3536 4898 quibus

1943 4924 2260 4979 sordidatus
2289 4931 2396 4989 est,
2430 4930 2482 4978 et
2515 4922 2654 4978 alios
2683 4922 3042 4993 coinquinare
3070 4935 3178 4976 non
3209 4921 3537 4992 cessat.lpsi

1945 5029 2164 5084 quoque
2193 5012 2455 5066 immundi
2477 5012 2716 5082 spiritus,
2749 5011 2936 5075 draco,
2971 5010 3142 5065 bestia
3198 5017 3252 5064 et
3307 5010 3540 5080 pseudo-

1945 5103 2211 5173 propheta
2239 5101 2510 5164 dicuntur,
2542 5099 2670 5171 quia
2717 5098 2966 5154 diabolus
3021 5105 3076 5153 et
3115 5113 3309 5153 omnes
3363 5098 3537 5171 iniqui

1943 5216 2110 5254 unum
2134 5206 2296 5270 caput
2325 5207 2377 5254 et
2405 5198 2655 5254 membra
2683 5205 2835 5253 sunt.
2859 5198 2939 5252 De
2970 5212 3201 5268 quorum
3258 5212 3356 5252 ore
3383 5188 3534 5253 rana

1945 5288 2198 5344 dicuntur
2226 5287 2424 5353 exisse,
2457 5287 2586 5359 quia
2614 5287 2750 5343 sicut
2781 5285 3091 5355 hujusmodi
3119 5285 3382 5340 animalia
3408 5301 3534 5343 mo-

1946 5384 2158 5440 lestiam
2187 5383 2430 5439 inferunt
2457 5382 2786 5447 hominibus,
2814 5381 3066 5438 faciendo
3096 5381 3385 5453 strepitum
3405 5382 3537 5439 etin

1943 5488 2101 5530 cano
2150 5472 2441 5537 versando,
2499 5471 2576 5528 ita
2630 5471 2866 5527 ministri
2920 5471 3229 5528 Antichristi
3282 5471 3335 5527 in
3376 5486 3536 5530 cano

1945 5579 2294 5642 peccatorum
2346 5578 2649 5637 versantes,
2679 5569 2884 5626 electos
2913 5569 3013 5626 Dei
3043 5585 3142 5625 sua
3191 5569 3532 5643 garrulitate,

1944 5660 1997 5714 id
2028 5671 2111 5715 est
2165 5658 2346 5714 harisi
2398 5663 2452 5714 et
2495 5658 2848 5729 blasphemia,
2897 5667 3298 5731 persequuntur
3351 5667 3539 5716 contra

1947 5755 2243 5822 Christum,
2267 5763 2320 5810 et
2347 5755 2673 5828 inquietant.
2714 5755 2822 5826 ipsi
2851 5771 3069 5829 quoque
3098 5757 3405 5824 damones,
3436 5773 3538 5828 per

1947 5861 2043 5902 eos
2073 5859 2210 5916 quos
2247 5843 2647 5911 inhabitabant,
2672 5843 2873 5900 facient
2902 5845 3081 5916 signa,
3113 5853 3208 5902 aut
3260 5860 3386 5901 vera
3436 5844 3537 5901 Dei

1946 5942 2235 6017 permissu,
2291 5949 2385 5997 aut
2440 5941 2576 5998 falsa
2629 5940 2826 6014 quibus
2875 5940 3095 6012 reprobi
3151 5939 3488 6010 decipiantur
3512 5971 3533 6010 ε
