3924 6410
465 437 604 494 1079

468 582 611 639 sicut
638 579 769 637 olim
792 580 1032 636 fecerant
1053 577 1217 651 magi,

468 670 821 737 videbantur,
855 669 995 725 sicut
1027 668 1215 725 Simon
1248 666 1370 722 fecit
1402 666 1456 720 in
1487 672 1783 735 conspectu
1814 664 2071 720 Neronis.

468 760 817 832 Quapropter
842 767 1056 830 septem
1092 757 1254 821 tuba,
1288 756 1356 811 de
1388 755 1585 827 quibus
1616 754 1747 808 alibi
1775 754 1829 807 in
1861 754 2074 825 Apoca-

469 858 615 929 lypsi
652 857 872 924 dicitur,
907 857 975 911 ad
999 856 1275 911 interitum
1305 854 1547 924 ipsorum
1580 854 1855 908 sonabunt
1914 870 2078 925 super

474 964 593 1005 eos.
620 947 759 1002 Dicit
782 945 956 1002 enim:
997 969 1018 993 α
1038 945 1160 1000 Vidi
1201 952 1409 1014 septem
1437 942 1675 1015 angelos
1713 950 1924 997 stantes
1950 953 2077 1000 ante

473 1044 828 1107 conspectum
860 1034 1077 1089 Domini
1106 1049 1121 1102 ;
1147 1042 1200 1089 et
1230 1033 1371 1088 data
1394 1041 1518 1087 sunt
1549 1031 1653 1086 illis
1684 1040 1893 1102 septem
1924 1032 2075 1088 tubae

471 1135 695 1206 (Apoc.
737 1134 874 1203 VIII).
908 1157 928 1181 ο
982 1131 1232 1187 Ecclesia
1284 1128 1595 1201 septenario
1644 1145 1873 1185 numero
1931 1147 2076 1201 sape

468 1223 852 1281 commendata
882 1220 1292 1293 praedicationis
1322 1218 1503 1274 officio
1535 1218 2077 1290 mancipatur.Cujus

466 1311 875 1386 praedicationis
906 1310 1082 1382 prima
1112 1310 1246 1364 tuba
1294 1307 1548 1379 designat
1579 1307 1871 1379 impiorum
1904 1309 2078 1363 inter-

467 1412 596 1467 itum
630 1411 686 1466 in
716 1411 845 1481 igne
877 1418 929 1466 et
977 1409 1243 1483 grandine
1276 1426 1289 1472 ;
1333 1407 1581 1463 secunda
1638 1408 1763 1461 tuba
1802 1407 2077 1463 diabolum

469 1502 538 1558 de
567 1500 821 1557 Ecclesia
850 1500 1196 1571 prepulsum,
1257 1513 1407 1552 mare
1437 1496 1625 1552 saeculi
1678 1498 1959 1551 ardentius
1989 1496 2077 1552 in-

466 1591 826 1655 cendentem;
862 1588 1049 1653 tertia,
1067 1590 1352 1644 hareticos
1380 1585 1449 1641 ab
1474 1586 1715 1641 Ecclesia
1737 1586 2073 1652 decidentes,

464 1694 518 1743 et
548 1694 751 1743 saneta
782 1686 1079 1757 Scriptura
1109 1685 1334 1739 ﬂumina
1369 1692 1822 1753 corrumpentes;
1857 1693 2074 1755 quarta,

466 1775 740 1832 falsorum
790 1776 1011 1831 fratrum
1070 1774 1340 1830 defectum
1392 1775 1447 1827 iu
1504 1774 1890 1829 obscuratione
1922 1773 2078 1828 side—

462 1881 587 1921 rum
621 1885 635 1932 ;
683 1865 895 1938 quinta,
945 1864 1209 1935 majorem
1246 1862 1632 1919 hareticorum
1663 1862 2073 1919 infestationem

461 1971 684 2034 tempus
740 1961 1054 2018 Antichristi
1111 1959 1556 2033 pracurrentium
1616 1978 1631 2025 ;
1706 1969 1855 2015 sexta
1912 1962 2072 2016 Anti-

460 2052 651 2109 christi
678 2060 925 2125 apertum
958 2059 1013 2106 et
1044 2066 1266 2106 suorum
1289 2058 1480 2107 contra
1510 2048 1811 2104 Ecclesiam
1843 2050 2067 2105 bellum.

460 2141 703 2212 Septima
753 2142 910 2196 tubat
940 2148 1100 2198 sonat
1145 2140 1291 2195 diem
1335 2138 1552 2209 judicii,
1618 2154 1727 2210 quo
1757 2140 2071 2195 mercedem

460 2235 734 2292 Dominus
766 2236 880 2291 suis
911 2235 1251 2303 redditurus,
1288 2243 1342 2290 et
1366 2234 1831 2290 exterminaturus
1861 2240 1943 2291 est
1976 2252 2073 2292 eos

460 2321 552 2395 qui
582 2329 950 2393 corruperunt
978 2329 1200 2377 terram.

533 2437 600 2493 Et
630 2437 754 2493 ideo
787 2435 1052 2505 haretici,
1112 2436 1203 2509 qui
1266 2451 1442 2493 sacra
1500 2436 1797 2509 Scriptura
1849 2438 2074 2494 ﬂumina

463 2542 848 2606 corrumpunt,
925 2541 980 2589 et
1035 2549 1203 2606 super
1259 2550 1399 2606 quos
1447 2535 1573 2590 tuba
1603 2536 2075 2592 condemnationis

464 2624 858 2681 ecclesiastica
884 2623 1121 2690 insonat,
1157 2639 1267 2678 non
1323 2631 1555 2694 possunt
1584 2625 1791 2681 habere
1839 2626 2073 2692 veniam,

463 2711 571 2768 nisi
616 2729 718 2784 per
747 2712 1051 2768 Ecelesiam
1107 2712 1430 2769 catholicam
1465 2729 1477 2768 :
1522 2714 1662 2769 sicut
1704 2723 1756 2770 et
1783 2716 1944 2772 amici
1971 2717 2075 2771 Job

467 2826 579 2867 non
608 2826 709 2882 per
735 2826 799 2867 se
828 2809 1046 2881 placare
1101 2810 1274 2865 Deum
1332 2811 1436 2866 sibi
1493 2821 1809 2884 potuerunt,
1842 2814 1947 2868 nisi
1978 2830 2077 2885 pro

471 2900 552 2956 eis
614 2899 723 2955 Job
781 2898 1111 2956 sacriﬁcium
1171 2900 1460 2957 obtulisset
1524 2902 1643 2971 (Job
1682 2904 1833 2973 xui).
1894 2903 2077 2974 Opera

472 2988 635 3057 bona,
695 3005 818 3061 qua
876 2988 1120 3044 haretici
1165 2988 1390 3057 faciunt,
1422 2998 1475 3046 et
1524 2991 1769 3060 justitia,
1830 2992 1966 3048 nihil
1998 2994 2078 3049 eis

473 3085 719 3159 prodest,
751 3091 985 3141 testante
1012 3086 1247 3143 Domino
1275 3103 1375 3157 per
1403 3088 1698 3144 Jeremiam
1756 3089 1999 3164 [Isaiam]
2061 3109 2074 3146 :

482 3197 505 3224 ι
539 3175 683 3244 Quia
702 3176 810 3232 mei
839 3175 1037 3231 oblitus
1068 3191 1150 3243 es,
1181 3191 1312 3233 ecce
1344 3192 1450 3249 ego
1470 3179 1804 3234 annuntiabo
1814 3180 2080 3249 justitiam

1608 429 1961 488 WERNBRI
1992 425 2285 485 ABBATIS
2322 425 2381 481 S.
2420 424 2644 481 BLASII

1273 576 1363 650 qui
1422 575 1672 630 homines
1729 574 2064 630 resuscimm
2099 555 2151 617 Α
2182 552 2305 621 ejus
2333 550 2618 606 imitantur
2644 547 2830 615 ﬁdem,
2861 564 2971 606 non
3000 547 3094 622 qui
3115 563 3183 605 ex
3212 548 3330 619 ejus
3356 549 3600 621 generati
3652 558 3784 605 sunt

3636 426 3663 480 1
3676 425 3779 480 080

2176 656 2366 699 carne.
2404 641 2487 695 De
2517 654 2709 695 errore
2731 653 2949 710 quoque
2977 636 3215 694 auctoris
3262 652 3297 695 a
3349 636 3675 709 quibusdam
3731 647 3786 694 et

2175 746 2376 785 nomen
2425 733 2480 784 et
2535 729 2698 799 culpa
2742 728 2995 791 trahitur,
3055 734 3113 781 ut
3140 726 3311 797 ipsius
3333 727 3594 783 vocabulo
3636 743 3784 784 cen-

2176 837 2360 884 seatur
2388 827 2549 897 cujus
2613 842 2855 882 errorem
2912 835 2963 881 et
3006 824 3271 898 siquitur,
3331 824 3470 880 sicut
3516 824 3783 880 Ecclesia

2177 917 2424 990 Pergami
2455 925 2509 972 et
2537 916 2808 987 Thyatira
2825 915 3023 971 dicitur
3055 930 3068 970 :
3106 937 3129 963 α
3150 914 3423 969 Habentes
3450 921 3504 968 et
3530 922 3781 969 tenentes

2178 1007 2483 1063 doctrinam
2511 1005 2727 1060 Balaam
2747 1013 2800 1060 et
2827 1004 3050 1059 Jezabel
3071 1006 3261 1077 (Apoc.
3298 1004 3422 1072 11).»
3454 1002 3779 1058 Doctrinam

2175 1104 2342 1178 igitur
2366 1104 2588 1160 Balaam
2618 1113 2671 1159 et
2700 1104 2922 1159 Iezabel
2951 1104 3004 1158 in
3037 1100 3367 1174 Apocalypsi
3394 1101 3645 1158 dicuntur
3665 1101 3777 1156 ha-

2178 1195 2310 1251 bere
2337 1202 2561 1266 propter
2590 1193 2973 1260 imitationem,
3031 1208 3142 1248 non
3184 1199 3405 1263 propter
3434 1190 3780 1263 prasentiam

2174 1284 2546 1357 corporalem.

2481 1395 2719 1452 SERMO
2757 1394 2850 1450 DE
2884 1393 3076 1451 BONO
3115 1393 3204 1448 ET
3240 1390 3461 1448 MALO.

2248 1496 2397 1550 Deus
2425 1494 2552 1551 facit
2584 1495 2727 1549 bona
2755 1509 2922 1563 opera
2953 1492 3074 1548 sola
3103 1507 3198 1548 sua
3228 1490 3486 1554 bonitate.
3518 1489 3779 1564 quoniam

2176 1590 2295 1662 ipse
2355 1602 2502 1647 creat
2560 1590 2897 1647 voluntatem
2950 1605 3073 1645 cum
3128 1587 3300 1643 libero
3328 1586 3547 1642 arbitrio
3578 1594 3632 1642 et
3687 1586 3779 1641 dat

2177 1679 2255 1735 illi
2299 1679 2564 1750 justitiam
2616 1695 2717 1750 per
2773 1694 2934 1749 quam
2967 1685 3250 1750 operatur.
3306 1677 3444 1732 Mala
3488 1691 3621 1732 vero
3650 1675 3782 1733 facit

2179 1769 2298 1826 sola
2328 1770 2487 1839 culpa
2518 1771 2771 1835 hominis,
2806 1769 2928 1842 quia
2990 1785 3099 1824 non
3129 1783 3194 1824 ea
3246 1767 3465 1834 faceret,
3509 1767 3554 1820 si
3611 1766 3779 1822 homo

2180 1870 2271 1924 illa
2330 1869 2510 1925 facere
2567 1885 2673 1925 non
2702 1870 2891 1924 vellet.
2959 1870 3104 1923 Deus
3133 1867 3299 1941 igitur
3350 1865 3584 1921 habetin
3614 1864 3782 1921 bonis

2184 1959 2405 2032 quidem
2438 1960 2583 2030 quod
2612 1958 2755 2013 bona
2769 1966 2894 2013 sunt
2920 1974 3021 2029 per
3050 1958 3365 2022 essentiam,
3389 1964 3442 2011 et
3467 1954 3613 2027 quod
3631 1955 3784 2011 bona

2175 2056 2302 2103 sunt
2349 2064 2453 2119 per
2477 2047 2739 2116 justitiam
2772 2066 2785 2111 ;
2825 2047 2880 2102 in
2908 2046 3067 2102 malis
3089 2062 3223 2102 vero
3253 2044 3598 2101 solummodo
3624 2044 3777 2116 quod

2174 2146 2318 2203 bona
2379 2154 2503 2201 sunt
2532 2162 2631 2217 per
2688 2145 3005 2213 essentiam,
3052 2161 3161 2201 non
3192 2144 3334 2217 quod
3362 2142 3505 2199 mala
3530 2149 3655 2199 sunt
3681 2158 3783 2215 per

2174 2235 2477 2291 absentiam
2510 2234 2710 2290 debita
2762 2234 3035 2305 justitia:
3097 2251 3216 2305 qua
3247 2249 3355 2289 non
3410 2240 3494 2288 est
3538 2232 3769 2305 aliquid.

2175 2324 2351 2381 Homo
2381 2331 2561 2380 autem
2590 2324 2754 2379 habet
2783 2324 2839 2379 in
2895 2323 3054 2379 bonis
3104 2322 3250 2395 quod
3305 2321 3446 2377 mala
3491 2337 3600 2378 non
3629 2327 3776 2391 sunt,

2177 2421 2325 2494 quia,
2357 2436 2481 2476 cum
2510 2427 2699 2493 posset
2727 2421 2980 2475 deserere
2993 2419 3253 2488 justitiam
3283 2426 3336 2474 et
3377 2417 3516 2473 mala
3574 2416 3778 2485 facere,

2176 2526 2286 2566 non
2320 2509 2580 2577 deseruit,
2613 2510 2714 2565 sed
2770 2509 3009 2565 servavit
3055 2524 3156 2580 per
3202 2508 3435 2563 liberum
3497 2506 3781 2563 arbitrium

2176 2600 2343 2655 dante
2396 2606 2452 2654 et
2509 2599 2882 2670 subsequente
2937 2597 3128 2671 gratia.
3188 2598 3249 2652 In
3294 2596 3449 2652 malis
3496 2610 3627 2653 vero
3674 2596 3779 2652 hoc

2177 2699 2352 2754 solum
2386 2698 2539 2771 quod
2566 2698 2711 2753 mala
2741 2705 2884 2762 sunt,
2918 2712 3047 2770 quia
3073 2712 3139 2752 ea
3169 2695 3285 2753 sola
3314 2696 3550 2768 prepria,
3606 2694 3661 2751 id
3691 2701 3775 2751 est

2177 2788 2382 2858 injusta
2428 2788 2703 2843 voluntate
2742 2786 2894 2842 facit.
2959 2786 3224 2855 lnjustitia
3279 2793 3460 2841 autem
3516 2783 3646 2840 nihil
3691 2791 3776 2839 est

2178 2877 2419 2947 omnino,
2464 2880 2601 2932 sicut
2638 2876 2859 2932 caecitas
2893 2894 2906 2941 ;
2940 2891 3049 2932 non
3080 2875 3224 2931 enim
3261 2883 3341 2931 est
3378 2874 3523 2930 aliud
3554 2873 3775 2931 caecitas

2181 2992 2349 3049 quam
2382 2976 2629 3032 absentia
2658 2976 2807 3031 visus
2858 2976 2952 3030 ubi
2980 2975 3145 3031 debet
3171 2989 3293 3030 esse
3323 2990 3336 3029 :
3404 2989 3525 3046 qua
3551 2987 3663 3029 non
3689 2978 3775 3028 est

2178 3066 2360 3139 magis
2390 3066 2445 3120 in
2493 3065 2654 3121 oculo
2684 3065 2774 3120 ubi
2800 3064 2963 3120 debet
2992 3080 3115 3119 esse
3143 3063 3294 3118 visus
3323 3077 3488 3135 quam
3517 3062 3569 3116 in
3623 3061 3774 3134 ligno

2181 3155 2274 3211 ubi
2303 3170 2411 3211 non
2451 3154 2615 3210 debet
2645 3155 2926 3210 esse.Non
2959 3154 3102 3208 enim
3125 3160 3208 3209 est
3239 3151 3364 3209 talis
3394 3167 3484 3206 res
3512 3150 3778 3220 iujustitia

477 3272 648 3331 tuam,
707 3273 763 3322 et
786 3280 955 3338 opera
983 3272 1075 3321 tua
1114 3280 1224 3321 non
1252 3266 1555 3337 proderunt
1600 3268 1697 3322 tibi
1751 3269 1883 3341 (Isa.
1914 3275 1991 3337 v).
2055 3293 2078 3319 π
2112 3286 2162 3350 C
2190 3270 2299 3325 qua
2327 3252 2602 3309 ίηδοίεῑυν
2627 3261 2683 3309 et
2712 3258 3102 3322 εοτνυπιραίυν
3131 3250 3326 3316 πίητε,
3385 3249 3529 3305 νθιιιῑ
3583 3263 3780 3350 σοιῬῑξε

482 3360 762 3431 Haretici,
795 3362 1046 3433 quamvis
1069 3362 1249 3436 legem
1280 3371 1372 3419 aut
1400 3365 1700 3436 prophetas
1729 3367 2086 3438 adimpleant,

485 3466 553 3508 ex
581 3466 650 3508 eo
669 3460 854 3508 tamen
885 3453 1034 3524 quod
1064 3452 1317 3509 catholici
1350 3468 1459 3510 non
1491 3463 1634 3521 sunt,
1693 3472 1805 3511 non
1835 3465 1915 3511 est
1943 3457 2091 3513 Deus

485 3541 543 3597 in
571 3557 764 3598 eorum
795 3542 1172 3609 conventibus,
1228 3544 1351 3615 ipso
1379 3544 1616 3601 Domino
1661 3553 1892 3603 testante
1927 3564 1942 3601 :
1978 3567 2001 3598 ι
2037 3547 2094 3602 Si

494 3640 704 3697 steterit
733 3640 949 3713 Moyses
969 3649 1023 3698 et
1053 3641 1269 3698 Samuel
1300 3658 1488 3700 coram
1517 3660 1626 3712 me,
1659 3661 1768 3702 non
1798 3652 1886 3702 est
1912 3646 2096 3702 anima

490 3743 618 3787 mea
645 3730 718 3787 ad
747 3730 1009 3803 populum
1034 3731 1233 3787 istum.
1288 3733 1450 3804 Ejice
1495 3749 1590 3789 eos
1611 3750 1644 3789 a
1673 3734 1813 3792 facie
1866 3751 2011 3805 mea,
2044 3745 2098 3792 et

496 3818 851 3893 egrediantur
908 3822 1050 3891 (Jer.
1082 3822 1203 3893 xv).
1241 3844 1263 3870 ιι
1299 3822 1403 3877 Per
1430 3825 1656 3895 Moysen
1686 3824 1889 3897 quippe
1919 3834 1972 3881 et
1998 3825 2098 3881 Sa-

492 3916 642 3974 muel
671 3916 850 3989 legem
881 3917 1071 3989 accipe
1100 3925 1154 3973 et
1181 3922 1499 3991 prophetas.
1533 3920 1687 3989 Quos
1717 3922 1965 3993 quamvis
1992 3923 2101 3979 ha-

490 4006 652 4063 retici
704 4021 876 4078 opere
930 4006 1162 4078 implere
1215 4008 1568 4076 contendant,
1627 4020 1851 4082 propter
1897 4012 2101 4068 erroris

495 4102 681 4153 tamen
738 4096 1078 4167 impietatem
1134 4112 1167 4152 a
1222 4098 1375 4152 vultu
1428 4099 1528 4155 Dei
1559 4100 1939 4171 projiciuntur,
1999 4110 2103 4157 eta

487 4194 759 4264 justorum
778 4193 1010 4249 coetibus
1039 4204 1364 4264 separantur
1414 4210 1666 4268 paganus
1695 4206 1744 4253 et
1778 4196 2095 4255 haereticus.

496 4282 593 4338 Ille
623 4282 749 4353 quia
777 4298 1050 4352 nunquam
1082 4282 1179 4339 fuit
1211 4299 1333 4339 cum
1367 4285 1465 4339 Dei
1504 4284 1709 4356 populo
1744 4304 1756 4350 ;
1789 4287 1894 4343 iste
1924 4297 2105 4344 autem

498 4370 628 4442 quia
657 4370 880 4426 recessit
909 4386 940 4425 a
995 4370 1098 4426 Dei
1150 4373 1374 4443 populo.
1438 4375 1682 4446 Uterque
1726 4378 2048 4432 recedentes
2077 4393 2108 4431 a

499 4459 715 4515 Christo
744 4459 815 4514 ad
837 4458 1040 4516 diaboli
1071 4460 1314 4531 petinent
1342 4477 1559 4534 corpus,
1622 4464 1715 4535 qui
1760 4465 1829 4519 ah
1885 4466 2112 4522 idolola-

495 4557 606 4613 tria
632 4557 700 4611 ad
726 4556 1068 4612 Judaismum
1124 4558 1212 4614 vel
1266 4559 1525 4616 haeresim
1602 4568 1903 4629 transeunt,
1951 4564 2110 4633 juxta

2191 3358 2429 3406 veneno,
2472 3351 2523 3398 et
2558 3359 2679 3414 qua
2709 3341 2873 3399 faciat
2902 3341 3127 3413 aliquid,
3163 3340 3302 3396 sicut
3330 3339 3540 3395 videtur
3568 3337 3783 3410 quando

2191 3433 2372 3488 malus
2400 3433 2565 3487 homo
2598 3431 2717 3487 facit
2762 3431 2905 3486 mala
2935 3446 3135 3501 Opera.
3169 3430 3308 3484 Nam
3337 3426 3784 3501 quemadmodum

2193 3545 2314 3587 cum
2390 3529 2657 3585 indomita
2725 3527 2841 3585 fera
2913 3527 3092 3599 ruptis
3165 3526 3394 3583 vinculis
3431 3523 3784 3581 discurrendo

2195 3618 2368 3685 savit,
2402 3626 2455 3674 et
2484 3635 2605 3674 cum
2638 3618 2794 3674 navis
2824 3617 2868 3672 si
2897 3616 3239 3690 gubernator
3258 3615 3485 3671 dimisso
3513 3614 3785 3688 guberna—

2195 3708 2317 3764 culo
2355 3707 2573 3763 dimittit
2646 3722 2798 3774 eam,
2856 3706 3035 3762 ventis
3089 3714 3318 3778 vagatur
3367 3711 3422 3760 et
3475 3703 3686 3760 vehitur
3730 3702 3787 3757 in

2198 3805 2456 3880 qualibet
2482 3805 2724 3877 pericula
2752 3823 2764 3859 :
2797 3804 3032 3861 dicimus
3072 3803 3196 3876 quia
3242 3803 3348 3859 hoc
3394 3801 3520 3858 facit
3546 3799 3789 3856 absentia

2198 3904 2408 3953 catena
2437 3903 2529 3950 aut
2558 3893 2919 3966 gubernaculi
2960 3908 2974 3962 ;
3005 3908 3115 3948 non
3145 3892 3291 3964 quod
3332 3890 3578 3947 absentia
3608 3904 3790 3945 eorum

2198 3985 2402 4057 aliquid
2461 3985 2529 4038 sit
2585 3992 2676 4039 aut
2697 3982 2993 4055 quidquam
3046 3981 3228 4046 faciat,
3288 3980 3386 4036 sed
3443 3978 3715 4052 quoniam,
3743 3976 3789 4033 si

2202 4083 2480 4148 adessent,
2514 4080 2751 4136 facerent
2782 4096 2851 4135 ne
2881 4079 2999 4136 fera
3028 4079 3248 4135 saviret
3279 4085 3370 4133 aut
3392 4077 3546 4133 navis
3572 4074 3789 4148 periret.

2204 4171 2281 4227 Ita
2310 4187 2527 4243 quoque
2556 4187 2677 4226 cum
2734 4171 2912 4224 malus
2951 4170 3116 4225 homo
3173 4168 3327 4225 savit
3355 4166 3488 4224 etin
3542 4164 3794 4238 qualibet

2204 4261 2397 4316 anima
2430 4277 2541 4316 suae
2586 4258 2850 4331 pericula,
2884 4275 3007 4331 qua
3037 4265 3161 4313 sunt
3217 4257 3366 4313 male
3392 4270 3577 4327 opera,
3599 4253 3792 4326 impel-

2204 4351 2351 4416 litur,
2387 4350 2691 4406 clamamus
2748 4348 2875 4420 quia
2922 4347 3010 4403 hic
3066 4344 3630 4419 cperaturinjustitia,
3688 4357 3791 4398 non

2208 4449 2354 4520 quod
2376 4447 2499 4519 ipsa
2529 4447 2642 4501 ulla
2698 4445 2936 4502 essentia
2990 4445 3057 4500 sit
3086 4453 3178 4500 aut
3236 4442 3402 4500 faciat
3460 4439 3789 4515 aliquid,sed

2209 4539 2355 4610 quod
2412 4537 2671 4591 voluntas
2719 4535 2806 4592 cui
2866 4533 3066 4591 subditi
3114 4541 3240 4589 sunt
3272 4548 3467 4589 omnes
3515 4527 3793 4587 voluntarii

493 4647 825 4719 prophetam
855 4664 868 4700 :
906 4669 929 4696 ιι
964 4647 1045 4702 De
1074 4648 1220 4703 malo
1270 4648 1533 4704 labuntur
1569 4651 1640 4705 ad
1695 4620 1903 4706 malum,
1944 4620 2091 4723 (Jer.
2128 4654 2183 4717 D
2215 4635 2393 4723 π¹9¹¹¹⁸
2439 4627 2616 4723 fmus
2647 4623 2905 4723 ὴίῖτηίηίδν
2936 4624 3211 4723 name?”
3260 4621 3469 4723 δυεξίξξδ
3524 4620 3641 4720 sine
3695 4633 3797 4723 fl“

496 4738 593 4807 ix).
631 4758 655 4784 ι»
687 4737 754 4792 Ει
780 4735 1071 4792 Dominum
1103 4752 1213 4792 non
1245 4747 1645 4808 cognoverunt.
1678 4740 1806 4811 quia
1823 4742 1891 4798 de
1914 4741 2102 4797 intide-

497 4833 665 4893 litatis
693 4849 877 4890 errore
918 4834 973 4888 in
1033 4849 1279 4892 errorem
1309 4835 1474 4891 alium
1534 4837 1892 4893 transierunt.
1931 4839 2102 4909 Cujus

499 4924 805 4981 doctrinam
834 4922 1068 4995 quisque
1096 4924 1364 4996 sequitur,
1398 4925 1564 4995 hujus
1594 4934 1650 4981 et
1680 4925 1822 4982 ﬁlius
1879 4944 2101 4985 nuncu-

497 5022 677 5085 patur,
708 5012 850 5069 sicut
878 5020 933 5068 et
959 5028 1062 5084 per
1087 5014 1432 5085 prophetam,
1457 5017 1838 5073 Amorrhmum
1866 5026 2098 5089 patrem,

496 5112 773 5169 Cethaam
794 5115 1028 5166 matrem
1060 5126 1182 5167 esse
1208 5111 1375 5168 Israel
1411 5113 1676 5169 Dominus
1706 5114 1839 5172 dicit
1865 5118 2091 5183 (Bacch.

495 5202 637 5271 ινι),
670 5215 779 5257 non
811 5199 997 5272 utique
1043 5201 1325 5258 nascendo
1371 5202 1471 5258 sed
1500 5202 1789 5262 imitando.
1819 5206 1912 5263 Sic
1940 5214 1995 5262 et
2046 5206 2101 5261 in

498 5302 787 5359 meliorem
815 5307 1023 5371 partem
1051 5297 1148 5355 ﬁlii
1203 5300 1303 5357 Dei
1333 5312 1721 5375 nuncupantur
1766 5306 1857 5379 qui
1884 5322 2099 5378 prace-

499 5401 596 5464 pta
622 5390 725 5449 Dei
753 5389 1094 5448 custodiunt.
1163 5389 1322 5447 Unde
1352 5399 1408 5446 et
1464 5408 1564 5448 nos
1593 5409 1706 5449 non
1734 5403 1942 5461 natura,
2001 5397 2100 5453 sed

499 5492 795 5565 adoptione
823 5488 1127 5546 clamamus
1157 5489 1274 5547 Deo
1302 5490 1550 5548 dicentes
1583 5512 1594 5547 :
1642 5516 1665 5541 α
1707 5494 1862 5549 Pater
1886 5499 2097 5562 noster,

500 5581 684 5651 quies
738 5580 793 5635 in
822 5579 980 5635 caelis
1038 5580 1260 5645 (Matth.
1321 5582 1422 5643 γι).
1460 5603 1483 5630 ιι
1517 5597 1627 5638 non
1676 5582 1851 5639 solum
1893 5592 2101 5639 tantum

497 5669 804 5733 nativitate,
842 5668 960 5733 ,sed
988 5667 1151 5723 etiam
1180 5668 1479 5725 imitatione
1512 5668 1652 5726 ﬁlios
1681 5688 1845 5743 posse
1875 5674 2103 5743 alicujus

499 5763 685 5820 vocari
712 5783 726 5828 ;
758 5779 891 5819 nam
923 5764 1096 5820 Judai
1117 5765 1416 5821 secundum
1448 5782 1673 5824 carnem
1718 5768 1812 5823 ﬁlii
1846 5770 2099 5836 Abraha,

495 5851 794 5907 secundum
822 5853 1296 5908 conversationem
1326 5862 1511 5909 autem
1568 5855 1667 5911 ﬁlii
1720 5857 1931 5912 diaboli
1966 5876 2104 5913 nun-

486 5947 755 6012 cupantur
789 5953 802 5994 :
835 5953 901 5995 ac
930 5954 1027 6010 per
1052 5940 1161 5997 hoc
1215 5939 1295 5996 illi
1337 5951 1463 5997 sunt
1491 5956 1682 6001 semen
1712 5947 1952 6003 Abrahae
1993 5949 2095 6020 qui

2212 4716 2382 4771 utitur
2439 4717 2601 4771 homo
2622 4714 2899 4770 voluntate
2919 4712 3161 4769 diversis
3189 4711 3520 4784 appetitibus
3550 4706 3789 4778 impulsa,

2211 4835 2272 4874 se
2302 4828 2354 4874 et
2383 4817 2569 4874 omnia
2624 4815 2728 4871 sibi
2777 4816 2986 4871 subdita
3013 4817 3069 4869 in
3109 4812 3429 4869 multimoda
3474 4810 3611 4867 mala
3665 4807 3792 4865 levis

2212 4917 2266 4964 et
2294 4906 2558 4963 effrenata
2587 4912 2640 4960 et
2668 4905 2786 4960 sine
2817 4913 3028 4961 rectore
3084 4902 3407 4975 praecipitat,
3462 4899 3605 4973 quod
3634 4905 3788 4954 totum

2213 4997 2259 5052 si
2284 4997 2490 5066 justitia
2520 4995 2761 5061 adesset,
2793 4992 3104 5065 prohiberet
3132 5008 3206 5048 ne
3236 4991 3412 5047 ﬁeret.

2283 5106 2359 5160 Ex
2408 5104 2492 5159 his
2554 5118 2691 5175 ergo
2748 5101 2905 5157 facile
2944 5099 3310 5173 cognoscitur,
3371 5097 3499 5165 quia
3553 5092 3794 5166 injustitia

2209 5195 2417 5250 nullam
2452 5193 2615 5248 habet
2645 5191 2962 5258 essentiam,
2996 5189 3243 5262 quamvis
3269 5189 3482 5258 injusta
3515 5184 3793 5241 voluntatis

2210 5284 2435 5341 aﬁectus
2457 5291 2513 5337 et
2535 5289 2711 5348 actus,
2739 5280 2830 5353 qui
2861 5296 2963 5350 per
2992 5296 3051 5335 se
3083 5277 3412 5335 considerati
3441 5274 3639 5348 aliquid
3661 5280 3791 5337 sunt,

2208 5400 2340 5440 usus
2370 5380 2687 5451 injustitiam
2722 5386 2901 5434 vocet.
2935 5378 3049 5433 Hac
3080 5376 3199 5449 ipsa
3221 5376 3428 5431 ratione
3459 5372 3792 5445 intelligimus

2210 5473 2413 5529 malum
2472 5470 2608 5526 nihil
2657 5485 2800 5525 esse.
2860 5468 3055 5522 Malum
3087 5481 3324 5537 namque
3380 5478 3486 5519 non
3551 5460 3791 5518 estaliud

2214 5588 2378 5645 quam
2438 5567 2686 5624 absentia
2740 5565 2905 5622 debiti
2948 5565 3102 5621 boni.
3141 5562 3303 5619 Nulla
3359 5571 3540 5617 autem
3582 5558 3794 5615 essentia

2214 5659 2459 5734 quamvis
2517 5656 2660 5712 mala
2717 5655 2931 5711 dicatur
2976 5662 3061 5709 est
3116 5652 3276 5719 nihil,
3353 5667 3453 5707 nec
3497 5648 3638 5704 mala
3687 5664 3793 5704 esse

2214 5770 2293 5818 est
2346 5758 2425 5814 illi
2456 5756 2664 5829 aliquid
2718 5770 2867 5811 esse.
2906 5752 3051 5808 Nulli
3083 5751 3228 5808 enim
3287 5749 3539 5807 essentia
3558 5744 3789 5803 estaliud

2214 5849 2351 5906 mala
2407 5862 2531 5902 esse
2584 5859 2748 5918 quam
2820 5844 3020 5898 bonum
3078 5841 3154 5896 illi
3211 5840 3409 5896 deesse
3463 5837 3604 5911 quod
3649 5836 3790 5891 debet

2214 5947 2442 6003 habere.
2498 5944 2680 6016 Quare
2716 5940 2862 6001 mala
2916 5956 3061 6008 esse.
3120 5954 3229 5998 non
3286 5944 3376 5995 est
3409 5936 3501 5994 ulli
3556 5934 3794 5996 essentia
