3924 6418
171 445 307 502 £081

1187 455 1773 514 DEFLORATIONES
1812 455 1908 512 SS.
1944 456 2256 515 PATRUM.
2293 488 2365 498 —
2401 459 2527 512 LIB.
2571 459 2638 511 Il.

3394 462 3534 518 i082

193 570 406 646 aliquid
436 591 607 634 esse.
651 581 782 638 Hoc
813 581 885 638 de
914 582 1056 638 malo
1088 583 1231 655 quod
1279 598 1497 654 semper
1557 587 1639 637 est
1697 582 1830 637 nihil
1861 583 1917 642 Α
1946 582 2060 637 sive
2091 582 2145 635 in
2175 583 2365 652 spiritu
2397 583 2517 638 sive
2547 583 2601 638 in
2632 597 2885 656 corpore.
2920 585 3115 641 Omnia
3159 587 3360 658 quippe
3414 603 3544 658 quae

202 672 409 730 dictum
443 675 538 734 ait.
569 679 738 734 Sicut
773 681 920 734 enim
951 681 1058 735 duo
1088 689 1212 734 sunt
1244 681 1408 747 bona,
1443 681 1652 736 scilicet
1674 680 1837 749 justi-

211 766 287 821 tia
316 775 370 820 et
400 770 795 834 commodum,
831 770 904 824 ita
952 778 1076 824 sunt
1113 772 1220 824 duo
1252 770 1395 824 mala
1452 788 1643 826 eorum
1701 786 1825 825 con-

220 856 409 923 traria,
441 857 497 912 id
529 868 615 911 est
651 858 925 927 injustitia
955 869 1008 914 et
1055 860 1480 915 incommodum.
1529 862 1643 916 lloc
1691 860 1839 913 scili-

223 963 313 1010 cet
351 953 774 1010 incommodum
815 957 1110 1026 aliquando
1169 957 1300 1009 nihil
1354 962 1436 1010 est
1487 964 1549 1009 ut
1603 958 1838 1016 creeitas,

224 1043 524 1114 aliquando
565 1052 652 1098 est
691 1044 900 1114 aliquid
937 1053 991 1097 ut
1037 1045 1193 1098 dolor
1219 1054 1268 1097 et
1313 1045 1548 1097 tristitia.
1595 1045 1699 1097 Sed
1743 1045 1843 1096 'noc

233 1132 449 1187 malum
481 1149 606 1187 cum
632 1133 846 1203 aliquid
880 1143 959 1186 est
984 1133 1159 1187 Deum
1195 1138 1373 1188 tacere
1406 1149 1511 1187 non
1559 1149 1841 1199 negamus,

230 1253 256 1278 σι
292 1231 420 1302 quia
450 1230 577 1300 ipse
611 1239 692 1286 est
727 1231 929 1286 faciens
960 1247 1151 1302 pacem
1183 1240 1232 1285 et
1264 1246 1453 1286 creans
1483 1231 1683 1286 malum
1717 1231 1840 1295 (Ira.

218 1325 384 1386 xu).
423 1342 446 1366 ι»
484 1320 618 1374 Item
647 1335 659 1373 :
691 1343 713 1368 α
751 1321 871 1374 Non
903 1329 984 1374 est
1017 1321 1220 1374 malum
1249 1320 1301 1373 in
1320 1320 1550 1384 civitate,
1578 1319 1718 1391 quod
1737 1335 1844 1372 non

217 1407 398 1464 faciat
429 1409 698 1464 Dominus
757 1411 943 1477 (Amo:
990 1425 1095 1476 Ill).
1152 1433 1172 1458 ο
1236 1411 1356 1479 lpse
1401 1425 1634 1480 namque
1679 1413 1842 1462 creat

216 1505 589 1562 incommoda
622 1507 821 1578 quibus
853 1511 1069 1561 exercet
1102 1516 1150 1561 et
1184 1515 1380 1577 purgat
1404 1508 1583 1572 justos
1615 1514 1666 1560 et
1697 1505 1846 1575 punit.

213 1593 491 1663 iniustos.
527 1595 665 1649 Illud
691 1612 830 1650 vero
889 1596 1089 1649 malum
1141 1596 1286 1666 quod
1338 1596 1537 1649 dicitur
1592 1595 1845 1661 injustitia

214 1699 526 1755 nunquam
561 1695 640 1739 est
672 1684 895 1755 aliquid,
941 1700 1042 1739 nec
1072 1685 1235 1739 alicui
1272 1686 1346 1738 rei
1379 1693 1458 1737 est
1491 1684 1690 1754 aliquid
1724 1700 1844 1736 esse

214 1779 441 1849 injusta
472 1797 615 1836 esse.
649 1781 747 1835 Vel
779 1782 856 1836 sic
887 1797 1082 1836 creans
1128 1782 1328 1834 malum
1387 1790 1436 1835 et
1495 1782 1696 1834 faciens
1744 1781 1844 1833 bo-

214 1885 370 1925 num
409 1870 780 1942 intelligitur:
823 1871 1022 1925 Creare
1077 1879 1159 1924 est
1217 1871 1511 1940 disponere
1559 1879 1611 1923 et
1663 1877 1847 1937 aptare

216 1959 472 2028 tliquid.
530 1960 688 2015 Unde
737 1958 981 2014 dicitur:

216 2057 581 2112 Ordinantur
603 2065 656 2110 et
685 2063 940 2123 aptantur
968 2055 1037 2110 ad
1065 2056 1188 2122 hoc,
1222 2065 1275 2110 ut
1315 2065 1506 2126 postea
1552 2057 1850 2109 formentur

220 2152 290 2202 et
321 2145 458 2200 fiant
484 2145 762 2202 consules.
799 2146 954 2200 Creat
983 2162 1119 2218 ergo
1169 2147 1315 2200 Deus
1372 2146 1595 2210 malum,
1650 2147 1706 2199 id
1766 2155 1849 2200 est

226 2244 555 2308 peccatum,
589 2235 807 2306 quando
839 2244 987 2305 aptat
1017 2243 1070 2289 et
1099 2235 1309 2289 ordinat
1359 2235 1596 2306 aliquem
1641 2235 1739 2299 sic,
1795 2243 1851 2288 ut

226 2334 444 2388 habeat
486 2332 793 2404 potentiam
831 2332 1115 2403 peccandi.
1159 2332 1317 2401 Quod
1375 2334 1432 2386 fit
1472 2349 1592 2388 cum
1651 2333 1700 2386 ei
1757 2347 1852 2401 per

216 2421 470 2478 liberum
535 2421 814 2476 arbitrium
863 2421 952 2476 dat
1011 2423 1302 2492 potentiam
1359 2429 1413 2478 et
1497 2422 1850 2492 aptitudinem

224 2512 392 2567 bene
432 2511 672 2578 vivendi,
715 2511 812 2565 sed
857 2511 1034 2581 ipsum
1074 2510 1349 2577 aﬂ‘ectum,
1381 2511 1435 2565 id
1468 2521 1546 2565 est
1577 2511 1714 2564 bene
1763 2512 1851 2565 vi-

228 2625 377 2665 vere
406 2624 518 2664 non
546 2608 662 2675 dat,
709 2608 849 2663 sicut
897 2607 1025 2663 facit
1063 2624 1265 2663 caecum
1315 2609 1498 2663 dando
1549 2609 1848 2679 potentiam

235 2698 496 2760 videndi,
530 2707 584 2752 et
615 2697 792 2767 ipsum
821 2697 1085 2762 habitum,
1120 2697 1173 2751 id
1205 2707 1287 2752 est
1315 2698 1491 2751 visum
1542 2699 1626 2752 vel
1677 2699 1846 2753 visio-

235 2804 375 2843 nem
411 2786 687 2858 negando.
719 2786 872 2840 Facit
901 2802 1032 2841 vero
1062 2787 1282 2851 bonum,
1312 2787 1363 2840 id
1395 2796 1477 2840 est
1510 2786 1705 2841 format
1749 2788 1846 2858 ju-

231 2895 390 2941 stum
431 2886 519 2940 cui
559 2883 794 2956 largitur
840 2898 952 2938 non
1011 2883 1188 2938 solum
1247 2885 1543 2953 potentiam
1596 2885 1843 2953 justitia),

231 2975 342 3030 sed
373 2973 540 3028 etiam
570 2973 745 3042 ipsam
767 2972 1048 3038 justitiam,
1081 2973 1287 3027 scilicet
1319 2972 1552 3027 formam
1584 2975 1699 3042 ejus
1754 2992 1846 3044 po-

233 3063 455 3120 tentias.
492 3062 628 3116 Hinc
657 3060 893 3116 dicitur:
935 3084 955 3106 α
995 3062 1115 3131 Ipse
1162 3062 1314 3124 dixit,
1366 3070 1419 3115 et
1478 3062 1621 3118 facta
1677 3075 1795 3116 sunt
1829 3083 1840 3126 ;

235 3159 533 3218 mandavit
550 3167 803 3214 etcreata
821 3167 947 3213 sunt
971 3160 1147 3228 (Psal.
1172 3160 1403 3227 xxxu)»
1431 3160 1844 3215 Mandamushis

240 3251 347 3322 qui
378 3249 546 3320 longe
574 3252 697 3301 sunt
729 3247 939 3310 remoti,
969 3247 1200 3301 dicimus
1221 3247 1304 3300 his
1337 3247 1426 3316 qui
1469 3263 1639 3317 pr0pe
1687 3257 1832 3302 sunt.

239 3340 396 3395 Dum
427 3354 562 3392 vero
591 3335 725 3390 nihil
755 3344 838 3389 est
869 3335 1052 3406 longe,
1086 3336 1187 3389 nisi
1221 3336 1363 3407 quod
1389 3335 1436 3389 ei
1460 3337 1843 3402 estdissimile,

238 3451 428 3508 prope
460 3434 605 3503 quod
638 3441 722 3488 est
751 3432 947 3487 simile.
984 3433 1090 3489 Sed
1123 3449 1350 3487 summa:
1372 3433 1640 3498 essentim,
1674 3434 1725 3487 id
1766 3443 1844 3487 est

236 3528 384 3589 Deo,
418 3524 546 3596 quid
578 3530 662 3577 est
691 3521 1033 3587 dissimilius,
1067 3537 1232 3593 quam
1263 3522 1318 3576 id
1349 3523 1494 3592 quod
1539 3523 1668 3575 nihil
1700 3531 1782 3577 est
1811 3524 1839 3577 ?

237 3614 392 3684 Quid
429 3611 664 3667 similius
703 3625 866 3682 quam
905 3610 958 3664 id
999 3611 1144 3682 quod
1203 3627 1309 3664 non
1351 3612 1524 3666 solum
1579 3619 1684 3676 est,
1747 3612 1841 3666 sed

238 3713 413 3769 etiam
454 3709 746 3766 formatum
787 3708 926 3762 est?
983 3709 1252 3762 Mandavit
1317 3709 1479 3779 igitur
1543 3710 1696 3763 Deus
1761 3709 1845 3763 his

239 3817 373 3874 qua:
401 3816 510 3855 non
543 3799 891 3862 exstiterunt,
923 3805 976 3852 et
1007 3797 1114 3852 imo
1145 3797 1332 3868 procul
1375 3799 1443 3852 ab
1494 3814 1558 3853 eo
1610 3798 1840 3865 fuerunt,

241 3899 300 3947 et
340 3898 527 3946 creata
566 3895 712 3952 sunt,
755 3886 809 3940 id
848 3893 930 3940 est
968 3894 1156 3954 aptata
1195 3891 1249 3940 et
1295 3887 1557 3956 disposita
1613 3889 1679 3940 ad
1741 3888 1843 3942 hoc

241 3997 306 4042 ut
341 3986 543 4042 formas
582 3999 713 4038 suas
753 3983 1085 4053 reciperent.
1153 3985 1300 4037 Dixit
1350 3991 1528 4038 autem
1589 3985 1671 4039 his
1725 4003 1845 4056 qua:

235 4078 359 4148 jam
398 4083 586 4130 creata
624 4081 796 4140 erant,
837 4081 885 4127 et
927 4073 1034 4127 imo
1072 4081 1424 4127 accesserant
1480 4074 1528 4127 ei
1584 4091 1684 4143 per
1748 4091 1845 4144 po-

243 4165 478 4222 tentiam
519 4161 815 4233 recipiendi
854 4160 1115 4227 formam,
1158 4170 1211 4216 et
1250 4160 1390 4215 facta
1447 4171 1594 4227 sunt,
1652 4163 1704 4216 id
1764 4172 1846 4217 est

244 4264 516 4320 formata.
563 4259 722 4328 Quod
763 4267 943 4314 autem
988 4261 1131 4313 Deus
1179 4259 1358 4313 omnia
1417 4259 1596 4325 faciat,
1657 4261 1708 4314 id
1767 4270 1848 4314 est

246 4353 471 4416 formet,
506 4350 632 4404 inde
662 4348 924 4418 probatur
952 4348 1076 4418 quia
1107 4356 1256 4402 creat
1286 4348 1494 4402 omnia.
1548 4349 1649 4416 Qui
1703 4350 1848 4404 enim

245 4441 464 4497 initium
495 4438 588 4492 dat
614 4437 808 4493 creatis
838 4437 1022 4502 rebus,
1058 4437 1174 4506 ipse
1203 4453 1421 4508 quoque
1452 4437 1664 4508 perﬁcit
1686 4454 1802 4493 eas.

696 4545 835 4599 Item
868 4543 933 4598 de
963 4544 1102 4599 bono
1133 4547 1192 4598 et
1220 4545 1396 4598 malo.

1035 1960 1299 2013 Creantur
1344 1959 1617 2021 consules,
1673 1959 1723 2010 id
1763 1967 1842 2012 est
1875 1943 1924 2001 Β

1946 693 1976 730 a
2006 679 2120 732 Deo
2151 677 2293 733 facta
2319 687 2462 744 sunt,
2496 688 2548 733 et
2574 680 2837 735 unitatem
2869 683 3162 751 quamdam
3192 683 3245 737 in
3277 699 3335 738 se
3356 691 3545 738 osten-

1951 767 2106 832 dunt,
2141 777 2191 821 et
2223 769 2485 837 speciem,
2521 777 2572 822 et
2601 769 2868 823 ordinem.
2919 770 3201 842 Quidquid
3251 772 3394 826 enim
3442 773 3549 827 ho-

1951 872 2071 909 rum
2101 865 2202 921 est,
2237 865 2289 910 et
2318 873 2482 910 unum
2523 857 2725 928 aliquid
2773 866 2856 912 est
2903 859 3042 913 sicut
3092 867 3298 914 natura}
3345 875 3546 931 corpo-

1953 971 2075 1008 rum
2106 964 2157 1007 et
2187 955 2408 1023 ingenia
2438 956 2737 1009 animarum
2775 974 2787 1020 ;
2849 965 2901 1010 et
2948 958 3132 1028 aliqua
3182 959 3367 1028 specie
3425 959 3542 1014 for-

1952 1052 2151 1106 matur,
2184 1044 2319 1097 sicut
2355 1054 2477 1097 sunt
2510 1045 2700 1112 figura:
2748 1046 2831 1099 vel
2884 1047 3171 1115 qualitates
3229 1062 3541 1117 corporum,

1953 1147 2017 1187 ac
2046 1133 2306 1186 doctrina:
2336 1133 2420 1187 vel
2453 1145 2602 1187 artes
2646 1136 2950 1189 animarum
2989 1153 3000 1196 ;
3053 1146 3104 1190 et
3151 1135 3400 1190 ordinem
3455 1135 3550 1190 ali-

1953 1245 2114 1300 quem
2146 1229 2278 1299 petit
2309 1239 2399 1283 aut
2433 1239 2600 1294 tenet,
2633 1232 2776 1286 sicut
2811 1240 2932 1286 sunt
2952 1232 3197 1301 pondera
3244 1232 3330 1287 vel
3373 1232 3548 1290 collo-

1955 1320 2200 1373 cationes
2232 1333 2548 1388 corporum,
2589 1329 2750 1391 atque
2781 1337 2998 1374 amores
3027 1325 3190 1392 atque
3240 1320 3552 1378 delectatio-

1954 1424 2052 1461 nes
2081 1409 2407 1461 animarum.
2443 1410 2570 1462 Hzec
2602 1409 2728 1475 tria,
2762 1411 2850 1463 ubi
2881 1425 3085 1480 magna
3133 1419 3279 1478 sunt,
3329 1427 3548 1483 magnae

1953 1512 2156 1557 naturae
2190 1513 2309 1557 sunt
2344 1519 2356 1572 ;
2390 1504 2479 1557 ubi
2520 1521 2704 1574 parva,
2739 1521 2920 1575 parvae
2969 1517 3176 1561 naturze
3227 1515 3348 1560 sunt
3385 1524 3398 1568 ;
3453 1505 3548 1560 ubi

1955 1593 2097 1645 nulla
2131 1602 2271 1656 sunt,
2301 1593 2444 1645 nulla
2477 1603 2671 1647 natura
2703 1604 2806 1647 est.
2854 1595 3053 1649 Malum
3094 1595 3314 1666 quippe,
3365 1595 3415 1648 id
3465 1602 3550 1649 est

1954 1681 2229 1750 corruptio
2260 1698 2352 1733 seu
2383 1683 2623 1747 amissio,
2660 1684 2742 1736 vel
2775 1683 2948 1744 modi,
2979 1685 3062 1738 vel
3096 1683 3319 1753 speciei,
3351 1683 3437 1738 vel
3465 1699 3551 1739 or-

1955 1777 2096 1830 dinis
2129 1778 2406 1842 naturalis,
2443 1779 2486 1831 si
2517 1795 2742 1832 omnem
2794 1781 3032 1845 modum,
3085 1780 3348 1850 speciem,
3399 1779 3547 1835 ordi—

1956 1882 2082 1920 nem
2113 1866 2342 1931 auferat,
2376 1866 2517 1920 nulla
2551 1868 2849 1922 remanebit
2892 1879 3078 1923 natura
3120 1887 3132 1922 :
3179 1883 3243 1923 ac
3299 1885 3395 1939 per
3447 1869 3551 1924 hoc

1959 1978 2078 2030 quae
2117 1961 2396 2031 corrumpi
2437 1971 2633 2032 potest,
2676 1963 2837 2018 etiam
2896 1964 3014 2033 ipsa
3069 1963 3289 2031 aliquod
3347 1963 3550 2018 bonum

1961 2066 2087 2113 est:
2131 2073 2237 2110 non
2277 2058 2418 2111 enim
2459 2059 2509 2112 ei
2565 2075 2766 2114 nocere
2832 2068 3011 2130 potest
3076 2059 3376 2130 corruptio,
3446 2059 3548 2114 nisi

1962 2146 2253 2200 adimendo
2286 2156 2338 2200 et
2361 2147 2656 2202 minuendo
2689 2149 2910 2202 bonum.
2946 2148 3148 2203 Malum
3173 2164 3388 2220 quoque
3410 2149 3551 2203 bene

1961 2235 2274 2290 ordinatum
2307 2244 2366 2290 et
2396 2236 2517 2291 loco
2549 2253 2649 2290 suo
2707 2237 2963 2308 positum,
3017 2237 3344 2292 eminentius
3397 2253 3549 2292 com-

1962 2334 2181 2387 mendat
2215 2334 2354 2389 bona
2384 2343 2439 2387 ut
2471 2335 2644 2405 magis
2668 2335 2918 2405 placeant
2949 2344 2999 2390 et
3031 2335 3389 2391 laudabiliora
3421 2335 3546 2400 sint,

1963 2423 2091 2476 dum
2115 2432 2501 2493 comparantur
2528 2424 2706 2478 malis.
2741 2425 2889 2480 Sicut
2911 2434 3091 2479 autem
3113 2425 3390 2480 contraria
3409 2439 3547 2480 con-

1961 2512 2146 2565 trariis
2177 2514 2428 2582 opposita
2459 2515 2732 2568 sermonis
2775 2514 3236 2584 pulchritudinem
3290 2514 3544 2579 reddunt,

1962 2608 2036 2663 ita
2069 2610 2301 2680 quadam
2335 2625 2441 2665 non
2473 2611 2786 2675 verborum,
2840 2612 2937 2665 sed
2986 2628 3170 2666 rerum
3229 2611 3546 2682 eloquentia

1960 2699 2361 2753 contrariorum
2394 2700 2736 2769 Oppositione
2768 2701 2950 2755 saeculi
2981 2701 3327 2770 pulchritudo
3371 2715 3548 2772 Oppo-

1957 2787 2122 2854 nitur,
2156 2796 2317 2857 atque
2361 2790 2500 2843 ordo
2546 2790 2867 2844 szeculorum
2927 2799 3187 2862 tanquam
3237 2787 3545 2862 pulcherri-

1959 2900 2100 2938 mum
2133 2901 2353 2940 carmen
2385 2887 2547 2941 etiam
2580 2887 2907 2956 quibusdam
2956 2889 3233 2943 antithetis
3280 2889 3544 2943 honesta-

1959 2982 2068 3028 tur.
2111 2975 2262 3030 Unde
2293 2975 2553 3044 scriptum
2586 2987 2672 3029 est
2707 2995 2718 3029 :
2758 3002 2778 3024 ιι
2833 2977 3029 3032 Contra
3087 2978 3287 3031 malum
3348 2977 3546 3032 bonum

1957 3071 2058 3126 est,
2093 3071 2143 3116 et
2173 3071 2363 3118 contra
2385 3071 2617 3118 mortem
2650 3065 2777 3128 vita,
2812 3066 2951 3120 sicut
2979 3075 3171 3121 contra
3214 3065 3362 3136 pium
3412 3080 3544 3136 pec-

1956 3169 2134 3214 cator.
2175 3162 2243 3214 Et
2273 3162 2350 3216 sic
2381 3161 2593 3217 intuere
2639 3163 2822 3217 omnia
2868 3164 3155 3219 Altissimi.
3220 3163 3346 3218 Bina
3404 3161 3544 3230 bina,

1956 3265 2123 3304 unum
2151 3259 2343 3304 contra
2374 3267 2536 3305 unum
2569 3252 2771 3320 (Eccli.
2805 3254 3018 3323 χχχιιι),
3055 3275 3075 3300 ιι

2029 3366 2114 3420 Ex
2146 3365 2304 3420 bonis
2333 3376 2533 3430 autem,
2558 3366 2609 3420 id
2635 3375 2715 3422 est
2737 3384 2800 3422 ex
2825 3367 2995 3422 libero
3012 3367 3238 3422 arbitrio
3256 3367 3546 3423 voluntatis

1955 3470 2071 3518 orta
2103 3472 2226 3517 sunt
2256 3464 2418 3517 mala.
2451 3465 2639 3535 Neque
2671 3466 2772 3519 hoc
2819 3465 3034 3520 Domini
3079 3465 3385 3536 refragatur
3433 3480 3548 3520 sen-

1955 3552 2124 3606 tentia
2155 3568 2257 3622 qua
2290 3553 2423 3605 dixit
2457 3570 2469 3605 :
2510 3577 2530 3600 ε
2567 3553 2687 3607 Non
2719 3561 2898 3623 potest
2945 3554 3107 3608 arbor
3156 3554 3295 3608 bona
3341 3554 3548 3608 fructus

1957 3641 2133 3694 malos
2163 3639 2346 3696 facere
2378 3641 2597 3708 (Matth.
2632 3645 2752 3710 vit),
2785 3661 2805 3691 ι
2832 3641 2882 3695 id
2905 3651 2986 3696 est
3008 3642 3149 3696 bona
3171 3642 3418 3697 voluntas
3439 3657 3549 3696 non

1954 3746 2132 3809 potest
2165 3738 2345 3792 facere
2383 3738 2523 3791 mala
2554 3754 2738 3808 Opera,
2771 3739 2975 3794 scilicet
3004 3739 3189 3793 tandiu
3214 3740 3356 3794 mala
3385 3739 3551 3794 arbor

1955 3836 2139 3881 manet
2167 3826 2222 3880 in
2255 3831 2600 3896 peccatorum
2634 3827 2921 3895 fructibus,
2959 3827 3208 3899 quandiu
3247 3827 3317 3882 ad
3365 3827 3551 3899 poeni-

1955 3916 2176 3970 tentiam
2207 3931 2312 3970 non
2338 3916 2708 3983 convertitur,
2745 3925 2800 3970 et
2831 3916 3020 3971 tandiu
3055 3917 3196 3971 bona
3226 3917 3392 3971 arbor
3433 3931 3546 3970 non

1955 4014 2084 4069 facit
2141 4014 2311 4067 malos
2359 4012 2583 4079 fructus,
2641 4015 2880 4085 quandiu
2939 4015 2993 4068 in
3042 4015 3221 4068 studio
3293 4013 3551 4069 bonitatis

1956 4111 2274 4174 perseverat
2309 4117 2320 4170 ;
2353 4102 2448 4156 sed
2481 4120 2544 4158 ex
2580 4103 2722 4157 bona
2752 4102 2985 4158 hominis
3016 4110 3211 4157 natura
3267 4103 3395 4158 oriri
3450 4118 3553 4158 vo-

1957 4193 2133 4245 luntas
2164 4201 2213 4245 et
2247 4191 2388 4245 bona
2421 4201 2599 4262 potest
2630 4201 2682 4246 et
2710 4193 2867 4246 mala.
2900 4193 3205 4263 Numquam
3251 4208 3382 4247 vero
3430 4207 3551 4246 ma-

1958 4289 2066 4343 lum
2102 4299 2274 4360 potest
2307 4307 2449 4358 esse,
2482 4291 2572 4344 ubi
2602 4291 2808 4344 nullum
2835 4299 2916 4345 est
2952 4291 3173 4344 bonum.
3227 4291 3382 4346 Unde
3412 4290 3554 4345 mira

1962 4394 2046 4432 res
2078 4377 2364 4433 conﬁcitur
2394 4387 2470 4444 ut,
2504 4379 2629 4450 quia
2661 4379 2842 4434 omnis
2870 4388 3062 4433 natura
3099 4384 3240 4434 bona
3272 4387 3374 4444 est,
3421 4378 3555 4434 nihil

1961 4466 2104 4520 aliud
2129 4467 2234 4522 dici
2258 4467 2522 4533 videatur,
2556 4485 2675 4522 cum
2710 4468 2908 4524 vitiosa
2931 4477 3129 4523 natura
3156 4468 3300 4523 mala
3320 4469 3514 4525 dicitur
3539 4486 3553 4523 :

1963 4562 2115 4616 verbi
2142 4561 2334 4633 gratia,
2365 4561 2542 4616 malus
2575 4565 2736 4617 homo
2767 4564 3027 4634 quoniam
3069 4563 3268 4618 malum
3317 4564 3547 4620 bonum.

327 4655 462 4708 Cum
492 4651 630 4706 bona
661 4658 712 4704 et
745 4649 887 4703 mala
918 4650 1023 4702 sint
1053 4649 1343 4713 contraria,
1399 4649 1665 4704 contraria
1717 4667 1848 4706 vero
1879 4654 1929 4713 D
1962 4652 2136 4705 Homo
2166 4652 2307 4705 enim
2339 4659 2417 4705 est
2451 4660 2665 4713 natura,
2698 4662 2751 4705 et
2783 4653 2984 4707 bonum
3015 4660 3116 4718 est,
3149 4660 3202 4706 et
3233 4653 3418 4707 vitium
3467 4661 3553 4709 est

251 4752 388 4808 nulli
426 4751 500 4804 rei
532 4749 690 4803 simul
718 4749 898 4802 inesse
930 4757 1175 4816 possunt,
1207 4748 1348 4802 mala
1381 4757 1559 4803 tamen
1607 4758 1657 4804 et
1709 4751 1852 4806 bona

253 4857 368 4897 non
402 4839 577 4894 solum
610 4854 736 4892 esse
782 4847 1010 4906 possunt
1053 4837 1233 4902 simul,
1284 4838 1378 4892 sed
1428 4838 1572 4892 mala
1629 4840 1850 4896 omnino

255 4931 377 4986 sine
407 4929 584 4994 bonis,
619 4935 671 4981 et
697 4926 800 4980 nisi
833 4926 885 4979 in
914 4926 1070 4980 bonis
1101 4942 1222 4980 esse
1270 4942 1378 4980 non
1428 4936 1675 4997 possunt,
1731 4931 1852 5001 quia

257 5028 305 5083 si
335 5028 539 5082 bonum
571 5040 679 5078 non
710 5030 873 5086 esset,
907 5039 1138 5093 prorsus
1169 5038 1276 5077 nec
1323 5023 1524 5077 malum
1576 5041 1700 5078 esse
1751 5041 1849 5096 po-

258 5118 479 5181 tuisset,
515 5114 642 5184 quia
671 5129 781 5166 non
812 5113 972 5166 modo
1005 5112 1094 5164 ubi
1127 5113 1471 5177 consisteret,
1505 5113 1598 5167 sed
1620 5121 1672 5168 et
1711 5115 1854 5169 unde

259 5207 501 5264 oriretur
530 5203 750 5265 malum,
785 5201 838 5255 id
869 5210 952 5280 est
979 5201 1258 5270 corruptio
1281 5209 1506 5264 naturm,
1534 5203 1740 5259 scilicet
1762 5220 1854 5258 ex-

263 5303 570 5359 terminatio
602 5299 750 5364 boni,
775 5299 861 5352 vel
893 5298 1060 5352 minui
1105 5299 1246 5353 bono
1300 5314 1407 5354 non
1458 5299 1701 5366 haberet,
1753 5301 1857 5356 nisi

262 5399 411 5447 esset
443 5388 589 5462 quod
617 5393 1053 5455 corrumperetur
1083 5385 1284 5439 bonum
1321 5403 1332 5440 :
1384 5386 1589 5440 malum
1635 5387 1854 5459 quippe,

262 5481 314 5536 id
347 5489 427 5536 est
461 5477 762 5546 corruptio,
799 5475 976 5545 privat
1018 5490 1238 5545 semper
1285 5484 1532 5528 naturam
1575 5477 1858 5547 qualicun-

264 5596 364 5653 que
396 5579 567 5633 bono.
599 5575 742 5629 Nam
773 5572 959 5626 minuit
991 5573 1109 5641 ejus
1156 5572 1417 5642 speciem,
1482 5573 1568 5627 vel
1616 5575 1854 5640 modum,

262 5671 338 5729 vel
370 5667 651 5727 ordinem,
687 5662 823 5717 sicut
856 5663 985 5714 vitia
1016 5661 1336 5715 animorum
1370 5669 1494 5715 sunt
1525 5662 1859 5730 privationes

261 5755 589 5816 naturalium
621 5753 892 5805 bonorum
924 5759 978 5804 et
1025 5749 1221 5814 morbi,
1269 5759 1321 5804 et
1367 5749 1590 5805 vulnera
1645 5751 1859 5821 privant

263 5870 506 5932 corpora
537 5849 794 5906 sanitate.
825 5848 952 5903 ilzec
993 5864 1227 5920 namque
1280 5847 1401 5913 tria,
1453 5848 1611 5910 ordo,
1666 5848 1862 5904 modus

256 5949 497 6028 species,
533 5937 824 6014 generalia
853 5945 975 5993 sunt
1005 5937 1148 5993 bona
1175 5937 1230 5993 in
1260 5936 1423 5992 rebus
1454 5952 1485 5991 a
1517 5937 1630 5992 Deo
1680 5937 1856 6004 factis,

1961 4741 2192 4795 malum.
2234 4741 2465 4794 Nonest
2496 4748 2676 4794 tamen
2706 4741 2902 4794 malum
2939 4741 3162 4810 bonum,
3211 4756 3396 4812 neque
3448 4742 3554 4797 bo-

1961 4855 2088 4893 num
2120 4838 2321 4892 malum
2357 4853 2368 4891 ε
2403 4839 2527 4893 ideo
2558 4840 2706 4910 quod
2738 4839 2900 4895 homo
2947 4840 3123 4892 malus
3171 4854 3277 4894 non
3325 4847 3408 4894 est
3449 4839 3556 4895 nisi

1966 4927 2164 4982 bonum
2197 4927 2422 4981 malum.
2464 4928 2637 4982 Homo
2667 4943 2862 4997 nempe
2921 4927 3124 4982 bonum
3181 4935 3282 4993 est,
3346 4928 3553 4983 malum

1961 5016 2229 5088 iniquum.
2264 5018 2333 5071 Et
2361 5017 2599 5072 cavenda
2631 5026 2712 5071 est
2741 5017 2833 5070 illa
2861 5016 3180 5086 prophetica
3228 5017 3498 5072 sententia
3533 5035 3548 5072 :

1969 5137 1990 5161 ι.
2031 5115 2120 5168 Vae
2152 5113 2233 5166 bis
2261 5114 2354 5183 qui
2385 5113 2569 5169 dicunt
2610 5114 2752 5185 quod
2814 5113 3012 5167 bonum
3071 5121 3156 5168 est
3217 5113 3442 5180 malum,
3502 5123 3555 5169 et

1966 5203 2110 5274 quod
2142 5201 2346 5256 malum
2379 5210 2462 5256 est
2493 5203 2690 5257 bonum
2724 5201 2884 5273 (lsai.
2916 5214 2993 5271 ν).
3031 5226 3052 5250 ιι
3089 5201 3241 5272 Opus
3272 5203 3415 5256 enim
3454 5201 3557 5257 Dei

1963 5292 2183 5362 culpant
2216 5291 2363 5362 quod
2395 5301 2476 5346 est
2508 5296 2692 5359 homo,
2725 5300 2774 5347 et
2807 5291 2994 5346 vitium
3053 5291 3289 5346 hominis
3333 5291 3558 5346 laudant

1964 5390 2108 5460 quod
2141 5396 2222 5443 est
2255 5389 2533 5460 iniquitas.
2560 5389 2752 5444 Omnis
2782 5405 2912 5445 vero
2960 5397 3153 5444 natura
3205 5389 3309 5444 etsi
3365 5389 3560 5444 vitiosa

1967 5486 2070 5544 est,
2103 5478 2157 5532 in
2175 5486 2434 5548 quantum
2458 5487 2647 5534 natura
2693 5487 2775 5534 est
2801 5479 2943 5535 bona
2964 5487 3064 5542 est,
3094 5477 3148 5532 in
3173 5485 3429 5550 quantum
3473 5477 3558 5533 vi-

1966 5574 2102 5629 tiosa
2135 5583 2216 5629 est
2250 5576 2395 5631 mala
2426 5584 2528 5630 est.
2562 5577 2768 5632 Natura
2800 5593 3019 5648 quoque
3067 5576 3335 5642 sentiens,
3395 5576 3564 5632 etiam

1967 5681 2088 5718 cum
2122 5664 2288 5729 dolet,
2325 5665 2522 5719 melior
2553 5675 2634 5720 est
2666 5682 2829 5738 quam
2872 5666 3006 5736 lapis
3057 5682 3180 5736 quae
3231 5681 3343 5721 non
3383 5675 3567 5735 potest

1967 5752 2155 5808 dolere
2181 5771 2193 5815 ;
2222 5753 2495 5808 rationalis
2522 5770 2651 5810 vero
2672 5755 3012 5825 prmstantior
3031 5762 3112 5809 est
3133 5754 3294 5809 etiam
3333 5755 3564 5823 misera,

1968 5867 2137 5922 quam
2170 5850 2259 5903 illa
2290 5868 2409 5922 quae
2441 5851 2668 5906 rationis
2702 5852 2785 5906 vel
2817 5867 3012 5906 sensus
3045 5859 3126 5905 est
3153 5867 3370 5922 expers.
3396 5851 3565 5907 Male-

1968 5938 2099 5995 dicti
2129 5953 2263 6011 ergo
2292 5947 2418 5996 sunt
2448 5940 2539 6013 qui
2568 5939 2904 5996 maledicunt
2941 5939 3243 6005 diabolum,
3297 5937 3562 6008 blasphe~
