3924 6472
447 458 588 513 1083

1602 456 1910 513 VERNERI
1947 457 2236 515 ABBATIS
2275 458 2333 514 S.
2375 456 2600 513 BLASII

3620 458 3751 515 1084

447 580 745 638 mantesin
770 596 836 638 eo
865 596 1024 653 opus,
1055 581 1144 637 dei
1174 597 1277 653 pro
1342 581 1490 638 malo
1543 580 1738 652 ipsius.
1801 580 2044 636 Primum
2069 592 2127 654 Α
2156 580 2255 636 bus
2311 580 2638 637 subintravit
2692 580 3002 655 ignorantia
3055 599 3235 641 rerum
3289 582 3632 656 agendarum
3700 592 3756 641 et

448 694 583 735 sane
614 679 834 747 malum,
866 679 921 735 id
968 689 1052 736 est
1096 680 1269 750 prima
1312 678 1544 751 privatio
1594 679 1721 735 boni
1768 678 2054 734 rationalis

450 777 684 834 natura,
717 778 767 824 et
797 784 958 825 causa
988 769 1261 825 malorum
1309 769 1405 824 fuit
1464 768 1719 824 voluntas
1776 767 2056 822 mutabilis

454 858 602 923 boni,
633 858 703 913 ab
733 859 1057 913 immutabili
1087 860 1231 915 bono
1256 858 1538 915 deﬁciens.
1574 859 1742 913 Porro
1774 858 1933 914 mala
1955 873 2054 913 vo-
2080 862 2083 863 ⁷

453 954 673 1011 luntatis
700 955 911 1011 initium
940 971 1051 1012 non
1096 959 1272 1028 potuit
1325 972 1449 1013 esse
1505 956 1608 1010 nisi
1664 954 1938 1025 superbia,
2000 955 2057 1010 id

454 1053 539 1100 est
566 1060 722 1100 amor
752 1046 995 1116 propria
1022 1046 1380 1102 excellentia.
1409 1069 1431 1094 σι
1461 1046 1673 1100 Initium
1696 1045 1838 1099 enim
1876 1044 2057 1100 omnis

452 1142 664 1215 peccati
692 1143 943 1216 superbia
962 1146 1157 1215 (Eccli.
1194 1146 1276 1216 κ).
1319 1165 1342 1196 ι
1377 1143 1591 1200 Deinde
1620 1143 1783 1199 etiam
1811 1142 2052 1199 nolenti-

2166 678 2605 750 concupiscentia
2654 680 2957 751 noxiarum,
3007 682 3206 752 quibus
3250 682 3478 737 comites
3527 680 3759 737 subinte-

2165 778 2358 823 runtur
2385 784 2548 823 error
2570 776 2624 824 et
2655 768 2834 824 dolor.
2870 768 3004 839 Qua
3034 771 3141 826 duo
3172 770 3333 837 mala,
3384 771 3605 842 quando
3653 771 3756 825 im-

2166 858 2425 913 minentia
2453 858 2780 924 sentiuntur,
2813 874 2875 914 ea
2907 859 3186 930 fugitantis
3214 858 3381 914 animi
3436 867 3617 915 motus
3662 876 3763 915 vo-

2164 964 2540 1012 caturmetus.
2579 958 2749 1013 Porro
2780 973 2905 1013 cum
2961 958 3283 1030 adipiscitur
3336 959 3518 1014 avaris
3572 974 3765 1016 concu-

2164 1046 2453 1116 piscentia,
2484 1046 2669 1101 latitia
2717 1048 3040 1103 ventilatur.
3078 1049 3168 1103 Ex
3194 1048 3276 1104 his
3306 1048 3622 1104 morborum
3642 1048 3764 1105 fon-

2162 1144 2309 1200 tibus
2334 1144 2516 1199 omnis
2543 1143 2773 1201 miseria
2802 1153 3048 1202 emanat.

1540 1470 2158 1576 DOMINICA
2286 1470 2632 1577 NONA
2659 1550 2684 1576 .

1734 1689 2129 1755 Secundum
2159 1691 2439 1756 Lucam.

528 1902 552 1927 α
586 1879 762 1935 Homo
792 1878 1017 1951 quidam
1046 1887 1158 1934 erat
1188 1879 1362 1945 dives,
1391 1877 1483 1951 qni
1513 1877 1753 1934 habebat
1794 1876 2053 1933 villicum.
2084 1878 2139 1939 B
2166 1878 2396 1946 vaverit,
2428 1887 2583 1936 certa
2609 1877 3003 1935 misericordia
3031 1896 3145 1936 sua
3172 1879 3428 1937 mercede
3474 1878 3755 1935 donandus

455 1970 522 2025 Et
534 1969 623 2025 hic
633 1966 945 2024 diﬁ'amatus
957 1977 1043 2024 est
1059 1970 1199 2039 apud
1220 1970 1369 2024 illum
1391 1967 1547 2040 quasi
1564 1967 1887 2038 dissipasset
1909 1968 2055 2022 bona

453 2058 649 2129 ipsius,
670 2080 695 2106 ιι
717 2066 822 2114 etc.
845 2060 999 2127 (Luc.
1025 2060 1160 2128 xvr.)
1181 2059 1339 2114 Nunc
1357 2058 1429 2113 ad
1448 2072 1651 2113 avaros
1671 2057 2056 2129 superbosque

456 2148 801 2214 Pharisaos;
832 2163 978 2204 nunc
1006 2147 1078 2203 ad
1106 2147 1405 2219 discipulos
1432 2146 1540 2202 illis
1580 2146 1927 2202 audientibus
1965 2146 2054 2201 lo-

456 2237 640 2307 quitur
676 2236 962 2304 Dominus,
1022 2245 1081 2292 ut
1134 2237 1486 2308 resipiscant.
1558 2236 1783 2293 Villicus
1838 2235 2055 2307 proprie

455 2328 797 2399 gubernator
822 2334 878 2381 et
905 2334 1096 2382 custos
1124 2326 1268 2382 villa
1296 2335 1398 2381 est.
1432 2325 1587 2382 Unde
1617 2335 1668 2381 et
1698 2341 1732 2380 a
1779 2325 1906 2380 villa
1948 2340 2055 2380 no-

457 2415 605 2472 mine
632 2416 866 2487 acrepit.
907 2415 1007 2473 Hic
1038 2431 1165 2471 vero
1224 2416 1442 2486 ponitur
1490 2430 1590 2486 pro
1639 2429 1948 2479 aconomo,
1999 2412 2056 2467 id

456 2513 541 2561 est
568 2504 966 2575 dispensatore,
1000 2504 1092 2576 qui
1113 2504 1316 2561 scilicet
1348 2504 1663 2559 universam
1693 2504 1913 2559 domum
1936 2501 2055 2556 dis-

459 2602 674 2665 pensat.
707 2593 1056 2651 CEconomus
1083 2593 1228 2650 enim
1280 2602 1388 2647 tam
1441 2594 1689 2665 pecunia
1733 2608 1898 2665 quam
1938 2592 2054 2645 tru-

458 2699 593 2753 gum
623 2691 678 2740 et
704 2682 969 2745 omnium,
997 2699 1118 2754 qua
1167 2682 1418 2738 dominus
1468 2682 1729 2751 possidet,
1771 2682 2058 2752 dispensa-

459 2779 634 2827 torem
662 2770 958 2842 signiﬁcat.
998 2771 1222 2826 Villicus
1253 2786 1389 2843 ergo
1415 2779 1494 2826 est
1522 2770 1609 2827 cui
1654 2771 1800 2826 Deus
1847 2770 2057 2844 aliquas

458 2870 722 2940 pecunias
751 2870 822 2925 ad
861 2870 1196 2943 erogandum
1247 2869 1543 2925 commisit.
1609 2869 1852 2940 Dissipat
1889 2870 2061 2943 igitur

456 2974 581 3016 cum
613 2959 751 3015 male
782 2967 1104 3031 congregat,
1122 2959 1211 3014 vel
1235 2959 1456 3031 quando
1473 2974 1581 3013 non
1606 2961 1743 3015 bene
1764 2961 2047 3029 expendit.

461 3070 483 3097 ι
519 3050 582 3105 Et
615 3048 833 3105 vocavit
862 3048 1036 3115 illum,
1069 3057 1124 3105 et
1153 3048 1227 3103 ait
1268 3048 1345 3103 illi
1380 3066 1394 3103 :
1439 3047 1581 3119 Quid
1629 3050 1733 3104 hoc
1780 3049 1942 3104 audio
1987 3050 2057 3106 de

458 3140 566 3193 te?
595 3138 784 3195 Redde
828 3140 1097 3194 rationem
1151 3138 1503 3193 villicationis
1553 3146 1672 3194 tua.
1732 3139 1855 3192 Jam
1911 3138 2057 3194 enim

2164 1968 2253 2022 sit.
2291 1967 2386 2023 Vel
2413 1968 2493 2024 sic
2522 1968 2843 2039 accipiatur,
2875 1966 2934 2023 ut
2961 1983 3083 2025 cum
3111 1969 3283 2025 Judai
3310 1967 3554 2025 decimas
3579 1967 3753 2023 dicant

2161 2056 2370 2112 debere
2401 2057 2515 2112 dari
2538 2057 2925 2113 sacerdotibus
2954 2066 3007 2113 et
3031 2057 3230 2125 levitis,
3262 2074 3364 2114 nos
3392 2073 3557 2127 super
3591 2056 3749 2126 justi-

2161 2146 2292 2201 tiam
2323 2163 2517 2202 eorum
2543 2146 2891 2202 abundantes
2912 2147 3117 2216 justitia
3165 2147 3366 2203 Christi
3418 2147 3611 2203 demus
3654 2161 3755 2201 me-

2163 2244 2421 2301 dietatem
2451 2244 2741 2310 bonorum,
2773 2246 2913 2300 sicut
2941 2254 2995 2300 et
3023 2247 3281 2301 Zachaus
3302 2244 3425 2302 fecit
3453 2259 3560 2301 non
3579 2243 3757 2300 solum

2162 2335 2234 2391 de
2253 2333 2535 2400 fructibus,
2559 2335 2659 2390 sed
2678 2343 2734 2390 et
2770 2335 2841 2392 de
2883 2334 3136 2391 omnibus
3156 2335 3314 2390 bonis
3339 2334 3471 2390 suis.
3494 2336 3597 2389 Aut
3609 2340 3758 2390 certe

2164 2423 2511 2494 duplicemus
2539 2424 2752 2479 illorum
2785 2424 3030 2479 decimas
3062 2424 3322 2480 Ecclesia
3379 2423 3561 2479 dando
3607 2423 3761 2495 quin-

2164 2518 2275 2567 tas.
2318 2535 2337 2560 ι
2401 2514 2470 2568 Et
2524 2513 2768 2568 laudavit
2818 2513 3085 2569 Dominus
3146 2513 3387 2569 villicum
3438 2511 3756 2584 iniquitatis,

2167 2611 2296 2681 quia
2322 2612 2628 2681 prudenter
2659 2611 2901 2678 fecisset,
2935 2611 3063 2682 quia
3092 2609 3185 2666 ﬁiii
3214 2612 3374 2681 hujus
3403 2608 3586 2666 saculi
3623 2626 3761 2681 pru-

2165 2700 2445 2757 dentiores
2479 2708 2606 2755 sunt
2635 2698 2762 2755 ﬁliis
2789 2700 2931 2757 lucis
2958 2702 3011 2755 in
3042 2700 3404 2772 generatione
3431 2714 3557 2755 sua.
3592 2721 3614 2747 ι
3646 2697 3764 2754 Cu-

2160 2792 2253 2860 jus
2284 2790 2514 2861 quisque
2544 2804 2717 2859 opera
2745 2789 2871 2845 facit
2899 2789 3021 2859 ejus
3051 2798 3105 2844 et
3143 2789 3287 2845 ﬁlius
3333 2788 3554 2844 dicitur.
3607 2787 3764 2844 Unde

2167 2886 2221 2935 et
2247 2879 2376 2936 boni
2406 2888 2533 2934 sunt
2560 2878 2654 2933 ﬁlii
2682 2878 2819 2935 lucis
2848 2886 3070 2935 aterna
3093 2897 3108 2945 ;
3132 2878 3258 2934 mali
3280 2894 3413 2935 vero
3430 2876 3527 2933 ﬁlii
3547 2877 3763 2943 saculi,

2164 2977 2221 3034 id
2250 2984 2332 3033 est
2357 2978 2727 3033 tenebrarum.
2760 2977 2843 3033 De
2872 2977 3074 3049 quibus
3104 2976 3358 3033 Salomon
3394 2973 3607 3049 [Isaias]
3639 2974 3714 3031 ait
3748 2990 3765 3029 :

2171 3090 2195 3116 α
2233 3069 2324 3123 Va
2355 3066 2446 3137 qui
2477 3066 2752 3138 sapientes
2784 3066 2917 3121 estis
2943 3066 2997 3120 in
3028 3066 3200 3122 oculis
3228 3066 3442 3131 vestris,
3474 3072 3530 3120 et
3574 3077 3770 3119 coram

2165 3155 2575 3227 vobismetipsis
2604 3156 2904 3227 prudentes
2933 3156 3093 3225 (lsai.
3136 3156 3208 3226 v).
3246 3178 3269 3204 ο
3301 3157 3363 3211 lu
3392 3156 3496 3211 hoc
3542 3151 3770 3224 dispen-

456 3242 565 3283 non
598 3227 805 3298 poteris
830 3226 1091 3284 villicare.
1132 3250 1154 3275 -
1194 3229 1359 3283 Vocat
1403 3228 1551 3283 Deus
1596 3227 1817 3299 quando
1864 3227 2054 3283 incutit
2085 3245 2136 3308 ρ
2166 3255 2350 3302 suo",
2379 3226 2487 3303 mm
2518 3226 2781 3301 debemus
2805 3245 2876 3300 ad
2907 3244 3233 3301 imitandum
3263 3259 3503 3309 sumere,
3561 3249 3622 3298 υι
3678 3241 3770 3298 κει

456 3316 711 3372 timorem
738 3325 958 3373 aterna
987 3316 1373 3372 damnationis.
1426 3316 1629 3372 Reddit
1678 3316 1843 3373 homo
1892 3317 2060 3372 ratio-

456 3422 603 3474 nem,
640 3406 706 3477 si,
738 3406 985 3479 cogitans
1016 3405 1397 3462 villicationem
1428 3422 1548 3461 cum
1580 3405 1685 3461 ista
1716 3406 1824 3463 vita
1870 3404 2060 3461 ﬁnien-

457 3504 602 3571 dam,
635 3505 814 3578 magis
843 3506 912 3561 de
940 3504 1291 3577 acquirendis
1320 3504 1509 3561 amicis
1540 3520 1702 3577 quam
1726 3505 1795 3560 de
1815 3520 2058 3577 congre-

457 3595 653 3669 gandis
682 3594 886 3650 divitiis
917 3602 1134 3650 tractat.

535 3726 557 3750 α
593 3701 680 3757 Ait
708 3710 888 3757 autem
922 3701 1134 3758 villicus
1164 3702 1302 3757 intra
1345 3719 1405 3758 se
1435 3721 1447 3759 :
1501 3700 1644 3773 Quid
1692 3701 1885 3759 faciam
1933 3702 2061 3773 quia

457 3790 715 3847 dominus
742 3807 897 3846 meus
927 3791 1107 3847 aufert
1148 3807 1180 3848 a
1224 3808 1311 3847 me
1359 3792 1745 3847 villicationem
1776 3794 1805 3847 ?
1853 3792 2060 3848 Fodere

459 3896 569 3936 non
597 3881 781 3946 valeo,
816 3881 1139 3937 mendicare
1169 3882 1459 3937 erubesco.
1499 3882 1622 3938 Scio
1678 3881 1808 3954 quid
1860 3880 2059 3937 faciam

457 3977 532 4037 ut,
575 3985 698 4026 cum
728 3978 941 4026 amotus
972 3970 1127 4026 fuero
1156 3986 1190 4025 a
1248 3970 1606 4037 villicatione,
1662 3971 1923 4042 recipiant
1971 3986 2061 4027 me

451 4057 505 4114 in
539 4059 738 4116 domos
767 4076 917 4115 suas.
956 4083 980 4110 ι
1014 4059 1204 4115 Ablata
1233 4060 1565 4116 villicatione
1598 4060 1786 4115 fodere
1822 4076 1928 4115 non
1959 4077 2061 4115 va-

458 4147 655 4215 lemus,
690 4149 780 4222 qui
813 4157 932 4221 post
971 4150 1114 4205 hanc
1144 4148 1306 4204 vitam
1348 4165 1457 4205 non
1508 4149 1628 4205 licet
1663 4149 1823 4205 nobis
1877 4150 2062 4222 inqui—

457 4262 578 4302 rere
608 4246 839 4302 fructum
899 4247 1056 4303 bona
1111 4247 1551 4302 conversationis
1607 4247 1795 4320 ligone
1851 4248 2064 4303 devota

460 4336 920 4408 compunctionis.
961 4336 1271 4392 Mendicare
1303 4336 1639 4393 confusionis
1671 4344 1771 4402 est,
1805 4352 1870 4392 eo
1898 4337 2064 4393 modo

459 4440 568 4498 quo
595 4423 760 4480 fatua
789 4424 1030 4498 virgines
1060 4425 1467 4482 mendicabunt.
1494 4427 1700 4481 Domus
1728 4435 2062 4492 sanctorum,

460 4515 660 4588 quibus
710 4522 958 4587 tempore
1017 4516 1178 4585 hujus
1233 4515 1579 4572 villicationis
1635 4515 2064 4572 misericordiam

2163 3336 2387 3391 domino
2429 3334 2676 3390 fraudem
2707 3333 2793 3390 vel
2820 3334 2889 3390 de
2918 3334 3108 3389 fraude
3143 3334 3554 3405 eleemosynam
3609 3329 3771 3389 facia-

2164 3449 2311 3499 mus,
2348 3434 2448 3488 sed
2477 3432 2750 3488 interdum
2782 3430 3164 3488 similitudines
3210 3432 3520 3489 econtrario
3570 3432 3779 3490 ducun-

2163 3529 2273 3577 tur.
2305 3523 2371 3579 Ut
2401 3521 2493 3578 hic
2521 3530 2574 3577 et
2602 3522 2671 3577 de
2692 3521 2880 3591 judice
2908 3520 3095 3593 iniquo
3127 3538 3141 3576 :
3176 3521 3320 3576 unde
3347 3521 3520 3578 Lucas
3549 3522 3602 3577 in
3628 3534 3773 3577 xvm

2163 3610 2422 3682 capitulo.
2447 3610 2505 3666 Si
2537 3627 2670 3682 ergo
2700 3610 2965 3666 Dominus
2996 3609 3348 3681 dispendium
3406 3626 3606 3681 passus
3658 3616 3773 3665 tan-

2164 3707 2278 3756 tum
2311 3700 2494 3756 laudat
2526 3699 2870 3770 prudentiam
2898 3699 3315 3771 dispensatoris,
3347 3715 3459 3755 non
3488 3698 3635 3772 quod
3677 3698 3769 3756 ad-

2167 3815 2361 3854 versus
2391 3814 2516 3854 eum
2548 3797 2940 3862 fraudulenter,
2975 3796 3074 3853 sed
3102 3812 3202 3868 pro
3233 3812 3294 3852 se
3316 3797 3610 3869 prudenter
3646 3812 3771 3869 ege-

2166 3888 2257 3954 rit,
2293 3888 2461 3943 multo
2502 3886 2683 3959 magis
2715 3886 2987 3954 Christus,
3020 3885 3114 3958 qui
3143 3886 3348 3942 nullum
3378 3886 3646 3942 sustinere
3675 3902 3772 3958 po-

2168 3983 2291 4045 test,
2328 3984 2381 4032 et
2411 3992 2619 4047 pronus
2650 3984 2732 4031 est
2761 3975 2831 4031 ad
2863 3975 3228 4046 clementiam,
3261 3975 3507 4030 laudabit
3532 3974 3770 4047 discipu-

2168 4065 2273 4131 los,
2307 4065 2355 4120 si
2408 4065 2479 4121 ad
2534 4065 2657 4134 ejus
2716 4073 3051 4136 praceptum
3108 4064 3492 4120 misericordes
3544 4062 3764 4120 fuerint.

2168 4164 2325 4221 Unde
2351 4163 2600 4237 sequitur
2630 4181 2643 4220 :
2683 4185 2706 4212 α
2743 4164 2804 4219 Et
2830 4179 2937 4236 ego
2966 4163 3123 4220 vobis
3151 4164 3275 4220 dico
3307 4180 3323 4218 :
3376 4163 3557 4219 Facite
3611 4161 3768 4218 vobis

2169 4256 2376 4310 amicos
2403 4254 2474 4309 de
2503 4269 2814 4310 mammona
2842 4253 3165 4326 iniquitatis,
3201 4262 3255 4308 ut
3286 4268 3411 4308 cum
3459 4250 3769 4309 defeceritis

2170 4344 2440 4415 recipiant
2470 4359 2568 4400 vos
2612 4344 2666 4398 in
2724 4351 2926 4398 atema
2983 4342 3353 4400 tabernacula.
3384 4365 3405 4392 ι
3466 4341 3768 4397 Hammona

2174 4434 2439 4505 Syrorum
2468 4432 2653 4506 lingua
2681 4432 2888 4489 divitia
2945 4441 3310 4504 nuncupatur,
3365 4439 3419 4487 et
3471 4430 3767 4503 iniquitatis

2172 4530 2414 4588 additum
2436 4538 2538 4595 est,
2562 4528 2707 4601 quod
2730 4529 2799 4584 de
2819 4528 3104 4601 iniquitate
3132 4527 3377 4584 collecta
3405 4533 3556 4582 sunt.
3606 4525 3769 4582 Unde

457 4603 855 4676 impendimus:
886 4606 1139 4663 οωίεδῑεε
1169 4604 1482 4661 mansiones
1512 4614 1635 4661 sum
1667 4607 1721 4660 ίο
1760 4610 1920 4662 ἀοῖηο
1970 4605 2064 4659 Pa‘
2093 4615 2144 4677 D
2178 4620 2395 4693 vulgata
2423 4619 2690 4674 sententia
2717 4619 2914 4674 dicitur
2944 4634 2957 4674 :
2994 4617 3132 4687 Quia
3174 4617 3329 4673 dives
3384 4624 3478 4672 aut
3533 4619 3616 4671 est
3669 4613 3770 4670 ini-

457 4695 557 4750 tris
569 4736 584 4749 .

537 4816 555 4842 ιι
594 4792 921 4851 Convocatis
952 4794 1136 4868 itaque
1183 4796 1421 4869 singulis
1468 4793 1807 4851 debitoribus
1856 4793 2063 4849 domini

458 4881 565 4953 sui,
598 4882 813 4939 dicebat
841 4884 1017 4956 primo
1052 4902 1067 4939 :
1094 4885 1373 4955 Quantum
1400 4884 1571 4941 debes
1609 4882 1831 4939 domino
1887 4900 2011 4939 meo
2042 4888 2065 4941 .9

460 4973 534 5027 At
562 4971 652 5028 ille
684 4971 817 5028 dixit
850 4989 863 5029 :
897 4973 1123 5030 Centum
1156 4975 1326 5031 cados
1353 4974 1480 5030 olei.
1513 4973 1768 5045 Dixitque
1796 4972 1872 5027 illi
1906 4990 1919 5028 :
1954 4977 2065 5030 Ac-

460 5060 586 5133 cipe
643 5058 951 5118 caulionem
1010 5072 1180 5129 tuam,
1243 5071 1297 5119 et
1373 5061 1555 5118 scribe
1628 5061 2053 5135 quinquaginta.

452 5150 664 5207 Deinde
694 5151 786 5206 alii
815 5152 955 5207 dixit
988 5167 1001 5207 :
1029 5153 1111 5208 Tu
1140 5167 1269 5209 vero
1298 5160 1552 5224 quantum
1585 5152 1754 5208 debes
1780 5152 1809 5205 ?
1833 5151 2061 5207 Centum

458 5254 622 5298 coros
651 5240 835 5298 tritici.
870 5243 962 5298 Ait
993 5241 1067 5297 illi
1101 5259 1114 5299 :
1149 5242 1351 5315 Accipe
1373 5243 1580 5298 litteras
1610 5250 1749 5301 tuas.
1794 5250 1844 5296 et
1883 5241 2060 5298 scribe

459 5332 751 5402 octoginta.
792 5351 815 5382 ι
853 5331 1055 5402 Accipe
1074 5331 1299 5399 litteras,
1335 5332 1592 5387 subaudis
1620 5331 1673 5385 in
1714 5330 1910 5404 quibus
1956 5331 2054 5386 de-

457 5420 632 5477 bitum
653 5421 1174 5494 seripseras.Cautio
1190 5428 1278 5478 est
1295 5421 1653 5494 undecunque
1668 5429 1895 5477 cavetur
1921 5436 2060 5478 cou-

458 5524 540 5575 tra
564 5520 820 5591 injuriam
844 5527 903 5576 ut
912 5520 1121 5590 justitia
1141 5529 1411 5577 teneatur.
1430 5520 1612 5577 Cados
1631 5510 1837 5595 [κάδος]
1868 5522 2061 5579 Graec

459 5620 724 5690 amphora
740 5629 820 5677 est
843 5620 1135 5677 continens
1154 5637 1321 5677 urnas
1344 5629 1476 5687 tres;
1509 5621 1690 5677 Coros
1715 5609 1913 5697 [κόρος]
1929 5637 2062 5679 vero

460 5707 658 5762 modiis
678 5709 901 5782 triginta
912 5710 1242 5781 completur.
1268 5710 1422 5780 Quod
1447 5719 1628 5766 autem
1649 5712 1742 5767 uni
1772 5711 2060 5777 medietas,

461 5792 618 5848 alteri
648 5796 834 5865 quinta
860 5811 991 5866 pars
1018 5799 1305 5854 dimittitur
1325 5799 1943 5871 simpliciteracceptum
1966 5800 2063 5855 do-

462 5889 567 5946 cet,
597 5883 721 5951 quia
752 5884 932 5937 omnis
960 5886 1051 5956 qui
1080 5886 1442 5958 indigentiam
1470 5888 1760 5957 cujuslibet
1806 5888 2061 5960 pauperis

459 5978 771 6026 sanctorum
801 5969 886 6027 vel
914 5987 980 6027 ex
1011 5973 1232 6029 dimidia
1253 5976 1340 6032 vel
1368 5991 1436 6033 ex
1468 5976 1657 6049 quinta
1702 5985 1858 6047 parte
1905 5976 2060 6035 rele-

2171 4726 2328 4783 quus,
2361 4717 2449 4764 aut
2481 4710 2657 4764 hares
2686 4707 2883 4779 iniqui.
2922 4707 3092 4763 Docet
3122 4723 3258 4780 ergo
3289 4707 3357 4762 de
3406 4704 3611 4761 divitiis
3652 4703 3763 4760 ini-

2173 4798 2392 4872 quitatis
2420 4798 2624 4854 amicos
2653 4796 2857 4862 facere,
2892 4812 3000 4852 non
3031 4795 3306 4869 quoslibet
3336 4809 3618 4866 pauperes,
3668 4792 3768 4849 sed

2173 4914 2270 4953 eos
2301 4896 2395 4969 qui
2424 4913 2523 4952 nos
2548 4904 2771 4967 possent
2801 4895 3047 4966 recipere
3076 4894 3131 4949 in
3159 4894 3413 4951 caelestes
3434 4891 3766 4947 mansiones.

2174 4987 2271 5042 Vel
2304 4986 2373 5041 ita
2403 5004 2416 5041 :
2451 4985 2738 5041 Faciamus
2777 4984 2986 5041 amicos
3013 4984 3081 5039 de
3110 4982 3296 5054 iniqua
3341 4997 3665 5048 mammona,
3708 4986 3769 5036 ut

2170 5075 2458 5149 largiendo
2488 5075 2819 5147 pauperibus
2857 5073 3178 5148 angelorum
3212 5072 3370 5128 nobis
3424 5079 3769 5127 caterorum-

2171 5182 2275 5239 que
2305 5173 2616 5221 sanctorum
2647 5165 2879 5238 gratiam
2907 5178 3318 5235 comparemus.
3376 5162 3503 5217 Hac
3547 5159 3766 5232 quidem

2169 5255 2311 5310 male
2340 5253 2697 5325 intelligendo
2725 5253 2960 5325 rapiunt,
3020 5260 3079 5308 ut
3134 5251 3293 5324 quasi
3352 5251 3490 5306 bene
3546 5248 3765 5320 dispen-

2170 5362 2313 5419 sent,
2343 5353 2440 5409 sed
2465 5361 2759 5425 gravantur
2784 5352 2965 5424 potius
2997 5367 3159 5425 quam
3189 5350 3536 5421 adjuvantur.
3564 5347 3767 5404 Hostia

2170 5444 2313 5501 enim
2346 5441 2633 5513 impiorum
2665 5441 3079 5498 abominabiles.
3116 5442 3252 5496 Hinc
3282 5447 3337 5495 et
3378 5453 3478 5512 per
3528 5437 3769 5494 Salomo-

2170 5549 2296 5590 uem
2326 5531 2525 5588 dicitur
2557 5547 2569 5586 :
2607 5553 2629 5579 α
2665 5530 2769 5599 Qui
2799 5529 2959 5587 offert
3001 5528 3332 5587 sacriﬁcium
3379 5527 3448 5583 de
3503 5526 3768 5598 superbia

2169 5621 2450 5696 pauperis,
2483 5634 2548 5677 ac
2576 5619 2622 5675 si
2652 5619 2895 5676 victimet
2922 5618 3089 5675 ﬁlium
3138 5619 3196 5674 in
3243 5623 3539 5689 conspectu
3594 5614 3764 5688 patris

2171 5712 2372 5782 (Ecclt'.
2404 5711 2615 5780 xxxiv).
2642 5740 2697 5750 -ι
2758 5708 2863 5779 Qui
2902 5708 3081 5765 ﬁdelis
3120 5715 3205 5764 est
3239 5707 3295 5763 in
3335 5705 3581 5772 minimo,
3627 5703 3762 5761 etin

2169 5799 2368 5873 majori
2403 5798 2579 5855 ﬁdelis
2607 5806 2709 5854 est.
2746 5799 2812 5853 Et
2840 5800 2932 5870 qui
2963 5800 3016 5853 in
3047 5797 3261 5854 modico
3307 5796 3545 5868 iniquus,
3605 5799 3663 5849 et
3706 5793 3764 5849 in

2168 5889 2366 5961 majori
2394 5888 2619 5961 iniquus
2646 5896 2750 5943 est.
2788 5910 2811 5936 ιι
2837 5889 2899 5943 In
2928 5888 3152 5944 minimo
3172 5895 3255 5943 est
3285 5884 3462 5942 ﬁdelis
3490 5882 3583 5956 qui
3600 5882 3766 5940 habet

2169 5979 2387 6036 viscera
2410 5975 2638 6052 pietatis
2665 5984 2720 6034 et
2743 5992 2910 6050 opera
2938 5975 3351 6045 misericordia,
3392 5972 3580 6031 dando
3619 5972 3764 6033 elea-
