3924 6390
193 444 219 498 1
231 445 336 498 085

1111 446 1689 504 DEFLORATIONES
1731 447 1834 504 SS.
1883 446 2194 503 PATRUM.
2240 477 2308 486 —
2346 446 2482 501 LIB.
2529 446 2604 500 ll.

3354 450 3490 503 1086

194 585 490 641 mosynas,
523 579 577 627 et
607 571 886 644 diligendo
908 573 1212 644 proximos.
1250 577 1309 629 In
1333 577 1520 644 majori
1551 582 1634 630 est
1664 573 1795 628 ﬁde-
1823 574 1878 634 A
1909 573 2139 628 ctrinam
2205 571 2425 628 Domini
2464 572 2692 627 dividat.
2757 572 2814 627 In
2854 571 3077 629 minimo
3116 573 3330 630 ﬁdelem
3370 591 3495 631 esse

197 659 270 713 lis
295 659 392 730 qui
421 661 648 715 omnino
707 664 948 717 adhaeret
987 663 1252 729 Creatori,
1298 673 1349 718 et
1395 680 1538 718 unus
1579 664 1798 734 spiritus

193 764 324 803 cum
353 764 428 802 eo
460 750 740 804 desiderat
773 750 940 807 efﬁci.
981 751 1085 820 Qui
1115 753 1256 806 enim
1291 752 1509 806 fratrem
1541 769 1646 806 non
1677 751 1799 804 dili-

193 846 298 918 git,
351 864 512 916 quem
573 848 736 914 videt,
780 866 880 904 nec
918 851 1207 904 miseretur
1269 851 1446 922 egeni,
1525 850 1799 922 quomodo

195 935 377 1006 diligit
409 937 583 990 Deum
617 955 774 1007 quem
808 955 915 992 non
948 941 1125 1004 videt;
1174 948 1226 992 et
1257 940 1528 1009 quomodo
1559 942 1797 1008 seipsum

199 1023 323 1078 Deo
355 1024 609 1078 tribuet?
638 1027 970 1097 TheOphilus
1017 1027 1416 1094 Antioclicnus,
1450 1028 1540 1098 qui
1573 1037 1801 1098 quatuor

197 1122 667 1193 evangelistarum
699 1123 749 1176 in
785 1141 944 1178 unum
978 1141 1114 1195 opus
1142 1125 1288 1179 dicta
1317 1126 1634 1195 compinxit,
1683 1127 1801 1181 haec

199 1225 372 1280 super
400 1211 544 1266 hanc
573 1213 894 1282 parabolum
925 1214 979 1268 in
1037 1214 1150 1268 suis
1181 1215 1583 1269 commentariis
1613 1223 1694 1268 est
1722 1215 1798 1269 lo-

198 1306 362 1354 cutus
397 1317 408 1352 :
445 1323 465 1346 «ι
497 1300 664 1355 Dives
697 1301 903 1356 habens
961 1303 1200 1358 villicum
1240 1303 1328 1358 vel
1367 1304 1800 1374 dispensatorem

198 1398 351 1452 Deus
374 1400 719 1471 omnipotens
765 1410 865 1468 est,
909 1402 1066 1472 cujus
1097 1404 1441 1474 dispensator
1469 1402 1564 1457 fuit
1599 1403 1801 1458 Paulus

202 1486 390 1557 legem
421 1489 519 1542 Dei
578 1490 794 1545 discens
819 1507 848 1544 a
899 1491 1222 1546 Gamaliele.
1257 1493 1366 1560 Qui
1397 1509 1513 1546 cum
1548 1492 1803 1561 cmpisset

202 1572 559 1630 Christianos
589 1579 866 1649 persequi,
901 1587 953 1634 et
981 1579 1183 1634 domini
1233 1581 1312 1634 sui
1344 1581 1650 1651 superbiam
1682 1580 1799 1633 dis-

204 1671 416 1743 sipare,
451 1685 730 1730 correctus
761 1685 844 1731 est
873 1693 905 1730 a
936 1678 1187 1744 Domino,
1232 1679 1458 1732 audiens
1485 1696 1496 1732 :
1536 1702 1556 1725 ιι
1595 1679 1798 1732 Durum

200 1769 286 1815 est
317 1761 413 1816 tibi
445 1774 628 1818 contra
663 1765 934 1819 stimulum
967 1767 1242 1821 calcitrare
1272 1769 1426 1834 (Act.
1456 1769 1558 1836 ix).
1578 1790 1597 1814 υ
1625 1767 1800 1820 Dixit-

199 1866 310 1921 que
344 1850 399 1903 in
431 1853 594 1908 corde
626 1871 722 1908 suo
759 1869 770 1907 :
807 1854 946 1923 Quid
975 1856 1169 1910 faciam
1201 1856 1327 1925 quia
1359 1857 1620 1926 magister
1651 1856 1722 1910 fui
1748 1865 1798 1909 et

1908 677 2165 732 magnum
2195 670 2299 715 est.
2343 663 2480 715 Nam
2514 661 2649 715 sicut
2670 661 2811 714 ratio
2852 662 3216 730 rotunditatis,
3249 662 3300 718 id
3334 671 3412 717 est
3443 670 3498 718 ut

1907 766 1935 803 a
1967 758 2167 819 puncto
2198 750 2377 804 medio
2407 767 2599 804 omnes
2629 749 2786 803 linea:
2818 766 2978 820 pares
3027 751 3078 803 in
3110 759 3360 806 extrema
3391 753 3496 807 du-

1910 855 2120 912 cantur,
2164 848 2351 900 eadem
2386 856 2468 900 est
2497 847 2547 900 in
2579 863 2780 917 magno
2811 847 2961 901 disco
2990 865 3149 918 quam
3179 848 3232 902 in
3265 865 3492 904 numero

1910 936 2127 1007 exiguo,
2159 936 2230 988 ita
2269 936 2359 989 ubi
2400 951 2565 1006 parva
2589 935 2737 1005 juste
2785 943 3064 1007 geruntur,
3099 952 3208 991 non
3238 937 3498 992 minuitur

1902 1024 2122 1092 justitiae
2152 1025 2493 1096 magnitudo.

2327 1122 2401 1175 De
2441 1125 2680 1194 quatuor
2709 1121 3074 1177 debitoribus.

1983 1217 2235 1287 Quatuor
2273 1219 2547 1274 debitores
2602 1228 2724 1273 sunt
2765 1239 2777 1274 :
2822 1221 2986 1286 Deus,
3027 1219 3274 1291 spiritus,
3336 1235 3491 1288 caro,

1909 1307 2164 1360 mundus.
2199 1308 2346 1361 Deus
2385 1307 2548 1362 debet
2587 1307 2812 1376 spiritui,
2855 1317 2911 1361 ut
2940 1324 3061 1362 eum
3101 1316 3152 1362 et
3180 1309 3492 1379 cognitione

1910 1396 2152 1450 veritatis
2177 1396 2440 1450 illuminet
2473 1405 2524 1450 et
2554 1411 2737 1451 amore
2768 1397 2976 1450 virtutis
3005 1396 3338 1461 inﬂammet;
3373 1397 3492 1468 spi-

1910 1492 2044 1546 ritus
2065 1493 2225 1547 debet
2257 1494 2370 1547 Deo
2400 1493 2452 1546 in
2485 1493 2736 1547 omnibus
2756 1511 2874 1564 quae
2903 1495 3116 1567 agenda
3135 1503 3257 1550 sunt
3279 1496 3348 1549 ab
3371 1496 3492 1568 ipso

1909 1581 2110 1635 erudiri
2131 1590 2183 1636 et
2196 1582 2491 1636 secundum
2507 1583 2685 1652 ipsum
2703 1583 2914 1652 Operari
2931 1602 2944 1649 ;
2963 1583 3181 1653 spiritus
3201 1583 3360 1639 debet
3378 1601 3496 1640 car-

1909 1670 1982 1737 ni,
2017 1678 2075 1724 ut
2105 1686 2222 1724 eam
2255 1679 2308 1724 et
2336 1686 2365 1723 a
2396 1670 2552 1724 malis
2583 1671 2833 1725 cohibeat
2856 1679 2907 1725 et
2928 1672 2980 1724 in
3012 1671 3170 1726 bonis
3201 1680 3488 1744 exerceat;

1908 1783 2038 1823 caro
2069 1768 2229 1822 debet
2259 1768 2471 1837 spiritui
2502 1769 2555 1821 in
2602 1769 2744 1822 bono
2801 1769 3019 1840 agendo
3050 1769 3410 1824 ministerium
3441 1779 3494 1826 et

1907 1857 1960 1910 in
1991 1857 2277 1911 commodo
2308 1858 2613 1926 appetendo
2643 1857 2867 1911 modum
2893 1876 2905 1920 ;
2937 1873 3062 1913 caro
3082 1858 3243 1913 debet
3269 1859 3491 1927 mundo,

203 1947 446 2014 villicus,
481 1966 627 2006 nunc
677 1966 848 2019 cogor
877 1968 1000 2006 esse
1057 1953 1352 2024 discipulus
1384 1963 1436 2008 et
1466 1953 1744 2024 operarius
1777 1954 1803 2008 ?

1913 1961 1976 1999 ex
2017 1946 2135 2014 ejus
2175 1945 2507 1999 abundantia
2546 1946 2689 2016 quod
2729 1947 3073 2002 necessitatis
3121 1955 3202 2002 est
3247 1963 3488 2014 sumere,

201 2036 421 2091 Fodere
437 2054 544 2092 non
578 2041 758 2104 valeo,
780 2040 836 2094 id
859 2050 939 2094 est
957 2042 1214 2096 mandata
1235 2042 1375 2096 enim
1398 2043 1535 2114 legis
1550 2052 1706 2096 terra:
1728 2043 1806 2095 in-

201 2126 515 2180 cumbentia
571 2128 849 2183 destructa
889 2139 1038 2184 sunt.
1095 2131 1403 2186 Mendicare
1433 2132 1719 2198 erubesco,
1753 2140 1808 2185 ut

203 2222 297 2294 qui
348 2222 543 2278 doctor
580 2223 788 2280 fueram
847 2227 1173 2295 Juda-orum,
1215 2244 1361 2281 nunc
1399 2228 1654 2297 incipiam
1707 2229 1804 2282 do-

211 2311 439 2367 ctrinam
471 2313 664 2367 salutis
704 2314 1018 2370 mendicare
1048 2315 1117 2369 ab
1148 2318 1376 2371 Anania.
1409 2317 1804 2388 Faciamigitur

205 2408 262 2454 ut
304 2417 392 2454 me
433 2401 697 2472 recipiant
752 2403 1061 2469 Christiani,
1121 2422 1246 2460 cum
1291 2407 1501 2476 ejectus
1541 2405 1693 2461 fuero
1719 2398 1801 2461 ‘de

205 2497 540 2554 villicatione
571 2515 720 2555 mea.
761 2501 1046 2572 Cthitque
1079 2504 1177 2565 eis,
1209 2503 1298 2574 qui
1327 2505 1480 2574 prius
1513 2505 1802 2558 versaban-

208 2595 298 2641 tur
327 2587 385 2641 in
415 2587 560 2658 lege,
595 2597 649 2642 et
707 2590 783 2643 sic
815 2591 1162 2645 crediderant
1203 2601 1257 2645 ut
1296 2593 1695 2648 arbitrarentur
1742 2610 1800 2648 se

205 2676 260 2730 in
290 2675 416 2748 lege
440 2677 837 2745 justiﬁcandos,
873 2679 1056 2736 dicere
1074 2680 1254 2752 legem
1278 2682 1553 2748 abolitam,
1574 2684 1804 2753 prophe-

209 2778 291 2826 tas
320 2773 658 2843 prmterisse,
691 2783 743 2830 et
774 2793 896 2846 qua:
925 2786 1051 2832 ante
1082 2794 1185 2848 pro
1217 2778 1368 2834 lucro
1397 2781 1607 2835 fuerant
1637 2797 1805 2851 repu-

207 2860 311 2914 tari
373 2869 429 2915 ut
461 2871 725 2918 stercora.
775 2866 998 2920 Vocavit
1055 2867 1232 2938 itaque
1283 2870 1419 2924 duos
1458 2871 1524 2924 de
1554 2870 1802 2940 plurimis

208 2949 584 3006 debitoribus.
624 2953 834 3008 Primus
864 2955 955 3026 qui
985 2955 1214 3010 debebat
1245 2968 1457 3012 centum
1489 2961 1653 3014 cados
1674 2959 1800 3024 olei,

202 3057 581 3119 congregatos
612 3049 862 3106 videlicet
890 3067 954 3105 ex
1014 3053 1273 3122 gentibus
1302 3055 1402 3109 Dei
1433 3056 1802 3110 misericordia

203 3135 537 3207 indigentes.
571 3138 640 3194 Et
697 3139 763 3193 de
795 3142 1108 3196 centenario
1167 3159 1412 3210 numero,
1457 3146 1544 3215 qui
1604 3145 1801 3215 plenus

205 3233 287 3279 est
319 3233 484 3298 atque
513 3228 812 3297 perfectus,
872 3229 996 3284 fecit
1052 3231 1218 3285 scribi
1249 3233 1797 3304 quinquagenarium,

202 3322 294 3394 qui
331 3325 562 3393 proprie
590 3325 962 3395 pcenitentium
990 3337 1070 3382 est
1090 3329 1240 3397 juxta
1266 3330 1549 3398 jubilmum
1580 3348 1802 3395 annum,

202 3419 255 3466 et
327 3412 475 3466 illam
537 3415 855 3484 parabolam
913 3417 965 3470 in
1008 3433 1179 3472 Lxxtv
1218 3419 1359 3483 luce,
1419 3419 1471 3472 in
1511 3437 1616 3491 qua
1655 3420 1807 3475 alteri

205 3501 513 3572 quingenti,
573 3503 732 3558 alteri
765 3505 997 3560 debitori
1027 3521 1058 3559 ι.
1089 3508 1299 3561 denarii
1324 3507 1678 3563 dimittuntur.
1713 3511 1808 3564 Se-

193 3600 445 3656 cundum
501 3610 680 3655 autem
719 3604 941 3656 vocavit
1000 3605 1280 3675 populum,
1335 3606 1542 3661 scilicet
1587 3608 1804 3663 Judaao-

191 3705 336 3757 rum,
377 3689 468 3758 qui
503 3690 680 3745 tritico
723 3692 1102 3747 mandatorum
1163 3693 1263 3748 Dei
1320 3695 1556 3750 nutritus
1590 3706 1724 3766 erat,
1751 3711 1804 3757 et

194 3777 441 3832 debebat
501 3779 550 3832 ei
584 3780 963 3835 centenarium
1019 3799 1324 3847 numerum,
1359 3793 1411 3837 et
1441 3786 1623 3855 coegit
1655 3802 1796 3858 eum,

201 3867 348 3938 quod
382 3867 450 3922 de
479 3878 699 3923 centum
733 3869 932 3925 faceret
963 3886 1123 3936 Lxxx,
1156 3871 1210 3925 id
1241 3880 1323 3926 est
1353 3873 1604 3928 crederet
1625 3875 1678 3928 in
1704 3876 1802 3931 Do-

200 3965 335 4018 mini
367 3966 827 4022 resurrectionem
877 3977 1066 4022 octava
1098 3969 1186 4024 die
1228 3969 1446 4025 factum.
1505 3972 1802 4045 OctOginta

191 4052 337 4110 enim
367 4054 712 4124 complentur
741 4057 808 4110 de
837 4073 928 4110 Vllt
953 4056 1279 4123 Decadibus,
1305 4066 1357 4113 et
1386 4067 1442 4113 ut
1469 4059 1538 4115 de
1563 4061 1802 4117 Sabbato

199 4153 460 4207 transiret
499 4155 565 4207 ad
609 4155 831 4224 primam
892 4156 1138 4210 Sabl'ati.
1179 4157 1263 4211 Ob
1302 4158 1444 4214 hanc
1503 4176 1721 4214 causam
1770 4177 1803 4215 a

208 4241 444 4296 Domino
473 4244 803 4313 praidicatur
834 4245 972 4299 bene
999 4245 1213 4306 fecisse,
1276 4247 1421 4316 quod
1452 4248 1519 4302 de
1553 4249 1691 4320 legis
1707 4267 1800 4304 au-

212 4331 460 4386 steritate
492 4340 734 4385 mutatus
763 4331 832 4386 sit
862 4334 915 4386 in
948 4334 1230 4402 Evangelii
1258 4335 1620 4392 clementiam.
1645 4337 1803 4406 Quod

203 4428 248 4482 si
281 4428 573 4499 quaesieris
606 4445 776 4499 quare
807 4439 1029 4486 vocetur
1057 4431 1264 4486 villicus
1296 4433 1389 4503 qui
1415 4434 1552 4488 bene
1583 4435 1803 4506 quidem

199 4518 484 4582 offerebat,
507 4519 605 4573 sed
625 4534 733 4573 non
767 4519 904 4574 bene
935 4520 1210 4575 dividebat
1231 4522 1462 4577 credens
1489 4524 1541 4576 in
1569 4526 1804 4613 Patrem,

1912 2045 2053 2114 quod
2087 2043 2296 2099 virtutis
2327 2052 2411 2097 est
2442 2060 2696 2099 exercere
2728 2063 2742 2109 ;
2797 2045 3029 2099 mundus
3071 2045 3232 2100 debet
3260 2045 3408 2101 carni
3438 2045 3493 2100 in

1909 2133 2236 2186 necessitate
2275 2132 2601 2196 subsidium,
2643 2133 2700 2185 in
2740 2133 3124 2188 exercitatione
3169 2133 3493 2189 incitamen-

1911 2227 2048 2275 tum.
2090 2221 2197 2274 Sed
2255 2221 2480 2291 spiritus
2519 2221 2757 2275 Creatori
2796 2222 3034 2276 debitum
3075 2239 3182 2277 non
3212 2221 3494 2293 persolvit,

1909 2319 2034 2388 quia
2064 2335 2162 2387 per
2191 2318 2497 2387 superbiam
2526 2318 2696 2373 elatus
2718 2320 3100 2374 contemnitab
3130 2335 3195 2375 eo
3223 2319 3504 2376 scientiam

1910 2407 2155 2460 veritatis
2187 2423 2434 2476 quaerere
2451 2407 2535 2460 vel
2561 2424 2660 2477 per
2690 2408 2963 2479 pigritiam
2996 2409 3193 2479 ligatus
3221 2412 3500 2479 acceptam

1911 2494 2322 2567 intelligentiam
2356 2496 2555 2549 fastidit
2594 2513 2759 2566 opere
2788 2513 3075 2553 exercere.
3125 2499 3416 2568 Propterea
3444 2505 3495 2554 et

1908 2592 2025 2662 ipse
2083 2594 2311 2647 Creator
2341 2593 2549 2663 spiritui
2579 2594 2820 2648 debitum
2872 2596 3019 2665 juste
3065 2603 3248 2666 negat,
3287 2603 3340 2649 ut
3370 2611 3493 2650 eum

1908 2698 2011 2736 nec
2042 2684 2110 2736 ad
2143 2683 2589 2752 cognoscendum
2634 2700 2822 2738 verum
2853 2683 3134 2751 illuminet,
3166 2700 3267 2739 nec
3295 2684 3364 2738 ad
3392 2684 3496 2740 bo-

1909 2787 2036 2824 num
2078 2773 2366 2826 amandum
2407 2771 2732 2827 inflammet.
2780 2774 2918 2828 Nam
2962 2773 3254 2843 superbum
3285 2773 3428 2828 intus
3465 2789 3499 2829 a

1908 2867 2220 2938 cognitione
2251 2867 2493 2921 veritatis
2521 2867 2730 2938 abjicit,
2765 2867 2981 2940 pigrum
3014 2878 3192 2924 autem
3247 2869 3300 2922 in
3331 2884 3499 2939 opere

1911 2955 2042 3010 foris
2073 2955 2280 3023 afﬂigit.
2327 2955 2536 3009 Rursus
2594 2955 2716 3025 quia
2747 2955 2888 3010 idem
2913 2957 3133 3028 spiritus
3161 2957 3311 3012 carni
3340 2957 3498 3012 debi-

1909 3052 2018 3098 tum
2047 3059 2155 3098 non
2185 3043 2464 3113 persolvit,
2495 3051 2551 3097 ut
2581 3060 2699 3098 eam
2732 3045 2982 3100 videlicet
3007 3045 3088 3100 vel
3119 3061 3148 3098 a
3199 3046 3338 3101 malo
3394 3060 3494 3101 co-

1908 3140 2112 3203 hibeat,
2148 3140 2231 3194 vel
2265 3141 2314 3192 in
2349 3139 2490 3196 bono
2521 3148 2790 3206 exerceat,
2818 3139 2875 3195 ﬁt
2905 3149 2958 3194 ut
2982 3149 3033 3195 et
3064 3141 3182 3212 ipsa
3203 3157 3332 3198 caro
3349 3142 3496 3210 justa

1914 3229 2014 3284 Dei
2060 3229 2466 3298 dispensatione
2523 3245 2630 3284 non
2689 3245 2754 3283 ea
2811 3229 3059 3284 exhibeat
3106 3229 3320 3302 spiritui
3375 3246 3496 3300 quae

1915 3318 2100 3382 debet,
2135 3320 2238 3372 hoc
2267 3326 2368 3384 est,
2403 3317 2486 3372 vel
2537 3317 2590 3370 in
2638 3317 2780 3372 bono
2835 3319 3050 3390 agendo
3107 3318 3491 3385 ministerium,

1915 3416 2000 3470 vel
2032 3417 2082 3469 in
2114 3416 2418 3487 appetendo
2447 3416 2734 3471 commodo
2777 3417 3016 3471 modum.
3049 3419 3182 3470 Item
3208 3417 3330 3488 quia
3367 3431 3494 3472 caro

1913 3521 2010 3575 per
2037 3504 2425 3576 negligentiam
2453 3505 2673 3574 spiritus
2691 3505 2870 3559 laxata
2891 3505 3094 3560 mundo
3125 3505 3365 3560 debitum
3387 3521 3497 3561 non

1914 3594 2140 3649 exhibet
2171 3593 2265 3648 sed
2294 3593 2377 3648 eis
2406 3593 2733 3647 afﬂuentiam
2764 3595 2831 3648 ad
2864 3595 3045 3648 luxum
3089 3595 3378 3666 voluptatis
3406 3594 3494 3648 in-

1914 3698 2152 3762 torquet,
2186 3698 2236 3744 et
2268 3689 2336 3744 ad
2369 3689 2814 3745 exercitationem
2843 3689 3052 3743 virtutis
3082 3689 3198 3758 ejus
3255 3689 3492 3744 admini-

1915 3779 2225 3834 strationem
2256 3794 2364 3832 non
2395 3778 2621 3843 obtinet,
2655 3778 2770 3848 ipse
2823 3794 3041 3848 quoque
3072 3778 3305 3832 mundus
3342 3778 3496 3849 justa

1911 3867 2418 3938 recompensatione
2453 3867 2523 3921 ad
2556 3867 2834 3920 miseriam
2866 3867 3095 3937 spiritus
3128 3866 3495 3937 multiplican-

1909 3968 2063 4036 dum,
2094 3983 2214 4022 eam
2247 3976 2299 4022 et
2329 3966 2527 4038 frangit
2556 3965 2812 4020 adversis
2841 3973 2892 4020 et
2922 3964 3194 4036 prosperis
3215 3963 3492 4019 dissolvit.

1911 4057 2082 4126 Hujus
2111 4065 2289 4110 autem
2324 4055 2612 4111 discordiae
2641 4055 2769 4126 quia
2826 4055 2972 4109 solus
3030 4053 3251 4124 spiritus
3309 4060 3496 4108 auctor

1911 4155 2010 4210 est,
2032 4161 2254 4200 necesse
2269 4153 2349 4199 est
2371 4152 2428 4198 ut
2460 4144 2576 4214 ipse
2605 4145 2763 4198 etiam
2786 4144 2936 4214 prior
2966 4144 3035 4197 ad
3070 4159 3264 4214 pacem
3287 4142 3492 4208 redeat,

1914 4252 1967 4299 et
1996 4252 2196 4299 caetera
2224 4252 2347 4313 post
2372 4259 2430 4297 se
2460 4242 2856 4313 subsequenter
2883 4242 2951 4296 ad
2974 4257 3164 4312 pacem
3193 4246 3493 4311 composat.

1912 4333 1968 4388 Si
1992 4332 2135 4387 enim
2169 4332 2285 4402 ipse
2316 4339 2368 4386 et
2399 4331 2638 4386 Creatori
2672 4331 2915 4385 debitam
2971 4329 3386 4402 subjectionem,
3445 4335 3499 4384 et

1911 4421 2058 4478 carni
2081 4422 2284 4490 justum
2308 4421 2559 4489 regimen
2578 4421 2835 4475 exhibere
2873 4420 3159 4488 studuerit,
3187 4419 3424 4490 perfecta
3445 4425 3498 4474 et

1911 4527 2285 4575 consummata
2310 4519 2512 4585 justitia
2539 4519 2904 4590 subsequitur,
2937 4527 2987 4572 et
3009 4518 3298 4573 reformata
3331 4517 3496 4586 justi-

193 4618 288 4672 scd
314 4618 507 4672 Filium
526 4635 886 4689 persequens,
908 4619 1116 4675 habens
1138 4621 1307 4675 Deum
1339 4605 1801 4693 omnipotentem,
1820 4642 1876 4705 Ι)
1914 4609 1989 4663 tia
2018 4608 2310 4705 09⁸00Γάίὲ
2339 4623 2554 4705 ίῖυίῖίῐξιθ
2573 4615 2644 4705 ξπ·
2663 4624 2764 4678 Pa"
2798 4606 3038 4705 Perfecm
3069 4605 3497 4705 reparatur-Sic"

193 4707 291 4761 sed
345 4707 603 4776 Spiritum
658 4717 907 4763 sanctum
967 4725 1205 4781 negans.
1271 4712 1596 4768 Prudentior
1623 4714 1800 4786 itaque

196 4800 292 4856 fuit
324 4803 525 4858 Paulus
572 4805 626 4858 in
686 4806 1120 4876 transgressione
1155 4806 1296 4879 legis
1347 4805 1470 4862 ﬁliis
1528 4812 1799 4880 quondam

197 4891 358 4960 lucis,
399 4895 490 4963 qui
546 4893 602 4947 in
659 4893 783 4964 lege
822 4894 1019 4948 versati
1057 4895 1348 4965 Christum,
1384 4897 1477 4967 qui
1499 4898 1598 4953 Dei
1630 4899 1799 4961 Patris

207 4999 399 5039 verum
455 4985 638 5040 lumen
677 4994 780 5053 est,
813 4987 1194 5057 prodiderunt.
1235 4990 1292 5044 Si
1319 4999 1495 5044 autem
1527 4992 1594 5046 de
1624 5009 1799 5047 mam-

209 5097 370 5138 mona
423 5082 726 5153 iniquitatis
790 5085 930 5140 bene
993 5085 1302 5155 dispensata
1357 5087 1692 5158 recipiuntur
1745 5091 1802 5146 in

209 5179 415 5226 aeterna
473 5173 842 5236 tabernacula,
907 5183 1109 5244 quanto
1148 5176 1326 5248 magis
1365 5193 1547 5233 sermo
1586 5179 1800 5234 divinus

207 5264 260 5319 in
301 5282 409 5337 quo
449 5267 596 5320 nulla
634 5275 718 5321 est
781 5268 1053 5339 iniquitas,
1095 5269 1184 5340 qui
1241 5271 1503 5340 apostolis
1557 5272 1799 5328 creditus

207 5371 289 5418 est
319 5364 495 5419 bonos
524 5365 934 5434 dispensatores
992 5367 1192 5421 levabit
1229 5367 1283 5421 in
1315 5368 1512 5423 coelum
1543 5371 1570 5424 ἲ
1599 5369 1800 5439 Quam-

206 5453 397 5509 obrem
429 5455 519 5525 qui
552 5451 728 5507 ﬁdelis
767 5462 850 5509 est
891 5455 940 5508 in
996 5455 1241 5521 minimo,
1273 5456 1327 5510 id
1367 5465 1448 5512 est
1479 5457 1532 5510 in
1563 5459 1798 5514 carnali-

207 5551 332 5617 bus,
367 5551 495 5606 etin
527 5552 716 5618 majori
758 5551 937 5608 ﬁdelis
966 5553 1086 5622 erit,
1126 5553 1182 5608 id
1224 5562 1306 5608 est
1335 5554 1389 5608 in
1445 5554 1795 5624 spiritalibus.

210 5637 312 5703 Qui
364 5649 544 5694 autem
576 5640 629 5693 in
662 5656 837 5710 parvo
893 5640 1108 5712 iniquus
1140 5650 1240 5709 est,
1275 5650 1330 5695 ut
1360 5657 1465 5696 non
1498 5643 1588 5697 det
1617 5643 1800 5698 fratri-

215 5737 316 5791 bus
343 5739 410 5792 ad
441 5738 702 5792 utendum
734 5738 877 5809 quod
907 5755 940 5793 a
968 5741 1082 5794 Deo
1111 5755 1211 5809 pro
1253 5741 1504 5794 omnibus
1535 5749 1616 5794 est
1643 5758 1800 5796 crea-

207 5843 338 5901 tum,
372 5835 474 5890 iste
505 5842 558 5888 et
588 5834 643 5888 in
675 5835 938 5904 spirituali
972 5837 1196 5905 pecunia
1233 5837 1527 5892 dividenda
1582 5838 1800 5911 iniquus

207 5933 326 6003 erit,
359 5941 417 5988 ut
454 5947 568 5987 non
609 5947 710 6002 pro
748 5933 1092 6004 necessitate,
1133 5936 1229 5991 sed
1269 5952 1371 6007 per
1407 5935 1658 6008 personis
1696 5937 1800 5995 do-

1912 4707 1968 4754 ut
1998 4698 2136 4752 enim
2170 4714 2232 4753 ex
2267 4698 2380 4766 ejus
2423 4696 2684 4766 iniustitia
2714 4713 2821 4767 pax
2872 4703 2924 4751 et
2951 4695 3245 4751 concordia
3267 4703 3490 4751 cuncto-

1909 4813 2029 4850 rum
2069 4796 2312 4861 solvitur,
2346 4795 2415 4848 ita
2445 4811 2544 4865 per
2582 4794 2701 4864 ejus
2747 4793 3062 4863 injustitiam
3094 4793 3345 4848 universa
3402 4809 3495 4848 re-

1908 4885 2289 4940 conciliantur.
2321 4885 2472 4939 Hanc
2502 4892 2677 4938 autem
2703 4883 2972 4953 justitiam
3006 4882 3226 4953 spiritus
3253 4882 3494 4937 habitam

1911 4975 2137 5045 perdere
2179 4973 2351 5045 potuit
2384 4991 2396 5037 ;
2440 4975 2695 5031 amissam
2734 4988 2865 5029 vero
2905 4988 3003 5043 per
3065 4988 3126 5027 se
3165 4987 3492 5042 recuperare

1909 5089 2016 5127 non
2056 5080 2254 5142 potest,
2334 5072 2476 5143 quia,
2520 5088 2588 5126 ne
2627 5071 2867 5126 debitum
2905 5069 3154 5126 Creatori
3193 5069 3489 5140 persolvat,

1907 5159 2219 5234 ignorantia
2250 5160 2452 5215 fallitur
2484 5179 2497 5224 ;
2521 5178 2590 5216 ne
2617 5176 2750 5216 vero
2771 5161 3014 5216 debitum
3029 5159 3176 5216 carni
3199 5159 3490 5230 persolvat,

1906 5250 2347 5321 concupiscentia
2376 5251 2709 5322 praepeditur
2736 5266 2748 5305 :
2779 5258 2832 5305 et
2861 5251 2906 5306 si
2935 5250 3071 5306 forte
3097 5265 3161 5303 ex
3189 5256 3338 5319 parte
3366 5247 3493 5302 illu-

1907 5350 2142 5404 minatus
2172 5365 2359 5403 verum
2394 5363 2694 5420 agnoscere
2721 5348 2964 5419 coeperit,
3005 5356 3056 5402 et
3083 5363 3146 5402 ex
3174 5354 3329 5418 parte
3359 5361 3500 5401 con-

1908 5439 2147 5493 ﬁrmatus
2169 5438 2367 5492 bonum
2387 5437 2686 5508 adimplere
2709 5453 2814 5492 non
2830 5446 3024 5508 potest,
3038 5445 3226 5492 tamen
3244 5435 3331 5491 hic
3350 5434 3497 5506 quod

1906 5528 2206 5601 perfectum
2223 5534 2302 5580 est
2327 5525 2574 5597 adipisci,
2606 5526 2724 5594 sed,
2757 5527 2890 5582 sicut
2924 5529 3181 5597 scriptum
3196 5532 3296 5592 est,
3330 5533 3386 5579 ut
3405 5523 3500 5580 de-

1907 5635 2180 5700 gustatam
2205 5639 2301 5695 pro
2330 5623 2753 5694 partejustitiam
2789 5625 3000 5681 esurire
3015 5633 3067 5679 et
3087 5624 3235 5679 sitire
3255 5622 3493 5693 incipiat,

1907 5725 1960 5773 et
1988 5731 2093 5771 non
2125 5715 2320 5784 adepta
2361 5712 2696 5783 plenitudine
2727 5713 2795 5767 ad
2827 5715 3130 5769 satietatem
3187 5713 3484 5783 pertingat.

2439 5822 2513 5876 De
2544 5821 2955 5876 misericordia.

1983 5962 2003 5986 α
2041 5937 2442 5994 Misericordias
2498 5936 2734 6003 Domini,
2797 5960 2818 5984 υ
2895 5937 2970 5992 ait
3024 5935 3328 5993 Psalmista.
3366 5956 3389 5981 α
3439 5932 3494 5986 in
