  <div class='ocr_page' id='page_1' title='image "/cluster/home/n/w/nwhite01/storage/ocr_20150623/156-157/uc1.31175010662024/1185.png"; bbox 0 0 3924 6396; ppageno 0'>
   <div class='ocr_carea' id='block_1_1' title="bbox 477 366 619 422">
    <p class='ocr_par' dir='ltr' id='par_1_1' title="bbox 477 366 619 422">
     <span class='ocr_line' id='line_1_1' title="bbox 477 366 619 422; baseline 0.035 -5"><span class='ocrx_word' id='word_1_1' title='bbox 477 366 619 422; x_wconf 85' lang='grc'>1087</span> 
     </span>
    </p>
   </div>
   <div class='ocr_carea' id='block_1_2' title="bbox 1608 365 2659 426">
    <p class='ocr_par' dir='ltr' id='par_1_2' title="bbox 1608 365 2659 426">
     <span class='ocr_line' id='line_1_2' title="bbox 1608 365 2659 426; baseline 0.004 -4"><span class='ocrx_word' id='word_1_2' title='bbox 1608 365 1952 423; x_wconf 80' lang='lat' dir='ltr'>WERNERI</span> <span class='ocrx_word' id='word_1_3' title='bbox 1989 367 2284 425; x_wconf 77' lang='lat' dir='ltr'>ABBATIS</span> <span class='ocrx_word' id='word_1_4' title='bbox 2323 369 2386 424; x_wconf 93' lang='lat' dir='ltr'>S.</span> <span class='ocrx_word' id='word_1_5' title='bbox 2435 369 2659 426; x_wconf 80' lang='lat' dir='ltr'>BLASII</span> 
     </span>
    </p>
   </div>
   <div class='ocr_carea' id='block_1_3' title="bbox 3655 380 3810 436">
    <p class='ocr_par' dir='ltr' id='par_1_3' title="bbox 3655 380 3810 436">
     <span class='ocr_line' id='line_1_3' title="bbox 3655 380 3810 436; baseline 0.006 -1"><span class='ocrx_word' id='word_1_6' title='bbox 3655 380 3810 436; x_wconf 82' lang='grc'>1088</span> 
     </span>
    </p>
   </div>
   <div class='ocr_carea' id='block_1_4' title="bbox 472 490 3813 577">
    <p class='ocr_par' dir='ltr' id='par_1_4' title="bbox 472 490 3813 577">
     <span class='ocr_line' id='line_1_4' title="bbox 472 490 3813 577; baseline 0.003 -29"><span class='ocrx_word' id='word_1_7' title='bbox 472 497 740 548; x_wconf 68' lang='lat' dir='ltr'>aeternum</span> <span class='ocrx_word' id='word_1_8' title='bbox 771 490 1003 550; x_wconf 75' lang='lat' dir='ltr'>cantabo</span> <span class='ocrx_word' id='word_1_9' title='bbox 1032 492 1219 564; x_wconf 80' lang='lat' dir='ltr'>(Psal.</span> <span class='ocrx_word' id='word_1_10' title='bbox 1261 492 1543 562; x_wconf 81' lang='lat' dir='ltr'>Lxxxvm).</span> <span class='ocrx_word' id='word_1_11' title='bbox 1574 516 1595 541; x_wconf 71' lang='grc' dir='ltr'><strong>η</strong></span> <span class='ocrx_word' id='word_1_12' title='bbox 1618 494 1857 550; x_wconf 88' lang='lat' dir='ltr'>Cantabo</span> <span class='ocrx_word' id='word_1_13' title='bbox 1880 495 1934 549; x_wconf 89' lang='lat' dir='ltr'>in</span> <span class='ocrx_word' id='word_1_14' title='bbox 1966 510 2072 559; x_wconf 88' lang='lat' dir='ltr'>me,</span> <span class='ocrx_word' id='word_1_15' title='bbox 2104 498 2159 557; x_wconf 84' lang='lat' dir='ltr'>A</span> <span class='ocrx_word' id='word_1_16' title='bbox 2189 495 2437 569; x_wconf 79' lang='lat' dir='ltr'>vigorem</span> <span class='ocrx_word' id='word_1_17' title='bbox 2470 497 2690 553; x_wconf 85' lang='lat' dir='ltr'>virium.</span> <span class='ocrx_word' id='word_1_18' title='bbox 2731 498 2821 557; x_wconf 85' lang='lat' dir='ltr'>Sic</span> <span class='ocrx_word' id='word_1_19' title='bbox 2850 514 3032 558; x_wconf 76' lang='lat' dir='ltr'>anima</span> <span class='ocrx_word' id='word_1_20' title='bbox 3060 510 3245 560; x_wconf 90' lang='lat' dir='ltr'>nostra</span> <span class='ocrx_word' id='word_1_21' title='bbox 3274 518 3381 561; x_wconf 93' lang='lat' dir='ltr'>non</span> <span class='ocrx_word' id='word_1_22' title='bbox 3412 512 3537 561; x_wconf 90' lang='lat' dir='ltr'>erat</span> <span class='ocrx_word' id='word_1_23' title='bbox 3565 504 3813 577; x_wconf 79' lang='lat' dir='ltr'>idonea,</span> 
     </span>
    </p>
   </div>
   <div class='ocr_carea' id='block_1_5' title="bbox 472 578 2082 648">
    <p class='ocr_par' dir='ltr' id='par_1_5' title="bbox 472 578 2082 648">
     <span class='ocr_line' id='line_1_5' title="bbox 472 578 2082 648; baseline 0 -11"><span class='ocrx_word' id='word_1_24' title='bbox 472 588 527 638; x_wconf 85' lang='lat' dir='ltr'>et</span> <span class='ocrx_word' id='word_1_25' title='bbox 548 580 855 637; x_wconf 89' lang='lat' dir='ltr'>cantabiles</span> <span class='ocrx_word' id='word_1_26' title='bbox 880 579 1003 635; x_wconf 89' lang='lat' dir='ltr'>aliis</span> <span class='ocrx_word' id='word_1_27' title='bbox 1033 578 1229 636; x_wconf 83' lang='lat' dir='ltr'>faciam</span> <span class='ocrx_word' id='word_1_28' title='bbox 1267 579 1676 638; x_wconf 84' lang='lat' dir='ltr'>misericordias</span> <span class='ocrx_word' id='word_1_29' title='bbox 1702 581 1943 648; x_wconf 90' lang='lat' dir='ltr'>Domini,</span> <span class='ocrx_word' id='word_1_30' title='bbox 1983 582 2082 637; x_wconf 89' lang='lat' dir='ltr'>mi—</span> 
     </span>
    </p>
   </div>
   <div class='ocr_carea' id='block_1_6' title="bbox 473 668 2083 727">
    <p class='ocr_par' dir='ltr' id='par_1_6' title="bbox 473 668 2083 727">
     <span class='ocr_line' id='line_1_6' title="bbox 473 668 2083 727; baseline 0.001 -1"><span class='ocrx_word' id='word_1_31' title='bbox 473 668 804 726; x_wconf 79' lang='lat' dir='ltr'>sericordias</span> <span class='ocrx_word' id='word_1_32' title='bbox 825 668 949 725; x_wconf 81' lang='lat' dir='ltr'>dico</span> <span class='ocrx_word' id='word_1_33' title='bbox 974 668 1029 724; x_wconf 92' lang='lat' dir='ltr'>in</span> <span class='ocrx_word' id='word_1_34' title='bbox 1050 676 1317 724; x_wconf 67' lang='lat' dir='ltr'>aeternum</span> <span class='ocrx_word' id='word_1_35' title='bbox 1340 684 1653 725; x_wconf 90' lang='lat' dir='ltr'>mansuras.</span> <span class='ocrx_word' id='word_1_36' title='bbox 1676 671 1993 727; x_wconf 81' lang='lat' dir='ltr'>Misericord</span> <span class='ocrx_word' id='word_1_37' title='bbox 2002 672 2083 727; x_wconf 89' lang='lat' dir='ltr'>ias</span> 
     </span>
    </p>
   </div>
   <div class='ocr_carea' id='block_1_7' title="bbox 471 767 2085 842">
    <p class='ocr_par' dir='ltr' id='par_1_7' title="bbox 471 767 2085 842">
     <span class='ocr_line' id='line_1_7' title="bbox 471 767 2085 842; baseline 0 -18"><span class='ocrx_word' id='word_1_38' title='bbox 471 767 596 826; x_wconf 86' lang='lat' dir='ltr'>ideo</span> <span class='ocrx_word' id='word_1_39' title='bbox 623 767 908 840; x_wconf 82' lang='lat' dir='ltr'>pluraliter</span> <span class='ocrx_word' id='word_1_40' title='bbox 936 768 1104 840; x_wconf 90' lang='lat' dir='ltr'>ponit,</span> <span class='ocrx_word' id='word_1_41' title='bbox 1138 769 1262 842; x_wconf 86' lang='lat' dir='ltr'>quia</span> <span class='ocrx_word' id='word_1_42' title='bbox 1288 778 1422 840; x_wconf 91' lang='lat' dir='ltr'>quot</span> <span class='ocrx_word' id='word_1_43' title='bbox 1443 778 1569 825; x_wconf 91' lang='lat' dir='ltr'>sunt</span> <span class='ocrx_word' id='word_1_44' title='bbox 1619 770 1888 838; x_wconf 75' lang='lat' dir='ltr'>miserati,</span> <span class='ocrx_word' id='word_1_45' title='bbox 1925 770 1978 826; x_wconf 90' lang='lat' dir='ltr'>id</span> <span class='ocrx_word' id='word_1_46' title='bbox 2002 777 2085 826; x_wconf 90' lang='lat' dir='ltr'>est</span> 
     </span>
    </p>
   </div>
   <div class='ocr_carea' id='block_1_8' title="bbox 470 857 2084 932">
    <p class='ocr_par' dir='ltr' id='par_1_8' title="bbox 470 857 2084 932">
     <span class='ocr_line' id='line_1_8' title="bbox 470 857 2084 932; baseline 0.001 -18"><span class='ocrx_word' id='word_1_47' title='bbox 470 873 573 932; x_wconf 91' lang='lat' dir='ltr'>per</span> <span class='ocrx_word' id='word_1_48' title='bbox 601 857 1038 913; x_wconf 88' lang='lat' dir='ltr'>misericordiam</span> <span class='ocrx_word' id='word_1_49' title='bbox 1068 859 1324 930; x_wconf 89' lang='lat' dir='ltr'>reparati,</span> <span class='ocrx_word' id='word_1_50' title='bbox 1360 859 1585 914; x_wconf 75' lang='lat' dir='ltr'>totidem</span> <span class='ocrx_word' id='word_1_51' title='bbox 1618 869 1745 915; x_wconf 90' lang='lat' dir='ltr'>sunt</span> <span class='ocrx_word' id='word_1_52' title='bbox 1777 868 1829 916; x_wconf 92' lang='lat' dir='ltr'>et</span> <span class='ocrx_word' id='word_1_53' title='bbox 1867 859 2084 915; x_wconf 90' lang='lat' dir='ltr'>miseri-</span> 
     </span>
    </p>
   </div>
   <div class='ocr_carea' id='block_1_9' title="bbox 472 946 2085 1019">
    <p class='ocr_par' dir='ltr' id='par_1_9' title="bbox 472 946 2085 1019">
     <span class='ocr_line' id='line_1_9' title="bbox 472 946 2085 1019; baseline 0 -15"><span class='ocrx_word' id='word_1_54' title='bbox 472 946 699 1004; x_wconf 62' lang='lat' dir='ltr'>cordia).</span> <span class='ocrx_word' id='word_1_55' title='bbox 741 949 800 1001; x_wconf 90' lang='lat' dir='ltr'>In</span> <span class='ocrx_word' id='word_1_56' title='bbox 833 956 1097 1004; x_wconf 68' lang='lat' dir='ltr'>mternum</span> <span class='ocrx_word' id='word_1_57' title='bbox 1128 956 1309 1003; x_wconf 88' lang='lat' dir='ltr'>autem</span> <span class='ocrx_word' id='word_1_58' title='bbox 1342 948 1465 1004; x_wconf 91' lang='lat' dir='ltr'>ideo</span> <span class='ocrx_word' id='word_1_59' title='bbox 1497 950 1669 1019; x_wconf 85' lang='lat' dir='ltr'>ponit,</span> <span class='ocrx_word' id='word_1_60' title='bbox 1724 959 1782 1004; x_wconf 91' lang='lat' dir='ltr'>ut</span> <span class='ocrx_word' id='word_1_61' title='bbox 1834 950 2085 1005; x_wconf 84' lang='lat' dir='ltr'>ostendat</span> 
     </span>
    </p>
   </div>
   <div class='ocr_carea' id='block_1_10' title="bbox 471 1044 2087 1119">
    <p class='ocr_par' dir='ltr' id='par_1_10' title="bbox 471 1044 2087 1119">
     <span class='ocr_line' id='line_1_10' title="bbox 471 1044 2087 1119; baseline 0.002 -20"><span class='ocrx_word' id='word_1_62' title='bbox 471 1060 572 1116; x_wconf 90' lang='lat' dir='ltr'>per</span> <span class='ocrx_word' id='word_1_63' title='bbox 606 1045 711 1101; x_wconf 90' lang='lat' dir='ltr'>hoc</span> <span class='ocrx_word' id='word_1_64' title='bbox 753 1059 765 1099; x_wconf 91' lang='lat'><strong>:</strong></span> <span class='ocrx_word' id='word_1_65' title='bbox 799 1044 879 1101; x_wconf 91' lang='lat' dir='ltr'>sic</span> <span class='ocrx_word' id='word_1_66' title='bbox 908 1045 985 1100; x_wconf 93' lang='lat' dir='ltr'>ira</span> <span class='ocrx_word' id='word_1_67' title='bbox 1005 1062 1105 1117; x_wconf 90' lang='lat' dir='ltr'>per</span> <span class='ocrx_word' id='word_1_68' title='bbox 1134 1047 1315 1102; x_wconf 86' lang='lat' dir='ltr'>Adam</span> <span class='ocrx_word' id='word_1_69' title='bbox 1353 1046 1450 1101; x_wconf 83' lang='lat' dir='ltr'>fuit</span> <span class='ocrx_word' id='word_1_70' title='bbox 1481 1047 1827 1119; x_wconf 83' lang='lat' dir='ltr'>temporalis,</span> <span class='ocrx_word' id='word_1_71' title='bbox 1891 1046 1975 1104; x_wconf 89' lang='lat' dir='ltr'>sic</span> <span class='ocrx_word' id='word_1_72' title='bbox 2032 1054 2087 1103; x_wconf 90' lang='lat' dir='ltr'>et</span> 
     </span>
    </p>
   </div>
   <div class='ocr_carea' id='block_1_11' title="bbox 471 1131 2080 1205">
    <p class='ocr_par' dir='ltr' id='par_1_11' title="bbox 471 1131 2080 1205">
     <span class='ocr_line' id='line_1_11' title="bbox 471 1131 2080 1205; baseline 0 -17"><span class='ocrx_word' id='word_1_73' title='bbox 471 1131 856 1189; x_wconf 83' lang='lat' dir='ltr'>misericordia</span> <span class='ocrx_word' id='word_1_74' title='bbox 880 1150 981 1205; x_wconf 92' lang='lat' dir='ltr'>per</span> <span class='ocrx_word' id='word_1_75' title='bbox 1012 1132 1293 1190; x_wconf 86' lang='lat' dir='ltr'>Christum</span> <span class='ocrx_word' id='word_1_76' title='bbox 1326 1150 1594 1191; x_wconf 87' lang='lat' dir='ltr'>concessa</span> <span class='ocrx_word' id='word_1_77' title='bbox 1624 1144 1713 1191; x_wconf 88' lang='lat' dir='ltr'>est</span> <span class='ocrx_word' id='word_1_78' title='bbox 1775 1135 2080 1191; x_wconf 64' lang='lat' dir='ltr'>aeternalis.</span> 
     </span>
    </p>
   </div>
   <div class='ocr_carea' id='block_1_12' title="bbox 473 1232 2083 1308">
    <p class='ocr_par' dir='ltr' id='par_1_12' title="bbox 473 1232 2083 1308">
     <span class='ocr_line' id='line_1_12' title="bbox 473 1232 2083 1308; baseline 0.002 -21"><span class='ocrx_word' id='word_1_79' title='bbox 473 1232 737 1303; x_wconf 84' lang='lat' dir='ltr'>Ideoque,</span> <span class='ocrx_word' id='word_1_80' title='bbox 770 1232 912 1289; x_wconf 89' lang='lat' dir='ltr'>bone</span> <span class='ocrx_word' id='word_1_81' title='bbox 940 1234 1091 1304; x_wconf 75' lang='lat' dir='ltr'>Iesu,</span> <span class='ocrx_word' id='word_1_82' title='bbox 1133 1256 1154 1282; x_wconf 74' lang='grc' dir='ltr'><strong><em>α</em></strong></span> <span class='ocrx_word' id='word_1_83' title='bbox 1190 1234 1246 1289; x_wconf 89' lang='lat' dir='ltr'>in</span> <span class='ocrx_word' id='word_1_84' title='bbox 1285 1235 1698 1306; x_wconf 82' lang='lat' dir='ltr'>generationem</span> <span class='ocrx_word' id='word_1_85' title='bbox 1730 1243 1784 1292; x_wconf 91' lang='lat' dir='ltr'>et</span> <span class='ocrx_word' id='word_1_86' title='bbox 1841 1249 2083 1308; x_wconf 87' lang='lat' dir='ltr'>genera-</span> 
     </span>
    </p>
   </div>
   <div class='ocr_carea' id='block_1_13' title="bbox 477 1321 2085 1381">
    <p class='ocr_par' dir='ltr' id='par_1_13' title="bbox 477 1321 2085 1381">
     <span class='ocr_line' id='line_1_13' title="bbox 477 1321 2085 1381; baseline 0.002 -5"><span class='ocrx_word' id='word_1_87' title='bbox 477 1321 686 1378; x_wconf 82' lang='lat' dir='ltr'>tionem</span> <span class='ocrx_word' id='word_1_88' title='bbox 746 1323 1082 1379; x_wconf 81' lang='lat' dir='ltr'>annuntiaho</span> <span class='ocrx_word' id='word_1_89' title='bbox 1159 1324 1443 1381; x_wconf 91' lang='lat' dir='ltr'>veritatem</span> <span class='ocrx_word' id='word_1_90' title='bbox 1498 1332 1645 1380; x_wconf 90' lang='lat' dir='ltr'>tuam</span> <span class='ocrx_word' id='word_1_91' title='bbox 1696 1325 1751 1380; x_wconf 93' lang='lat' dir='ltr'>in</span> <span class='ocrx_word' id='word_1_92' title='bbox 1807 1340 1901 1381; x_wconf 91' lang='lat' dir='ltr'>ore</span> <span class='ocrx_word' id='word_1_93' title='bbox 1959 1338 2085 1379; x_wconf 93' lang='lat' dir='ltr'>meo</span> 
     </span>
    </p>
   </div>
   <div class='ocr_carea' id='block_1_14' title="bbox 475 1411 2085 1488">
    <p class='ocr_par' dir='ltr' id='par_1_14' title="bbox 475 1411 2085 1488">
     <span class='ocr_line' id='line_1_14' title="bbox 475 1411 2085 1488; baseline 0.001 -20"><span class='ocrx_word' id='word_1_94' title='bbox 475 1411 698 1483; x_wconf 79' lang='lat' dir='ltr'>(ibid.).</span> <span class='ocrx_word' id='word_1_95' title='bbox 735 1434 759 1461; x_wconf 74' lang='grc' dir='ltr'>ιι</span> <span class='ocrx_word' id='word_1_96' title='bbox 794 1412 854 1467; x_wconf 91' lang='lat' dir='ltr'>In</span> <span class='ocrx_word' id='word_1_97' title='bbox 921 1414 1350 1485; x_wconf 78' lang='lat' dir='ltr'>generationem,</span> <span class='ocrx_word' id='word_1_98' title='bbox 1386 1414 1628 1487; x_wconf 90' lang='lat' dir='ltr'>inquam,</span> <span class='ocrx_word' id='word_1_99' title='bbox 1662 1421 1715 1469; x_wconf 91' lang='lat' dir='ltr'>et</span> <span class='ocrx_word' id='word_1_100' title='bbox 1768 1413 2085 1488; x_wconf 87' lang='lat' dir='ltr'>generatio-</span> 
     </span>
    </p>
   </div>
   <div class='ocr_carea' id='block_1_15' title="bbox 474 1510 2087 1580">
    <p class='ocr_par' dir='ltr' id='par_1_15' title="bbox 474 1510 2087 1580">
     <span class='ocr_line' id='line_1_15' title="bbox 474 1510 2087 1580; baseline -0.001 -14"><span class='ocrx_word' id='word_1_101' title='bbox 474 1525 622 1580; x_wconf 88' lang='lat' dir='ltr'>nem,</span> <span class='ocrx_word' id='word_1_102' title='bbox 643 1510 877 1565; x_wconf 90' lang='lat' dir='ltr'>cantabo</span> <span class='ocrx_word' id='word_1_103' title='bbox 932 1510 1358 1578; x_wconf 84' lang='lat' dir='ltr'>misericordias,</span> <span class='ocrx_word' id='word_1_104' title='bbox 1391 1520 1443 1566; x_wconf 89' lang='lat' dir='ltr'>et</span> <span class='ocrx_word' id='word_1_105' title='bbox 1490 1511 1822 1566; x_wconf 68' lang='lat' dir='ltr'>annuntialio</span> <span class='ocrx_word' id='word_1_106' title='bbox 1880 1510 2087 1565; x_wconf 91' lang='lat' dir='ltr'>verita-</span> 
     </span>
    </p>
   </div>
   <div class='ocr_carea' id='block_1_16' title="bbox 473 1590 2082 1672">
    <p class='ocr_par' dir='ltr' id='par_1_16' title="bbox 473 1590 2082 1672">
     <span class='ocr_line' id='line_1_16' title="bbox 473 1590 2082 1672; baseline 0 -17"><span class='ocrx_word' id='word_1_107' title='bbox 473 1590 588 1655; x_wconf 85' lang='lat' dir='ltr'>tem</span> <span class='ocrx_word' id='word_1_108' title='bbox 626 1607 793 1667; x_wconf 90' lang='lat' dir='ltr'>tuam,</span> <span class='ocrx_word' id='word_1_109' title='bbox 845 1616 954 1655; x_wconf 90' lang='lat' dir='ltr'>non</span> <span class='ocrx_word' id='word_1_110' title='bbox 1012 1600 1307 1656; x_wconf 86' lang='lat' dir='ltr'>falsitatem</span> <span class='ocrx_word' id='word_1_111' title='bbox 1338 1617 1538 1670; x_wconf 90' lang='lat' dir='ltr'>meam,</span> <span class='ocrx_word' id='word_1_112' title='bbox 1588 1601 1641 1655; x_wconf 92' lang='lat' dir='ltr'>in</span> <span class='ocrx_word' id='word_1_113' title='bbox 1673 1617 1769 1656; x_wconf 90' lang='lat' dir='ltr'>ore</span> <span class='ocrx_word' id='word_1_114' title='bbox 1795 1601 1909 1672; x_wconf 91' lang='lat' dir='ltr'>jam</span> <span class='ocrx_word' id='word_1_115' title='bbox 1940 1616 2082 1666; x_wconf 91' lang='lat' dir='ltr'>meo,</span> 
     </span>
    </p>
   </div>
   <div class='ocr_carea' id='block_1_17' title="bbox 477 1688 2083 1763">
    <p class='ocr_par' dir='ltr' id='par_1_17' title="bbox 477 1688 2083 1763">
     <span class='ocr_line' id='line_1_17' title="bbox 477 1688 2083 1763; baseline -0.001 -18"><span class='ocrx_word' id='word_1_116' title='bbox 477 1688 534 1745; x_wconf 93' lang='lat' dir='ltr'>id</span> <span class='ocrx_word' id='word_1_117' title='bbox 565 1697 649 1744; x_wconf 91' lang='lat' dir='ltr'>est</span> <span class='ocrx_word' id='word_1_118' title='bbox 678 1688 830 1745; x_wconf 92' lang='lat' dir='ltr'>cordi</span> <span class='ocrx_word' id='word_1_119' title='bbox 860 1705 1121 1758; x_wconf 90' lang='lat' dir='ltr'>consono,</span> <span class='ocrx_word' id='word_1_120' title='bbox 1156 1690 1279 1762; x_wconf 88' lang='lat' dir='ltr'>quia</span> <span class='ocrx_word' id='word_1_121' title='bbox 1310 1690 1456 1763; x_wconf 91' lang='lat' dir='ltr'>quod</span> <span class='ocrx_word' id='word_1_122' title='bbox 1505 1700 1650 1753; x_wconf 82' lang='lat' dir='ltr'>tuum</span> <span class='ocrx_word' id='word_1_123' title='bbox 1682 1699 1766 1745; x_wconf 92' lang='lat' dir='ltr'>est</span> <span class='ocrx_word' id='word_1_124' title='bbox 1805 1689 2083 1744; x_wconf 89' lang='lat' dir='ltr'>annuntio.</span> 
     </span>
    </p>
   </div>
   <div class='ocr_carea' id='block_1_18' title="bbox 476 1785 2087 1861">
    <p class='ocr_par' dir='ltr' id='par_1_18' title="bbox 476 1785 2087 1861">
     <span class='ocr_line' id='line_1_18' title="bbox 476 1785 2087 1861; baseline -0.002 -17"><span class='ocrx_word' id='word_1_125' title='bbox 476 1785 866 1859; x_wconf 75' lang='lat' dir='ltr'>Obsequentur</span> <span class='ocrx_word' id='word_1_126' title='bbox 896 1787 1079 1861; x_wconf 88' lang='lat' dir='ltr'>itaque</span> <span class='ocrx_word' id='word_1_127' title='bbox 1109 1788 1355 1844; x_wconf 91' lang='lat' dir='ltr'>membra</span> <span class='ocrx_word' id='word_1_128' title='bbox 1386 1805 1504 1843; x_wconf 89' lang='lat' dir='ltr'>mea</span> <span class='ocrx_word' id='word_1_129' title='bbox 1536 1788 1769 1844; x_wconf 91' lang='lat' dir='ltr'>Domino</span> <span class='ocrx_word' id='word_1_130' title='bbox 1798 1804 1942 1852; x_wconf 91' lang='lat' dir='ltr'>meo,</span> <span class='ocrx_word' id='word_1_131' title='bbox 2000 1788 2087 1842; x_wconf 88' lang='lat' dir='ltr'>lo-</span> 
     </span>
    </p>
   </div>
   <div class='ocr_carea' id='block_1_19' title="bbox 2193 585 3819 668">
    <p class='ocr_par' dir='ltr' id='par_1_19' title="bbox 2193 585 3819 668">
     <span class='ocr_line' id='line_1_19' title="bbox 2193 585 3819 668; baseline 0.006 -29"><span class='ocrx_word' id='word_1_132' title='bbox 2193 591 2249 639; x_wconf 89' lang='lat' dir='ltr'>ut</span> <span class='ocrx_word' id='word_1_133' title='bbox 2276 600 2421 657; x_wconf 90' lang='lat' dir='ltr'>pane</span> <span class='ocrx_word' id='word_1_134' title='bbox 2452 585 2546 642; x_wconf 90' lang='lat' dir='ltr'>illo</span> <span class='ocrx_word' id='word_1_135' title='bbox 2585 604 2694 659; x_wconf 92' lang='lat' dir='ltr'>quo</span> <span class='ocrx_word' id='word_1_136' title='bbox 2748 600 3040 647; x_wconf 90' lang='lat' dir='ltr'>vescuntur</span> <span class='ocrx_word' id='word_1_137' title='bbox 3093 593 3278 668; x_wconf 81' lang='lat' dir='ltr'>angeli</span> <span class='ocrx_word' id='word_1_138' title='bbox 3302 592 3640 665; x_wconf 85' lang='lat' dir='ltr'>reﬁceretur,</span> <span class='ocrx_word' id='word_1_139' title='bbox 3675 593 3819 668; x_wconf 80' lang='lat' dir='ltr'>quia</span> 
     </span>
    </p>
   </div>
   <div class='ocr_carea' id='block_1_20' title="bbox 2192 679 3818 750">
    <p class='ocr_par' dir='ltr' id='par_1_20' title="bbox 2192 679 3818 750">
     <span class='ocr_line' id='line_1_20' title="bbox 2192 679 3818 750; baseline 0.006 -21"><span class='ocrx_word' id='word_1_140' title='bbox 2192 689 2255 730; x_wconf 92' lang='lat' dir='ltr'>os</span> <span class='ocrx_word' id='word_1_141' title='bbox 2282 682 2528 730; x_wconf 91' lang='lat' dir='ltr'>nostrum</span> <span class='ocrx_word' id='word_1_142' title='bbox 2570 683 2841 734; x_wconf 88' lang='lat' dir='ltr'>vetustate</span> <span class='ocrx_word' id='word_1_143' title='bbox 2872 679 3125 736; x_wconf 90' lang='lat' dir='ltr'>clausum</span> <span class='ocrx_word' id='word_1_144' title='bbox 3182 682 3488 750; x_wconf 87' lang='lat' dir='ltr'>tenebatur,</span> <span class='ocrx_word' id='word_1_145' title='bbox 3530 682 3632 739; x_wconf 91' lang='lat' dir='ltr'>sed</span> <span class='ocrx_word' id='word_1_146' title='bbox 3671 682 3818 739; x_wconf 87' lang='lat' dir='ltr'>data</span> 
     </span>
    </p>
   </div>
   <div class='ocr_carea' id='block_1_21' title="bbox 2192 772 3812 851">
    <p class='ocr_par' dir='ltr' id='par_1_21' title="bbox 2192 772 3812 851">
     <span class='ocr_line' id='line_1_21' title="bbox 2192 772 3812 851; baseline 0.006 -24"><span class='ocrx_word' id='word_1_147' title='bbox 2192 778 2277 827; x_wconf 90' lang='lat' dir='ltr'>est</span> <span class='ocrx_word' id='word_1_148' title='bbox 2308 772 2469 827; x_wconf 91' lang='lat' dir='ltr'>nobis</span> <span class='ocrx_word' id='word_1_149' title='bbox 2507 781 2683 844; x_wconf 88' lang='lat' dir='ltr'>petra,</span> <span class='ocrx_word' id='word_1_150' title='bbox 2715 774 2771 829; x_wconf 83' lang='lat' dir='ltr'>id</span> <span class='ocrx_word' id='word_1_151' title='bbox 2802 785 2886 831; x_wconf 91' lang='lat' dir='ltr'>est</span> <span class='ocrx_word' id='word_1_152' title='bbox 2915 778 3185 846; x_wconf 86' lang='lat' dir='ltr'>Christus,</span> <span class='ocrx_word' id='word_1_153' title='bbox 3219 778 3287 833; x_wconf 89' lang='lat' dir='ltr'>ad</span> <span class='ocrx_word' id='word_1_154' title='bbox 3310 796 3495 851; x_wconf 91' lang='lat' dir='ltr'>quam,</span> <span class='ocrx_word' id='word_1_155' title='bbox 3527 786 3812 836; x_wconf 82' lang='lat' dir='ltr'>vetustate</span> 
     </span>
    </p>
   </div>
   <div class='ocr_carea' id='block_1_22' title="bbox 2195 860 3815 939">
    <p class='ocr_par' dir='ltr' id='par_1_22' title="bbox 2195 860 3815 939">
     <span class='ocr_line' id='line_1_22' title="bbox 2195 860 3815 939; baseline 0.006 -24"><span class='ocrx_word' id='word_1_156' title='bbox 2195 860 2404 927; x_wconf 89' lang='lat' dir='ltr'>attrita,</span> <span class='ocrx_word' id='word_1_157' title='bbox 2429 877 2491 917; x_wconf 91' lang='lat' dir='ltr'>os</span> <span class='ocrx_word' id='word_1_158' title='bbox 2522 874 2766 918; x_wconf 91' lang='lat' dir='ltr'>nostrum</span> <span class='ocrx_word' id='word_1_159' title='bbox 2796 866 3035 922; x_wconf 87' lang='lat' dir='ltr'>novitate</span> <span class='ocrx_word' id='word_1_160' title='bbox 3055 876 3300 939; x_wconf 89' lang='lat' dir='ltr'>apertum</span> <span class='ocrx_word' id='word_1_161' title='bbox 3318 868 3574 925; x_wconf 84' lang='lat' dir='ltr'>idoneum</span> <span class='ocrx_word' id='word_1_162' title='bbox 3594 867 3815 924; x_wconf 90' lang='lat' dir='ltr'>factum</span> 
     </span>
    </p>
   </div>
   <div class='ocr_carea' id='block_1_23' title="bbox 2194 950 3816 1031">
    <p class='ocr_par' dir='ltr' id='par_1_23' title="bbox 2194 950 3816 1031">
     <span class='ocr_line' id='line_1_23' title="bbox 2194 950 3816 1031; baseline 0.005 -25"><span class='ocrx_word' id='word_1_163' title='bbox 2194 959 2276 1006; x_wconf 90' lang='lat' dir='ltr'>est</span> <span class='ocrx_word' id='word_1_164' title='bbox 2305 950 2376 1005; x_wconf 91' lang='lat' dir='ltr'>ad</span> <span class='ocrx_word' id='word_1_165' title='bbox 2406 952 2740 1007; x_wconf 88' lang='lat' dir='ltr'>vescendum</span> <span class='ocrx_word' id='word_1_166' title='bbox 2770 970 2909 1026; x_wconf 90' lang='lat' dir='ltr'>pane</span> <span class='ocrx_word' id='word_1_167' title='bbox 2967 955 3061 1011; x_wconf 92' lang='lat' dir='ltr'>illo</span> <span class='ocrx_word' id='word_1_168' title='bbox 3115 957 3441 1031; x_wconf 88' lang='lat' dir='ltr'>angelorun,</span> <span class='ocrx_word' id='word_1_169' title='bbox 3474 960 3568 1030; x_wconf 88' lang='lat' dir='ltr'>qui</span> <span class='ocrx_word' id='word_1_170' title='bbox 3629 958 3705 1013; x_wconf 92' lang='lat' dir='ltr'>de</span> <span class='ocrx_word' id='word_1_171' title='bbox 3748 974 3816 1014; x_wconf 84' lang='lat' dir='ltr'>se</span> 
     </span>
    </p>
   </div>
   <div class='ocr_carea' id='block_1_24' title="bbox 2192 1038 3811 1118">
    <p class='ocr_par' dir='ltr' id='par_1_24' title="bbox 2192 1038 3811 1118">
     <span class='ocr_line' id='line_1_24' title="bbox 2192 1038 3811 1118; baseline 0.006 -24"><span class='ocrx_word' id='word_1_172' title='bbox 2192 1038 2332 1094; x_wconf 83' lang='lat' dir='ltr'>dixit</span> <span class='ocrx_word' id='word_1_173' title='bbox 2365 1058 2379 1094; x_wconf 90' lang='lat'><strong>:</strong></span> <span class='ocrx_word' id='word_1_174' title='bbox 2418 1063 2438 1088; x_wconf 79' lang='grc' dir='ltr'><strong><em>ο</em></strong></span> <span class='ocrx_word' id='word_1_175' title='bbox 2468 1041 2584 1112; x_wconf 86' lang='lat' dir='ltr'>Ego</span> <span class='ocrx_word' id='word_1_176' title='bbox 2615 1058 2733 1096; x_wconf 91' lang='lat' dir='ltr'>sum</span> <span class='ocrx_word' id='word_1_177' title='bbox 2763 1044 2923 1115; x_wconf 91' lang='lat' dir='ltr'>panis</span> <span class='ocrx_word' id='word_1_178' title='bbox 2952 1045 3109 1101; x_wconf 88' lang='lat' dir='ltr'>vivus</span> <span class='ocrx_word' id='word_1_179' title='bbox 3138 1046 3229 1118; x_wconf 90' lang='lat' dir='ltr'>qui</span> <span class='ocrx_word' id='word_1_180' title='bbox 3268 1047 3338 1103; x_wconf 93' lang='lat' dir='ltr'>de</span> <span class='ocrx_word' id='word_1_181' title='bbox 3378 1046 3519 1103; x_wconf 73' lang='lat' dir='ltr'>ccelo</span> <span class='ocrx_word' id='word_1_182' title='bbox 3555 1045 3811 1103; x_wconf 84' lang='lat' dir='ltr'>descen-</span> 
     </span>
    </p>
   </div>
   <div class='ocr_carea' id='block_1_25' title="bbox 2193 1137 3808 1218">
    <p class='ocr_par' dir='ltr' id='par_1_25' title="bbox 2193 1137 3808 1218">
     <span class='ocr_line' id='line_1_25' title="bbox 2193 1137 3808 1218; baseline 0.006 -26"><span class='ocrx_word' id='word_1_183' title='bbox 2193 1137 2271 1193; x_wconf 90' lang='lat' dir='ltr'>dit</span> <span class='ocrx_word' id='word_1_184' title='bbox 2301 1141 2482 1209; x_wconf 84' lang='lat' dir='ltr'>(Joan.</span> <span class='ocrx_word' id='word_1_185' title='bbox 2507 1140 2603 1211; x_wconf 90' lang='lat' dir='ltr'>vi).</span> <span class='ocrx_word' id='word_1_186' title='bbox 2642 1164 2663 1190; x_wconf 70' lang='grc' dir='ltr'><strong>η</strong></span> <span class='ocrx_word' id='word_1_187' title='bbox 2700 1142 2797 1199; x_wconf 87' lang='lat' dir='ltr'>Hic</span> <span class='ocrx_word' id='word_1_188' title='bbox 2827 1143 2981 1214; x_wconf 90' lang='lat' dir='ltr'>panis</span> <span class='ocrx_word' id='word_1_189' title='bbox 3012 1144 3082 1200; x_wconf 87' lang='lat' dir='ltr'>ab</span> <span class='ocrx_word' id='word_1_190' title='bbox 3111 1145 3301 1201; x_wconf 89' lang='lat' dir='ltr'>anima</span> <span class='ocrx_word' id='word_1_191' title='bbox 3327 1145 3588 1218; x_wconf 84' lang='lat' dir='ltr'>cujusque</span> <span class='ocrx_word' id='word_1_192' title='bbox 3622 1161 3808 1202; x_wconf 88' lang='lat' dir='ltr'>reno-</span> 
     </span>
    </p>
   </div>
   <div class='ocr_carea' id='block_1_26' title="bbox 2194 1228 3810 1308">
    <p class='ocr_par' dir='ltr' id='par_1_26' title="bbox 2194 1228 3810 1308">
     <span class='ocr_line' id='line_1_26' title="bbox 2194 1228 3810 1308; baseline 0.004 -22"><span class='ocrx_word' id='word_1_193' title='bbox 2194 1228 2299 1286; x_wconf 91' lang='lat' dir='ltr'>vati</span> <span class='ocrx_word' id='word_1_194' title='bbox 2340 1230 2427 1285; x_wconf 90' lang='lat' dir='ltr'>hic</span> <span class='ocrx_word' id='word_1_195' title='bbox 2466 1231 2626 1285; x_wconf 89' lang='lat' dir='ltr'>etiam</span> <span class='ocrx_word' id='word_1_196' title='bbox 2660 1233 2967 1289; x_wconf 84' lang='lat' dir='ltr'>eomeditur</span> <span class='ocrx_word' id='word_1_197' title='bbox 3000 1252 3013 1288; x_wconf 90' lang='lat'><strong>:</strong></span> <span class='ocrx_word' id='word_1_198' title='bbox 3070 1243 3197 1291; x_wconf 89' lang='lat' dir='ltr'>tunc</span> <span class='ocrx_word' id='word_1_199' title='bbox 3248 1252 3381 1292; x_wconf 92' lang='lat' dir='ltr'>vero</span> <span class='ocrx_word' id='word_1_200' title='bbox 3426 1234 3677 1308; x_wconf 88' lang='lat' dir='ltr'>plenarie</span> <span class='ocrx_word' id='word_1_201' title='bbox 3710 1235 3810 1292; x_wconf 90' lang='lat' dir='ltr'>illo</span> 
     </span>
    </p>
   </div>
   <div class='ocr_carea' id='block_1_27' title="bbox 2194 1323 3812 1403">
    <p class='ocr_par' dir='ltr' id='par_1_27' title="bbox 2194 1323 3812 1403">
     <span class='ocr_line' id='line_1_27' title="bbox 2194 1323 3812 1403; baseline 0.006 -24"><span class='ocrx_word' id='word_1_202' title='bbox 2194 1323 2533 1391; x_wconf 77' lang='lat' dir='ltr'>reﬁciamur,</span> <span class='ocrx_word' id='word_1_203' title='bbox 2569 1328 2789 1398; x_wconf 87' lang='lat' dir='ltr'>quando</span> <span class='ocrx_word' id='word_1_204' title='bbox 2820 1329 2875 1384; x_wconf 91' lang='lat' dir='ltr'>in</span> <span class='ocrx_word' id='word_1_205' title='bbox 2919 1331 3227 1403; x_wconf 90' lang='lat' dir='ltr'>angelicum</span> <span class='ocrx_word' id='word_1_206' title='bbox 3277 1332 3519 1387; x_wconf 86' lang='lat' dir='ltr'>habitum</span> <span class='ocrx_word' id='word_1_207' title='bbox 3551 1348 3812 1389; x_wconf 87' lang='lat' dir='ltr'>commu-</span> 
     </span>
    </p>
   </div>
   <div class='ocr_carea' id='block_1_28' title="bbox 2195 1414 3796 1494">
    <p class='ocr_par' dir='ltr' id='par_1_28' title="bbox 2195 1414 3796 1494">
     <span class='ocr_line' id='line_1_28' title="bbox 2195 1414 3796 1494; baseline 0.007 -27"><span class='ocrx_word' id='word_1_208' title='bbox 2195 1414 2450 1481; x_wconf 89' lang='lat' dir='ltr'>tabimur,</span> <span class='ocrx_word' id='word_1_209' title='bbox 2486 1426 2539 1469; x_wconf 90' lang='lat' dir='ltr'>et</span> <span class='ocrx_word' id='word_1_210' title='bbox 2569 1417 2686 1487; x_wconf 82' lang='lat' dir='ltr'>ipse</span> <span class='ocrx_word' id='word_1_211' title='bbox 2716 1418 2819 1472; x_wconf 91' lang='lat' dir='ltr'>erit</span> <span class='ocrx_word' id='word_1_212' title='bbox 2849 1419 3027 1474; x_wconf 90' lang='lat' dir='ltr'>omnia</span> <span class='ocrx_word' id='word_1_213' title='bbox 3056 1420 3110 1475; x_wconf 89' lang='lat' dir='ltr'>in</span> <span class='ocrx_word' id='word_1_214' title='bbox 3141 1420 3394 1476; x_wconf 89' lang='lat' dir='ltr'>omnibus</span> <span class='ocrx_word' id='word_1_215' title='bbox 3428 1423 3475 1489; x_wconf 89' lang='grc' dir='ltr'>(ι</span> <span class='ocrx_word' id='word_1_216' title='bbox 3508 1423 3628 1480; x_wconf 83' lang='lat' dir='ltr'>Cor.</span> <span class='ocrx_word' id='word_1_217' title='bbox 3664 1423 3796 1494; x_wconf 83' lang='lat' dir='ltr'>xv).</span> 
     </span>
    </p>
   </div>
   <div class='ocr_carea' id='block_1_29' title="bbox 2197 1503 3813 1583">
    <p class='ocr_par' dir='ltr' id='par_1_29' title="bbox 2197 1503 3813 1583">
     <span class='ocr_line' id='line_1_29' title="bbox 2197 1503 3813 1583; baseline 0.007 -26"><span class='ocrx_word' id='word_1_218' title='bbox 2197 1503 2418 1558; x_wconf 88' lang='lat' dir='ltr'>Interim</span> <span class='ocrx_word' id='word_1_219' title='bbox 2446 1504 2501 1558; x_wconf 91' lang='lat' dir='ltr'>in</span> <span class='ocrx_word' id='word_1_220' title='bbox 2531 1505 2631 1561; x_wconf 88' lang='lat' dir='ltr'>hac</span> <span class='ocrx_word' id='word_1_221' title='bbox 2664 1507 3112 1581; x_wconf 81' lang='lat' dir='ltr'>peregrinatione</span> <span class='ocrx_word' id='word_1_222' title='bbox 3142 1510 3317 1582; x_wconf 85' lang='lat' dir='ltr'>quid?</span> <span class='ocrx_word' id='word_1_223' title='bbox 3347 1511 3543 1583; x_wconf 90' lang='lat' dir='ltr'>Utique</span> <span class='ocrx_word' id='word_1_224' title='bbox 3572 1527 3686 1567; x_wconf 87' lang='lat' dir='ltr'>non</span> <span class='ocrx_word' id='word_1_225' title='bbox 3708 1512 3813 1568; x_wconf 90' lang='lat' dir='ltr'>de-</span> 
     </span>
    </p>
   </div>
   <div class='ocr_carea' id='block_1_30' title="bbox 2195 1598 3811 1673">
    <p class='ocr_par' dir='ltr' id='par_1_30' title="bbox 2195 1598 3811 1673">
     <span class='ocr_line' id='line_1_30' title="bbox 2195 1598 3811 1673; baseline 0.007 -21"><span class='ocrx_word' id='word_1_226' title='bbox 2195 1598 2573 1671; x_wconf 90' lang='lat' dir='ltr'>relinquimur,</span> <span class='ocrx_word' id='word_1_227' title='bbox 2639 1602 2767 1673; x_wconf 90' lang='lat' dir='ltr'>quia</span> <span class='ocrx_word' id='word_1_228' title='bbox 2800 1603 3064 1659; x_wconf 88' lang='lat' dir='ltr'>Dominus</span> <span class='ocrx_word' id='word_1_229' title='bbox 3110 1604 3317 1661; x_wconf 84' lang='lat' dir='ltr'>faciens</span> <span class='ocrx_word' id='word_1_230' title='bbox 3344 1615 3427 1661; x_wconf 91' lang='lat' dir='ltr'>est</span> <span class='ocrx_word' id='word_1_231' title='bbox 3481 1606 3811 1665; x_wconf 86' lang='lat' dir='ltr'>misericor-</span> 
     </span>
    </p>
   </div>
   <div class='ocr_carea' id='block_1_31' title="bbox 2196 1687 3813 1753">
    <p class='ocr_par' dir='ltr' id='par_1_31' title="bbox 2196 1687 3813 1753">
     <span class='ocr_line' id='line_1_31' title="bbox 2196 1687 3813 1753; baseline 0.008 -13"><span class='ocrx_word' id='word_1_232' title='bbox 2196 1687 2314 1742; x_wconf 88' lang='lat' dir='ltr'>dias</span> <span class='ocrx_word' id='word_1_233' title='bbox 2348 1706 2361 1743; x_wconf 90' lang='lat'><strong>:</strong></span> <span class='ocrx_word' id='word_1_234' title='bbox 2396 1699 2781 1746; x_wconf 84' lang='lat' dir='ltr'>verumtamen</span> <span class='ocrx_word' id='word_1_235' title='bbox 2810 1708 2922 1746; x_wconf 89' lang='lat' dir='ltr'>non</span> <span class='ocrx_word' id='word_1_236' title='bbox 2972 1693 3075 1748; x_wconf 91' lang='lat' dir='ltr'>nisi</span> <span class='ocrx_word' id='word_1_237' title='bbox 3132 1693 3459 1750; x_wconf 85' lang='lat' dir='ltr'>facientibus</span> <span class='ocrx_word' id='word_1_238' title='bbox 3486 1697 3813 1753; x_wconf 87' lang='lat' dir='ltr'>misericor-</span> 
     </span>
    </p>
   </div>
   <div class='ocr_carea' id='block_1_32' title="bbox 2197 1776 3812 1858">
    <p class='ocr_par' dir='ltr' id='par_1_32' title="bbox 2197 1776 3812 1858">
     <span class='ocr_line' id='line_1_32' title="bbox 2197 1776 3812 1858; baseline 0.007 -27"><span class='ocrx_word' id='word_1_239' title='bbox 2197 1776 2339 1833; x_wconf 88' lang='lat' dir='ltr'>dias.</span> <span class='ocrx_word' id='word_1_240' title='bbox 2380 1801 2402 1828; x_wconf 75' lang='grc' dir='ltr'>ι</span> <span class='ocrx_word' id='word_1_241' title='bbox 2437 1779 2588 1834; x_wconf 89' lang='lat' dir='ltr'>Beati</span> <span class='ocrx_word' id='word_1_242' title='bbox 2618 1781 2761 1835; x_wconf 90' lang='lat' dir='ltr'>cnim</span> <span class='ocrx_word' id='word_1_243' title='bbox 2796 1781 3200 1847; x_wconf 88' lang='lat' dir='ltr'>misericordes,</span> <span class='ocrx_word' id='word_1_244' title='bbox 3226 1784 3474 1855; x_wconf 84' lang='lat' dir='ltr'>quoniam</span> <span class='ocrx_word' id='word_1_245' title='bbox 3505 1785 3610 1858; x_wconf 88' lang='lat' dir='ltr'>ipsi</span> <span class='ocrx_word' id='word_1_246' title='bbox 3630 1787 3812 1843; x_wconf 83' lang='lat' dir='ltr'>mise-</span> 
     </span>
    </p>
   </div>
   <div class='ocr_carea' id='block_1_33' title="bbox 475 1862 3810 1951">
    <p class='ocr_par' dir='ltr' id='par_1_33' title="bbox 475 1862 3810 1951">
     <span class='ocr_line' id='line_1_33' title="bbox 475 1862 3810 1951; baseline 0.002 -20"><span class='ocrx_word' id='word_1_247' title='bbox 475 1892 631 1950; x_wconf 89' lang='lat' dir='ltr'>quar,</span> <span class='ocrx_word' id='word_1_248' title='bbox 656 1876 757 1932; x_wconf 90' lang='lat' dir='ltr'>sed</span> <span class='ocrx_word' id='word_1_249' title='bbox 794 1884 888 1931; x_wconf 91' lang='lat' dir='ltr'>tua</span> <span class='ocrx_word' id='word_1_250' title='bbox 940 1877 1156 1950; x_wconf 89' lang='lat' dir='ltr'>loquar,</span> <span class='ocrx_word' id='word_1_251' title='bbox 1200 1878 1325 1949; x_wconf 89' lang='lat' dir='ltr'>quia</span> <span class='ocrx_word' id='word_1_252' title='bbox 1367 1879 1653 1933; x_wconf 87' lang='lat' dir='ltr'>veritatem</span> <span class='ocrx_word' id='word_1_253' title='bbox 1702 1885 1848 1932; x_wconf 90' lang='lat' dir='ltr'>tuam</span> <span class='ocrx_word' id='word_1_254' title='bbox 1880 1892 2090 1931; x_wconf 88' lang='lat' dir='ltr'>annun-</span> <span class='ocrx_word' id='word_1_255' title='bbox 2121 1867 2173 1927; x_wconf 87' lang='grc' dir='ltr'>Β</span> <span class='ocrx_word' id='word_1_256' title='bbox 2205 1875 2499 1931; x_wconf 81' lang='lat' dir='ltr'>iicordiam</span> <span class='ocrx_word' id='word_1_257' title='bbox 2558 1888 2963 1950; x_wconf 89' lang='lat' dir='ltr'>consequentur</span> <span class='ocrx_word' id='word_1_258' title='bbox 3019 1862 3240 1951; x_wconf 59' lang='lat' dir='ltr'>(Matth.</span> <span class='ocrx_word' id='word_1_259' title='bbox 3273 1880 3348 1951; x_wconf 88' lang='lat' dir='ltr'>v).</span> <span class='ocrx_word' id='word_1_260' title='bbox 3410 1880 3582 1950; x_wconf 87' lang='lat' dir='ltr'>Quem</span> <span class='ocrx_word' id='word_1_261' title='bbox 3613 1891 3810 1939; x_wconf 89' lang='lat' dir='ltr'>autem</span> 
     </span>
    </p>
   </div>
   <div class='ocr_carea' id='block_1_34' title="bbox 477 1965 2093 2039">
    <p class='ocr_par' dir='ltr' id='par_1_34' title="bbox 477 1965 2093 2039">
     <span class='ocr_line' id='line_1_34' title="bbox 477 1965 2093 2039; baseline -0.001 -17"><span class='ocrx_word' id='word_1_262' title='bbox 477 1965 625 2022; x_wconf 91' lang='lat' dir='ltr'>tiabo</span> <span class='ocrx_word' id='word_1_263' title='bbox 654 1966 709 2022; x_wconf 94' lang='lat' dir='ltr'>in</span> <span class='ocrx_word' id='word_1_264' title='bbox 741 1980 839 2022; x_wconf 89' lang='lat' dir='ltr'>ore</span> <span class='ocrx_word' id='word_1_265' title='bbox 869 1982 1014 2023; x_wconf 90' lang='lat' dir='ltr'>meo.</span> <span class='ocrx_word' id='word_1_266' title='bbox 1039 1966 1094 2022; x_wconf 92' lang='lat' dir='ltr'>Si</span> <span class='ocrx_word' id='word_1_267' title='bbox 1125 1967 1270 2022; x_wconf 87' lang='lat' dir='ltr'>enim</span> <span class='ocrx_word' id='word_1_268' title='bbox 1303 1983 1411 2022; x_wconf 91' lang='lat' dir='ltr'>non</span> <span class='ocrx_word' id='word_1_269' title='bbox 1446 1968 1743 2039; x_wconf 89' lang='lat' dir='ltr'>obsequor,</span> <span class='ocrx_word' id='word_1_270' title='bbox 1777 1982 1968 2022; x_wconf 89' lang='lat' dir='ltr'>servus</span> <span class='ocrx_word' id='word_1_271' title='bbox 1985 1981 2093 2021; x_wconf 88' lang='lat' dir='ltr'>non</span> 
     </span>
    </p>
   </div>
   <div class='ocr_carea' id='block_1_35' title="bbox 475 2063 2092 2137">
    <p class='ocr_par' dir='ltr' id='par_1_35' title="bbox 475 2063 2092 2137">
     <span class='ocr_line' id='line_1_35' title="bbox 475 2063 2092 2137; baseline -0.001 -18"><span class='ocrx_word' id='word_1_272' title='bbox 475 2078 640 2131; x_wconf 87' lang='lat' dir='ltr'>sum;</span> <span class='ocrx_word' id='word_1_273' title='bbox 672 2070 727 2119; x_wconf 92' lang='lat' dir='ltr'>et</span> <span class='ocrx_word' id='word_1_274' title='bbox 755 2063 802 2119; x_wconf 91' lang='lat' dir='ltr'>si</span> <span class='ocrx_word' id='word_1_275' title='bbox 834 2080 956 2120; x_wconf 90' lang='lat' dir='ltr'>mea</span> <span class='ocrx_word' id='word_1_276' title='bbox 986 2064 1202 2137; x_wconf 89' lang='lat' dir='ltr'>loquor,</span> <span class='ocrx_word' id='word_1_277' title='bbox 1260 2065 1495 2120; x_wconf 85' lang='lat' dir='ltr'>mendax</span> <span class='ocrx_word' id='word_1_278' title='bbox 1540 2081 1685 2120; x_wconf 89' lang='lat' dir='ltr'>sum.</span> <span class='ocrx_word' id='word_1_279' title='bbox 1731 2064 1972 2135; x_wconf 88' lang='lat' dir='ltr'>Ideoque</span> <span class='ocrx_word' id='word_1_280' title='bbox 2029 2071 2092 2117; x_wconf 93' lang='lat' dir='ltr'>ut</span> 
     </span>
    </p>
   </div>
   <div class='ocr_carea' id='block_1_36' title="bbox 474 2152 2096 2227">
    <p class='ocr_par' dir='ltr' id='par_1_36' title="bbox 474 2152 2096 2227">
     <span class='ocr_line' id='line_1_36' title="bbox 474 2152 2096 2227; baseline -0.002 -17"><span class='ocrx_word' id='word_1_281' title='bbox 474 2157 583 2226; x_wconf 80' lang='lat' dir='ltr'>ego</span> <span class='ocrx_word' id='word_1_282' title='bbox 614 2152 830 2227; x_wconf 88' lang='lat' dir='ltr'>loquar.</span> <span class='ocrx_word' id='word_1_283' title='bbox 856 2161 913 2209; x_wconf 89' lang='lat' dir='ltr'>et</span> <span class='ocrx_word' id='word_1_284' title='bbox 943 2163 1035 2209; x_wconf 92' lang='lat' dir='ltr'>tua</span> <span class='ocrx_word' id='word_1_285' title='bbox 1061 2153 1279 2227; x_wconf 88' lang='lat' dir='ltr'>loquar,</span> <span class='ocrx_word' id='word_1_286' title='bbox 1310 2155 1417 2210; x_wconf 93' lang='lat' dir='ltr'>duo</span> <span class='ocrx_word' id='word_1_287' title='bbox 1445 2154 1693 2225; x_wconf 71' lang='lat' dir='ltr'>quazdam</span> <span class='ocrx_word' id='word_1_288' title='bbox 1724 2162 1848 2208; x_wconf 90' lang='lat' dir='ltr'>sunt</span> <span class='ocrx_word' id='word_1_289' title='bbox 1882 2171 1895 2207; x_wconf 90' lang='lat'>:</span> <span class='ocrx_word' id='word_1_290' title='bbox 1929 2168 2096 2207; x_wconf 89' lang='lat' dir='ltr'>unum</span> 
     </span>
    </p>
   </div>
   <div class='ocr_carea' id='block_1_37' title="bbox 477 2242 2090 2315">
    <p class='ocr_par' dir='ltr' id='par_1_37' title="bbox 477 2242 2090 2315">
     <span class='ocr_line' id='line_1_37' title="bbox 477 2242 2090 2315; baseline -0.002 -17"><span class='ocrx_word' id='word_1_291' title='bbox 477 2258 685 2310; x_wconf 90' lang='lat' dir='ltr'>meum,</span> <span class='ocrx_word' id='word_1_292' title='bbox 718 2242 945 2298; x_wconf 91' lang='lat' dir='ltr'>alterum</span> <span class='ocrx_word' id='word_1_293' title='bbox 976 2251 1125 2298; x_wconf 91' lang='lat' dir='ltr'>tuum</span> <span class='ocrx_word' id='word_1_294' title='bbox 1152 2262 1164 2308; x_wconf 93' lang='lat'><strong>;</strong></span> <span class='ocrx_word' id='word_1_295' title='bbox 1189 2243 1393 2299; x_wconf 89' lang='lat' dir='ltr'>veritas</span> <span class='ocrx_word' id='word_1_296' title='bbox 1418 2244 1635 2315; x_wconf 84' lang='lat' dir='ltr'>quidem</span> <span class='ocrx_word' id='word_1_297' title='bbox 1665 2252 1775 2310; x_wconf 89' lang='lat' dir='ltr'>tua,</span> <span class='ocrx_word' id='word_1_298' title='bbox 1805 2259 1866 2298; x_wconf 92' lang='lat' dir='ltr'>os</span> <span class='ocrx_word' id='word_1_299' title='bbox 1886 2259 2090 2312; x_wconf 87' lang='lat' dir='ltr'>meum,</span> 
     </span>
    </p>
   </div>
   <div class='ocr_carea' id='block_1_38' title="bbox 477 2338 2093 2406">
    <p class='ocr_par' dir='ltr' id='par_1_38' title="bbox 477 2338 2093 2406">
     <span class='ocr_line' id='line_1_38' title="bbox 477 2338 2093 2406; baseline -0.002 -8"><span class='ocrx_word' id='word_1_300' title='bbox 477 2348 532 2398; x_wconf 89' lang='lat' dir='ltr'>et</span> <span class='ocrx_word' id='word_1_301' title='bbox 556 2339 685 2396; x_wconf 89' lang='lat' dir='ltr'>ideo</span> <span class='ocrx_word' id='word_1_302' title='bbox 722 2341 1009 2396; x_wconf 87' lang='lat' dir='ltr'>veritatem</span> <span class='ocrx_word' id='word_1_303' title='bbox 1040 2349 1185 2396; x_wconf 90' lang='lat' dir='ltr'>tuam</span> <span class='ocrx_word' id='word_1_304' title='bbox 1217 2341 1553 2396; x_wconf 84' lang='lat' dir='ltr'>annuntiabo</span> <span class='ocrx_word' id='word_1_305' title='bbox 1583 2340 1638 2395; x_wconf 92' lang='lat' dir='ltr'>in</span> <span class='ocrx_word' id='word_1_306' title='bbox 1670 2355 1763 2395; x_wconf 89' lang='lat' dir='ltr'>ore</span> <span class='ocrx_word' id='word_1_307' title='bbox 1784 2355 1928 2406; x_wconf 92' lang='lat' dir='ltr'>meo,</span> <span class='ocrx_word' id='word_1_308' title='bbox 1954 2338 2093 2394; x_wconf 92' lang='lat' dir='ltr'>veri-</span> 
     </span>
    </p>
   </div>
   <div class='ocr_carea' id='block_1_39' title="bbox 476 2428 2092 2504">
    <p class='ocr_par' dir='ltr' id='par_1_39' title="bbox 476 2428 2092 2504">
     <span class='ocr_line' id='line_1_39' title="bbox 476 2428 2092 2504; baseline -0.002 -18"><span class='ocrx_word' id='word_1_309' title='bbox 476 2435 646 2486; x_wconf 85' lang='lat' dir='ltr'>tatem</span> <span class='ocrx_word' id='word_1_310' title='bbox 679 2428 805 2487; x_wconf 90' lang='lat' dir='ltr'>dico</span> <span class='ocrx_word' id='word_1_311' title='bbox 836 2430 1237 2504; x_wconf 90' lang='lat' dir='ltr'>pertingentem</span> <span class='ocrx_word' id='word_1_312' title='bbox 1262 2430 1314 2484; x_wconf 88' lang='lat' dir='ltr'>in</span> <span class='ocrx_word' id='word_1_313' title='bbox 1339 2430 1753 2502; x_wconf 81' lang='lat' dir='ltr'>generationem</span> <span class='ocrx_word' id='word_1_314' title='bbox 1777 2437 1830 2484; x_wconf 88' lang='lat' dir='ltr'>et</span> <span class='ocrx_word' id='word_1_315' title='bbox 1858 2443 2092 2498; x_wconf 82' lang='lat' dir='ltr'>genera-</span> 
     </span>
    </p>
   </div>
   <div class='ocr_carea' id='block_1_40' title="bbox 481 2518 2087 2584">
    <p class='ocr_par' dir='ltr' id='par_1_40' title="bbox 481 2518 2087 2584">
     <span class='ocr_line' id='line_1_40' title="bbox 481 2518 2087 2584; baseline -0.001 -11"><span class='ocrx_word' id='word_1_316' title='bbox 481 2518 707 2584; x_wconf 86' lang='lat' dir='ltr'>tionem,</span> <span class='ocrx_word' id='word_1_317' title='bbox 752 2518 806 2573; x_wconf 93' lang='lat' dir='ltr'>id</span> <span class='ocrx_word' id='word_1_318' title='bbox 859 2528 943 2575; x_wconf 87' lang='lat' dir='ltr'>est</span> <span class='ocrx_word' id='word_1_319' title='bbox 982 2520 1036 2574; x_wconf 90' lang='lat' dir='ltr'>in</span> <span class='ocrx_word' id='word_1_320' title='bbox 1094 2528 1383 2583; x_wconf 62' lang='lat' dir='ltr'>asternum,</span> <span class='ocrx_word' id='word_1_321' title='bbox 1426 2520 1566 2575; x_wconf 89' lang='lat' dir='ltr'>sicut</span> <span class='ocrx_word' id='word_1_322' title='bbox 1597 2530 1647 2575; x_wconf 86' lang='lat' dir='ltr'>et</span> <span class='ocrx_word' id='word_1_323' title='bbox 1689 2518 2087 2573; x_wconf 89' lang='lat' dir='ltr'>misericordia.</span> 
     </span>
    </p>
   </div>
   <div class='ocr_carea' id='block_1_41' title="bbox 475 2614 2087 2689">
    <p class='ocr_par' dir='ltr' id='par_1_41' title="bbox 475 2614 2087 2689">
     <span class='ocr_line' id='line_1_41' title="bbox 475 2614 2087 2689; baseline -0.001 -17"><span class='ocrx_word' id='word_1_324' title='bbox 475 2614 630 2687; x_wconf 85' lang='lat' dir='ltr'>Quas</span> <span class='ocrx_word' id='word_1_325' title='bbox 663 2626 851 2674; x_wconf 89' lang='lat' dir='ltr'>autem</span> <span class='ocrx_word' id='word_1_326' title='bbox 886 2617 1290 2675; x_wconf 90' lang='lat' dir='ltr'>misericOrdias</span> <span class='ocrx_word' id='word_1_327' title='bbox 1311 2623 1511 2684; x_wconf 86' lang='lat' dir='ltr'>cantet,</span> <span class='ocrx_word' id='word_1_328' title='bbox 1532 2627 1581 2673; x_wconf 93' lang='lat' dir='ltr'>et</span> <span class='ocrx_word' id='word_1_329' title='bbox 1613 2633 1775 2689; x_wconf 89' lang='lat' dir='ltr'>quam</span> <span class='ocrx_word' id='word_1_330' title='bbox 1806 2616 2087 2672; x_wconf 88' lang='lat' dir='ltr'>veritatem</span> 
     </span>
    </p>
   </div>
   <div class='ocr_carea' id='block_1_42' title="bbox 475 2705 2080 2777">
    <p class='ocr_par' dir='ltr' id='par_1_42' title="bbox 475 2705 2080 2777">
     <span class='ocr_line' id='line_1_42' title="bbox 475 2705 2080 2777; baseline -0.004 -12"><span class='ocrx_word' id='word_1_331' title='bbox 475 2705 753 2765; x_wconf 79' lang='lat' dir='ltr'>annuntiet</span> <span class='ocrx_word' id='word_1_332' title='bbox 782 2707 1080 2763; x_wconf 88' lang='lat' dir='ltr'>videamus.</span> <span class='ocrx_word' id='word_1_333' title='bbox 1108 2729 1131 2754; x_wconf 77' lang='grc' dir='ltr'>α</span> <span class='ocrx_word' id='word_1_334' title='bbox 1183 2706 1453 2777; x_wconf 88' lang='lat' dir='ltr'>Quoniam</span> <span class='ocrx_word' id='word_1_335' title='bbox 1485 2707 1671 2762; x_wconf 75' lang='lat' dir='ltr'>dixisti</span> <span class='ocrx_word' id='word_1_336' title='bbox 1708 2706 1763 2761; x_wconf 92' lang='lat' dir='ltr'>in</span> <span class='ocrx_word' id='word_1_337' title='bbox 1795 2715 2080 2773; x_wconf 76' lang='lat' dir='ltr'>aeternum,</span> 
     </span>
    </p>
   </div>
   <div class='ocr_carea' id='block_1_43' title="bbox 474 2794 2085 2867">
    <p class='ocr_par' dir='ltr' id='par_1_43' title="bbox 474 2794 2085 2867">
     <span class='ocr_line' id='line_1_43' title="bbox 474 2794 2085 2867; baseline 0 -16"><span class='ocrx_word' id='word_1_338' title='bbox 474 2794 852 2852; x_wconf 85' lang='lat' dir='ltr'>misericordia</span> <span class='ocrx_word' id='word_1_339' title='bbox 877 2794 1241 2853; x_wconf 68' lang='lat' dir='ltr'>mdiﬂcabitur</span> <span class='ocrx_word' id='word_1_340' title='bbox 1270 2796 1324 2851; x_wconf 89' lang='lat' dir='ltr'>in</span> <span class='ocrx_word' id='word_1_341' title='bbox 1352 2796 1525 2865; x_wconf 71' lang='lat' dir='ltr'>cmlis,</span> <span class='ocrx_word' id='word_1_342' title='bbox 1572 2796 1966 2867; x_wconf 74' lang='lat' dir='ltr'>praeparabitur</span> <span class='ocrx_word' id='word_1_343' title='bbox 1987 2811 2085 2851; x_wconf 87' lang='lat' dir='ltr'>ve-</span> 
     </span>
    </p>
   </div>
   <div class='ocr_carea' id='block_1_44' title="bbox 475 2890 2086 2964">
    <p class='ocr_par' dir='ltr' id='par_1_44' title="bbox 475 2890 2086 2964">
     <span class='ocr_line' id='line_1_44' title="bbox 475 2890 2086 2964; baseline 0.001 -18"><span class='ocrx_word' id='word_1_344' title='bbox 475 2890 604 2947; x_wconf 84' lang='lat' dir='ltr'>ritas</span> <span class='ocrx_word' id='word_1_345' title='bbox 649 2900 744 2946; x_wconf 90' lang='lat' dir='ltr'>tua</span> <span class='ocrx_word' id='word_1_346' title='bbox 792 2891 847 2945; x_wconf 89' lang='lat' dir='ltr'>in</span> <span class='ocrx_word' id='word_1_347' title='bbox 878 2890 957 2947; x_wconf 86' lang='lat' dir='ltr'>eis</span> <span class='ocrx_word' id='word_1_348' title='bbox 1013 2892 1259 2962; x_wconf 75' lang='lat' dir='ltr'>(ibid.).-</span> <span class='ocrx_word' id='word_1_349' title='bbox 1307 2891 1552 2964; x_wconf 91' lang='lat' dir='ltr'>Ideoque</span> <span class='ocrx_word' id='word_1_350' title='bbox 1611 2907 1803 2947; x_wconf 90' lang='lat' dir='ltr'>secure</span> <span class='ocrx_word' id='word_1_351' title='bbox 1853 2891 2086 2948; x_wconf 89' lang='lat' dir='ltr'>cantabo</span> 
     </span>
    </p>
   </div>
   <div class='ocr_carea' id='block_1_45' title="bbox 476 2980 2081 3049">
    <p class='ocr_par' dir='ltr' id='par_1_45' title="bbox 476 2980 2081 3049">
     <span class='ocr_line' id='line_1_45' title="bbox 476 2980 2081 3049; baseline -0.001 -12"><span class='ocrx_word' id='word_1_352' title='bbox 476 2980 889 3037; x_wconf 85' lang='lat' dir='ltr'>misericordias</span> <span class='ocrx_word' id='word_1_353' title='bbox 928 2989 1070 3049; x_wconf 88' lang='lat' dir='ltr'>tuas,</span> <span class='ocrx_word' id='word_1_354' title='bbox 1112 2989 1169 3036; x_wconf 93' lang='lat' dir='ltr'>et</span> <span class='ocrx_word' id='word_1_355' title='bbox 1220 2982 1553 3037; x_wconf 89' lang='lat' dir='ltr'>annuntiabo</span> <span class='ocrx_word' id='word_1_356' title='bbox 1591 2981 1870 3037; x_wconf 89' lang='lat' dir='ltr'>veritatem</span> <span class='ocrx_word' id='word_1_357' title='bbox 1914 2990 2081 3045; x_wconf 88' lang='lat' dir='ltr'>tuam,</span> 
     </span>
    </p>
   </div>
   <div class='ocr_carea' id='block_1_46' title="bbox 474 3067 2089 3142">
    <p class='ocr_par' dir='ltr' id='par_1_46' title="bbox 474 3067 2089 3142">
     <span class='ocr_line' id='line_1_46' title="bbox 474 3067 2089 3142; baseline 0.001 -18"><span class='ocrx_word' id='word_1_358' title='bbox 474 3067 733 3142; x_wconf 90' lang='lat' dir='ltr'>quoniam</span> <span class='ocrx_word' id='word_1_359' title='bbox 766 3077 821 3125; x_wconf 94' lang='lat' dir='ltr'>tu</span> <span class='ocrx_word' id='word_1_360' title='bbox 852 3069 939 3142; x_wconf 90' lang='lat' dir='ltr'>qui</span> <span class='ocrx_word' id='word_1_361' title='bbox 972 3085 1076 3127; x_wconf 91' lang='lat' dir='ltr'>nec</span> <span class='ocrx_word' id='word_1_362' title='bbox 1107 3068 1252 3125; x_wconf 79' lang='lat' dir='ltr'>fallis</span> <span class='ocrx_word' id='word_1_363' title='bbox 1312 3086 1416 3126; x_wconf 90' lang='lat' dir='ltr'>nec</span> <span class='ocrx_word' id='word_1_364' title='bbox 1445 3069 1651 3125; x_wconf 88' lang='lat' dir='ltr'>falleris</span> <span class='ocrx_word' id='word_1_365' title='bbox 1680 3070 1882 3135; x_wconf 85' lang='lat' dir='ltr'>dixisti,</span> <span class='ocrx_word' id='word_1_366' title='bbox 1914 3069 1967 3124; x_wconf 90' lang='lat' dir='ltr'>id</span> <span class='ocrx_word' id='word_1_367' title='bbox 2000 3079 2089 3126; x_wconf 90' lang='lat' dir='ltr'>est</span> 
     </span>
    </p>
   </div>
   <div class='ocr_carea' id='block_1_47' title="bbox 474 3166 2081 3239">
    <p class='ocr_par' dir='ltr' id='par_1_47' title="bbox 474 3166 2081 3239">
     <span class='ocr_line' id='line_1_47' title="bbox 474 3166 2081 3239; baseline -0.002 -15"><span class='ocrx_word' id='word_1_368' title='bbox 474 3166 772 3239; x_wconf 87' lang='lat' dir='ltr'>permisisti</span> <span class='ocrx_word' id='word_1_369' title='bbox 802 3167 1239 3224; x_wconf 89' lang='lat' dir='ltr'>misericordiam</span> <span class='ocrx_word' id='word_1_370' title='bbox 1271 3176 1329 3224; x_wconf 92' lang='lat' dir='ltr'>et</span> <span class='ocrx_word' id='word_1_371' title='bbox 1358 3167 1664 3234; x_wconf 87' lang='lat' dir='ltr'>veritatem,</span> <span class='ocrx_word' id='word_1_372' title='bbox 1699 3168 1892 3223; x_wconf 85' lang='lat' dir='ltr'>dicens</span> <span class='ocrx_word' id='word_1_373' title='bbox 1923 3167 1996 3221; x_wconf 91' lang='lat' dir='ltr'>ita</span> <span class='ocrx_word' id='word_1_374' title='bbox 2026 3166 2081 3221; x_wconf 93' lang='lat' dir='ltr'>in</span> 
     </span>
    </p>
   </div>
   <div class='ocr_carea' id='block_1_48' title="bbox 472 3229 2164 3328">
    <p class='ocr_par' dir='ltr' id='par_1_48' title="bbox 472 3229 2164 3328">
     <span class='ocr_line' id='line_1_48' title="bbox 472 3229 2164 3328; baseline 0 -17"><span class='ocrx_word' id='word_1_375' title='bbox 472 3229 833 3328; x_wconf 74' lang='lat' dir='ltr'>dispositione</span> <span class='ocrx_word' id='word_1_376' title='bbox 870 3264 990 3312; x_wconf 87' lang='lat' dir='ltr'>tua.</span> <span class='ocrx_word' id='word_1_377' title='bbox 1038 3257 1438 3322; x_wconf 86' lang='lat' dir='ltr'>Misericordia,</span> <span class='ocrx_word' id='word_1_378' title='bbox 1481 3257 1535 3312; x_wconf 92' lang='lat' dir='ltr'>id</span> <span class='ocrx_word' id='word_1_379' title='bbox 1578 3229 1661 3312; x_wconf 85' lang='lat' dir='ltr'>est</span> <span class='ocrx_word' id='word_1_380' title='bbox 1684 3257 1961 3327; x_wconf 83' lang='lat' dir='ltr'>reparatio</span> <span class='ocrx_word' id='word_1_381' title='bbox 1999 3256 2085 3311; x_wconf 80' lang='lat' dir='ltr'>fu-</span> <span class='ocrx_word' id='word_1_382' title='bbox 2116 3229 2164 3292; x_wconf 70' lang='grc' dir='ltr'>Ο</span> 
     </span>
    </p>
   </div>
   <div class='ocr_carea' id='block_1_49' title="bbox 476 3343 2097 3418">
    <p class='ocr_par' dir='ltr' id='par_1_49' title="bbox 476 3343 2097 3418">
     <span class='ocr_line' id='line_1_49' title="bbox 476 3343 2097 3418; baseline -0.003 -17"><span class='ocrx_word' id='word_1_383' title='bbox 476 3352 618 3414; x_wconf 86' lang='lat' dir='ltr'>tura,</span> <span class='ocrx_word' id='word_1_384' title='bbox 640 3343 1000 3403; x_wconf 62' lang='lat' dir='ltr'>mdiﬁcabitur</span> <span class='ocrx_word' id='word_1_385' title='bbox 1030 3362 1131 3418; x_wconf 92' lang='lat' dir='ltr'>per</span> <span class='ocrx_word' id='word_1_386' title='bbox 1159 3347 1416 3418; x_wconf 75' lang='lat' dir='ltr'>gratiam,</span> <span class='ocrx_word' id='word_1_387' title='bbox 1448 3345 1502 3401; x_wconf 89' lang='lat' dir='ltr'>id</span> <span class='ocrx_word' id='word_1_388' title='bbox 1525 3355 1607 3402; x_wconf 90' lang='lat' dir='ltr'>est</span> <span class='ocrx_word' id='word_1_389' title='bbox 1639 3346 1957 3417; x_wconf 84' lang='lat' dir='ltr'>perﬁcietur</span> <span class='ocrx_word' id='word_1_390' title='bbox 1977 3361 2097 3417; x_wconf 88' lang='lat' dir='ltr'>per-</span> 
     </span>
    </p>
   </div>
   <div class='ocr_carea' id='block_1_50' title="bbox 484 3442 2095 3519">
    <p class='ocr_par' dir='ltr' id='par_1_50' title="bbox 484 3442 2095 3519">
     <span class='ocr_line' id='line_1_50' title="bbox 484 3442 2095 3519; baseline 0 -20"><span class='ocrx_word' id='word_1_391' title='bbox 484 3442 709 3519; x_wconf 86' lang='lat' dir='ltr'>tingens</span> <span class='ocrx_word' id='word_1_392' title='bbox 737 3445 794 3499; x_wconf 88' lang='lat' dir='ltr'>in</span> <span class='ocrx_word' id='word_1_393' title='bbox 823 3451 1112 3513; x_wconf 74' lang='lat' dir='ltr'>aeternum,</span> <span class='ocrx_word' id='word_1_394' title='bbox 1142 3445 1249 3502; x_wconf 87' lang='lat' dir='ltr'>hoc</span> <span class='ocrx_word' id='word_1_395' title='bbox 1275 3453 1355 3501; x_wconf 91' lang='lat' dir='ltr'>est</span> <span class='ocrx_word' id='word_1_396' title='bbox 1389 3445 1514 3501; x_wconf 89' lang='lat' dir='ltr'>:Sic</span> <span class='ocrx_word' id='word_1_397' title='bbox 1542 3443 1755 3501; x_wconf 69' lang='lat' dir='ltr'>aedifico</span> <span class='ocrx_word' id='word_1_398' title='bbox 1784 3452 1841 3499; x_wconf 92' lang='lat' dir='ltr'>ut</span> <span class='ocrx_word' id='word_1_399' title='bbox 1870 3459 1978 3498; x_wconf 90' lang='lat' dir='ltr'>non</span> <span class='ocrx_word' id='word_1_400' title='bbox 1999 3444 2095 3499; x_wconf 91' lang='lat' dir='ltr'>de-</span> 
     </span>
    </p>
   </div>
   <div class='ocr_carea' id='block_1_51' title="bbox 479 3533 2095 3606">
    <p class='ocr_par' dir='ltr' id='par_1_51' title="bbox 479 3533 2095 3606">
     <span class='ocr_line' id='line_1_51' title="bbox 479 3533 2095 3606; baseline -0.001 -17"><span class='ocrx_word' id='word_1_401' title='bbox 479 3540 709 3589; x_wconf 89' lang='lat' dir='ltr'>struam.</span> <span class='ocrx_word' id='word_1_402' title='bbox 748 3535 817 3590; x_wconf 88' lang='lat' dir='ltr'>Et</span> <span class='ocrx_word' id='word_1_403' title='bbox 847 3551 975 3591; x_wconf 87' lang='lat' dir='ltr'>vere</span> <span class='ocrx_word' id='word_1_404' title='bbox 1006 3534 1078 3589; x_wconf 92' lang='lat' dir='ltr'>ita</span> <span class='ocrx_word' id='word_1_405' title='bbox 1116 3535 1241 3601; x_wconf 89' lang='lat' dir='ltr'>erit,</span> <span class='ocrx_word' id='word_1_406' title='bbox 1273 3535 1400 3606; x_wconf 90' lang='lat' dir='ltr'>quia</span> <span class='ocrx_word' id='word_1_407' title='bbox 1429 3534 1484 3589; x_wconf 92' lang='lat' dir='ltr'>in</span> <span class='ocrx_word' id='word_1_408' title='bbox 1516 3534 1626 3589; x_wconf 87' lang='lat' dir='ltr'>illis</span> <span class='ocrx_word' id='word_1_409' title='bbox 1656 3551 1753 3605; x_wconf 92' lang='lat' dir='ltr'>per</span> <span class='ocrx_word' id='word_1_410' title='bbox 1779 3533 2095 3589; x_wconf 78' lang='lat' dir='ltr'>misericor‘</span> 
     </span>
    </p>
   </div>
   <div class='ocr_carea' id='block_1_52' title="bbox 474 3622 2092 3696">
    <p class='ocr_par' dir='ltr' id='par_1_52' title="bbox 474 3622 2092 3696">
     <span class='ocr_line' id='line_1_52' title="bbox 474 3622 2092 3696; baseline -0.001 -17"><span class='ocrx_word' id='word_1_411' title='bbox 474 3622 618 3679; x_wconf 89' lang='lat' dir='ltr'>diam</span> <span class='ocrx_word' id='word_1_412' title='bbox 643 3623 913 3696; x_wconf 85' lang='lat' dir='ltr'>reparatis</span> <span class='ocrx_word' id='word_1_413' title='bbox 944 3623 1099 3681; x_wconf 87' lang='lat' dir='ltr'>factis</span> <span class='ocrx_word' id='word_1_414' title='bbox 1111 3626 1311 3681; x_wconf 75' lang='lat' dir='ltr'>coelum</span> <span class='ocrx_word' id='word_1_415' title='bbox 1332 3624 1747 3696; x_wconf 69' lang='lat' dir='ltr'>prmparabitur,</span> <span class='ocrx_word' id='word_1_416' title='bbox 1780 3625 1885 3679; x_wconf 91' lang='lat' dir='ltr'>hoc</span> <span class='ocrx_word' id='word_1_417' title='bbox 1902 3632 1986 3679; x_wconf 90' lang='lat' dir='ltr'>est</span> <span class='ocrx_word' id='word_1_418' title='bbox 2006 3639 2092 3678; x_wconf 83' lang='lat' dir='ltr'>ex-</span> 
     </span>
    </p>
   </div>
   <div class='ocr_carea' id='block_1_53' title="bbox 473 3720 2082 3794">
    <p class='ocr_par' dir='ltr' id='par_1_53' title="bbox 473 3720 2082 3794">
     <span class='ocr_line' id='line_1_53' title="bbox 473 3720 2082 3794; baseline -0.002 -16"><span class='ocrx_word' id='word_1_419' title='bbox 473 3720 751 3778; x_wconf 88' lang='lat' dir='ltr'>hibebitur</span> <span class='ocrx_word' id='word_1_420' title='bbox 774 3722 901 3778; x_wconf 86' lang='lat' dir='ltr'>aliis</span> <span class='ocrx_word' id='word_1_421' title='bbox 931 3730 989 3778; x_wconf 93' lang='lat' dir='ltr'>ut</span> <span class='ocrx_word' id='word_1_422' title='bbox 1018 3738 1128 3778; x_wconf 90' lang='lat' dir='ltr'>non</span> <span class='ocrx_word' id='word_1_423' title='bbox 1165 3722 1484 3793; x_wconf 90' lang='lat' dir='ltr'>desperent,</span> <span class='ocrx_word' id='word_1_424' title='bbox 1528 3722 1625 3777; x_wconf 91' lang='lat' dir='ltr'>sed</span> <span class='ocrx_word' id='word_1_425' title='bbox 1668 3729 1895 3793; x_wconf 88' lang='lat' dir='ltr'>sperent</span> <span class='ocrx_word' id='word_1_426' title='bbox 1934 3721 2082 3794; x_wconf 91' lang='lat' dir='ltr'>quod</span> 
     </span>
    </p>
   </div>
   <div class='ocr_carea' id='block_1_54' title="bbox 474 3811 2087 3882">
    <p class='ocr_par' dir='ltr' id='par_1_54' title="bbox 474 3811 2087 3882">
     <span class='ocr_line' id='line_1_54' title="bbox 474 3811 2087 3882; baseline -0.001 -16"><span class='ocrx_word' id='word_1_427' title='bbox 474 3811 681 3867; x_wconf 89' lang='lat' dir='ltr'>veritas</span> <span class='ocrx_word' id='word_1_428' title='bbox 710 3820 816 3880; x_wconf 92' lang='lat' dir='ltr'>tua,</span> <span class='ocrx_word' id='word_1_429' title='bbox 866 3812 918 3866; x_wconf 92' lang='lat' dir='ltr'>id</span> <span class='ocrx_word' id='word_1_430' title='bbox 960 3820 1043 3867; x_wconf 89' lang='lat' dir='ltr'>est</span> <span class='ocrx_word' id='word_1_431' title='bbox 1098 3812 1389 3882; x_wconf 87' lang='lat' dir='ltr'>completio</span> <span class='ocrx_word' id='word_1_432' title='bbox 1428 3811 1821 3882; x_wconf 89' lang='lat' dir='ltr'>promissorum</span> <span class='ocrx_word' id='word_1_433' title='bbox 1870 3818 2087 3865; x_wconf 89' lang='lat' dir='ltr'>tuorum</span> 
     </span>
    </p>
   </div>
   <div class='ocr_carea' id='block_1_55' title="bbox 474 3899 2085 3973">
    <p class='ocr_par' dir='ltr' id='par_1_55' title="bbox 474 3899 2085 3973">
     <span class='ocr_line' id='line_1_55' title="bbox 474 3899 2085 3973; baseline -0.002 -16"><span class='ocrx_word' id='word_1_434' title='bbox 474 3900 758 3957; x_wconf 88' lang='lat' dir='ltr'>evidenter</span> <span class='ocrx_word' id='word_1_435' title='bbox 786 3910 1046 3973; x_wconf 88' lang='lat' dir='ltr'>appareat</span> <span class='ocrx_word' id='word_1_436' title='bbox 1074 3901 1128 3955; x_wconf 90' lang='lat' dir='ltr'>in</span> <span class='ocrx_word' id='word_1_437' title='bbox 1159 3902 1259 3957; x_wconf 92' lang='lat' dir='ltr'>eis.</span> <span class='ocrx_word' id='word_1_438' title='bbox 1295 3901 1407 3955; x_wconf 84' lang='lat' dir='ltr'>Erit</span> <span class='ocrx_word' id='word_1_439' title='bbox 1439 3900 1587 3955; x_wconf 89' lang='lat' dir='ltr'>enim</span> <span class='ocrx_word' id='word_1_440' title='bbox 1622 3900 1676 3954; x_wconf 91' lang='lat' dir='ltr'>in</span> <span class='ocrx_word' id='word_1_441' title='bbox 1709 3900 1818 3954; x_wconf 84' lang='lat' dir='ltr'>alio</span> <span class='ocrx_word' id='word_1_442' title='bbox 1853 3899 2085 3955; x_wconf 89' lang='lat' dir='ltr'>scientia</span> 
     </span>
    </p>
   </div>
   <div class='ocr_carea' id='block_1_56' title="bbox 468 3987 2089 4065">
    <p class='ocr_par' dir='ltr' id='par_1_56' title="bbox 468 3987 2089 4065">
     <span class='ocr_line' id='line_1_56' title="bbox 468 3987 2089 4065; baseline 0 -21"><span class='ocrx_word' id='word_1_443' title='bbox 468 3987 818 4065; x_wconf 79' lang='lat' dir='ltr'>linguarum,</span> <span class='ocrx_word' id='word_1_444' title='bbox 872 3990 927 4045; x_wconf 93' lang='lat' dir='ltr'>in</span> <span class='ocrx_word' id='word_1_445' title='bbox 960 3990 1070 4046; x_wconf 92' lang='lat' dir='ltr'>alio</span> <span class='ocrx_word' id='word_1_446' title='bbox 1100 3990 1277 4062; x_wconf 89' lang='lat' dir='ltr'>gratia</span> <span class='ocrx_word' id='word_1_447' title='bbox 1307 3990 1622 4056; x_wconf 89' lang='lat' dir='ltr'>sanitatum,</span> <span class='ocrx_word' id='word_1_448' title='bbox 1655 3989 1710 4044; x_wconf 90' lang='lat' dir='ltr'>in</span> <span class='ocrx_word' id='word_1_449' title='bbox 1742 3989 1859 4043; x_wconf 88' lang='lat' dir='ltr'>aliis</span> <span class='ocrx_word' id='word_1_450' title='bbox 1879 3988 2089 4044; x_wconf 83' lang='lat' dir='ltr'>discre&#39;</span> 
     </span>
    </p>
   </div>
   <div class='ocr_carea' id='block_1_57' title="bbox 474 4088 2084 4160">
    <p class='ocr_par' dir='ltr' id='par_1_57' title="bbox 474 4088 2084 4160">
     <span class='ocr_line' id='line_1_57' title="bbox 474 4088 2084 4160; baseline -0.001 -16"><span class='ocrx_word' id='word_1_451' title='bbox 474 4088 549 4145; x_wconf 90' lang='lat' dir='ltr'>tio</span> <span class='ocrx_word' id='word_1_452' title='bbox 587 4088 875 4160; x_wconf 90' lang='lat' dir='ltr'>spirituum</span> <span class='ocrx_word' id='word_1_453' title='bbox 915 4107 930 4155; x_wconf 84' lang='lat'><strong>;</strong></span> <span class='ocrx_word' id='word_1_454' title='bbox 976 4096 1031 4143; x_wconf 90' lang='lat' dir='ltr'>et</span> <span class='ocrx_word' id='word_1_455' title='bbox 1059 4097 1255 4145; x_wconf 65' lang='lat' dir='ltr'>caetera</span> <span class='ocrx_word' id='word_1_456' title='bbox 1285 4088 1584 4160; x_wconf 88' lang='lat' dir='ltr'>spiritualia</span> <span class='ocrx_word' id='word_1_457' title='bbox 1637 4088 1803 4155; x_wconf 91' lang='lat' dir='ltr'>dona,</span> <span class='ocrx_word' id='word_1_458' title='bbox 1861 4090 1998 4144; x_wconf 87' lang='lat' dir='ltr'>sicut</span> <span class='ocrx_word' id='word_1_459' title='bbox 2029 4096 2084 4143; x_wconf 91' lang='lat' dir='ltr'>tu</span> 
     </span>
    </p>
   </div>
   <div class='ocr_carea' id='block_1_58' title="bbox 471 4177 2085 4251">
    <p class='ocr_par' dir='ltr' id='par_1_58' title="bbox 471 4177 2085 4251">
     <span class='ocr_line' id='line_1_58' title="bbox 471 4177 2085 4251; baseline 0 -18"><span class='ocrx_word' id='word_1_460' title='bbox 471 4178 805 4251; x_wconf 87' lang='lat' dir='ltr'>promisisti.</span> <span class='ocrx_word' id='word_1_461' title='bbox 852 4177 1019 4246; x_wconf 85' lang='lat' dir='ltr'>Quod</span> <span class='ocrx_word' id='word_1_462' title='bbox 1050 4178 1298 4234; x_wconf 85' lang='lat' dir='ltr'>videntes</span> <span class='ocrx_word' id='word_1_463' title='bbox 1327 4178 1417 4232; x_wconf 90' lang='lat' dir='ltr'>alii</span> <span class='ocrx_word' id='word_1_464' title='bbox 1457 4194 1568 4233; x_wconf 92' lang='lat' dir='ltr'>non</span> <span class='ocrx_word' id='word_1_465' title='bbox 1598 4177 1977 4249; x_wconf 88' lang='lat' dir='ltr'>desperabunt</span> <span class='ocrx_word' id='word_1_466' title='bbox 2014 4178 2085 4233; x_wconf 90' lang='lat' dir='ltr'>de</span> 
     </span>
    </p>
   </div>
   <div class='ocr_carea' id='block_1_59' title="bbox 468 4265 2083 4338">
    <p class='ocr_par' dir='ltr' id='par_1_59' title="bbox 468 4265 2083 4338">
     <span class='ocr_line' id='line_1_59' title="bbox 468 4265 2083 4338; baseline -0.002 -15"><span class='ocrx_word' id='word_1_467' title='bbox 468 4265 837 4337; x_wconf 85' lang='lat' dir='ltr'>&#39;completione</span> <span class='ocrx_word' id='word_1_468' title='bbox 865 4267 1265 4337; x_wconf 88' lang='lat' dir='ltr'>promissorum</span> <span class='ocrx_word' id='word_1_469' title='bbox 1306 4275 1544 4335; x_wconf 90' lang='lat' dir='ltr'>tuorum,</span> <span class='ocrx_word' id='word_1_470' title='bbox 1590 4267 1713 4337; x_wconf 90' lang='lat' dir='ltr'>quia</span> <span class='ocrx_word' id='word_1_471' title='bbox 1752 4266 1973 4338; x_wconf 75' lang='lat' dir='ltr'>replesti</span> <span class='ocrx_word' id='word_1_472' title='bbox 2028 4266 2083 4320; x_wconf 90' lang='lat' dir='ltr'>in</span> 
     </span>
    </p>
   </div>
   <div class='ocr_carea' id='block_1_60' title="bbox 471 4359 2088 4433">
    <p class='ocr_par' dir='ltr' id='par_1_60' title="bbox 471 4359 2088 4433">
     <span class='ocr_line' id='line_1_60' title="bbox 471 4359 2088 4433; baseline -0.001 -17"><span class='ocrx_word' id='word_1_473' title='bbox 471 4359 634 4416; x_wconf 84' lang='lat' dir='ltr'>bOnis</span> <span class='ocrx_word' id='word_1_474' title='bbox 663 4360 998 4416; x_wconf 89' lang='lat' dir='ltr'>desiderium</span> <span class='ocrx_word' id='word_1_475' title='bbox 1029 4376 1240 4427; x_wconf 89' lang='lat' dir='ltr'>eorum,</span> <span class='ocrx_word' id='word_1_476' title='bbox 1292 4360 1384 4433; x_wconf 90' lang='lat' dir='ltr'>qui</span> <span class='ocrx_word' id='word_1_477' title='bbox 1414 4376 1510 4432; x_wconf 88' lang='lat' dir='ltr'>per</span> <span class='ocrx_word' id='word_1_478' title='bbox 1539 4360 1975 4416; x_wconf 88' lang='lat' dir='ltr'>misericordiam</span> <span class='ocrx_word' id='word_1_479' title='bbox 2006 4376 2088 4415; x_wconf 92' lang='lat' dir='ltr'>re-</span> 
     </span>
    </p>
   </div>
   <div class='ocr_carea' id='block_1_61' title="bbox 472 4448 2083 4522">
    <p class='ocr_par' dir='ltr' id='par_1_61' title="bbox 472 4448 2083 4522">
     <span class='ocr_line' id='line_1_61' title="bbox 472 4448 2083 4522; baseline -0.001 -17"><span class='ocrx_word' id='word_1_480' title='bbox 472 4449 652 4521; x_wconf 83' lang='lat' dir='ltr'>parati</span> <span class='ocrx_word' id='word_1_481' title='bbox 679 4448 804 4506; x_wconf 88' lang='lat' dir='ltr'>facti</span> <span class='ocrx_word' id='word_1_482' title='bbox 833 4457 957 4504; x_wconf 88' lang='lat' dir='ltr'>sunt</span> <span class='ocrx_word' id='word_1_483' title='bbox 984 4448 1130 4506; x_wconf 69' lang='lat' dir='ltr'>coeli.</span> <span class='ocrx_word' id='word_1_484' title='bbox 1163 4450 1335 4522; x_wconf 77' lang='lat' dir='ltr'>Igitur</span> <span class='ocrx_word' id='word_1_485' title='bbox 1366 4451 1611 4522; x_wconf 89' lang='lat' dir='ltr'>quisquis</span> <span class='ocrx_word' id='word_1_486' title='bbox 1641 4466 1742 4521; x_wconf 92' lang='lat' dir='ltr'>per</span> <span class='ocrx_word' id='word_1_487' title='bbox 1767 4448 2083 4506; x_wconf 88' lang='lat' dir='ltr'>misericor-</span> 
     </span>
    </p>
   </div>
   <div class='ocr_carea' id='block_1_62' title="bbox 472 4546 2081 4620">
    <p class='ocr_par' dir='ltr' id='par_1_62' title="bbox 472 4546 2081 4620">
     <span class='ocr_line' id='line_1_62' title="bbox 472 4546 2081 4620; baseline -0.001 -17"><span class='ocrx_word' id='word_1_488' title='bbox 472 4546 617 4604; x_wconf 91' lang='lat' dir='ltr'>diam</span> <span class='ocrx_word' id='word_1_489' title='bbox 637 4556 948 4620; x_wconf 89' lang='lat' dir='ltr'>reparatus,</span> <span class='ocrx_word' id='word_1_490' title='bbox 1008 4562 1074 4606; x_wconf 86' lang='lat' dir='ltr'>ac</span> <span class='ocrx_word' id='word_1_491' title='bbox 1119 4564 1217 4619; x_wconf 90' lang='lat' dir='ltr'>per</span> <span class='ocrx_word' id='word_1_492' title='bbox 1272 4549 1377 4605; x_wconf 90' lang='lat' dir='ltr'>hoc</span> <span class='ocrx_word' id='word_1_493' title='bbox 1433 4547 1640 4604; x_wconf 86' lang='lat' dir='ltr'>coelum</span> <span class='ocrx_word' id='word_1_494' title='bbox 1696 4547 1889 4614; x_wconf 88' lang='lat' dir='ltr'>factus,</span> <span class='ocrx_word' id='word_1_495' title='bbox 1932 4548 2081 4602; x_wconf 89' lang='lat' dir='ltr'>hunc</span> 
     </span>
    </p>
   </div>
   <div class='ocr_carea' id='block_1_63' title="bbox 470 4636 2082 4711">
    <p class='ocr_par' dir='ltr' id='par_1_63' title="bbox 470 4636 2082 4711">
     <span class='ocr_line' id='line_1_63' title="bbox 470 4636 2082 4711; baseline -0.002 -19"><span class='ocrx_word' id='word_1_496' title='bbox 470 4636 595 4711; x_wconf 90' lang='lat' dir='ltr'>pius</span> <span class='ocrx_word' id='word_1_497' title='bbox 625 4637 887 4695; x_wconf 88' lang='lat' dir='ltr'>Dominus</span> <span class='ocrx_word' id='word_1_498' title='bbox 915 4639 1206 4695; x_wconf 88' lang='lat' dir='ltr'>coronabit</span> <span class='ocrx_word' id='word_1_499' title='bbox 1258 4645 1381 4710; x_wconf 92' lang='lat' dir='ltr'>post</span> <span class='ocrx_word' id='word_1_500' title='bbox 1420 4638 1780 4708; x_wconf 89' lang='lat' dir='ltr'>repletionem</span> <span class='ocrx_word' id='word_1_501' title='bbox 1815 4638 2082 4692; x_wconf 89' lang='lat' dir='ltr'>bonorum</span> 
     </span>
    </p>
   </div>
   <div class='ocr_carea' id='block_1_64' title="bbox 472 4725 2085 4799">
    <p class='ocr_par' dir='ltr' id='par_1_64' title="bbox 472 4725 2085 4799">
     <span class='ocr_line' id='line_1_64' title="bbox 472 4725 2085 4799; baseline -0.002 -16"><span class='ocrx_word' id='word_1_502' title='bbox 472 4742 714 4795; x_wconf 86' lang='lat' dir='ltr'>suorum,</span> <span class='ocrx_word' id='word_1_503' title='bbox 746 4736 800 4784; x_wconf 92' lang='lat' dir='ltr'>et</span> <span class='ocrx_word' id='word_1_504' title='bbox 828 4728 934 4786; x_wconf 93' lang='lat' dir='ltr'>hoc</span> <span class='ocrx_word' id='word_1_505' title='bbox 961 4727 1127 4783; x_wconf 89' lang='lat' dir='ltr'>modo</span> <span class='ocrx_word' id='word_1_506' title='bbox 1157 4726 1460 4791; x_wconf 90' lang='lat' dir='ltr'>coronabit,</span> <span class='ocrx_word' id='word_1_507' title='bbox 1494 4741 1622 4799; x_wconf 71' lang='lat' dir='ltr'>quia</span> <span class='ocrx_word' id='word_1_508' title='bbox 1681 4725 1932 4797; x_wconf 72' lang='lat' dir='ltr'>prdllt&#39;ii.</span> <span class='ocrx_word' id='word_1_509' title='bbox 1960 4740 2085 4781; x_wconf 86' lang='lat' dir='ltr'>eum</span> 
     </span>
    </p>
   </div>
   <div class='ocr_carea' id='block_1_65' title="bbox 472 4824 2080 4898">
    <p class='ocr_par' dir='ltr' id='par_1_65' title="bbox 472 4824 2080 4898">
     <span class='ocr_line' id='line_1_65' title="bbox 472 4824 2080 4898; baseline -0.005 -11"><span class='ocrx_word' id='word_1_510' title='bbox 472 4827 543 4887; x_wconf 83' lang='lat' dir='ltr'>ad</span> <span class='ocrx_word' id='word_1_511' title='bbox 566 4825 698 4882; x_wconf 87' lang='lat' dir='ltr'>illud</span> <span class='ocrx_word' id='word_1_512' title='bbox 719 4826 929 4882; x_wconf 90' lang='lat' dir='ltr'>bonum</span> <span class='ocrx_word' id='word_1_513' title='bbox 962 4826 1109 4898; x_wconf 87' lang='lat' dir='ltr'>quod</span> <span class='ocrx_word' id='word_1_514' title='bbox 1124 4834 1205 4882; x_wconf 89' lang='lat' dir='ltr'>est</span> <span class='ocrx_word' id='word_1_515' title='bbox 1222 4841 1498 4880; x_wconf 87' lang='lat' dir='ltr'>summum</span> <span class='ocrx_word' id='word_1_516' title='bbox 1515 4824 1756 4879; x_wconf 90' lang='lat' dir='ltr'>omnium</span> <span class='ocrx_word' id='word_1_517' title='bbox 1781 4825 2080 4879; x_wconf 73' lang='lat' dir='ltr'>bozorum.</span> 
     </span>
    </p>
   </div>
   <div class='ocr_carea' id='block_1_66' title="bbox 544 4931 2082 5009">
    <p class='ocr_par' dir='ltr' id='par_1_66' title="bbox 544 4931 2082 5009">
     <span class='ocr_line' id='line_1_66' title="bbox 544 4931 2082 5009; baseline -0.003 -19"><span class='ocrx_word' id='word_1_518' title='bbox 544 4936 729 5009; x_wconf 90' lang='lat' dir='ltr'>Itaque</span> <span class='ocrx_word' id='word_1_519' title='bbox 755 4949 868 4990; x_wconf 90' lang='lat' dir='ltr'>non</span> <span class='ocrx_word' id='word_1_520' title='bbox 898 4934 953 4988; x_wconf 88' lang='lat' dir='ltr'>in</span> <span class='ocrx_word' id='word_1_521' title='bbox 984 4932 1067 4988; x_wconf 88' lang='lat' dir='ltr'>bis</span> <span class='ocrx_word' id='word_1_522' title='bbox 1101 4932 1285 5002; x_wconf 88' lang='lat' dir='ltr'>bonis,</span> <span class='ocrx_word' id='word_1_523' title='bbox 1326 4931 1418 4988; x_wconf 91' lang='lat' dir='ltr'>ubi</span> <span class='ocrx_word' id='word_1_524' title='bbox 1449 4948 1776 5004; x_wconf 86' lang='lat' dir='ltr'>quocunque</span> <span class='ocrx_word' id='word_1_525' title='bbox 1811 4940 1863 4986; x_wconf 94' lang='lat' dir='ltr'>te</span> <span class='ocrx_word' id='word_1_526' title='bbox 1891 4939 2082 4987; x_wconf 84' lang='lat' dir='ltr'>vertas</span> 
     </span>
    </p>
   </div>
   <div class='ocr_carea' id='block_1_67' title="bbox 473 5029 2080 5105">
    <p class='ocr_par' dir='ltr' id='par_1_67' title="bbox 473 5029 2080 5105">
     <span class='ocr_line' id='line_1_67' title="bbox 473 5029 2080 5105; baseline -0.002 -16"><span class='ocrx_word' id='word_1_527' title='bbox 473 5032 685 5091; x_wconf 77' lang='lat' dir='ltr'>vilescit</span> <span class='ocrx_word' id='word_1_528' title='bbox 711 5031 978 5101; x_wconf 85' lang='lat' dir='ltr'>habitum,</span> <span class='ocrx_word' id='word_1_529' title='bbox 1019 5032 1163 5105; x_wconf 92' lang='lat' dir='ltr'>quod</span> <span class='ocrx_word' id='word_1_530' title='bbox 1205 5030 1456 5087; x_wconf 88' lang='lat' dir='ltr'>accendit</span> <span class='ocrx_word' id='word_1_531' title='bbox 1507 5029 1902 5086; x_wconf 87' lang='lat' dir='ltr'>desideratum.</span> <span class='ocrx_word' id='word_1_532' title='bbox 1946 5032 2080 5085; x_wconf 89' lang='lat' dir='ltr'>Nam</span> 
     </span>
    </p>
   </div>
   <div class='ocr_carea' id='block_1_68' title="bbox 476 5120 2080 5198">
    <p class='ocr_par' dir='ltr' id='par_1_68' title="bbox 476 5120 2080 5198">
     <span class='ocr_line' id='line_1_68' title="bbox 476 5120 2080 5198; baseline -0.002 -18"><span class='ocrx_word' id='word_1_533' title='bbox 476 5124 696 5198; x_wconf 89' lang='lat' dir='ltr'>quando</span> <span class='ocrx_word' id='word_1_534' title='bbox 726 5138 836 5180; x_wconf 89' lang='lat' dir='ltr'>non</span> <span class='ocrx_word' id='word_1_535' title='bbox 866 5123 1063 5189; x_wconf 76' lang='lat' dir='ltr'>habeo,</span> <span class='ocrx_word' id='word_1_536' title='bbox 1102 5120 1264 5193; x_wconf 91' lang='lat' dir='ltr'>cupio</span> <span class='ocrx_word' id='word_1_537' title='bbox 1292 5140 1306 5189; x_wconf 84' lang='lat'><strong>;</strong></span> <span class='ocrx_word' id='word_1_538' title='bbox 1339 5129 1630 5192; x_wconf 91' lang='lat' dir='ltr'>postquam</span> <span class='ocrx_word' id='word_1_539' title='bbox 1664 5137 1791 5176; x_wconf 92' lang='lat' dir='ltr'>vero</span> <span class='ocrx_word' id='word_1_540' title='bbox 1815 5122 2080 5184; x_wconf 84' lang='lat' dir='ltr'>habuero,</span> 
     </span>
    </p>
   </div>
   <div class='ocr_carea' id='block_1_69' title="bbox 475 5205 2083 5279">
    <p class='ocr_par' dir='ltr' id='par_1_69' title="bbox 475 5205 2083 5279">
     <span class='ocr_line' id='line_1_69' title="bbox 475 5205 2083 5279; baseline -0.004 -13"><span class='ocrx_word' id='word_1_541' title='bbox 475 5216 768 5266; x_wconf 87' lang='lat' dir='ltr'>contemno</span> <span class='ocrx_word' id='word_1_542' title='bbox 800 5225 813 5263; x_wconf 89' lang='lat'>:</span> <span class='ocrx_word' id='word_1_543' title='bbox 848 5216 903 5263; x_wconf 91' lang='lat' dir='ltr'>et</span> <span class='ocrx_word' id='word_1_544' title='bbox 932 5223 1035 5279; x_wconf 86' lang='lat' dir='ltr'>per</span> <span class='ocrx_word' id='word_1_545' title='bbox 1063 5206 1156 5261; x_wconf 89' lang='lat' dir='ltr'>illa</span> <span class='ocrx_word' id='word_1_546' title='bbox 1210 5205 1355 5261; x_wconf 89' lang='lat' dir='ltr'>bona</span> <span class='ocrx_word' id='word_1_547' title='bbox 1386 5207 1585 5277; x_wconf 90' lang='lat' dir='ltr'>quibus</span> <span class='ocrx_word' id='word_1_548' title='bbox 1619 5206 1835 5278; x_wconf 88' lang='lat' dir='ltr'>replesti</span> <span class='ocrx_word' id='word_1_549' title='bbox 1867 5206 2083 5261; x_wconf 88' lang='lat' dir='ltr'>deside-</span> 
     </span>
    </p>
   </div>
   <div class='ocr_carea' id='block_1_70' title="bbox 474 5303 2081 5378">
    <p class='ocr_par' dir='ltr' id='par_1_70' title="bbox 474 5303 2081 5378">
     <span class='ocr_line' id='line_1_70' title="bbox 474 5303 2081 5378; baseline -0.002 -14"><span class='ocrx_word' id='word_1_550' title='bbox 474 5308 613 5364; x_wconf 82' lang='lat' dir='ltr'>rium</span> <span class='ocrx_word' id='word_1_551' title='bbox 643 5323 826 5364; x_wconf 90' lang='lat' dir='ltr'>meum</span> <span class='ocrx_word' id='word_1_552' title='bbox 857 5304 1210 5363; x_wconf 85' lang='lat' dir='ltr'>renovabitur</span> <span class='ocrx_word' id='word_1_553' title='bbox 1251 5305 1514 5375; x_wconf 87' lang='lat' dir='ltr'>juventus</span> <span class='ocrx_word' id='word_1_554' title='bbox 1560 5320 1685 5360; x_wconf 85' lang='lat' dir='ltr'>mea</span> <span class='ocrx_word' id='word_1_555' title='bbox 1736 5312 1793 5359; x_wconf 92' lang='lat' dir='ltr'>ut</span> <span class='ocrx_word' id='word_1_556' title='bbox 1816 5303 2081 5378; x_wconf 86' lang='lat' dir='ltr'>juventus</span> 
     </span>
    </p>
   </div>
   <div class='ocr_carea' id='block_1_71' title="bbox 475 5402 2082 5479">
    <p class='ocr_par' dir='ltr' id='par_1_71' title="bbox 475 5402 2082 5479">
     <span class='ocr_line' id='line_1_71' title="bbox 475 5402 2082 5479; baseline -0.001 -19"><span class='ocrx_word' id='word_1_557' title='bbox 475 5406 671 5479; x_wconf 75' lang='lat' dir='ltr'>aquilae</span> <span class='ocrx_word' id='word_1_558' title='bbox 703 5406 879 5473; x_wconf 76' lang='grc' dir='ltr'>(Ρεαι.</span> <span class='ocrx_word' id='word_1_559' title='bbox 912 5404 1025 5477; x_wconf 87' lang='lat' dir='ltr'>cu).</span> <span class='ocrx_word' id='word_1_560' title='bbox 1068 5404 1186 5460; x_wconf 74' lang='lat' dir='ltr'>Prae</span> <span class='ocrx_word' id='word_1_561' title='bbox 1216 5410 1498 5459; x_wconf 88' lang='lat' dir='ltr'>senectute</span> <span class='ocrx_word' id='word_1_562' title='bbox 1528 5404 1893 5474; x_wconf 79' lang='lat' dir='ltr'>supercrescit</span> <span class='ocrx_word' id='word_1_563' title='bbox 1923 5402 2082 5475; x_wconf 90' lang='lat' dir='ltr'>aqui-</span> 
     </span>
    </p>
   </div>
   <div class='ocr_carea' id='block_1_72' title="bbox 480 5500 2083 5576">
    <p class='ocr_par' dir='ltr' id='par_1_72' title="bbox 480 5500 2083 5576">
     <span class='ocr_line' id='line_1_72' title="bbox 480 5500 2083 5576; baseline -0.001 -20"><span class='ocrx_word' id='word_1_564' title='bbox 480 5500 547 5558; x_wconf 70' lang='grc' dir='ltr'>ιω</span> <span class='ocrx_word' id='word_1_565' title='bbox 577 5502 831 5576; x_wconf 88' lang='lat' dir='ltr'>superius</span> <span class='ocrx_word' id='word_1_566' title='bbox 884 5510 1122 5559; x_wconf 80' lang='lat' dir='ltr'>rostrum</span> <span class='ocrx_word' id='word_1_567' title='bbox 1170 5500 1417 5558; x_wconf 86' lang='lat' dir='ltr'>inferiori</span> <span class='ocrx_word' id='word_1_568' title='bbox 1456 5500 1509 5556; x_wconf 91' lang='lat' dir='ltr'>in</span> <span class='ocrx_word' id='word_1_569' title='bbox 1542 5508 1746 5556; x_wconf 83' lang='lat' dir='ltr'>tantum</span> <span class='ocrx_word' id='word_1_570' title='bbox 1778 5508 1835 5556; x_wconf 89' lang='lat' dir='ltr'>ut</span> <span class='ocrx_word' id='word_1_571' title='bbox 1864 5516 1964 5556; x_wconf 85' lang='lat' dir='ltr'>nec</span> <span class='ocrx_word' id='word_1_572' title='bbox 2019 5517 2083 5556; x_wconf 91' lang='lat' dir='ltr'>os</span> 
     </span>
    </p>
   </div>
   <div class='ocr_carea' id='block_1_73' title="bbox 481 5606 2083 5681">
    <p class='ocr_par' dir='ltr' id='par_1_73' title="bbox 481 5606 2083 5681">
     <span class='ocr_line' id='line_1_73' title="bbox 481 5606 2083 5681; baseline -0.001 -18"><span class='ocrx_word' id='word_1_573' title='bbox 481 5608 722 5679; x_wconf 85' lang='lat' dir='ltr'>aperire,</span> <span class='ocrx_word' id='word_1_574' title='bbox 762 5624 867 5666; x_wconf 89' lang='lat' dir='ltr'>nec</span> <span class='ocrx_word' id='word_1_575' title='bbox 895 5625 956 5665; x_wconf 88' lang='lat' dir='ltr'>se</span> <span class='ocrx_word' id='word_1_576' title='bbox 984 5606 1211 5665; x_wconf 82' lang='lat' dir='ltr'>reficere</span> <span class='ocrx_word' id='word_1_577' title='bbox 1239 5607 1432 5680; x_wconf 81' lang='lat' dir='ltr'>possit,</span> <span class='ocrx_word' id='word_1_578' title='bbox 1490 5616 1545 5664; x_wconf 90' lang='lat' dir='ltr'>et</span> <span class='ocrx_word' id='word_1_579' title='bbox 1591 5608 1670 5665; x_wconf 89' lang='lat' dir='ltr'>sic</span> <span class='ocrx_word' id='word_1_580' title='bbox 1724 5608 1948 5681; x_wconf 87' lang='lat' dir='ltr'>penuria</span> <span class='ocrx_word' id='word_1_581' title='bbox 1978 5608 2083 5664; x_wconf 88' lang='lat' dir='ltr'>cibi</span> 
     </span>
    </p>
   </div>
   <div class='ocr_carea' id='block_1_74' title="bbox 486 5705 2086 5780">
    <p class='ocr_par' dir='ltr' id='par_1_74' title="bbox 486 5705 2086 5780">
     <span class='ocr_line' id='line_1_74' title="bbox 486 5705 2086 5780; baseline 0.001 -20"><span class='ocrx_word' id='word_1_582' title='bbox 486 5705 696 5764; x_wconf 81' lang='lat' dir='ltr'>delicit.</span> <span class='ocrx_word' id='word_1_583' title='bbox 734 5707 795 5762; x_wconf 90' lang='lat' dir='ltr'>In</span> <span class='ocrx_word' id='word_1_584' title='bbox 830 5706 923 5762; x_wconf 89' lang='lat' dir='ltr'>tali</span> <span class='ocrx_word' id='word_1_585' title='bbox 958 5706 1215 5780; x_wconf 73' lang='lat' dir='ltr'>angustia</span> <span class='ocrx_word' id='word_1_586' title='bbox 1250 5715 1467 5764; x_wconf 86' lang='lat' dir='ltr'>acutum</span> <span class='ocrx_word' id='word_1_587' title='bbox 1523 5706 1758 5779; x_wconf 90' lang='lat' dir='ltr'>lapidem</span> <span class='ocrx_word' id='word_1_588' title='bbox 1781 5706 1996 5780; x_wconf 72' lang='lat' dir='ltr'>quaerit,</span> <span class='ocrx_word' id='word_1_589' title='bbox 2030 5714 2086 5763; x_wconf 92' lang='lat' dir='ltr'>et</span> 
     </span>
    </p>
   </div>
   <div class='ocr_carea' id='block_1_75' title="bbox 491 5804 2079 5873">
    <p class='ocr_par' dir='ltr' id='par_1_75' title="bbox 491 5804 2079 5873">
     <span class='ocr_line' id='line_1_75' title="bbox 491 5804 2079 5873; baseline 0.003 -17"><span class='ocrx_word' id='word_1_590' title='bbox 491 5804 679 5861; x_wconf 88' lang='lat' dir='ltr'>tandiu</span> <span class='ocrx_word' id='word_1_591' title='bbox 704 5806 866 5860; x_wconf 85' lang='lat' dir='ltr'>rostri</span> <span class='ocrx_word' id='word_1_592' title='bbox 897 5804 1289 5861; x_wconf 85' lang='lat' dir='ltr'>incrementum</span> <span class='ocrx_word' id='word_1_593' title='bbox 1333 5804 1635 5873; x_wconf 90' lang='lat' dir='ltr'>contundit,</span> <span class='ocrx_word' id='word_1_594' title='bbox 1682 5805 1859 5860; x_wconf 82' lang='lat' dir='ltr'>donec</span> <span class='ocrx_word' id='word_1_595' title='bbox 1887 5820 1946 5861; x_wconf 93' lang='lat' dir='ltr'>se</span> <span class='ocrx_word' id='word_1_596' title='bbox 1988 5820 2079 5860; x_wconf 90' lang='lat' dir='ltr'>re-</span> 
     </span>
    </p>
   </div>
   <div class='ocr_carea' id='block_1_76' title="bbox 490 5896 2085 5975">
    <p class='ocr_par' dir='ltr' id='par_1_76' title="bbox 490 5896 2085 5975">
     <span class='ocr_line' id='line_1_76' title="bbox 490 5896 2085 5975; baseline -0.004 -12"><span class='ocrx_word' id='word_1_597' title='bbox 490 5896 651 5963; x_wconf 69' lang='lat' dir='ltr'>ﬁcere</span> <span class='ocrx_word' id='word_1_598' title='bbox 680 5900 875 5974; x_wconf 86' lang='lat' dir='ltr'>possit,</span> <span class='ocrx_word' id='word_1_599' title='bbox 906 5909 961 5958; x_wconf 90' lang='lat' dir='ltr'>et</span> <span class='ocrx_word' id='word_1_600' title='bbox 989 5908 1115 5958; x_wconf 89' lang='lat' dir='ltr'>tunc</span> <span class='ocrx_word' id='word_1_601' title='bbox 1142 5901 1337 5974; x_wconf 91' lang='lat' dir='ltr'>recipit</span> <span class='ocrx_word' id='word_1_602' title='bbox 1365 5911 1418 5960; x_wconf 89' lang='lat' dir='ltr'>et</span> <span class='ocrx_word' id='word_1_603' title='bbox 1446 5901 1681 5958; x_wconf 87' lang='lat' dir='ltr'>nitorem</span> <span class='ocrx_word' id='word_1_604' title='bbox 1694 5917 2001 5975; x_wconf 87' lang='lat' dir='ltr'>pennarum</span> <span class='ocrx_word' id='word_1_605' title='bbox 2032 5910 2085 5958; x_wconf 92' lang='lat' dir='ltr'>et</span> 
     </span>
    </p>
   </div>
   <div class='ocr_carea' id='block_1_77' title="bbox 2200 1966 3808 2044">
    <p class='ocr_par' dir='ltr' id='par_1_77' title="bbox 2200 1966 3808 2044">
     <span class='ocr_line' id='line_1_77' title="bbox 2200 1966 3808 2044; baseline 0.006 -26"><span class='ocrx_word' id='word_1_606' title='bbox 2200 1966 2421 2021; x_wconf 93' lang='lat' dir='ltr'>modum</span> <span class='ocrx_word' id='word_1_607' title='bbox 2454 1966 2847 2023; x_wconf 59' lang='lat' dir='ltr'>misericordia</span> <span class='ocrx_word' id='word_1_608' title='bbox 2900 1970 3121 2042; x_wconf 82' lang='lat' dir='ltr'>exigit?</span> <span class='ocrx_word' id='word_1_609' title='bbox 3169 1970 3321 2026; x_wconf 82' lang='lat' dir='ltr'>Hunc</span> <span class='ocrx_word' id='word_1_610' title='bbox 3348 1971 3573 2042; x_wconf 88' lang='lat' dir='ltr'>scilicet,</span> <span class='ocrx_word' id='word_1_611' title='bbox 3634 1971 3808 2044; x_wconf 86' lang='lat' dir='ltr'>dilige</span> 
     </span>
    </p>
   </div>
   <div class='ocr_carea' id='block_1_78' title="bbox 2200 2053 3809 2129">
    <p class='ocr_par' dir='ltr' id='par_1_78' title="bbox 2200 2053 3809 2129">
     <span class='ocr_line' id='line_1_78' title="bbox 2200 2053 3809 2129; baseline 0.004 -20"><span class='ocrx_word' id='word_1_612' title='bbox 2200 2053 2486 2110; x_wconf 90' lang='lat' dir='ltr'>inimicum</span> <span class='ocrx_word' id='word_1_613' title='bbox 2518 2064 2690 2123; x_wconf 90' lang='lat' dir='ltr'>tuum,</span> <span class='ocrx_word' id='word_1_614' title='bbox 2722 2065 2777 2112; x_wconf 90' lang='lat' dir='ltr'>et</span> <span class='ocrx_word' id='word_1_615' title='bbox 2805 2059 2953 2113; x_wconf 92' lang='lat' dir='ltr'>omni</span> <span class='ocrx_word' id='word_1_616' title='bbox 3009 2058 3214 2129; x_wconf 91' lang='lat' dir='ltr'>petenti</span> <span class='ocrx_word' id='word_1_617' title='bbox 3266 2066 3319 2114; x_wconf 89' lang='lat' dir='ltr'>te</span> <span class='ocrx_word' id='word_1_618' title='bbox 3351 2060 3547 2116; x_wconf 88' lang='lat' dir='ltr'>tribue.</span> <span class='ocrx_word' id='word_1_619' title='bbox 3581 2059 3809 2116; x_wconf 87' lang='lat' dir='ltr'>Videtur</span> 
     </span>
    </p>
   </div>
   <div class='ocr_carea' id='block_1_79' title="bbox 2200 2156 3805 2230">
    <p class='ocr_par' dir='ltr' id='par_1_79' title="bbox 2200 2156 3805 2230">
     <span class='ocr_line' id='line_1_79' title="bbox 2200 2156 3805 2230; baseline 0.004 -21"><span class='ocrx_word' id='word_1_620' title='bbox 2200 2162 2383 2209; x_wconf 90' lang='lat' dir='ltr'>autem</span> <span class='ocrx_word' id='word_1_621' title='bbox 2414 2170 2721 2226; x_wconf 89' lang='lat' dir='ltr'>repugnare</span> <span class='ocrx_word' id='word_1_622' title='bbox 2751 2156 2898 2228; x_wconf 90' lang='lat' dir='ltr'>quod</span> <span class='ocrx_word' id='word_1_623' title='bbox 2929 2156 3147 2222; x_wconf 90' lang='lat' dir='ltr'>dicitur,</span> <span class='ocrx_word' id='word_1_624' title='bbox 3168 2157 3377 2213; x_wconf 87' lang='lat' dir='ltr'>scilicet</span> <span class='ocrx_word' id='word_1_625' title='bbox 3398 2181 3424 2208; x_wconf 73' lang='grc' dir='ltr'><strong><em>α</em></strong></span> <span class='ocrx_word' id='word_1_626' title='bbox 3455 2157 3703 2230; x_wconf 87' lang='lat' dir='ltr'>iniquum</span> <span class='ocrx_word' id='word_1_627' title='bbox 3734 2174 3805 2215; x_wconf 91' lang='lat' dir='ltr'>ne</span> 
     </span>
    </p>
   </div>
   <div class='ocr_carea' id='block_1_80' title="bbox 2202 2243 3805 2316">
    <p class='ocr_par' dir='ltr' id='par_1_80' title="bbox 2202 2243 3805 2316">
     <span class='ocr_line' id='line_1_80' title="bbox 2202 2243 3805 2316; baseline 0.003 -19"><span class='ocrx_word' id='word_1_628' title='bbox 2202 2243 2471 2315; x_wconf 89' lang='lat' dir='ltr'>suscipias</span> <span class='ocrx_word' id='word_1_629' title='bbox 2490 2244 2683 2315; x_wconf 86' lang='lat' dir='ltr'>(Eccli.</span> <span class='ocrx_word' id='word_1_630' title='bbox 2707 2246 2805 2316; x_wconf 76' lang='grc' dir='ltr'>χιι)</span> <span class='ocrx_word' id='word_1_631' title='bbox 2832 2262 2846 2313; x_wconf 89' lang='grc'>;</span> <span class='ocrx_word' id='word_1_632' title='bbox 2877 2269 2899 2293; x_wconf 77' lang='lat' dir='ltr'>n</span> <span class='ocrx_word' id='word_1_633' title='bbox 2936 2253 2988 2300; x_wconf 85' lang='lat' dir='ltr'>et</span> <span class='ocrx_word' id='word_1_634' title='bbox 3018 2245 3152 2303; x_wconf 92' lang='lat' dir='ltr'>illud</span> <span class='ocrx_word' id='word_1_635' title='bbox 3177 2264 3188 2300; x_wconf 92' lang='lat'>:</span> <span class='ocrx_word' id='word_1_636' title='bbox 3212 2246 3395 2301; x_wconf 90' lang='lat' dir='ltr'>tandiu</span> <span class='ocrx_word' id='word_1_637' title='bbox 3414 2246 3644 2303; x_wconf 91' lang='lat' dir='ltr'>desudet</span> <span class='ocrx_word' id='word_1_638' title='bbox 3663 2247 3805 2304; x_wconf 85' lang='lat' dir='ltr'>elee-</span> 
     </span>
    </p>
   </div>
   <div class='ocr_carea' id='block_1_81' title="bbox 2201 2332 3804 2404">
    <p class='ocr_par' dir='ltr' id='par_1_81' title="bbox 2201 2332 3804 2404">
     <span class='ocr_line' id='line_1_81' title="bbox 2201 2332 3804 2404; baseline 0.004 -18"><span class='ocrx_word' id='word_1_639' title='bbox 2201 2347 2430 2404; x_wconf 79' lang='lat' dir='ltr'>mosyna</span> <span class='ocrx_word' id='word_1_640' title='bbox 2463 2333 2515 2386; x_wconf 89' lang='lat' dir='ltr'>in</span> <span class='ocrx_word' id='word_1_641' title='bbox 2548 2332 2719 2388; x_wconf 87' lang='lat' dir='ltr'>manu</span> <span class='ocrx_word' id='word_1_642' title='bbox 2741 2342 2833 2388; x_wconf 90' lang='lat' dir='ltr'>tua</span> <span class='ocrx_word' id='word_1_643' title='bbox 2864 2334 3039 2390; x_wconf 89' lang='lat' dir='ltr'>donec</span> <span class='ocrx_word' id='word_1_644' title='bbox 3066 2336 3269 2404; x_wconf 90' lang='lat' dir='ltr'>justum</span> <span class='ocrx_word' id='word_1_645' title='bbox 3300 2335 3545 2390; x_wconf 87' lang='lat' dir='ltr'>invenias</span> <span class='ocrx_word' id='word_1_646' title='bbox 3585 2335 3672 2392; x_wconf 91' lang='lat' dir='ltr'>cui</span> <span class='ocrx_word' id='word_1_647' title='bbox 3701 2335 3804 2392; x_wconf 88' lang='lat' dir='ltr'>des</span> 
     </span>
    </p>
   </div>
   <div class='ocr_carea' id='block_1_82' title="bbox 2200 2425 3803 2485">
    <p class='ocr_par' dir='ltr' id='par_1_82' title="bbox 2200 2425 3803 2485">
     <span class='ocr_line' id='line_1_82' title="bbox 2200 2425 3803 2485; baseline 0.001 -4"><span class='ocrx_word' id='word_1_648' title='bbox 2200 2441 2344 2481; x_wconf 90' lang='lat' dir='ltr'>eam.</span> <span class='ocrx_word' id='word_1_649' title='bbox 2404 2425 2511 2481; x_wconf 90' lang='lat' dir='ltr'>Sed</span> <span class='ocrx_word' id='word_1_650' title='bbox 2558 2428 2673 2482; x_wconf 89' lang='lat' dir='ltr'>vult</span> <span class='ocrx_word' id='word_1_651' title='bbox 2735 2428 3000 2483; x_wconf 91' lang='lat' dir='ltr'>Dominus</span> <span class='ocrx_word' id='word_1_652' title='bbox 3051 2437 3107 2483; x_wconf 93' lang='lat' dir='ltr'>ut</span> <span class='ocrx_word' id='word_1_653' title='bbox 3148 2427 3577 2485; x_wconf 89' lang='lat' dir='ltr'>misericordiam</span> <span class='ocrx_word' id='word_1_654' title='bbox 3632 2426 3803 2485; x_wconf 90' lang='lat' dir='ltr'>facias</span> 
     </span>
    </p>
   </div>
   <div class='ocr_carea' id='block_1_83' title="bbox 2198 2515 3802 2590">
    <p class='ocr_par' dir='ltr' id='par_1_83' title="bbox 2198 2515 3802 2590">
     <span class='ocr_line' id='line_1_83' title="bbox 2198 2515 3802 2590; baseline 0.001 -21"><span class='ocrx_word' id='word_1_655' title='bbox 2198 2515 2368 2569; x_wconf 89' lang='lat' dir='ltr'>etiam</span> <span class='ocrx_word' id='word_1_656' title='bbox 2416 2515 2621 2588; x_wconf 92' lang='lat' dir='ltr'>iniquo,</span> <span class='ocrx_word' id='word_1_657' title='bbox 2684 2533 2791 2571; x_wconf 90' lang='lat' dir='ltr'>non</span> <span class='ocrx_word' id='word_1_658' title='bbox 2847 2527 3108 2589; x_wconf 88' lang='lat' dir='ltr'>tanquam</span> <span class='ocrx_word' id='word_1_659' title='bbox 3161 2518 3363 2590; x_wconf 90' lang='lat' dir='ltr'>iniquo.</span> <span class='ocrx_word' id='word_1_660' title='bbox 3417 2517 3673 2575; x_wconf 86' lang='lat' dir='ltr'>Occurrit</span> <span class='ocrx_word' id='word_1_661' title='bbox 3703 2516 3802 2572; x_wconf 87' lang='lat' dir='ltr'>tibi</span> 
     </span>
    </p>
   </div>
   <div class='ocr_carea' id='block_1_84' title="bbox 2197 2603 3801 2679">
    <p class='ocr_par' dir='ltr' id='par_1_84' title="bbox 2197 2603 3801 2679">
     <span class='ocr_line' id='line_1_84' title="bbox 2197 2603 3801 2679; baseline 0.002 -21"><span class='ocrx_word' id='word_1_662' title='bbox 2197 2603 2366 2660; x_wconf 90' lang='lat' dir='ltr'>homo</span> <span class='ocrx_word' id='word_1_663' title='bbox 2418 2605 2657 2678; x_wconf 88' lang='lat' dir='ltr'>iniquus,</span> <span class='ocrx_word' id='word_1_664' title='bbox 2682 2607 2737 2660; x_wconf 91' lang='lat' dir='ltr'>in</span> <span class='ocrx_word' id='word_1_665' title='bbox 2768 2622 2873 2678; x_wconf 90' lang='lat' dir='ltr'>quo</span> <span class='ocrx_word' id='word_1_666' title='bbox 2907 2608 3067 2662; x_wconf 90' lang='lat' dir='ltr'>homo</span> <span class='ocrx_word' id='word_1_667' title='bbox 3095 2622 3234 2679; x_wconf 90' lang='lat' dir='ltr'>opus</span> <span class='ocrx_word' id='word_1_668' title='bbox 3269 2614 3351 2663; x_wconf 92' lang='lat' dir='ltr'>est</span> <span class='ocrx_word' id='word_1_669' title='bbox 3398 2607 3497 2663; x_wconf 92' lang='lat' dir='ltr'>Dei</span> <span class='ocrx_word' id='word_1_670' title='bbox 3529 2625 3544 2674; x_wconf 88' lang='lat'><strong>;</strong></span> <span class='ocrx_word' id='word_1_671' title='bbox 3581 2606 3801 2679; x_wconf 89' lang='lat' dir='ltr'>iniquus</span> 
     </span>
    </p>
   </div>
   <div class='ocr_carea' id='block_1_85' title="bbox 2197 2703 3802 2776">
    <p class='ocr_par' dir='ltr' id='par_1_85' title="bbox 2197 2703 3802 2776">
     <span class='ocr_line' id='line_1_85' title="bbox 2197 2703 3802 2776; baseline -0.001 -17"><span class='ocrx_word' id='word_1_672' title='bbox 2197 2719 2327 2759; x_wconf 90' lang='lat' dir='ltr'>vero</span> <span class='ocrx_word' id='word_1_673' title='bbox 2358 2719 2497 2774; x_wconf 86' lang='lat' dir='ltr'>opus</span> <span class='ocrx_word' id='word_1_674' title='bbox 2527 2712 2609 2759; x_wconf 90' lang='lat' dir='ltr'>est</span> <span class='ocrx_word' id='word_1_675' title='bbox 2638 2704 2891 2759; x_wconf 87' lang='lat' dir='ltr'>hominis.</span> <span class='ocrx_word' id='word_1_676' title='bbox 2946 2706 3026 2760; x_wconf 88' lang='lat' dir='ltr'>Da</span> <span class='ocrx_word' id='word_1_677' title='bbox 3055 2703 3208 2776; x_wconf 88' lang='lat' dir='ltr'>operi</span> <span class='ocrx_word' id='word_1_678' title='bbox 3248 2705 3367 2770; x_wconf 90' lang='lat' dir='ltr'>Dei,</span> <span class='ocrx_word' id='word_1_679' title='bbox 3400 2705 3472 2759; x_wconf 89' lang='lat' dir='ltr'>ita</span> <span class='ocrx_word' id='word_1_680' title='bbox 3504 2713 3560 2760; x_wconf 91' lang='lat' dir='ltr'>ut</span> <span class='ocrx_word' id='word_1_681' title='bbox 3587 2720 3698 2760; x_wconf 93' lang='lat' dir='ltr'>non</span> <span class='ocrx_word' id='word_1_682' title='bbox 3722 2711 3802 2759; x_wconf 87' lang='lat' dir='ltr'>at-</span> 
     </span>
    </p>
   </div>
   <div class='ocr_carea' id='block_1_86' title="bbox 2197 2791 3803 2865">
    <p class='ocr_par' dir='ltr' id='par_1_86' title="bbox 2197 2791 3803 2865">
     <span class='ocr_line' id='line_1_86' title="bbox 2197 2791 3803 2865; baseline 0.001 -18"><span class='ocrx_word' id='word_1_683' title='bbox 2197 2792 2389 2848; x_wconf 87' lang='lat' dir='ltr'>tendas</span> <span class='ocrx_word' id='word_1_684' title='bbox 2419 2808 2562 2863; x_wconf 87' lang='lat' dir='ltr'>Opus</span> <span class='ocrx_word' id='word_1_685' title='bbox 2620 2793 2881 2859; x_wconf 87' lang='lat' dir='ltr'>hominis,</span> <span class='ocrx_word' id='word_1_686' title='bbox 2937 2793 2993 2847; x_wconf 91' lang='lat' dir='ltr'>id</span> <span class='ocrx_word' id='word_1_687' title='bbox 3025 2802 3106 2848; x_wconf 90' lang='lat' dir='ltr'>est</span> <span class='ocrx_word' id='word_1_688' title='bbox 3160 2801 3216 2848; x_wconf 92' lang='lat' dir='ltr'>ut</span> <span class='ocrx_word' id='word_1_689' title='bbox 3266 2791 3412 2865; x_wconf 92' lang='lat' dir='ltr'>quod</span> <span class='ocrx_word' id='word_1_690' title='bbox 3460 2792 3677 2865; x_wconf 87' lang='lat' dir='ltr'>iniquus</span> <span class='ocrx_word' id='word_1_691' title='bbox 3723 2792 3803 2849; x_wconf 88' lang='lat' dir='ltr'>esi</span> 
     </span>
    </p>
   </div>
   <div class='ocr_carea' id='block_1_87' title="bbox 2195 2880 3803 2956">
    <p class='ocr_par' dir='ltr' id='par_1_87' title="bbox 2195 2880 3803 2956">
     <span class='ocr_line' id='line_1_87' title="bbox 2195 2880 3803 2956; baseline 0.002 -21"><span class='ocrx_word' id='word_1_692' title='bbox 2195 2897 2305 2937; x_wconf 91' lang='lat' dir='ltr'>non</span> <span class='ocrx_word' id='word_1_693' title='bbox 2335 2882 2547 2954; x_wconf 86' lang='lat' dir='ltr'>placeat</span> <span class='ocrx_word' id='word_1_694' title='bbox 2574 2883 2691 2950; x_wconf 92' lang='lat' dir='ltr'>tibi,</span> <span class='ocrx_word' id='word_1_695' title='bbox 2727 2883 2873 2956; x_wconf 91' lang='lat' dir='ltr'>quia,</span> <span class='ocrx_word' id='word_1_696' title='bbox 2906 2882 2954 2938; x_wconf 89' lang='lat' dir='ltr'>si</span> <span class='ocrx_word' id='word_1_697' title='bbox 2985 2882 3186 2954; x_wconf 87' lang='lat' dir='ltr'>recipis</span> <span class='ocrx_word' id='word_1_698' title='bbox 3215 2884 3455 2956; x_wconf 88' lang='lat' dir='ltr'>iniquum</span> <span class='ocrx_word' id='word_1_699' title='bbox 3488 2880 3545 2936; x_wconf 91' lang='lat' dir='ltr'>in</span> <span class='ocrx_word' id='word_1_700' title='bbox 3583 2881 3803 2939; x_wconf 89' lang='lat' dir='ltr'>nomine</span> 
     </span>
    </p>
   </div>
   <div class='ocr_carea' id='block_1_88' title="bbox 2193 2980 3798 3054">
    <p class='ocr_par' dir='ltr' id='par_1_88' title="bbox 2193 2980 3798 3054">
     <span class='ocr_line' id='line_1_88' title="bbox 2193 2980 3798 3054; baseline 0.001 -20"><span class='ocrx_word' id='word_1_701' title='bbox 2193 2980 2383 3053; x_wconf 87' lang='lat' dir='ltr'>iniqui,</span> <span class='ocrx_word' id='word_1_702' title='bbox 2421 2981 2726 3036; x_wconf 85' lang='lat' dir='ltr'>mercedem</span> <span class='ocrx_word' id='word_1_703' title='bbox 2757 2981 2928 3054; x_wconf 91' lang='lat' dir='ltr'>iniqui</span> <span class='ocrx_word' id='word_1_704' title='bbox 2959 2981 3186 3052; x_wconf 88' lang='lat' dir='ltr'>recipies</span> <span class='ocrx_word' id='word_1_705' title='bbox 3214 3001 3225 3036; x_wconf 75' lang='grc' dir='ltr'><strong>ε</strong></span> <span class='ocrx_word' id='word_1_706' title='bbox 3261 2981 3345 3037; x_wconf 88' lang='lat' dir='ltr'>sic</span> <span class='ocrx_word' id='word_1_707' title='bbox 3373 2981 3466 3053; x_wconf 90' lang='lat' dir='ltr'>qui</span> <span class='ocrx_word' id='word_1_708' title='bbox 3497 2981 3687 3053; x_wconf 88' lang='lat' dir='ltr'>recipit</span> <span class='ocrx_word' id='word_1_709' title='bbox 3710 2980 3798 3050; x_wconf 90' lang='lat' dir='ltr'>ju-</span> 
     </span>
    </p>
   </div>
   <div class='ocr_carea' id='block_1_89' title="bbox 2194 3069 3803 3142">
    <p class='ocr_par' dir='ltr' id='par_1_89' title="bbox 2194 3069 3803 3142">
     <span class='ocr_line' id='line_1_89' title="bbox 2194 3069 3803 3142; baseline 0.001 -18"><span class='ocrx_word' id='word_1_710' title='bbox 2194 3079 2333 3124; x_wconf 90' lang='lat' dir='ltr'>stum</span> <span class='ocrx_word' id='word_1_711' title='bbox 2390 3069 2444 3124; x_wconf 90' lang='lat' dir='ltr'>in</span> <span class='ocrx_word' id='word_1_712' title='bbox 2526 3070 2746 3126; x_wconf 89' lang='lat' dir='ltr'>nomine</span> <span class='ocrx_word' id='word_1_713' title='bbox 2820 3071 2971 3141; x_wconf 86' lang='lat' dir='ltr'>justi,</span> <span class='ocrx_word' id='word_1_714' title='bbox 3041 3070 3349 3127; x_wconf 89' lang='lat' dir='ltr'>mercedem</span> <span class='ocrx_word' id='word_1_715' title='bbox 3400 3069 3531 3141; x_wconf 88' lang='lat' dir='ltr'>justi</span> <span class='ocrx_word' id='word_1_716' title='bbox 3571 3069 3803 3142; x_wconf 88' lang='lat' dir='ltr'>accipiet</span> 
     </span>
    </p>
   </div>
   <div class='ocr_carea' id='block_1_90' title="bbox 2194 3158 3802 3232">
    <p class='ocr_par' dir='ltr' id='par_1_90' title="bbox 2194 3158 3802 3232">
     <span class='ocr_line' id='line_1_90' title="bbox 2194 3158 3802 3232; baseline -0.001 -18"><span class='ocrx_word' id='word_1_717' title='bbox 2194 3158 2413 3229; x_wconf 80' lang='lat' dir='ltr'>(Matth.</span> <span class='ocrx_word' id='word_1_718' title='bbox 2449 3159 2530 3227; x_wconf 76' lang='grc' dir='ltr'>χ).</span> <span class='ocrx_word' id='word_1_719' title='bbox 2599 3159 2708 3216; x_wconf 91' lang='lat' dir='ltr'>Sed</span> <span class='ocrx_word' id='word_1_720' title='bbox 2738 3159 2934 3232; x_wconf 89' lang='lat' dir='ltr'>aliquis</span> <span class='ocrx_word' id='word_1_721' title='bbox 2964 3175 3224 3231; x_wconf 89' lang='lat' dir='ltr'>perverse</span> <span class='ocrx_word' id='word_1_722' title='bbox 3255 3168 3308 3216; x_wconf 91' lang='lat' dir='ltr'>et</span> <span class='ocrx_word' id='word_1_723' title='bbox 3337 3158 3497 3215; x_wconf 84' lang='lat' dir='ltr'>nimis</span> <span class='ocrx_word' id='word_1_724' title='bbox 3526 3158 3676 3232; x_wconf 87' lang='lat' dir='ltr'>large</span> <span class='ocrx_word' id='word_1_725' title='bbox 3705 3158 3802 3224; x_wconf 60' lang='lat' dir='ltr'>mi-</span> 
     </span>
    </p>
   </div>
   <div class='ocr_carea' id='block_1_91' title="bbox 2206 3255 3797 3330">
    <p class='ocr_par' dir='ltr' id='par_1_91' title="bbox 2206 3255 3797 3330">
     <span class='ocr_line' id='line_1_91' title="bbox 2206 3255 3797 3330; baseline -0.001 -18"><span class='ocrx_word' id='word_1_726' title='bbox 2206 3258 2559 3314; x_wconf 86' lang='lat' dir='ltr'>serieordiam</span> <span class='ocrx_word' id='word_1_727' title='bbox 2592 3258 2871 3330; x_wconf 86' lang='lat' dir='ltr'>accipiens</span> <span class='ocrx_word' id='word_1_728' title='bbox 2900 3257 3031 3314; x_wconf 91' lang='lat' dir='ltr'>dicit</span> <span class='ocrx_word' id='word_1_729' title='bbox 3063 3276 3077 3312; x_wconf 92' lang='lat'>:</span> <span class='ocrx_word' id='word_1_730' title='bbox 3109 3257 3364 3330; x_wconf 85' lang='lat' dir='ltr'>Nunquid</span> <span class='ocrx_word' id='word_1_731' title='bbox 3397 3272 3504 3313; x_wconf 90' lang='lat' dir='ltr'>non</span> <span class='ocrx_word' id='word_1_732' title='bbox 3525 3255 3797 3329; x_wconf 86' lang='lat' dir='ltr'>corrigam</span> 
     </span>
    </p>
   </div>
   <div class='ocr_carea' id='block_1_92' title="bbox 2204 3344 3799 3415">
    <p class='ocr_par' dir='ltr' id='par_1_92' title="bbox 2204 3344 3799 3415">
     <span class='ocr_line' id='line_1_92' title="bbox 2204 3344 3799 3415; baseline -0.001 -14"><span class='ocrx_word' id='word_1_733' title='bbox 2204 3345 2375 3402; x_wconf 86' lang='lat' dir='ltr'>ﬁlium</span> <span class='ocrx_word' id='word_1_734' title='bbox 2406 3348 2770 3415; x_wconf 81' lang='lat' dir='ltr'>luxuriosum,</span> <span class='ocrx_word' id='word_1_735' title='bbox 2804 3363 2906 3404; x_wconf 87' lang='lat' dir='ltr'>nec</span> <span class='ocrx_word' id='word_1_736' title='bbox 2927 3362 3147 3403; x_wconf 89' lang='lat' dir='ltr'>servum</span> <span class='ocrx_word' id='word_1_737' title='bbox 3175 3345 3500 3402; x_wconf 85' lang='lat' dir='ltr'>sceleratum</span> <span class='ocrx_word' id='word_1_738' title='bbox 3526 3345 3555 3400; x_wconf 63' lang='lat'><strong>7</strong></span> <span class='ocrx_word' id='word_1_739' title='bbox 3584 3348 3638 3401; x_wconf 92' lang='lat' dir='ltr'>Is</span> <span class='ocrx_word' id='word_1_740' title='bbox 3667 3344 3799 3401; x_wconf 89' lang='lat' dir='ltr'>sciat</span> 
     </span>
    </p>
   </div>
   <div class='ocr_carea' id='block_1_93' title="bbox 2206 3431 3793 3510">
    <p class='ocr_par' dir='ltr' id='par_1_93' title="bbox 2206 3431 3793 3510">
     <span class='ocr_line' id='line_1_93' title="bbox 2206 3431 3793 3510; baseline 0 -20"><span class='ocrx_word' id='word_1_741' title='bbox 2206 3437 2331 3509; x_wconf 90' lang='lat' dir='ltr'>quia</span> <span class='ocrx_word' id='word_1_742' title='bbox 2362 3438 2551 3510; x_wconf 90' lang='lat' dir='ltr'>regula</span> <span class='ocrx_word' id='word_1_743' title='bbox 2609 3436 2827 3493; x_wconf 90' lang='lat' dir='ltr'>Domini</span> <span class='ocrx_word' id='word_1_744' title='bbox 2873 3452 2984 3492; x_wconf 90' lang='lat' dir='ltr'>non</span> <span class='ocrx_word' id='word_1_745' title='bbox 3015 3435 3361 3506; x_wconf 82' lang='lat' dir='ltr'>reprehendit</span> <span class='ocrx_word' id='word_1_746' title='bbox 3380 3436 3515 3502; x_wconf 63' lang='lat' dir='ltr'>base,</span> <span class='ocrx_word' id='word_1_747' title='bbox 3547 3433 3593 3489; x_wconf 89' lang='lat' dir='ltr'>si</span> <span class='ocrx_word' id='word_1_748' title='bbox 3620 3431 3750 3489; x_wconf 80' lang='lat' dir='ltr'>ﬁant</span> <span class='ocrx_word' id='word_1_749' title='bbox 3780 3453 3793 3490; x_wconf 91' lang='lat'><strong>:</strong></span> 
     </span>
    </p>
   </div>
   <div class='ocr_carea' id='block_1_94' title="bbox 2203 3532 3798 3607">
    <p class='ocr_par' dir='ltr' id='par_1_94' title="bbox 2203 3532 3798 3607">
     <span class='ocr_line' id='line_1_94' title="bbox 2203 3532 3798 3607; baseline -0.003 -16"><span class='ocrx_word' id='word_1_750' title='bbox 2203 3534 2313 3591; x_wconf 91' lang='lat' dir='ltr'>imo</span> <span class='ocrx_word' id='word_1_751' title='bbox 2373 3536 2741 3607; x_wconf 89' lang='lat' dir='ltr'>reprehendit,</span> <span class='ocrx_word' id='word_1_752' title='bbox 2788 3535 2833 3591; x_wconf 87' lang='lat' dir='ltr'>si</span> <span class='ocrx_word' id='word_1_753' title='bbox 2881 3550 2990 3591; x_wconf 92' lang='lat' dir='ltr'>non</span> <span class='ocrx_word' id='word_1_754' title='bbox 3047 3533 3197 3590; x_wconf 85' lang='lat' dir='ltr'>ﬁant.</span> <span class='ocrx_word' id='word_1_755' title='bbox 3256 3534 3437 3590; x_wconf 92' lang='lat' dir='ltr'>Debes</span> <span class='ocrx_word' id='word_1_756' title='bbox 3465 3532 3608 3589; x_wconf 90' lang='lat' dir='ltr'>enim</span> <span class='ocrx_word' id='word_1_757' title='bbox 3636 3532 3798 3590; x_wconf 87' lang='lat' dir='ltr'>corri-</span> 
     </span>
    </p>
   </div>
   <div class='ocr_carea' id='block_1_95' title="bbox 2201 3621 3794 3697">
    <p class='ocr_par' dir='ltr' id='par_1_95' title="bbox 2201 3621 3794 3697">
     <span class='ocr_line' id='line_1_95' title="bbox 2201 3621 3794 3697; baseline -0.002 -17"><span class='ocrx_word' id='word_1_758' title='bbox 2201 3641 2333 3697; x_wconf 87' lang='lat' dir='ltr'>gere</span> <span class='ocrx_word' id='word_1_759' title='bbox 2390 3640 2582 3681; x_wconf 83' lang='lat' dir='ltr'>omnes</span> <span class='ocrx_word' id='word_1_760' title='bbox 2605 3624 2676 3680; x_wconf 90' lang='lat' dir='ltr'>ad</span> <span class='ocrx_word' id='word_1_761' title='bbox 2705 3624 3104 3680; x_wconf 90' lang='lat' dir='ltr'>correctionem</span> <span class='ocrx_word' id='word_1_762' title='bbox 3160 3631 3304 3679; x_wconf 89' lang='lat' dir='ltr'>tuam</span> <span class='ocrx_word' id='word_1_763' title='bbox 3335 3621 3671 3694; x_wconf 89' lang='lat' dir='ltr'>pertinentes</span> <span class='ocrx_word' id='word_1_764' title='bbox 3704 3639 3718 3677; x_wconf 90' lang='lat'><strong>:</strong></span> <span class='ocrx_word' id='word_1_765' title='bbox 3749 3621 3794 3677; x_wconf 91' lang='lat' dir='ltr'>si</span> 
     </span>
    </p>
   </div>
   <div class='ocr_carea' id='block_1_96' title="bbox 2200 3710 3785 3786">
    <p class='ocr_par' dir='ltr' id='par_1_96' title="bbox 2200 3710 3785 3786">
     <span class='ocr_line' id='line_1_96' title="bbox 2200 3710 3785 3786; baseline -0.002 -17"><span class='ocrx_word' id='word_1_766' title='bbox 2200 3723 2379 3769; x_wconf 83' lang='lat' dir='ltr'>autem</span> <span class='ocrx_word' id='word_1_767' title='bbox 2427 3715 2518 3786; x_wconf 92' lang='lat' dir='ltr'>qui</span> <span class='ocrx_word' id='word_1_768' title='bbox 2574 3713 2643 3769; x_wconf 93' lang='lat' dir='ltr'>ad</span> <span class='ocrx_word' id='word_1_769' title='bbox 2702 3723 2753 3769; x_wconf 90' lang='lat' dir='ltr'>te</span> <span class='ocrx_word' id='word_1_770' title='bbox 2806 3714 3032 3769; x_wconf 90' lang='lat' dir='ltr'>attinent</span> <span class='ocrx_word' id='word_1_771' title='bbox 3080 3712 3176 3767; x_wconf 89' lang='lat' dir='ltr'>tibi</span> <span class='ocrx_word' id='word_1_772' title='bbox 3224 3712 3464 3768; x_wconf 89' lang='lat' dir='ltr'>inferunt</span> <span class='ocrx_word' id='word_1_773' title='bbox 3511 3710 3785 3783; x_wconf 85' lang='lat' dir='ltr'>injuriam,</span> 
     </span>
    </p>
   </div>
   <div class='ocr_carea' id='block_1_97' title="bbox 2200 3805 3785 3882">
    <p class='ocr_par' dir='ltr' id='par_1_97' title="bbox 2200 3805 3785 3882">
     <span class='ocr_line' id='line_1_97' title="bbox 2200 3805 3785 3882; baseline -0.005 -16"><span class='ocrx_word' id='word_1_774' title='bbox 2200 3812 2468 3882; x_wconf 88' lang='lat' dir='ltr'>patienter</span> <span class='ocrx_word' id='word_1_775' title='bbox 2496 3813 2773 3866; x_wconf 86' lang='lat' dir='ltr'>sustineas</span> <span class='ocrx_word' id='word_1_776' title='bbox 2804 3824 2946 3877; x_wconf 90' lang='lat' dir='ltr'>eam,</span> <span class='ocrx_word' id='word_1_777' title='bbox 2980 3809 3104 3882; x_wconf 88' lang='lat' dir='ltr'>quia</span> <span class='ocrx_word' id='word_1_778' title='bbox 3134 3808 3272 3865; x_wconf 91' lang='lat' dir='ltr'>sicut</span> <span class='ocrx_word' id='word_1_779' title='bbox 3325 3807 3637 3863; x_wconf 89' lang='lat' dir='ltr'>misericors</span> <span class='ocrx_word' id='word_1_780' title='bbox 3665 3805 3785 3869; x_wconf 90' lang='lat' dir='ltr'>erit,</span> 
     </span>
    </p>
   </div>
   <div class='ocr_carea' id='block_1_98' title="bbox 2200 3894 3788 3964">
    <p class='ocr_par' dir='ltr' id='par_1_98' title="bbox 2200 3894 3788 3964">
     <span class='ocr_line' id='line_1_98' title="bbox 2200 3894 3788 3964; baseline -0.004 -9"><span class='ocrx_word' id='word_1_781' title='bbox 2200 3901 2244 3955; x_wconf 92' lang='lat' dir='ltr'>si</span> <span class='ocrx_word' id='word_1_782' title='bbox 2299 3914 2357 3955; x_wconf 89' lang='lat' dir='ltr'>tu</span> <span class='ocrx_word' id='word_1_783' title='bbox 2411 3900 2667 3955; x_wconf 88' lang='lat' dir='ltr'>misertus</span> <span class='ocrx_word' id='word_1_784' title='bbox 2724 3898 2909 3964; x_wconf 81' lang='lat' dir='ltr'>fueris,</span> <span class='ocrx_word' id='word_1_785' title='bbox 2942 3899 3016 3953; x_wconf 92' lang='lat' dir='ltr'>ita</span> <span class='ocrx_word' id='word_1_786' title='bbox 3047 3898 3208 3953; x_wconf 89' lang='lat' dir='ltr'>etiam</span> <span class='ocrx_word' id='word_1_787' title='bbox 3239 3896 3553 3952; x_wconf 85' lang='lat' dir='ltr'>misericors</span> <span class='ocrx_word' id='word_1_788' title='bbox 3583 3894 3701 3962; x_wconf 90' lang='lat' dir='ltr'>erit,</span> <span class='ocrx_word' id='word_1_789' title='bbox 3732 3904 3788 3949; x_wconf 89' lang='lat' dir='ltr'>ut</span> 
     </span>
    </p>
   </div>
   <div class='ocr_carea' id='block_1_99' title="bbox 2195 3983 3776 4059">
    <p class='ocr_par' dir='ltr' id='par_1_99' title="bbox 2195 3983 3776 4059">
     <span class='ocr_line' id='line_1_99' title="bbox 2195 3983 3776 4059; baseline -0.005 -13"><span class='ocrx_word' id='word_1_790' title='bbox 2195 4006 2304 4046; x_wconf 89' lang='lat' dir='ltr'>non</span> <span class='ocrx_word' id='word_1_791' title='bbox 2336 3996 2623 4045; x_wconf 83' lang='lat' dir='ltr'>remaneat</span> <span class='ocrx_word' id='word_1_792' title='bbox 2652 3988 2879 4043; x_wconf 90' lang='lat' dir='ltr'>inultum</span> <span class='ocrx_word' id='word_1_793' title='bbox 2918 3987 3179 4059; x_wconf 90' lang='lat' dir='ltr'>quidquid</span> <span class='ocrx_word' id='word_1_794' title='bbox 3208 4002 3304 4059; x_wconf 91' lang='lat' dir='ltr'>pro</span> <span class='ocrx_word' id='word_1_795' title='bbox 3327 3985 3529 4056; x_wconf 88' lang='lat' dir='ltr'>justitia</span> <span class='ocrx_word' id='word_1_796' title='bbox 3558 3983 3776 4056; x_wconf 88' lang='lat' dir='ltr'>pateris.</span> 
     </span>
    </p>
   </div>
   <div class='ocr_carea' id='block_1_100' title="bbox 2198 4084 3781 4156">
    <p class='ocr_par' dir='ltr' id='par_1_100' title="bbox 2198 4084 3781 4156">
     <span class='ocr_line' id='line_1_100' title="bbox 2198 4084 3781 4156; baseline -0.005 -10"><span class='ocrx_word' id='word_1_797' title='bbox 2198 4093 2336 4146; x_wconf 87' lang='lat' dir='ltr'>Vere</span> <span class='ocrx_word' id='word_1_798' title='bbox 2368 4090 2635 4145; x_wconf 89' lang='lat' dir='ltr'>Dominus</span> <span class='ocrx_word' id='word_1_799' title='bbox 2665 4097 2749 4144; x_wconf 90' lang='lat' dir='ltr'>est</span> <span class='ocrx_word' id='word_1_800' title='bbox 2793 4088 2998 4144; x_wconf 86' lang='lat' dir='ltr'>faciens</span> <span class='ocrx_word' id='word_1_801' title='bbox 3049 4085 3473 4150; x_wconf 88' lang='lat' dir='ltr'>misericordias,</span> <span class='ocrx_word' id='word_1_802' title='bbox 3532 4084 3653 4156; x_wconf 90' lang='lat' dir='ltr'>quia</span> <span class='ocrx_word' id='word_1_803' title='bbox 3700 4091 3781 4139; x_wconf 89' lang='lat' dir='ltr'>est</span> 
     </span>
    </p>
   </div>
   <div class='ocr_carea' id='block_1_101' title="bbox 2194 4170 3778 4247">
    <p class='ocr_par' dir='ltr' id='par_1_101' title="bbox 2194 4170 3778 4247">
     <span class='ocr_line' id='line_1_101' title="bbox 2194 4170 3778 4247; baseline -0.003 -14"><span class='ocrx_word' id='word_1_804' title='bbox 2194 4179 2483 4234; x_wconf 89' lang='lat' dir='ltr'>miserator</span> <span class='ocrx_word' id='word_1_805' title='bbox 2535 4184 2593 4233; x_wconf 87' lang='lat' dir='ltr'>et</span> <span class='ocrx_word' id='word_1_806' title='bbox 2638 4177 2971 4232; x_wconf 89' lang='lat' dir='ltr'>misericors.</span> <span class='ocrx_word' id='word_1_807' title='bbox 3032 4176 3340 4231; x_wconf 85' lang='lat' dir='ltr'>Misericors</span> <span class='ocrx_word' id='word_1_808' title='bbox 3367 4173 3592 4247; x_wconf 89' lang='lat' dir='ltr'>quidem</span> <span class='ocrx_word' id='word_1_809' title='bbox 3646 4170 3778 4229; x_wconf 68' lang='grc' dir='ltr'>ισθ-</span> 
     </span>
    </p>
   </div>
   <div class='ocr_carea' id='block_1_102' title="bbox 2194 4263 3776 4337">
    <p class='ocr_par' dir='ltr' id='par_1_102' title="bbox 2194 4263 3776 4337">
     <span class='ocr_line' id='line_1_102' title="bbox 2194 4263 3776 4337; baseline -0.004 -13"><span class='ocrx_word' id='word_1_810' title='bbox 2194 4268 2395 4336; x_wconf 90' lang='lat' dir='ltr'>ctione,</span> <span class='ocrx_word' id='word_1_811' title='bbox 2428 4268 2719 4322; x_wconf 90' lang='lat' dir='ltr'>miserator</span> <span class='ocrx_word' id='word_1_812' title='bbox 2741 4266 3092 4333; x_wconf 80' lang='lat' dir='ltr'>exhibitione,</span> <span class='ocrx_word' id='word_1_813' title='bbox 3123 4265 3250 4337; x_wconf 90' lang='lat' dir='ltr'>quia</span> <span class='ocrx_word' id='word_1_814' title='bbox 3276 4263 3515 4335; x_wconf 89' lang='lat' dir='ltr'>undique</span> <span class='ocrx_word' id='word_1_815' title='bbox 3542 4277 3642 4318; x_wconf 88' lang='lat' dir='ltr'>nos</span> <span class='ocrx_word' id='word_1_816' title='bbox 3678 4276 3776 4318; x_wconf 91' lang='lat' dir='ltr'>vo-</span> 
     </span>
    </p>
   </div>
   <div class='ocr_carea' id='block_1_103' title="bbox 2195 4356 3773 4435">
    <p class='ocr_par' dir='ltr' id='par_1_103' title="bbox 2195 4356 3773 4435">
     <span class='ocr_line' id='line_1_103' title="bbox 2195 4356 3773 4435; baseline -0.006 -12"><span class='ocrx_word' id='word_1_817' title='bbox 2195 4373 2284 4423; x_wconf 89' lang='lat' dir='ltr'>cat</span> <span class='ocrx_word' id='word_1_818' title='bbox 2343 4365 2413 4421; x_wconf 90' lang='lat' dir='ltr'>ad</span> <span class='ocrx_word' id='word_1_819' title='bbox 2469 4365 2912 4431; x_wconf 90' lang='lat' dir='ltr'>conversionem,</span> <span class='ocrx_word' id='word_1_820' title='bbox 2968 4363 3205 4435; x_wconf 87' lang='lat' dir='ltr'>undique</span> <span class='ocrx_word' id='word_1_821' title='bbox 3276 4362 3346 4418; x_wconf 89' lang='lat' dir='ltr'>ad</span> <span class='ocrx_word' id='word_1_822' title='bbox 3399 4356 3773 4433; x_wconf 65' lang='lat' dir='ltr'>paenitentiam,</span> 
     </span>
    </p>
   </div>
   <div class='ocr_carea' id='block_1_104' title="bbox 2196 4447 3775 4525">
    <p class='ocr_par' dir='ltr' id='par_1_104' title="bbox 2196 4447 3775 4525">
     <span class='ocr_line' id='line_1_104' title="bbox 2196 4447 3775 4525; baseline -0.004 -16"><span class='ocrx_word' id='word_1_823' title='bbox 2196 4454 2334 4510; x_wconf 86' lang='lat' dir='ltr'>sicut</span> <span class='ocrx_word' id='word_1_824' title='bbox 2387 4454 2681 4525; x_wconf 81' lang='lat' dir='ltr'>Apostolus</span> <span class='ocrx_word' id='word_1_825' title='bbox 2736 4454 2810 4507; x_wconf 90' lang='lat' dir='ltr'>ait</span> <span class='ocrx_word' id='word_1_826' title='bbox 2844 4471 2856 4508; x_wconf 94' lang='lat'>:</span> <span class='ocrx_word' id='word_1_827' title='bbox 2894 4474 2917 4503; x_wconf 78' lang='grc' dir='ltr'>ι</span> <span class='ocrx_word' id='word_1_828' title='bbox 2980 4454 3067 4507; x_wconf 83' lang='lat' dir='ltr'>An</span> <span class='ocrx_word' id='word_1_829' title='bbox 3095 4452 3322 4525; x_wconf 87' lang='lat' dir='ltr'>ignoras</span> <span class='ocrx_word' id='word_1_830' title='bbox 3351 4450 3568 4507; x_wconf 84' lang='lat' dir='ltr'>divitias</span> <span class='ocrx_word' id='word_1_831' title='bbox 3596 4447 3775 4522; x_wconf 73' lang='lat' dir='ltr'>gratire</span> 
     </span>
    </p>
   </div>
   <div class='ocr_carea' id='block_1_105' title="bbox 2197 4538 3774 4614">
    <p class='ocr_par' dir='ltr' id='par_1_105' title="bbox 2197 4538 3774 4614">
     <span class='ocr_line' id='line_1_105' title="bbox 2197 4538 3774 4614; baseline -0.005 -15"><span class='ocrx_word' id='word_1_832' title='bbox 2197 4543 2413 4599; x_wconf 88' lang='lat' dir='ltr'>Domini</span> <span class='ocrx_word' id='word_1_833' title='bbox 2442 4543 2471 4597; x_wconf 65' lang='grc' dir='ltr'><strong><em>Ὺ</em></strong></span> <span class='ocrx_word' id='word_1_834' title='bbox 2500 4546 2583 4598; x_wconf 77' lang='lat' dir='ltr'>An</span> <span class='ocrx_word' id='word_1_835' title='bbox 2613 4542 2795 4598; x_wconf 90' lang='lat' dir='ltr'>nescis</span> <span class='ocrx_word' id='word_1_836' title='bbox 2836 4542 2958 4614; x_wconf 89' lang='lat' dir='ltr'>quia</span> <span class='ocrx_word' id='word_1_837' title='bbox 2989 4540 3247 4613; x_wconf 88' lang='lat' dir='ltr'>patientia</span> <span class='ocrx_word' id='word_1_838' title='bbox 3281 4538 3375 4595; x_wconf 90' lang='lat' dir='ltr'>Dei</span> <span class='ocrx_word' id='word_1_839' title='bbox 3417 4539 3486 4594; x_wconf 89' lang='lat' dir='ltr'>ad</span> <span class='ocrx_word' id='word_1_840' title='bbox 3515 4538 3774 4609; x_wconf 75' lang='lat' dir='ltr'>pteniten-</span> 
     </span>
    </p>
   </div>
   <div class='ocr_carea' id='block_1_106' title="bbox 2199 4635 3777 4710">
    <p class='ocr_par' dir='ltr' id='par_1_106' title="bbox 2199 4635 3777 4710">
     <span class='ocr_line' id='line_1_106' title="bbox 2199 4635 3777 4710; baseline -0.004 -12"><span class='ocrx_word' id='word_1_841' title='bbox 2199 4642 2322 4698; x_wconf 88' lang='lat' dir='ltr'>tiam</span> <span class='ocrx_word' id='word_1_842' title='bbox 2355 4650 2406 4698; x_wconf 93' lang='lat' dir='ltr'>te</span> <span class='ocrx_word' id='word_1_843' title='bbox 2435 4641 2704 4697; x_wconf 76' lang='lat' dir='ltr'>adducit?</span> <span class='ocrx_word' id='word_1_844' title='bbox 2739 4663 2756 4690; x_wconf 73' lang='grc' dir='ltr'>ι</span> <span class='ocrx_word' id='word_1_845' title='bbox 2796 4642 2972 4709; x_wconf 79' lang='lat' dir='ltr'>(Rom:</span> <span class='ocrx_word' id='word_1_846' title='bbox 2998 4641 3078 4710; x_wconf 89' lang='grc' dir='ltr'>ιι),</span> <span class='ocrx_word' id='word_1_847' title='bbox 3105 4639 3273 4695; x_wconf 85' lang='lat' dir='ltr'>Vocat</span> <span class='ocrx_word' id='word_1_848' title='bbox 3298 4652 3398 4693; x_wconf 89' lang='lat' dir='ltr'>nos</span> <span class='ocrx_word' id='word_1_849' title='bbox 3421 4645 3677 4693; x_wconf 68' lang='lat' dir='ltr'>creature</span> <span class='ocrx_word' id='word_1_850' title='bbox 3693 4635 3777 4691; x_wconf 90' lang='lat' dir='ltr'>be-</span> 
     </span>
    </p>
   </div>
   <div class='ocr_carea' id='block_1_107' title="bbox 2194 4724 3773 4799">
    <p class='ocr_par' dir='ltr' id='par_1_107' title="bbox 2194 4724 3773 4799">
     <span class='ocr_line' id='line_1_107' title="bbox 2194 4724 3773 4799; baseline -0.005 -13"><span class='ocrx_word' id='word_1_851' title='bbox 2194 4729 2424 4797; x_wconf 85' lang='lat' dir='ltr'>neficiis,</span> <span class='ocrx_word' id='word_1_852' title='bbox 2459 4737 2619 4787; x_wconf 90' lang='lat' dir='ltr'>vocat</span> <span class='ocrx_word' id='word_1_853' title='bbox 2651 4746 2753 4785; x_wconf 92' lang='lat' dir='ltr'>nos</span> <span class='ocrx_word' id='word_1_854' title='bbox 2775 4728 3143 4799; x_wconf 86' lang='lat' dir='ltr'>spiritualibus</span> <span class='ocrx_word' id='word_1_855' title='bbox 3164 4727 3342 4792; x_wconf 89' lang='lat' dir='ltr'>donis,</span> <span class='ocrx_word' id='word_1_856' title='bbox 3362 4735 3413 4781; x_wconf 93' lang='lat' dir='ltr'>et</span> <span class='ocrx_word' id='word_1_857' title='bbox 3432 4726 3559 4781; x_wconf 90' lang='lat' dir='ltr'>ideo</span> <span class='ocrx_word' id='word_1_858' title='bbox 3585 4724 3773 4780; x_wconf 87' lang='lat' dir='ltr'>estmi—</span> 
     </span>
    </p>
   </div>
   <div class='ocr_carea' id='block_1_108' title="bbox 2193 4813 3771 4888">
    <p class='ocr_par' dir='ltr' id='par_1_108' title="bbox 2193 4813 3771 4888">
     <span class='ocr_line' id='line_1_108' title="bbox 2193 4813 3771 4888; baseline -0.005 -11"><span class='ocrx_word' id='word_1_859' title='bbox 2193 4829 2409 4877; x_wconf 80' lang='lat' dir='ltr'>serator</span> <span class='ocrx_word' id='word_1_860' title='bbox 2437 4829 2494 4875; x_wconf 91' lang='lat' dir='ltr'>et</span> <span class='ocrx_word' id='word_1_861' title='bbox 2522 4819 2859 4875; x_wconf 88' lang='lat' dir='ltr'>misericors.</span> <span class='ocrx_word' id='word_1_862' title='bbox 2882 4818 2987 4873; x_wconf 91' lang='lat' dir='ltr'>Sed</span> <span class='ocrx_word' id='word_1_863' title='bbox 3013 4818 3085 4871; x_wconf 86' lang='lat' dir='ltr'>ita</span> <span class='ocrx_word' id='word_1_864' title='bbox 3107 4815 3442 4888; x_wconf 87' lang='lat' dir='ltr'>intelligatur</span> <span class='ocrx_word' id='word_1_865' title='bbox 3458 4813 3771 4883; x_wconf 87' lang='lat' dir='ltr'>misericors,</span> 
     </span>
    </p>
   </div>
   <div class='ocr_carea' id='block_1_109' title="bbox 2194 4910 3772 4984">
    <p class='ocr_par' dir='ltr' id='par_1_109' title="bbox 2194 4910 3772 4984">
     <span class='ocr_line' id='line_1_109' title="bbox 2194 4910 3772 4984; baseline -0.006 -11"><span class='ocrx_word' id='word_1_866' title='bbox 2194 4928 2254 4973; x_wconf 89' lang='lat' dir='ltr'>ut</span> <span class='ocrx_word' id='word_1_867' title='bbox 2292 4926 2345 4973; x_wconf 90' lang='lat' dir='ltr'>et</span> <span class='ocrx_word' id='word_1_868' title='bbox 2385 4917 2640 4973; x_wconf 89' lang='lat' dir='ltr'>videatur</span> <span class='ocrx_word' id='word_1_869' title='bbox 2667 4917 2867 4984; x_wconf 89' lang='lat' dir='ltr'>justus.</span> <span class='ocrx_word' id='word_1_870' title='bbox 2921 4914 3069 4970; x_wconf 89' lang='lat' dir='ltr'>Sicut</span> <span class='ocrx_word' id='word_1_871' title='bbox 3101 4913 3246 4969; x_wconf 92' lang='lat' dir='ltr'>enim</span> <span class='ocrx_word' id='word_1_872' title='bbox 3302 4928 3445 4968; x_wconf 88' lang='lat' dir='ltr'>nunc</span> <span class='ocrx_word' id='word_1_873' title='bbox 3470 4919 3551 4966; x_wconf 90' lang='lat' dir='ltr'>est</span> <span class='ocrx_word' id='word_1_874' title='bbox 3579 4910 3772 4965; x_wconf 90' lang='lat' dir='ltr'>miseri-</span> 
     </span>
    </p>
   </div>
   <div class='ocr_carea' id='block_1_110' title="bbox 2193 5000 3769 5073">
    <p class='ocr_par' dir='ltr' id='par_1_110' title="bbox 2193 5000 3769 5073">
     <span class='ocr_line' id='line_1_110' title="bbox 2193 5000 3769 5073; baseline -0.008 -9"><span class='ocrx_word' id='word_1_875' title='bbox 2193 5022 2335 5073; x_wconf 88' lang='lat' dir='ltr'>cors,</span> <span class='ocrx_word' id='word_1_876' title='bbox 2368 5007 2438 5061; x_wconf 91' lang='lat' dir='ltr'>ita</span> <span class='ocrx_word' id='word_1_877' title='bbox 2471 5006 2691 5060; x_wconf 88' lang='lat' dir='ltr'>tandem</span> <span class='ocrx_word' id='word_1_878' title='bbox 2723 5006 2827 5059; x_wconf 91' lang='lat' dir='ltr'>erit</span> <span class='ocrx_word' id='word_1_879' title='bbox 2856 5018 3041 5059; x_wconf 88' lang='lat' dir='ltr'>verax.</span> <span class='ocrx_word' id='word_1_880' title='bbox 3078 5003 3147 5056; x_wconf 81' lang='lat' dir='ltr'>Et</span> <span class='ocrx_word' id='word_1_881' title='bbox 3208 5000 3331 5057; x_wconf 90' lang='lat' dir='ltr'>ideo</span> <span class='ocrx_word' id='word_1_882' title='bbox 3362 5000 3652 5056; x_wconf 87' lang='lat' dir='ltr'>timendum</span> <span class='ocrx_word' id='word_1_883' title='bbox 3695 5007 3769 5055; x_wconf 91' lang='lat' dir='ltr'>est</span> 
     </span>
    </p>
   </div>
   <div class='ocr_carea' id='block_1_111' title="bbox 2191 5101 3767 5179">
    <p class='ocr_par' dir='ltr' id='par_1_111' title="bbox 2191 5101 3767 5179">
     <span class='ocr_line' id='line_1_111' title="bbox 2191 5101 3767 5179; baseline -0.006 -15"><span class='ocrx_word' id='word_1_884' title='bbox 2191 5125 2260 5165; x_wconf 91' lang='lat' dir='ltr'>ne</span> <span class='ocrx_word' id='word_1_885' title='bbox 2289 5108 2507 5179; x_wconf 85' lang='lat' dir='ltr'>tandem</span> <span class='ocrx_word' id='word_1_886' title='bbox 2539 5106 2890 5177; x_wconf 77' lang='lat' dir='ltr'>eXperiamur</span> <span class='ocrx_word' id='word_1_887' title='bbox 2915 5105 3141 5175; x_wconf 90' lang='lat' dir='ltr'>justum,</span> <span class='ocrx_word' id='word_1_888' title='bbox 3195 5101 3448 5174; x_wconf 87' lang='lat' dir='ltr'>quoniam</span> <span class='ocrx_word' id='word_1_889' title='bbox 3478 5115 3625 5157; x_wconf 90' lang='lat' dir='ltr'>nunc</span> <span class='ocrx_word' id='word_1_890' title='bbox 3645 5115 3767 5157; x_wconf 88' lang='lat' dir='ltr'>con-</span> 
     </span>
    </p>
   </div>
   <div class='ocr_carea' id='block_1_112' title="bbox 2192 5197 3769 5277">
    <p class='ocr_par' dir='ltr' id='par_1_112' title="bbox 2192 5197 3769 5277">
     <span class='ocr_line' id='line_1_112' title="bbox 2192 5197 3769 5277; baseline -0.006 -16"><span class='ocrx_word' id='word_1_891' title='bbox 2192 5206 2486 5262; x_wconf 86' lang='lat' dir='ltr'>temnimus</span> <span class='ocrx_word' id='word_1_892' title='bbox 2516 5205 2843 5277; x_wconf 86' lang='lat' dir='ltr'>benignum.</span> <span class='ocrx_word' id='word_1_893' title='bbox 2904 5201 3189 5274; x_wconf 88' lang='lat' dir='ltr'>Siquidem</span> <span class='ocrx_word' id='word_1_894' title='bbox 3230 5199 3347 5272; x_wconf 84' lang='lat' dir='ltr'>ipse</span> <span class='ocrx_word' id='word_1_895' title='bbox 3377 5198 3496 5272; x_wconf 90' lang='lat' dir='ltr'>pius</span> <span class='ocrx_word' id='word_1_896' title='bbox 3527 5197 3769 5254; x_wconf 88' lang='lat' dir='ltr'>Dominus</span> 
     </span>
    </p>
   </div>
   <div class='ocr_carea' id='block_1_113' title="bbox 2191 5286 3768 5370">
    <p class='ocr_par' dir='ltr' id='par_1_113' title="bbox 2191 5286 3768 5370">
     <span class='ocr_line' id='line_1_113' title="bbox 2191 5286 3768 5370; baseline -0.006 -18"><span class='ocrx_word' id='word_1_897' title='bbox 2191 5295 2523 5370; x_wconf 86' lang='lat' dir='ltr'>longanimis</span> <span class='ocrx_word' id='word_1_898' title='bbox 2551 5302 2634 5350; x_wconf 90' lang='lat' dir='ltr'>est</span> <span class='ocrx_word' id='word_1_899' title='bbox 2690 5302 2743 5348; x_wconf 89' lang='lat' dir='ltr'>et</span> <span class='ocrx_word' id='word_1_900' title='bbox 2773 5292 3003 5347; x_wconf 90' lang='lat' dir='ltr'>multum</span> <span class='ocrx_word' id='word_1_901' title='bbox 3033 5290 3370 5346; x_wconf 85' lang='lat' dir='ltr'>misericors.</span> <span class='ocrx_word' id='word_1_902' title='bbox 3437 5286 3768 5360; x_wconf 81' lang='lat' dir='ltr'>Longanimis</span> 
     </span>
    </p>
   </div>
   <div class='ocr_carea' id='block_1_114' title="bbox 2195 5384 3764 5467">
    <p class='ocr_par' dir='ltr' id='par_1_114' title="bbox 2195 5384 3764 5467">
     <span class='ocr_line' id='line_1_114' title="bbox 2195 5384 3764 5467; baseline -0.006 -16"><span class='ocrx_word' id='word_1_903' title='bbox 2195 5403 2297 5462; x_wconf 89' lang='lat' dir='ltr'>est,</span> <span class='ocrx_word' id='word_1_904' title='bbox 2333 5394 2461 5467; x_wconf 86' lang='lat' dir='ltr'>quia</span> <span class='ocrx_word' id='word_1_905' title='bbox 2491 5408 2600 5448; x_wconf 87' lang='lat' dir='ltr'>non</span> <span class='ocrx_word' id='word_1_906' title='bbox 2633 5391 2813 5446; x_wconf 86' lang='lat' dir='ltr'>statim</span> <span class='ocrx_word' id='word_1_907' title='bbox 2842 5390 2995 5462; x_wconf 87' lang='lat' dir='ltr'>punit</span> <span class='ocrx_word' id='word_1_908' title='bbox 3026 5392 3254 5461; x_wconf 86' lang='lat' dir='ltr'>peccata</span> <span class='ocrx_word' id='word_1_909' title='bbox 3292 5392 3503 5453; x_wconf 78' lang='lat' dir='ltr'>ucstra,</span> <span class='ocrx_word' id='word_1_910' title='bbox 3535 5384 3631 5442; x_wconf 80' lang='lat' dir='ltr'>sed</span> <span class='ocrx_word' id='word_1_911' title='bbox 3655 5384 3764 5442; x_wconf 85' lang='lat' dir='ltr'>lon-</span> 
     </span>
    </p>
   </div>
   <div class='ocr_carea' id='block_1_115' title="bbox 2192 5490 3765 5573">
    <p class='ocr_par' dir='ltr' id='par_1_115' title="bbox 2192 5490 3765 5573">
     <span class='ocr_line' id='line_1_115' title="bbox 2192 5490 3765 5573; baseline -0.006 -18"><span class='ocrx_word' id='word_1_912' title='bbox 2192 5500 2509 5573; x_wconf 86' lang='lat' dir='ltr'>ganimitate</span> <span class='ocrx_word' id='word_1_913' title='bbox 2539 5497 2735 5570; x_wconf 62' lang='lat' dir='ltr'>quaerit</span> <span class='ocrx_word' id='word_1_914' title='bbox 2764 5497 2904 5552; x_wconf 90' lang='lat' dir='ltr'>bona</span> <span class='ocrx_word' id='word_1_915' title='bbox 2938 5511 3125 5567; x_wconf 90' lang='lat' dir='ltr'>opera.</span> <span class='ocrx_word' id='word_1_916' title='bbox 3156 5494 3210 5551; x_wconf 91' lang='lat' dir='ltr'>Si</span> <span class='ocrx_word' id='word_1_917' title='bbox 3242 5492 3383 5551; x_wconf 90' lang='lat' dir='ltr'>enim</span> <span class='ocrx_word' id='word_1_918' title='bbox 3415 5490 3625 5565; x_wconf 89' lang='lat' dir='ltr'>puniret</span> <span class='ocrx_word' id='word_1_919' title='bbox 3647 5500 3765 5564; x_wconf 86' lang='lat' dir='ltr'>pec-</span> 
     </span>
    </p>
   </div>
   <div class='ocr_carea' id='block_1_116' title="bbox 2191 5587 3765 5671">
    <p class='ocr_par' dir='ltr' id='par_1_116' title="bbox 2191 5587 3765 5671">
     <span class='ocr_line' id='line_1_116' title="bbox 2191 5587 3765 5671; baseline -0.008 -14"><span class='ocrx_word' id='word_1_920' title='bbox 2191 5607 2455 5666; x_wconf 90' lang='lat' dir='ltr'>catorem,</span> <span class='ocrx_word' id='word_1_921' title='bbox 2489 5613 2649 5671; x_wconf 92' lang='lat' dir='ltr'>quem</span> <span class='ocrx_word' id='word_1_922' title='bbox 2670 5595 2895 5651; x_wconf 88' lang='lat' dir='ltr'>haberet</span> <span class='ocrx_word' id='word_1_923' title='bbox 2922 5593 3268 5650; x_wconf 86' lang='lat' dir='ltr'>laudatorem</span> <span class='ocrx_word' id='word_1_924' title='bbox 3288 5592 3318 5649; x_wconf 68' lang='lat'><strong>7</strong></span> <span class='ocrx_word' id='word_1_925' title='bbox 3343 5591 3461 5649; x_wconf 88' lang='lat' dir='ltr'>Nec</span> <span class='ocrx_word' id='word_1_926' title='bbox 3480 5599 3651 5647; x_wconf 90' lang='lat' dir='ltr'>tamen</span> <span class='ocrx_word' id='word_1_927' title='bbox 3668 5587 3765 5645; x_wconf 86' lang='lat' dir='ltr'>vult</span> 
     </span>
    </p>
   </div>
   <div class='ocr_carea' id='block_1_117' title="bbox 2193 5687 3761 5754">
    <p class='ocr_par' dir='ltr' id='par_1_117' title="bbox 2193 5687 3761 5754">
     <span class='ocr_line' id='line_1_117' title="bbox 2193 5687 3761 5754; baseline -0.007 -1"><span class='ocrx_word' id='word_1_928' title='bbox 2193 5698 2248 5753; x_wconf 92' lang='lat' dir='ltr'>in</span> <span class='ocrx_word' id='word_1_929' title='bbox 2286 5696 2514 5754; x_wconf 88' lang='lat' dir='ltr'>corvina</span> <span class='ocrx_word' id='word_1_930' title='bbox 2569 5710 2704 5752; x_wconf 89' lang='lat' dir='ltr'>voce</span> <span class='ocrx_word' id='word_1_931' title='bbox 2753 5692 3180 5753; x_wconf 88' lang='lat' dir='ltr'>dilectationem.</span> <span class='ocrx_word' id='word_1_932' title='bbox 3214 5688 3310 5747; x_wconf 89' lang='lat' dir='ltr'>sed</span> <span class='ocrx_word' id='word_1_933' title='bbox 3367 5688 3421 5745; x_wconf 89' lang='lat' dir='ltr'>in</span> <span class='ocrx_word' id='word_1_934' title='bbox 3479 5687 3761 5745; x_wconf 88' lang='lat' dir='ltr'>columbino</span> 
     </span>
    </p>
   </div>
   <div class='ocr_carea' id='block_1_118' title="bbox 2194 5792 3758 5878">
    <p class='ocr_par' dir='ltr' id='par_1_118' title="bbox 2194 5792 3758 5878">
     <span class='ocr_line' id='line_1_118' title="bbox 2194 5792 3758 5878; baseline -0.008 -18"><span class='ocrx_word' id='word_1_935' title='bbox 2194 5803 2401 5878; x_wconf 84' lang='lat' dir='ltr'>gemitu</span> <span class='ocrx_word' id='word_1_936' title='bbox 2431 5800 2854 5859; x_wconf 87' lang='lat' dir='ltr'>confessionem.</span> <span class='ocrx_word' id='word_1_937' title='bbox 2888 5799 3109 5853; x_wconf 85' lang='lat' dir='ltr'>Multum</span> <span class='ocrx_word' id='word_1_938' title='bbox 3141 5805 3317 5853; x_wconf 90' lang='lat' dir='ltr'>autem</span> <span class='ocrx_word' id='word_1_939' title='bbox 3349 5792 3657 5851; x_wconf 88' lang='lat' dir='ltr'>misericors</span> <span class='ocrx_word' id='word_1_940' title='bbox 3673 5799 3758 5858; x_wconf 84' lang='lat' dir='ltr'>est,</span> 
     </span>
    </p>
   </div>
   <div class='ocr_carea' id='block_1_119' title="bbox 2198 5891 3758 5977">
    <p class='ocr_par' dir='ltr' id='par_1_119' title="bbox 2198 5891 3758 5977">
     <span class='ocr_line' id='line_1_119' title="bbox 2198 5891 3758 5977; baseline -0.007 -20"><span class='ocrx_word' id='word_1_941' title='bbox 2198 5901 2321 5977; x_wconf 88' lang='lat' dir='ltr'>quia</span> <span class='ocrx_word' id='word_1_942' title='bbox 2352 5906 2660 5958; x_wconf 88' lang='lat' dir='ltr'>remunerat</span> <span class='ocrx_word' id='word_1_943' title='bbox 2687 5898 2745 5955; x_wconf 91' lang='lat' dir='ltr'>in</span> <span class='ocrx_word' id='word_1_944' title='bbox 2772 5896 2931 5956; x_wconf 89' lang='lat' dir='ltr'>nobis</span> <span class='ocrx_word' id='word_1_945' title='bbox 2953 5912 3067 5954; x_wconf 88' lang='lat' dir='ltr'>non</span> <span class='ocrx_word' id='word_1_946' title='bbox 3094 5901 3281 5953; x_wconf 85' lang='lat' dir='ltr'>nostra</span> <span class='ocrx_word' id='word_1_947' title='bbox 3306 5892 3514 5961; x_wconf 87' lang='lat' dir='ltr'>merita,</span> <span class='ocrx_word' id='word_1_948' title='bbox 3564 5891 3654 5949; x_wconf 88' lang='lat' dir='ltr'>sed</span> <span class='ocrx_word' id='word_1_949' title='bbox 3679 5905 3758 5948; x_wconf 79' lang='lat' dir='ltr'>sua</span> 
     </span>
    </p>
   </div>
  </div>
