3924 6400
132 423 286 476 {989
1130 413 1712 472 DEFLORATIONES
1753 413 1830 470 SS

1838 460 1852 474 .
1897 409 2196 468 PATRUM.
2238 441 2307 454 -—
2345 405 2473 466 LIB.
2515 406 2587 464 ΙΙ.

3364 411 3498 467 1990

126 543 314 600 dona.
363 543 667 599 Dominus
698 543 877 614 itaque
908 541 1196 597 miserator
1224 548 1277 596 et
1306 538 1641 604 misericors,
1665 536 1789 592 lon-
1822 543 1872 603 Α
1907 536 2198 609 intelligas.
2227 537 2293 590 Et
2315 550 2424 589 non
2446 534 2620 588 solum
2640 533 2811 604 Moysi
2834 540 2886 588 et
2908 533 3029 588 aliis
3045 532 3172 590 fecit
3212 533 3329 590 vias
3369 551 3497 590 suas

129 631 395 704 ganimis
431 637 498 686 et
536 632 771 686 multum
802 631 1111 686 misericors
1143 630 1320 690 (Paul.
1373 630 1486 686 cu).
1541 628 1663 695 lpse
1715 625 1796 680 fe-

129 720 209 776 cit
242 729 428 775 notas
467 721 606 776 vias
637 736 786 786 suas,
820 718 1255 774 misericordiam
1296 716 1506 771 scilicet
1553 723 1604 768 et
1646 712 1799 783 judi-

135 815 324 884 cium,
365 833 485 887 per
523 833 669 888 quas
697 817 814 886 ipse
847 816 914 870 ad
945 832 1044 870 nos
1078 815 1242 879 venit,
1295 822 1345 868 et
1394 827 1496 867 nos
1544 811 1609 864 ad
1657 827 1800 876 eum,

134 906 356 976 Moysi.
394 906 522 960 Per
556 907 784 976 Moysen
816 903 1156 975 intelligendi
1189 911 1309 955 sunt
1338 916 1527 955 omnes
1550 896 1800 970 perfecti,

131 993 239 1050 sed
275 993 424 1048 ideo
461 1009 613 1049 eum
639 993 822 1064 potius
852 993 1019 1063 ponit,
1056 991 1182 1062 quia
1211 1007 1309 1061 per
1340 1005 1462 1044 eum
1491 987 1672 1058 legem
1701 986 1802 1040 de-

132 1082 242 1149 dit,
312 1082 379 1137 in
453 1097 583 1154 qua
642 1082 766 1153 lege
821 1081 945 1135 data
1000 1096 1260 1152 magnum
1315 1077 1633 1148 mysterium
1686 1082 1794 1130 est.

129 1171 219 1225 Ad
255 1171 381 1226 hoc
416 1171 590 1225 enim
620 1169 706 1224 lex
756 1170 882 1224 data
929 1176 1031 1235 est,
1084 1176 1162 1233 ut,
1220 1173 1503 1222 crescente
1554 1171 1802 1235 peccato,

134 1267 393 1338 superbi
431 1267 900 1330 humiliarentur,
931 1265 1201 1320 humiliati
1233 1261 1636 1326 conﬁterentur,
1669 1275 1809 1315 con-

136 1357 287 1412 fessi
325 1365 710 1412 sanarentur.
743 1357 852 1410 Has
883 1355 1133 1410 occultas
1160 1353 1278 1407 vias
1310 1367 1438 1406 suas
1483 1359 1640 1406 notas
1681 1348 1808 1413 fecit

140 1445 358 1516 Moysi,
401 1462 522 1516 per
557 1461 717 1516 quem
778 1443 863 1498 lex
893 1443 1017 1497 data
1048 1451 1150 1510 est,
1184 1459 1302 1513 qua:
1343 1436 1807 1510 superabundavit

145 1534 472 1602 delictum,
514 1542 577 1587 ut
607 1532 1084 1604 superabundaret
1109 1538 1160 1586 et
1188 1529 1380 1599 gratia.
1406 1529 1519 1582 Nec
1552 1529 1656 1582 hoc
1684 1543 1807 1580 cru—

144 1622 369 1680 deliter
403 1638 443 1678 a
476 1623 605 1677 Deo
629 1621 834 1677 factum
870 1629 964 1686 est,
1001 1619 1099 1675 sed
1130 1618 1438 1672 salubriter.
1482 1615 1632 1670 Multi
1661 1614 1806 1670 enim

145 1719 204 1767 et
235 1727 364 1768 non
403 1711 689 1776 sentiunt,
742 1724 845 1765 nec
899 1708 1167 1763 medicum
1224 1714 1496 1778 quaerunt.
1559 1709 1806 1776 Augetur

150 1810 440 1878 morbus,
477 1809 693 1865 crescit
721 1806 990 1872 molestia,
1024 1805 1285 1876 qumritur
1315 1802 1579 1869 medicus,
1612 1811 1665 1856 et
1706 1816 1805 1855 sa-

1909 643 2065 688 notas
2090 652 2104 699 ;
2127 633 2223 688 sed
2245 640 2297 687 et
2318 632 2474 686 etiam
2499 631 2622 684 filiis
2653 630 2839 696 Israel,
2876 631 2931 684 id
2967 638 3047 686 est
3087 631 3499 703 quibuscunque

1911 722 2211 777 minoribus
2232 737 2378 777 nunc
2407 720 2714 774 videntibus
2739 719 2910 774 Deum
2935 718 3060 780 ﬁde.
3090 721 3307 775 tandem
3352 720 3501 777 visu-

1913 811 1986 864 ris
2016 810 2226 881 specie.
2264 809 2410 864 Fecit
2440 816 2592 862 notas
2623 808 2929 862 voluntates
2959 823 3110 861 suas.
3143 809 3262 862 Hoc
3292 816 3374 863 est
3401 823 3503 864 au-

1913 907 2022 954 tem
2055 899 2299 953 voluntas
2343 913 2461 963 sua,
2512 906 2569 951 ut
2614 913 2713 949 nos
2762 896 3105 950 attendamus
3150 896 3505 968 multiplicem

1913 1001 2164 1051 nostram
2198 995 2496 1063 miseriam,
2529 1002 2580 1048 et
2609 1009 2914 1064 quaramus
2945 993 3288 1061 medicinam,
3331 1001 3384 1048 et
3425 993 3506 1050 sic

1913 1087 1966 1139 in
2001 1092 2330 1156 perpetuum
2361 1099 2469 1138 non
2494 1083 2780 1137 irascetur.
2817 1082 2929 1137 Hoc
2956 1081 3120 1136 infert
3149 1081 3220 1137 ad
3248 1082 3504 1138 consola-

1915 1173 2115 1228 tionem
2147 1181 2410 1229 nostram.
2435 1171 2555 1226 Non
2587 1171 2728 1225 enim
2763 1176 3012 1242 satagere
3043 1170 3326 1237 debemus,
3350 1179 3406 1226 ut
3428 1170 3508 1227 fu-

1914 1271 2094 1316 turam
2135 1261 2264 1315 iram
2296 1261 2610 1323 evadamus,
2647 1259 2745 1313 sed
2777 1259 2934 1314 etiam
2967 1267 3024 1313 ut
3051 1267 3380 1330 praesentem
3411 1260 3508 1316 de-

1915 1351 2277 1422 ponamus,de
2299 1366 2402 1420 qua
2423 1349 2711 1419 Apostolus
2736 1363 2748 1401 :
2779 1372 2800 1394 u
2826 1347 3046 1402 Fuimus
3060 1349 3203 1402 enim
3220 1348 3508 1420 aliquando

1916 1453 1971 1503 et
1993 1463 2093 1501 nos
2112 1455 2306 1501 natura
2328 1444 2422 1499 ﬁlii
2443 1445 2532 1500 iraa
2552 1446 2768 1515 (Ephes.
2786 1445 2864 1515 li).
2894 1469 2914 1492 η
2944 1446 3008 1499 Et
3027 1445 3150 1501 ideo
3172 1444 3506 1502 consolando

1916 1552 2016 1590 nos
2049 1536 2194 1601 dicit,
2212 1535 2336 1606 quia
2358 1551 2467 1590 non
2490 1535 2822 1589 irasceturin
2844 1542 3188 1604 perpetuum.
3212 1533 3335 1589 Jam
3358 1534 3506 1590 enim

1916 1641 2012 1695 spe
2043 1624 2178 1677 iram
2211 1623 2264 1677 in
2296 1640 2398 1696 qua
2437 1623 2616 1678 adhuc
2646 1639 2851 1688 sumus,
2879 1622 2934 1677 id
2966 1630 3049 1678 est
3076 1638 3266 1694 poenas
3295 1623 3506 1693 peccati

1915 1712 2207 1779 evasimus,
2239 1713 2460 1766 tandem
2490 1710 2702 1782 penitus
2733 1711 3047 1777 evademus,
3081 1719 3132 1766 et
3161 1710 3301 1768 sicut
3317 1728 3426 1767 non
3450 1711 3507 1768 in

1916 1806 2238 1872 perpetuum
2269 1801 2552 1866 irascetur,
2588 1799 2655 1854 ita
2681 1814 2782 1855 nec
2810 1800 2864 1853 in
2895 1808 3164 1855 aeternum
3202 1800 3505 1856 commina-

150 1907 333 1954 natur
361 1905 659 1970 aegrotus.
701 1897 844 1951 Ecce
893 1894 1171 1966 quomodo
1215 1893 1449 1963 pertinet
1499 1890 1569 1945 ad
1620 1889 1798 1960 legem
1832 1898 1884 1958 Β
1918 1889 2076 1943 bitur.
2111 1891 2237 1944 Haec
2265 1889 2408 1943 enim
2441 1903 2680 1958 praesens
2708 1887 2793 1941 ira
2817 1887 3164 1943 comminatio
3212 1896 3296 1944 est
3339 1896 3505 1943 teter-

150 1986 606 2043 misericordia.
673 1984 948 2040 Judicium
1007 1999 1222 2055 quoque
1285 1997 1382 2052 per
1443 1978 1797 2044 contrarium,

153 2087 392 2144 scilicet
426 2090 707 2158 quantum
737 2083 810 2139 ad
841 2098 948 2138 non
979 2081 1326 2137 attendentes
1377 2079 1484 2135 hoc
1529 2078 1803 2150 pertlnere

1911 2003 2019 2041 na).
2062 1989 2105 2040 A
2139 2001 2247 2056 qua
2274 2001 2376 2038 nos
2407 1983 2834 2039 misericorditer
2861 1983 3128 2038 Dominus
3155 1984 3313 2039 Iesus
3335 1983 3504 2039 Chri-

1916 2084 2031 2130 stus
2061 2074 2300 2130 liberare
2331 2072 2614 2146 dignetur.
2655 2070 2759 2141 Qui
2789 2071 2921 2128 vivit
2949 2080 3001 2128 et
3031 2081 3227 2144 regnat
3255 2074 3420 2130 Deus.

1250 2375 1864 2482 DOMINICA
1971 2373 2480 2476 DECIMA.

263 2761 288 2786 «ι
326 2738 483 2794 Cum
524 2735 990 2808 appropinquaret
1035 2731 1299 2787 Dominus
1341 2726 1686 2783 Hierusalem
1730 2723 1815 2777 vi-

185 2835 335 2891 dens
370 2835 661 2892 civitatem
693 2833 838 2889 ﬂevit
869 2848 1032 2903 super
1069 2831 1242 2896 illam,
1297 2829 1486 2883 dicens
1521 2845 1534 2881 :
1591 2823 1731 2892 Quia
1770 2821 1815 2876 si

191 2924 586 2997 cognovisses
613 2931 666 2977 et
696 2931 774 2989 tu,
806 2931 854 2977 et
885 2921 1103 2994 quidem
1136 2919 1187 2973 in
1221 2920 1322 2972 hac
1353 2917 1439 2971 die
1469 2924 1561 2970 tua
1587 2930 1707 2985 quae
1749 2910 1818 2966 ad

191 3028 405 3084 pacem
451 3013 554 3066 tibi
581 3027 725 3066 nunc
755 3020 934 3066 autem
975 3008 1294 3064 abscondita
1346 3013 1471 3059 sunt
1523 3004 1589 3056 ab
1646 3000 1818 3057 oculis

194 3112 336 3166 tuis.
382 3111 539 3180 Quia
569 3109 794 3164 venient
823 3109 940 3163 dies
971 3108 1025 3162 in
1073 3115 1146 3172 te,
1200 3115 1248 3161 et
1297 3101 1711 3160 circumdabant
1768 3106 1818 3153 te

198 3199 424 3255 inimici
462 3198 542 3253 tui
573 3198 712 3253 vallo
741 3205 794 3252 et
820 3197 1255 3267 coangustabunt
1287 3202 1335 3248 te
1366 3192 1624 3261 undique,
1660 3197 1711 3244 et
1753 3187 1819 3240 ad

204 3295 426 3343 terram
450 3294 892 3358 prosternentte,
911 3249 1114 3340 ettiilios
1134 3293 1250 3338 tuos
1266 3281 1356 3354 qui
1374 3281 1426 3334 in
1446 3286 1499 3334 te
1519 3249 1662 3342 sunt,
1679 3301 1700 3325 ι»
1719 3284 1822 3331 etc.
1855 3249 1900 3314 ο

207 3377 374 3447 (Luc.
413 3376 568 3446 xix.)
603 3375 854 3430 Litteram
885 3375 963 3429 sic
993 3374 1116 3444 lege
1148 3390 1160 3426 :
1197 3372 1252 3426 Si
1293 3369 1650 3441 cognovisses
1700 3365 1829 3437 quia

209 3465 453 3520 venient
486 3464 605 3518 dies
635 3464 690 3518 in
728 3471 800 3526 te,
834 3471 886 3518 et
917 3461 1330 3518 circumdabuut
1358 3467 1410 3514 te
1438 3456 1664 3523 inimici,
1696 3462 1828 3521 etc.,

212 3563 393 3617 etiam
430 3571 492 3616 tu
524 3561 786 3615 subaudis
816 3560 1003 3615 ﬂeres.
1063 3558 1196 3628 Quae
1247 3558 1408 3613 modo
1465 3555 1592 3627 quia
1648 3551 1831 3608 nescis

216 3651 376 3723 quod
410 3650 719 3716 imminent,
754 3649 1018 3715 exsultas,
1054 3649 1183 3703 dum
1215 3663 1431 3703 carnem
1469 3642 1831 3714 voluptatibus

218 3738 352 3792 das.
395 3737 670 3807 Equidem
705 3737 759 3791 in
791 3738 894 3793 hac
922 3745 1014 3791 tua
1039 3737 1146 3802 die,
1189 3736 1242 3790 id
1273 3744 1355 3790 est
1385 3735 1437 3788 in
1468 3735 1570 3788 hac
1591 3740 1680 3786 tua
1700 3746 1831 3801 pro-

220 3826 514 3897 speritatis
545 3826 812 3893 claritate,
853 3842 974 3898 quae
1002 3825 1071 3880 ad
1103 3841 1289 3896 pacem
1320 3823 1414 3876 tibi
1446 3832 1526 3877 est
1555 3829 1832 3889 tempora-

224 3914 361 3981 lem,
399 3915 701 3970 saubaudis
729 3914 914 3980 ﬂeres,
946 3914 989 3968 si
1021 3913 1374 3985 cognovisses
1402 3914 1517 3966 hare
1539 3923 1834 3979 superven-

225 4019 356 4067 tura
387 4011 542 4066 mala
568 4031 580 4076 ;
615 4011 712 4066 sed
743 4029 887 4065 nunc
918 4011 1235 4065 abscondita
1265 4017 1386 4063 sunt
1414 4008 1481 4062 ab
1511 4006 1680 4062 oculis
1705 4020 1833 4061 cor-

226 4100 316 4156 dis
349 4102 456 4156 tui.
492 4100 587 4155 Vel
617 4108 795 4170 potest
820 4117 848 4154 a
878 4100 1148 4170 principio
1178 4096 1399 4168 capituli
1427 4095 1527 4150 sub
1545 4110 1652 4148 uno
1675 4108 1836 4148 versu

224 4187 345 4262 legi
380 4205 567 4261 usque
597 4189 662 4242 ad
696 4204 885 4258 pacem
917 4189 1031 4251 tibi,
1065 4189 1167 4244 hoc
1197 4187 1393 4242 modo:
1423 4184 1591 4240 Flevit
1611 4182 1834 4237 dicens:

231 4276 390 4345 Quia
425 4278 480 4334 si
536 4277 894 4350 cognovisses
951 4277 1114 4332 etiam
1171 4284 1225 4330 tu
1281 4289 1515 4341 mecum,
1575 4268 1838 4326 subaudis

229 4366 458 4422 ruinam
489 4383 610 4438 quae
638 4365 905 4432 imminet,
937 4366 1123 4420 ﬂeres.
1155 4363 1423 4435 Equidem
1446 4363 1548 4417 hoc
1573 4368 1657 4415 est
1677 4359 1834 4414 etiam

233 4472 389 4519 certe
420 4464 476 4518 in
509 4464 608 4518 hac
637 4461 730 4517 die
761 4469 872 4528 tua,
901 4479 1024 4533 qua:
1053 4461 1122 4515 ad
1151 4476 1339 4532 pacem
1370 4459 1465 4512 tibi
1497 4465 1597 4522 est,
1631 4456 1838 4510 subau-

235 4550 326 4606 dis
357 4552 547 4607 ﬂeres.
595 4551 752 4606 Nunc
780 4559 960 4605 autem
989 4549 1308 4604 abscondita
1359 4555 1504 4614 sunt,
1554 4547 1656 4601 erit
1700 4544 1839 4598 alius

234 4655 439 4695 versus
467 4655 640 4710 usque
671 4639 738 4693 ad
771 4638 934 4694 ﬁnem
975 4637 1214 4709 capituli.
1264 4638 1329 4690 Et
1377 4652 1484 4690 non
1531 4634 1839 4704 relinquent

237 4727 296 4782 in
326 4736 380 4783 te
409 4728 649 4799 lapidem
681 4743 846 4798 super
873 4727 1110 4798 lapidem
1141 4741 1206 4781 eo
1239 4724 1383 4794 quod
1411 4739 1519 4779 non
1559 4736 1839 4794 cognove—

239 4815 321 4872 ris
353 4825 575 4889 tempus
605 4815 930 4871 visitationis
962 4824 1085 4870 tuae.
1119 4814 1480 4869 Eversionem
1501 4808 1841 4865 Hierusalem

244 4903 450 4962 factam
491 4921 614 4961 esse
641 4921 671 4959 a
717 4905 981 4960 Romanis
1029 4903 1364 4975 principibus
1408 4898 1745 4970 Vespasiano
1792 4903 1846 4951 et

244 4993 368 5050 Tito
417 5009 535 5049 non
596 4993 940 5066 ignoramus.
1013 4993 1192 5047 Etiam
1256 4991 1378 5061 ipsa
1441 4985 1845 5058 transmigratio

248 5090 489 5148 civitatis
519 5106 662 5146 nunc
691 5098 1020 5146 constructae
1059 5097 1204 5146 extra
1252 5096 1466 5159 portam
1512 5085 1603 5141 ubi
1654 5083 1846 5139 Domi-

250 5195 356 5235 nus
387 5178 676 5238 cruciﬁxus
707 5179 802 5234 fuit
831 5187 1071 5244 testatur,
1105 5178 1250 5250 quod
1282 5178 1431 5248 prior
1459 5175 1553 5230 illa
1584 5174 1846 5228 Hierusa-

253 5266 361 5324 lem
395 5268 638 5324 funditus
666 5283 866 5326 eversa
897 5269 988 5322 sit.
1022 5268 1149 5322 Haec
1178 5275 1261 5322 est
1308 5280 1474 5321 causa
1518 5262 1850 5318 destructio-

255 5357 343 5411 nis
372 5357 538 5426 illius,
571 5358 698 5428 quia
728 5373 835 5411 non
867 5358 1124 5429 cOguovit
1168 5355 1456 5410 Dominum
1512 5351 1731 5424 quando
1773 5349 1851 5405 vi-

261 5444 450 5501 sitavit
480 5461 618 5501 eam.
652 5447 806 5502 Unde
835 5446 966 5500 illud
1011 5447 1386 5517 propheticum
1421 5460 1433 5496 :
1493 5464 1516 5488 α
1551 5440 1748 5494 Milvus
1796 5438 1849 5492 in

261 5535 402 5592 cmlo
431 5535 689 5606 cognovit
720 5544 932 5606 tempus
962 5550 1141 5600 suum,
1174 5541 1347 5587 turtur
1403 5539 1456 5586 et
1511 5528 1744 5584 hirundo
1800 5535 1854 5580 et

264 5632 472 5690 ciconia
501 5634 876 5689 custodierunt
906 5642 1115 5704 tempus
1150 5632 1418 5686 adventus
1465 5626 1571 5692 sui,
1623 5623 1855 5697 p0pulus

264 5731 446 5778 autem
476 5738 632 5778 meus
664 5738 773 5778 non
801 5722 1060 5795 cognovit
1112 5720 1379 5790 judicium
1431 5715 1650 5773 Domini
1707 5714 1848 5784 (Jer.

267 5814 406 5883 vui).
442 5836 466 5863 ι»
501 5811 698 5868 Turtur
726 5819 806 5867 est
837 5827 1012 5884 genus
1053 5810 1309 5876 volatilis,
1362 5816 1414 5865 et
1463 5803 1636 5862 nescit
1692 5803 1859 5858 inane

266 5915 476 5958 amare.
505 5901 648 5957 Nam
673 5901 849 5958 semel
878 5901 971 5957 uni
999 5902 1170 5970 nupta
1198 5898 1413 5966 marito,
1445 5909 1663 5965 semper
1691 5890 1862 5947 abibit

1926 2719 2087 2776 simul
2118 2735 2247 2776 cum
2278 2720 2421 2791 ipso.
2470 2719 2643 2775 Nocte
2673 2717 2869 2792 dieque
2893 2719 3082 2790 juncta
3114 2718 3352 2774 manebit
3392 2717 3514 2774 sibi.

1925 2818 2146 2888 Absque
2177 2817 2370 2872 marito
2400 2833 2560 2872 nemo
2591 2817 2795 2872 videbit
2844 2832 2990 2872 eam.
3040 2816 3148 2872 Sed
3195 2816 3432 2883 viduata,
3475 2816 3522 2872 si

1926 2915 2074 2963 caret
2113 2907 2231 2976 ipso
2261 2948 2274 2972 ,
2317 2922 2425 2961 non
2464 2914 2645 2960 tamen
2697 2906 2839 2960 ultra
2893 2906 3061 2961 nubet
3117 2906 3297 2962 amico
3331 2948 3344 2973 ,
3405 2905 3524 2962 sola

1926 2995 2146 3060 volabit,
2190 2994 2304 3050 sola
2342 2994 2572 3060 sedebit,
2615 3001 2667 3049 et
2706 2993 2858 3063 quasi
2899 2995 3063 3050 corde
3118 2995 3321 3050 tenebit
3379 2994 3525 3050 ami-

1927 3099 2051 3139 cum
2092 3083 2454 3154 operiensque
2495 3091 2645 3138 casta
2682 3083 2944 3137 manebit.
2991 3083 3080 3138 Sic
3137 3083 3322 3139 anima
3372 3099 3527 3154 qua:-

1928 3197 2033 3252 que
2061 3180 2239 3234 tidelis
2271 3180 2414 3235 facta
2445 3179 2585 3233 virili
2625 3180 2828 3234 {cedere
2878 3179 3024 3247 felix,
3073 3195 3304 3251 namque
3355 3178 3523 3234 mari-

1933 3277 2017 3324 tus
2047 3278 2130 3324 est
2158 3269 2261 3322 sibi
2289 3269 2549 3323 Christus.
2587 3268 2719 3322 Cum
2751 3283 2854 3322 sua
2883 3268 2953 3324 de
2983 3283 3044 3323 se
3074 3275 3297 3338 pectora
3327 3267 3522 3338 replet,

1936 3366 1987 3412 et
2019 3358 2157 3412 bene
2190 3357 2337 3422 vivit,
2371 3373 2588 3426 semper
2615 3357 2872 3412 adhaeret.
2906 3357 3032 3411 Non
3058 3355 3296 3411 alienum
3335 3356 3527 3427 qumrit

1936 3447 2200 3502 amicum.
2276 3443 2694 3513 Quomodolibet
2758 3461 2924 3501 orcus
2990 3445 3286 3517 sumpserit
3349 3444 3524 3512 illum,

1938 3552 2098 3607 quem
2142 3550 2430 3605 superesse
2469 3534 2640 3589 credit
2696 3534 2751 3588 in
2791 3536 2992 3590 aethere
3025 3574 3040 3602 ,
3100 3534 3227 3588 inde
3289 3533 3529 3589 futurum

1939 3639 2150 3702 spectat
2180 3631 2452 3697 eumdem,
2485 3639 2542 3684 ut
2573 3632 2996 3686 microcosmum
3029 3631 3237 3699 judicet
3275 3647 3521 3687 omnem.

1941 3721 2193 3775 Hirundo
2224 3728 2401 3774 autem
2433 3727 2516 3774 est
2545 3719 2764 3774 volatile
2796 3719 2957 3774 simili
2989 3719 3172 3787 modo,
3206 3728 3258 3775 et
3304 3728 3531 3791 generat

1942 3809 2137 3864 semel.
2177 3807 2265 3862 Sic
2294 3815 2347 3862 et
2377 3808 2616 3862 salvator
2664 3824 2820 3862 meus
2877 3817 3034 3862 natus
3088 3816 3171 3863 est
3225 3808 3418 3874 semel,
3476 3809 3534 3865 in

1942 3907 2098 3952 utero
2126 3896 2398 3962 bajulatus
2425 3896 2623 3961 semel,
2655 3895 2944 3952 cruciﬁxus
2971 3902 3055 3951 est
3083 3896 3274 3963 semel,
3308 3905 3361 3953 et
3402 3913 3533 3953 sur-

1941 3988 2081 4042 rexit
2111 3999 2143 4039 a
2171 3985 2395 4039 mortuis
2425 3984 2619 4039 semel.
2659 3985 2810 4040 Unus
2841 3987 3006 4051 Deus,
3036 4001 3139 4040 una
3171 3985 3325 4055 ﬁdes,
3368 4001 3535 4041 unum

1945 4083 2244 4153 baptisma.
2285 4080 2524 4135 Ciconiae
2552 4095 2682 4134 aves
2711 4088 2915 4136 vocatae
2944 4095 2977 4134 a
3019 4095 3155 4136 sono
3203 4095 3310 4152 quo
3348 4082 3534 4152 crepi-

1943 4179 2063 4226 tant
2093 4169 2248 4241 quasi
2278 4168 2530 4224 cicaniaa.
2571 4168 2746 4236 Quem
2777 4184 2969 4224 sonum
3013 4169 3122 4224 oris
3171 4169 3357 4240 potius
3409 4185 3535 4226 esse

1946 4261 2132 4315 dicunt
2159 4273 2320 4326 quam
2353 4257 2522 4322 vocis,
2555 4257 2682 4327 quia
2722 4272 2847 4312 cum
2896 4258 3169 4326 quatiente
3217 4267 3396 4314 rostro
3446 4258 3538 4314 fa-

1945 4349 2110 4406 ciunt.
2145 4348 2239 4400 Hae
2269 4347 2418 4400 veris
2447 4345 2666 4412 nuntia},
2700 4345 2976 4401 societatis
3011 4347 3258 4416 comites,
3305 4364 3534 4418 serpen-

1946 4439 2078 4492 tium
2108 4438 2292 4491 hostes
2349 4434 2510 4488 maria
2565 4435 2915 4502 transvolant,
2974 4435 3027 4490 in
3057 4436 3250 4490 Asiam
3307 4437 3536 4494 collecto

1946 4534 2162 4605 agmine
2193 4540 2426 4602 pergunt
2459 4546 2472 4598 ;
2501 4531 2751 4586 cornices
2780 4531 2949 4587 duces
2978 4547 3073 4587 eas
3115 4533 3450 4604 praecedunt,
3485 4543 3539 4590 et

1867 4606 1920 4666 D
1950 4624 2084 4696 ipse
2101 4621 2257 4693 quasi
2279 4620 2552 4675 exercitus
2575 4620 2653 4674 eis
2667 4621 3040 4691 obsequuntur
3058 4621 3318 4676 adversus
3350 4622 3542 4678 inimi-

1950 4728 2044 4770 cas
2065 4726 2216 4766 aves.
2243 4709 2447 4763 Eximia
2471 4709 2577 4763 illis
2597 4708 2741 4764 circa
2762 4707 2900 4764 ﬁlios
2919 4709 3110 4780 pietas.
3130 4710 3268 4764 Nam
3289 4710 3428 4766 adeo
3439 4711 3541 4767 im-

1950 4800 2176 4874 pensius
2212 4798 2396 4854 fovent
2432 4797 2486 4851 in
2539 4797 2683 4864 nidis
2741 4797 2886 4853 ﬁlios
2917 4838 2932 4866 ,
2990 4804 3048 4852 ut
3103 4799 3324 4854 assiduo
3381 4799 3540 4856 incu-

1953 4891 2066 4946 bitu
2106 4889 2186 4944 eis
2221 4887 2422 4958 plumae
2463 4893 2692 4941 exeant.
2757 4885 3030 4955 Quantum
3087 4895 3267 4943 autem
3323 4895 3541 4960 tempo-

1954 4980 2032 5035 ris
2069 4975 2436 5047 impenderint
2477 4974 2672 5030 fetibus
2711 4975 2992 5030 educando
3030 4983 3236 5030 tantum
3293 4985 3349 5032 et
3406 4977 3542 5047 ipsae

1956 5067 2189 5124 invicem
2219 5081 2252 5120 a
2282 5063 2443 5135 pullis
2472 5063 2584 5117 suis
2611 5063 2844 5127 aluntur,
2892 5063 2996 5117 hoc
3041 5070 3124 5118 est
3169 5063 3390 5118 moralis
3439 5065 3543 5120 de-

1956 5165 2159 5223 notatio
2187 5161 2490 5218 clementiae
2527 5168 2580 5214 et
2637 5159 3056 5231 compassionis.
3117 5158 3299 5216 Semel
3357 5160 3542 5234 itaque

1959 5253 2223 5310 Dominus
2272 5249 2416 5304 ﬂevit
2466 5263 2631 5318 super
2687 5249 2958 5304 civitatem
2992 5289 3005 5314 ,
3069 5263 3192 5303 cum
3247 5249 3543 5319 perituram

1958 5341 2246 5405 nuntiaret,
2281 5338 2377 5392 sed
2407 5335 2650 5408 quotidie
2681 5352 2777 5407 per
2805 5337 3006 5392 electos
3034 5352 3164 5391 suos
3193 5337 3249 5391 in
3298 5337 3550 5394 Ecclesia

1961 5431 2169 5505 plangit
2198 5426 2481 5498 reprobos,
2514 5425 2606 5496 qui
2633 5426 2887 5481 nesciunt
2915 5441 3014 5480 cur
3028 5424 3376 5498 plangantur,
3399 5427 3547 5501 quia,

1958 5531 2114 5602 juxta
2143 5526 2508 5589 Salomonem,
2545 5545 2568 5571 ε
2604 5521 2856 5578 laetantur
2903 5538 3025 5578 cum
3077 5522 3452 5580 malefecerint
3499 5533 3556 5583 et

1963 5618 2234 5676 exsultant
2262 5613 2315 5668 in
2344 5612 2512 5668 rebus
2539 5611 2792 5682 pessimis
2821 5612 3002 5682 (Prov.
3034 5610 3115 5684 ii).
3153 5635 3175 5660 υ
3208 5610 3311 5682 Qui
3341 5614 3386 5668 si
3402 5613 3556 5669 dam-

1966 5707 2240 5764 nationem
2269 5717 2423 5756 suam
2452 5700 2832 5771 praviderent,
2866 5699 3079 5772 seipsos
3108 5717 3229 5757 cum
3260 5702 3561 5760 electorum

1972 5791 2232 5866 lacrymis
2295 5789 2645 5862 plangerent.
2721 5789 2884 5845 Suam
2949 5787 3121 5862 igitur
3186 5790 3350 5846 habet
3418 5791 3565 5849 diem

1971 5885 2153 5942 anima
2175 5893 2457 5954 perversa,
2490 5894 2613 5950 quae
2641 5877 2950 5936 transitoria
2978 5877 3187 5952 gaudet
3213 5878 3270 5934 in
3295 5887 3566 5952 tempore.
