3924 6398
478 328 610 384 1091

1652 322 1995 381 WERNERI
2032 321 2316 380 ABBATIS
2354 323 2413 380 S.
2454 324 2678 382 BLASII

3658 327 3820 385 1092

479 452 577 509 Cui
606 467 673 508 ea
703 466 824 524 qua
852 448 1050 506 adsunt
1103 447 1171 503 ad
1222 462 1420 521 pacem
1474 456 1617 518 sunt,
1678 449 1767 523 qui
1820 449 1949 505 dum
2008 464 2077 504 ex
2107 450 2158 510 Α
2187 454 2293 516 tur,
2326 459 2383 505 ut
2412 450 2545 505 solis
2575 449 3025 509 similitudinibus
3075 467 3368 525 corporum
3417 453 3662 526 spiritali
3721 457 3819 512 vi-

480 551 650 607 rebus
680 548 1069 622 temporalibus
1100 547 1324 611 laetatur.
1357 548 1487 604 dum
1520 549 1821 605 honoribus
1863 547 2083 605 extolli-

487 648 596 707 tur,
627 641 758 696 dum
788 639 843 695 in
874 637 1058 695 carnis
1087 636 1361 708 voluptate
1387 638 1699 706 resolvitur,
1751 639 1882 694 dum
1934 637 2085 693 nulla

483 739 736 786 ventura:
764 744 941 800 paenae
969 727 1260 783 formidine
1293 735 1542 795 terretur,
1578 744 1775 800 pacem
1818 728 1982 783 habet
2027 727 2082 783 in

485 828 573 885 die
602 843 722 895 sua,
755 825 857 882 sed
884 840 1054 898 grave
1084 822 1404 879 scandalum
1442 825 1816 881 damnationis
1860 824 2087 881 habebit

484 917 539 974 in
569 916 657 972 die
686 923 948 971 extrema.
988 912 1198 969 Inimici
1226 921 1352 969 sunt
1406 914 1630 987 maligni
1689 914 1929 987 spiritus,
1991 914 2084 986 qui

487 1008 721 1067 animam
759 1020 790 1060 a
830 1019 1063 1075 corpore
1118 1010 1407 1059 exeuntem
1462 1002 1739 1071 obsident,
1800 1019 1965 1077 quam
2026 1002 2084 1058 in

483 1124 652 1167 carne
674 1090 906 1179 positam
970 1101 1297 1175 deceptoriis
1337 1101 1803 1159 delectationibus
1860 1102 2073 1159 fovent.

484 1197 640 1271 Yallo
670 1211 790 1252 eam
820 1192 1180 1259 circumdant,
1232 1191 1358 1265 quia
1404 1191 1645 1249 reductis
1687 1192 2083 1266 iniquitatibus,

484 1303 621 1361 quas
650 1281 993 1357 perpetravit
1010 1290 1136 1338 ante
1158 1281 1349 1338 oculos
1371 1281 1517 1353 ejus,
1540 1281 1608 1337 ad
1630 1281 1949 1338 societatem
1971 1299 2085 1339 suae

483 1378 853 1439 damnationis
883 1394 1007 1434 eam
1047 1383 1349 1433 coarctant.
1400 1375 1653 1449 Undique
1697 1385 2079 1449 coangustant,

483 1470 706 1546 quando
734 1469 784 1524 ei
813 1484 927 1524 non
958 1465 1135 1522 solum
1164 1466 1373 1536 operis,
1399 1483 1589 1522 verum
1611 1466 1772 1523 etiam
1795 1466 2086 1523 locutionis

484 1558 799 1630 iniquitates
827 1554 1121 1627 replicant.
1161 1555 1312 1611 Tunc
1341 1554 1520 1609 anima
1565 1570 1665 1626 per
1712 1555 2084 1628 cognitionem

483 1663 670 1713 reatus
698 1652 783 1708 sui
812 1651 880 1707 ad
929 1658 1135 1705 terram
1193 1648 1580 1720 prosternitur,
1639 1664 1767 1705 cum
1826 1665 1957 1706 caro
2012 1649 2083 1705 ad

478 1745 767 1819 pulverem
797 1739 1087 1811 redigitur.
1125 1739 1274 1794 Tunc
1304 1738 1359 1792 in
1389 1742 1624 1794 mortem
1671 1737 1765 1794 ﬁlii
1811 1738 1933 1811 ejus
1982 1755 2080 1796 ca-

484 1812 645 1900 dunt,
675 1847 804 1889 cum
833 1827 1198 1902 cogitationes
1242 1827 1442 1883 illicitae
1499 1844 1566 1884 ex
1611 1827 1704 1883 illa
1752 1828 2083 1899 prodeuntes
2112 1812 2164 1873 Β

483 1935 540 1990 in
571 1938 818 1989 extrema
846 1928 1053 1983 ultione
1083 1926 1436 1997 dissipantur,
1470 1925 1608 1982 sicut
1640 1926 1902 1997 scriptum
1948 1935 2033 1982 est
2065 1944 2079 1983 :

487 2047 510 2073 α
553 2024 614 2078 In
651 2021 751 2076 illa
789 2019 879 2075 die
916 2017 1171 2089 peribunt
1225 2031 1416 2071 omnes
1473 2016 1837 2088 cogitationes
1894 2032 2084 2073 eorum

485 2113 667 2183 (Psal.
706 2110 886 2178 cxw).
917 2130 938 2155 η
960 2106 1119 2176 Lapis
1151 2121 1314 2176 super
1340 2104 1574 2176 lapidem
1603 2104 1928 2176 intelligitur
1947 2106 2085 2161 dura

485 2209 744 2287 cogitatio
766 2223 933 2279 super
949 2206 1144 2260 duram
1173 2204 1582 2275 cogitationem.
1608 2206 1924 2260 Perversam
1958 2204 2083 2259 ani-

484 2318 632 2360 mam
663 2299 848 2356 visitet
873 2296 1022 2351 Deus
1052 2293 1292 2366 quotidie
1317 2302 1613 2365 praecepto,
1649 2293 1946 2365 aliquando
1987 2293 2083 2348 ﬂa—

485 2391 655 2466 gello,
687 2383 982 2458 aliquando
1013 2382 1304 2449 miraculo,
1338 2390 1396 2437 ut
1424 2383 1515 2455 qui
1541 2384 1713 2439 nescit
1735 2383 1925 2438 audiat
1949 2401 1963 2447 ;
1990 2391 2085 2440 aut

484 2492 678 2549 dolore
705 2490 1033 2555 compuncta
1061 2482 1266 2548 redeat,
1299 2488 1388 2536 aut
1415 2479 1700 2537 beneﬁciis
1729 2481 1942 2537 devicta
1972 2497 2084 2535 ma-

486 2582 601 2638 lum
631 2577 783 2651 quod
811 2574 937 2630 fecit
967 2572 1271 2627 erubescat.
1302 2571 1578 2626 Praeterea
1604 2570 1904 2625 notandum
1938 2569 2084 2641 quod

486 2668 757 2744 quondam
785 2660 1117 2737 spiritualem
1161 2666 1413 2715 naturam
1469 2658 1524 2714 in
1578 2658 1739 2715 nobis
1794 2659 2081 2729 habemus,

484 2768 580 2825 ubi
616 2761 986 2835 corporalium
1048 2773 1229 2814 rerum
1294 2756 1598 2813 formantur
1663 2756 2073 2812 similitudines.

487 2856 700 2921 Prima,
732 2867 858 2909 cum
887 2847 1107 2921 aliquod
1129 2862 1331 2917 corpus
1384 2863 1552 2902 sensu
1598 2846 1847 2918 corporis
1895 2845 2081 2918 tangi-

485 2963 655 3004 mus:
705 2939 969 3006 secunda,
1023 2937 1140 2992 sive
1195 2951 1318 2992 cum
1374 2935 1625 2990 absentia
1681 2951 1920 3006 corpora
1967 2937 2082 3005 jam

481 3054 613 3103 nota
641 3040 947 3115 cogitamus
979 3056 994 3104 ;
1029 3034 1206 3102 tertia,
1241 3033 1355 3089 sive
1383 3050 1509 3089 cum
1548 3049 1739 3089 eorum
1786 3049 2082 3103 corporum

480 3151 602 3208 quae
631 3147 740 3187 non
771 3126 1044 3192 novimus,
1077 3124 1177 3180 sed
1205 3130 1386 3178 tamen
1429 3138 1554 3177 esse
1602 3138 1714 3177 non
1758 3121 2080 3176 dubitamus

477 3224 755 3281 intuemur
786 3237 802 3283 ;
832 3222 1042 3290 quarta,
1074 3213 1189 3271 sive
1215 3227 1340 3269 cum
1384 3210 1568 3283 aliqua
1615 3227 1736 3281 quae
1792 3226 1903 3266 non
1958 3219 2084 3266 sunt

481 3322 570 3380 vel
608 3336 733 3378 esse
789 3314 1127 3380 nesciuntur,
1184 3326 1281 3382 pro
1338 3310 1564 3365 arbitrio
1620 3309 1711 3365 vel
1764 3310 2081 3380 opinatione

484 3411 792 3485 cogitamus
824 3424 838 3470 ;
874 3404 1084 3477 quinta,
1117 3401 1236 3455 sive
1266 3415 1393 3455 cum
1439 3415 1621 3471 neque
1675 3398 1733 3454 id
1789 3398 2080 3470 agentibus

480 3527 660 3582 neque
687 3503 1001 3562 volentibus
1036 3499 1198 3556 nobis
1240 3498 1406 3554 varia
1462 3496 1658 3552 formae
1718 3495 2081 3567 corporalium

484 3602 898 3665 similitudinum
931 3611 1223 3654 versantur
1250 3594 1307 3649 in
1338 3593 1558 3658 animo;
1592 3601 1763 3659 sexta,
1796 3592 1913 3648 sive
1955 3607 2082 3648 cun

483 3698 668 3769 aliqua
705 3687 1060 3762 corporaliter
1110 3684 1305 3751 acturi,
1377 3698 1444 3738 ea
1507 3682 1629 3753 ipsa
1687 3681 2078 3752 disponimus;

483 3786 714 3859 septima
739 3792 974 3853 quoque,
1005 3789 1128 3831 cum
1152 3772 1273 3843 jam
1315 3771 1370 3826 in
1427 3770 1551 3841 ipso
1608 3778 1751 3837 actu,
1813 3769 1900 3824 vel
1957 3784 2082 3824 cum

482 3881 779 3957 loquimur,
809 3874 903 3931 vel
930 3887 1057 3929 cum
1085 3868 1318 3925 facimus
1346 3883 1539 3922 omnes
1587 3865 1908 3937 corporales
1957 3881 2082 3921 mo-

480 3954 591 4039 tus,
624 3978 682 4026 ut
708 3962 953 4024 exerceri
982 3958 1213 4034 possint,
1242 3955 1650 4029 praeveniantur
1700 3954 2080 4011 similitudini-

483 4065 587 4120 bus
616 4059 730 4116 suis
755 4056 901 4111 intus
931 4052 984 4106 in
1015 4047 1208 4120 spiritu
1243 4064 1257 4111 ;
1288 4053 1500 4112 octava,
1533 4044 1652 4100 sive
1680 4060 1807 4101 cum
1861 4059 1896 4099 a
1947 4044 2079 4099 dor-

479 4158 774 4220 mientibus
817 4149 1032 4208 somnia
1085 4146 1359 4214 videntur,
1417 4144 1507 4199 vel
1562 4143 1697 4198 nihil
1751 4144 1839 4198 vel
1894 4142 2081 4213 aliqua

480 4242 886 4323 signiﬁcantia;
916 4252 1083 4303 nona,
1113 4235 1229 4291 sive
1267 4249 1393 4290 cum
1440 4231 1756 4289 valetudine
1809 4230 2079 4301 corporali

482 4319 711 4397 turbatis
758 4329 1083 4386 intrinsecus
1133 4322 1419 4378 itineribus
1475 4320 1746 4377 sentiendi
1803 4319 2078 4393 imagines

482 4445 801 4506 corporum,
829 4425 1061 4497 spiritus
1091 4422 1235 4478 veris
1264 4419 1597 4491 corporibus
1637 4419 1710 4473 ita
1754 4419 1970 4484 miscet,
2019 4424 2080 4473 ut

481 4518 782 4582 internosci
808 4514 896 4573 vel
923 4513 1011 4571 vix
1042 4510 1258 4583 possint
1284 4509 1372 4566 vel
1401 4508 1625 4565 omnino
1682 4524 1792 4564 non
1837 4506 2076 4579 possint,

446 4652 451 4655 -
480 4622 576 4672 aut
605 4605 916 4684 signiﬁcent
944 4600 1171 4673 aliquid,
1204 4602 1299 4656 aut
1347 4598 1467 4654 sine
1512 4594 1916 4669 signiﬁcatione
1972 4595 2081 4651 ulla

479 4709 798 4771 oboriantur
825 4723 845 4773 ;
870 4702 1102 4767 decima,
1134 4713 1255 4754 cum
1285 4712 1514 4769 prorsus
1554 4695 1927 4752 invalescente
1973 4694 2081 4750 ali-

481 4816 590 4876 quo
618 4796 817 4855 morbo
845 4792 933 4849 vel
958 4789 1154 4846 dolore
1183 4785 1451 4858 corporis,
1484 4793 1539 4841 et
1566 4784 1965 4876 intercludente
1991 4784 2082 4839 in-

450 4873 567 4949 tus
592 4889 718 4946 vias
746 4883 948 4958 quibus
974 4878 1154 4936 anima
1183 4884 1242 4932 ut
1270 4891 1369 4947 per
1394 4890 1617 4932 carnem
1642 4873 1870 4930 sentiret
1911 4888 2079 4929 exer-

478 4990 720 5052 cebatur,
750 4998 815 5039 ac
844 4979 1122 5035 nitebatur
1159 4972 1387 5029 intentio
1440 4972 1605 5027 altius
1658 4987 1819 5043 quam
1867 4986 2081 5027 sommo

481 5080 768 5137 absentato
798 5069 992 5143 spiritu
1030 5063 1396 5136 corporalium
1448 5077 1634 5117 rerum
1693 5061 1933 5117 existunt
1985 5068 2081 5115 aut

479 5170 855 5226 monstrantur
916 5155 1185 5229 imagines
1249 5150 1337 5209 vel
1414 5149 1787 5223 signiﬁcantes
1871 5149 2081 5221 aliquid

478 5267 568 5325 vel
607 5265 726 5321 sine
764 5258 877 5315 ulla
913 5251 1312 5327 signiﬁcatione
1350 5256 1713 5321 apparentes.
1782 5247 2078 5304 Undecima

481 5371 607 5413 cum
643 5351 795 5408 nulla
832 5363 898 5403 ex
933 5357 1167 5414 corpore
1209 5355 1375 5396 causa
1421 5337 1711 5405 existente,
1772 5337 1871 5393 sed
1913 5352 2077 5393 assu-

479 5460 661 5509 mente
691 5457 852 5521 atque
880 5442 1125 5513 rapiente
1151 5438 1335 5511 aliquo
1380 5436 1590 5509 spiritu,
1641 5434 1851 5491 tollitur
1897 5434 2078 5491 anima

481 5549 539 5605 in
564 5545 879 5619 hujusmodi
907 5540 1169 5598 videndae
1199 5536 1580 5592 similitudines
1608 5549 1923 5606 corporum,
1968 5534 2077 5589 mi-

482 5665 644 5707 scens
659 5648 711 5706 ei
726 5649 843 5705 visa
861 5641 1173 5716 corporalia
1191 5654 1315 5697 cum
1337 5637 1585 5694 similiter
1604 5635 1768 5693 etiam
1789 5636 2077 5708 corporeis

480 5747 733 5806 sensibus
758 5744 951 5802 utitur.
990 5740 1328 5796 Duodecima
1357 5750 1483 5794 cum
1527 5736 1620 5804 ita,
1673 5735 1867 5808 spiritu
1911 5750 2077 5791 assu-

477 5853 687 5915 mente,
718 5844 991 5905 alienatur
1018 5839 1088 5896 ab
1112 5835 1262 5895 omni
1288 5835 1538 5908 corporis
1576 5850 1744 5892 sensu
1774 5842 1826 5892 et
1876 5834 2078 5892 averti-

2112 3173 2161 3237 C

2192 548 2349 604 sione
2382 556 2649 616 teneatur,
2702 550 2797 606 ubi
2852 552 3045 609 nescio
3103 561 3283 608 utrum
3339 553 3550 624 possint
3603 553 3821 625 aliqua

2190 638 2323 692 nihil
2351 638 2722 710 signiﬁcantia
2751 641 2946 696 videri.
2983 641 3117 699 Haec
3146 642 3311 714 igitur
3340 650 3530 697 natura
3562 643 3817 714 spirita-

2189 726 2278 793 lis,
2311 726 2367 782 in
2398 745 2503 801 qua
2534 745 2643 785 non
2673 745 2923 802 corpora,
2956 732 3051 787 sed
3082 748 3374 803 corporum
3411 731 3818 789 similitudines

2190 817 2588 887 exprimuntur,
2620 818 2892 874 inferioris
2922 821 3144 893 generis
3176 821 3416 877 visiones
3446 822 3609 877 habet
3629 837 3816 894 quam

2188 904 2328 961 illud
2360 908 2555 963 mentis
2584 923 2651 964 ac
2678 908 3051 983 intelligentiae
3081 911 3264 966 lunem
3310 927 3419 983 quo
3450 918 3502 967 et
3547 912 3658 966 ista
3710 910 3813 966 in-

2191 995 2394 1051 feriora
2422 996 2793 1069 dijudicantur
2832 1006 2886 1053 et
2941 1013 3007 1054 ea
3064 1006 3380 1066 cernuntur,
3438 1016 3555 1072 quae
3611 994 3810 1071 neque

2191 1093 2323 1140 sunt
2350 1101 2608 1156 corpora,
2642 1102 2821 1158 neque
2858 1091 3059 1161 gerunt
3097 1087 3306 1145 formas
3342 1087 3545 1146 similes
3584 1104 3810 1162 corpo-

2189 1190 2332 1243 rum,
2368 1174 2513 1232 velut
2539 1175 2661 1247 ipsa
2688 1192 2865 1232 mens.

2598 1355 2741 1412 Item
2769 1355 3050 1428 expositio
3080 1356 3147 1413 de
3176 1356 3387 1416 eodem.

2265 1524 2284 1557 ι
2318 1504 2434 1561 Via:
2460 1505 2590 1562 Sion
2620 1505 2811 1578 lugent
2839 1522 2907 1563 eo
2965 1506 3114 1579 quod
3169 1523 3277 1564 non
3334 1507 3405 1563 sit
3458 1508 3549 1581 qui
3603 1508 3802 1565 veniat

2189 1592 2260 1649 ad
2292 1593 2693 1650 solemnitatem
2722 1597 2950 1667 (Thren.
2985 1596 3051 1668 ι).
3084 1619 3107 1646 ι»
3142 1596 3275 1653 Sion
3303 1597 3450 1669 quod
3478 1606 3641 1654 sonat
3660 1615 3793 1672 sps-

2189 1684 2341 1753 cula,
2372 1693 2456 1740 est
2478 1684 2745 1754 Ecclesia,
2765 1701 2888 1757 qua;
2916 1702 3108 1759 regem
3133 1686 3326 1760 gloria
3349 1687 3402 1741 in
3443 1687 3643 1744 decore
3689 1703 3799 1743 suo

2192 1780 2279 1828 est
2308 1774 2675 1844 speculatura.
2716 1775 2888 1844 Hujus
2918 1774 3020 1830 viae
3046 1784 3360 1832 sanctorum
3411 1775 3536 1832 vitae
3580 1785 3639 1833 et
3684 1777 3796 1832 do-

2192 1862 2380 1919 ctrinae
2410 1863 2770 1934 accipiuntur,
2804 1880 2904 1935 per
2932 1880 3071 1936 quos
3096 1863 3236 1920 ﬁdes
3264 1865 3334 1921 ad
3377 1865 3578 1921 moenia
3624 1865 3797 1922 caele-

2195 1952 2294 2006 stis
2333 1953 2486 2008 urbis
2524 1953 2928 2023 perducuntur.
2994 1955 3091 2010 Hae
3154 1954 3259 2011 viae
3318 1954 3510 2027 lugent
3579 1970 3792 2026 paucos

2194 2043 2384 2097 venire
2411 2042 2482 2097 ad
2515 2042 2935 2111 solemnitatem,
2967 2043 3092 2115 quia
3114 2043 3251 2113 justi
3295 2044 3539 2116 graviter
3580 2043 3793 2101 deﬂent

2195 2146 2354 2185 raros
2382 2130 2727 2204 frequentare
2783 2132 3061 2189 Dominici
3106 2133 3441 2189 sacramenti
3497 2132 3787 2190 celebrita-

2194 2227 2323 2275 tem.
2355 2221 2496 2275 Nam
2526 2222 2619 2292 qui
2649 2237 2710 2276 se
2738 2220 2825 2277 hic
2844 2221 3085 2277 alienant
3111 2221 3181 2277 ab
3210 2222 3474 2279 Ecclesiae
3521 2222 3790 2279 festivita-

2194 2316 2268 2374 te,
2298 2309 2484 2381 utique
2517 2309 2572 2364 in
2603 2315 2782 2366 futuro
2811 2310 3181 2366 excluduntur
3207 2311 3273 2366 ab
3321 2310 3647 2384 angelorum
3694 2324 3790 2366 so-

2192 2398 2492 2455 lemnitate.
2523 2398 2681 2456 Unde
2709 2398 2908 2472 legitur
2938 2400 3100 2456 hodie
3129 2400 3274 2473 quod
3303 2398 3571 2456 Dominus
3589 2399 3789 2455 videns

2194 2487 2468 2542 civitatem
2507 2487 2849 2544 Hierusalem
2898 2487 3074 2556 ﬂevit,
3134 2504 3367 2562 eamque
3416 2489 3488 2544 ab
3541 2489 3787 2545 hostibus

2193 2576 2574 2642 obsidendam,
2607 2576 3154 2644 circumfodiendam,
3196 2594 3319 2636 cum
3365 2579 3618 2634 omnibus
3659 2576 3786 2632 ﬁliis

2195 2665 2309 2720 suis
2339 2665 2732 2721 destruendam
2766 2666 3019 2737 praedixit
3047 2668 3200 2736 (Luc.
3234 2669 3389 2737 xxx).
3429 2666 3629 2723 Civitas
3667 2667 3785 2722 hac

2194 2771 2361 2826 super
2391 2770 2554 2826 quam
2584 2755 2733 2810 Deus
2755 2754 2863 2825 ﬂet,
2891 2764 2973 2811 est
2995 2756 3249 2828 quaelibet
3268 2757 3471 2824 anima,
3508 2773 3628 2829 quae
3673 2772 3780 2811 non

2193 2845 2404 2919 plangit
2432 2860 2533 2899 sua
2562 2844 2817 2900 crimina.
2860 2843 3036 2914 Quam
3091 2845 3297 2902 inimici
3346 2845 3777 2912 circumdabunt,

2192 2943 2321 2998 dum
2355 2942 2674 2997 imminente
2704 2950 2875 2998 morte
2906 2952 3137 2999 catervae
3165 2943 3474 2999 dmmonum
3504 2959 3624 2999 eam
3670 2942 3780 2998 val-

2192 3031 2409 3087 labunt.
2444 3033 2505 3086 In
2534 3031 2762 3088 circuitu
2792 3031 2997 3088 vallum
3044 3031 3272 3099 fodiunt,
3324 3033 3451 3087 dum
3507 3041 3777 3088 transacta

2191 3121 2334 3175 mala
2363 3128 2489 3176 ante
2519 3120 2704 3176 oculos
2737 3121 2852 3190 ejus
2881 3121 3171 3189 ducentes,
3206 3136 3327 3176 eam
3357 3121 3412 3176 in
3442 3121 3660 3177 foveam
3688 3121 3779 3177 de-

2191 3209 2517 3281 sperationis
2548 3210 2777 3265 ducunt.
2842 3210 3088 3282 Undique
3143 3210 3594 3282 coangustabunt,
3650 3210 3777 3265 dum

2190 3299 2441 3353 horribili
2470 3298 2619 3354 vultu
2647 3307 2701 3354 et
2729 3306 2890 3372 gestu
2916 3315 3036 3355 eam
3064 3298 3134 3354 ad
3183 3315 3380 3369 pmnas
3431 3300 3581 3354 exire
3623 3313 3773 3355 com-

2190 3388 2416 3459 pellunt.
2450 3388 2532 3442 Ad
2564 3396 2768 3443 terram
2798 3396 2981 3444 autem
3011 3396 3385 3459 prosternunt,
3417 3388 3543 3443 dum
3583 3403 3775 3460 corpus

2191 3486 2369 3533 morte
2398 3476 2744 3533 interimunt.
2784 3476 2949 3533 Filios
2980 3478 3097 3546 ejus
3127 3478 3421 3544 trucidant,
3471 3477 3599 3533 dum
3655 3492 3773 3533 eam

2192 3568 2260 3621 ad
2292 3572 2494 3621 tartara
2532 3567 2899 3637 perducentes
2926 3583 3029 3638 pro
3057 3566 3214 3622 malis
3243 3567 3506 3638 operibus
3549 3566 3605 3622 in
3655 3583 3776 3638 sup-

2190 3656 2352 3727 plicio
2383 3655 2655 3713 cruciant.
2692 3655 2952 3726 Lapidem
2985 3671 3153 3727 super
3189 3656 3422 3728 lapidem
3472 3672 3581 3712 non
3623 3655 3776 3711 relin-

2192 3770 2389 3826 quens,
2422 3753 2545 3825 quia
2575 3752 2782 3808 nullam
2813 3753 2936 3808 duri
2967 3753 3149 3810 cordis
3178 3754 3565 3827 cogitationem
3614 3754 3775 3825 impu-

2192 3844 2365 3898 nitam
2396 3842 2685 3898 dimittent.
2728 3843 2794 3897 Et
2820 3843 2925 3900 hoc
2951 3851 3121 3899 totum
3150 3843 3277 3899 ideo
3325 3843 3608 3915 contingit,
3657 3842 3773 3915 quia

2188 3939 2403 4004 tempus
2434 3931 2760 3988 visitationis
2786 3949 2901 3987 suae
2928 3949 3038 3988 non
3069 3934 3338 4006 agnoscit.
3368 3932 3561 3988 Anima
3596 3932 3771 3988 visita-

2189 4029 2297 4088 tur,
2330 4021 2554 4094 quando
2584 4036 2707 4077 cum
2738 4021 3048 4077 hominibus
3076 4039 3106 4076 a
3134 4023 3251 4078 Deo
3299 4021 3623 4095 ﬂagellatur.
3669 4016 3766 4077 Sed

2188 4111 2312 4182 ipsa
2340 4110 2715 4166 visitationem
2764 4126 2877 4166 non
2928 4111 3200 4184 agnoscit,
3260 4111 3383 4184 quin
3438 4110 3767 4182 disciplinam

2186 4199 2431 4272 recipere
2470 4199 2671 4255 renuit.
2708 4199 2972 4256 Dominus
2998 4208 3177 4256 autem
3205 4200 3274 4256 de
3295 4199 3496 4271 templo
3526 4216 3623 4256 suo
3655 4215 3766 4256 ven-

2187 4290 2380 4345 dentes
2409 4296 2464 4345 et
2491 4296 2737 4344 ementes
2768 4288 2937 4357 ejicit,
2970 4290 3098 4361 quia
3127 4290 3316 4361 culpas
3362 4288 3611 4344 homines
3653 4288 3763 4344 dia-

2190 4378 2319 4435 bolo
2346 4377 2669 4447 vendentes,
2702 4386 2756 4433 et
2794 4393 2986 4449 poenas
3030 4387 3295 4445 ementes,
3345 4378 3563 4451 ﬂagello
3609 4377 3765 4449 poeni-

2188 4469 2373 4524 tentiae
2390 4484 2422 4523 a
2435 4468 2722 4524 conversis
2743 4467 2981 4541 expellit.
3006 4469 3121 4525 Hoc
3141 4467 3511 4542 praeﬁguravit
3529 4467 3765 4523 Hieroso-

2106 4541 2160 4604 D
2190 4557 2462 4629 lymorum
2488 4557 2795 4627 subversio,
2829 4573 2949 4630 qua:
2974 4558 3202 4630 contigit
3231 4541 3335 4614 hoc
3355 4557 3515 4613 modo
3539 4574 3553 4612 :
3578 4557 3765 4612 Hieru-

2191 4646 2362 4703 salem
2426 4646 2669 4702 visitatio
2702 4689 2716 4717 ,
2779 4655 2896 4703 erat
2961 4647 3159 4703 Christi
3236 4646 3564 4702 incarnatio.
3628 4646 3765 4701 Hanc

2190 4736 2392 4808 quippe
2429 4735 2613 4792 oriens
2652 4752 2723 4792 ex
2761 4736 2870 4792 alto
2895 4734 3158 4806 visitavit,
3191 4736 3321 4792 dum
3350 4735 3406 4792 in
3430 4735 3613 4792 medio
3654 4734 3764 4805 ejus

2189 4841 2425 4897 regnum
2463 4825 2728 4882 caelorum
2767 4825 3101 4897 praedicavit,
3164 4825 3341 4899 signis
3395 4834 3450 4881 et
3507 4823 3763 4880 miraculis

2187 4914 2503 4970 illustravit.
2553 4914 2663 4970 Sed
2700 4915 2818 4986 ipsa
2856 4923 3076 4987 tempus
3115 4930 3229 4970 suae
3289 4913 3613 4970 visitationis
3664 4928 3763 4969 non

2188 5002 2468 5076 cognovit,
2502 5004 2631 5059 dum
2658 5005 2803 5061 hunc
2829 5021 2863 5061 a
2892 5005 3017 5078 lege
3045 5012 3099 5061 et
3129 5005 3411 5076 prophetis
3451 5003 3759 5075 promissum

2188 5102 2363 5158 Deum
2392 5102 2621 5158 credere
2641 5102 2829 5160 noluit.
2855 5103 3088 5174 Insuper
3100 5102 3227 5158 dum
3257 5110 3530 5158 terrenam
3551 5101 3760 5174 gloriam

2189 5193 2422 5262 perdere
2454 5192 2646 5259 timuit,
2680 5209 2868 5264 regem
2899 5192 3089 5265 glorise
3112 5190 3396 5259 cruciﬁxit,
3428 5200 3480 5247 et
3522 5191 3641 5247 ideo
3670 5205 3759 5247 coa-

2188 5280 2381 5337 lestem
2411 5281 2641 5356 gloriam
2670 5282 2874 5338 amisit.
2911 5281 3039 5353 Ipse
3082 5289 3263 5339 autem
3292 5282 3409 5337 alas
3464 5279 3636 5338 crucis
3684 5295 3757 5336 ex-

2187 5380 2396 5452 pandit,
2428 5388 2591 5452 atque
2622 5380 2722 5435 sub
2754 5380 2947 5435 umbra
2975 5377 3182 5434 alarum
3235 5377 3622 5435 misericordiae
3658 5393 3756 5433 sua

2185 5485 2535 5542 congregare
2570 5469 2759 5539 voluit,
2819 5469 3281 5542 quemadmodum
3338 5467 3540 5541 gallina
3600 5465 3754 5538 pullos

2188 5573 2317 5615 suos
2347 5561 2447 5614 sub
2476 5558 2580 5614 alis
2607 5574 2640 5614 a
2662 5558 2829 5615 milvo
2847 5559 3104 5631 protegit.
3129 5561 3199 5614 At
3216 5557 3295 5613 illi
3310 5557 3457 5614 calce
3483 5555 3753 5612 Dominum

2185 5656 2529 5726 abjecerunt,
2598 5664 2886 5712 vocantem
2953 5655 3141 5711 audire
3203 5655 3517 5721 noluerunt,
3581 5668 3752 5708 manus

2183 5753 2307 5818 post
2337 5761 2433 5802 eos
2463 5743 2798 5814 extendenti,
2828 5746 2992 5802 dorsa
3020 5746 3076 5801 in
3107 5745 3302 5802 faciem
3330 5744 3610 5801 dederunt.
3626 5743 3752 5799 Deus

2180 5843 2368 5894 autem
2395 5834 2612 5908 patiens
2641 5843 2694 5893 et
2719 5835 2950 5892 multum
2978 5834 3314 5904 misericors,
3347 5833 3439 5908 qui
3468 5833 3673 5893 vineam
3692 5833 3752 5891 de
