3924 6400
84 344 112 396 1
126 347 249 400 093

1086 342 1670 400 DEFLORATIONEB
1711 342 1815 400 SS.
1864 342 2162 400 PATRUM.
2201 376 2269 386 —
2306 345 2440 402 LIB.
2492 349 2558 404 ll.

3325 363 3460 418 1094

86 473 370 545 Egypto
407 472 860 546 transplantavit,
893 478 946 525 et
973 486 1093 525 eam
1126 469 1384 542 agricolis
1413 469 1614 524 locavit
1638 486 1761 532 ;cu-
1789 468 1845 528 Α
1874 467 2093 524 civitate
2151 479 2336 526 exorto
2392 472 2592 530 milites
2658 481 3064 550 propugnacula
3127 482 3456 555 relinquunt,

83 561 190 630 jus
223 563 588 632 prophetas
614 562 718 632 ipsi
750 561 821 616 ad
851 576 911 614 se
944 559 1152 613 missos
1183 559 1512 613 contumelia
1540 556 1761 614 affectos

93 662 525 721 peremerunt
558 671 573 718 ;
607 652 830 721 insuper
843 658 890 704 et
907 647 1122 703 unicum
1141 647 1334 701 Filium
1358 664 1510 701 suum
1528 647 1595 701 de
1609 647 1764 701 vinea

93 747 386 816 ejectum
415 749 772 810 occiderunt,
788 745 934 800 dedit
951 744 1030 798 eis
1060 742 1421 814 quadraginta
1437 743 1574 796 duos
1591 757 1765 796 annos

94 836 159 891 in
192 837 655 908 paenitentiam,
689 850 794 908 quo
825 841 1052 904 possent
1082 840 1266 886 reatus
1297 832 1380 885 sui
1401 831 1657 901 consequi
1677 830 1768 883 in-

97 925 534 996 dulgentiam.
575 924 682 994 lpsi
714 938 848 978 vero
877 930 1120 990 tempore
1149 920 1335 992 gratim
1365 919 1521 973 abusi
1556 926 1679 972 sunt
1710 918 1762 971 in

101 1014 516 1086 superbiam,
535 1023 584 1069 et
598 1013 948 1068 irritaverant
966 1011 1136 1064 Deum
1154 1010 1358 1079 jugiter
1373 1016 1638 1079 augentes
1659 1007 1767 1062 cul-

102 1127 254 1183 parn
274 1127 291 1180 ;
311 1111 470 1168 ideo
485 1113 570 1166 ira
581 1110 680 1166 Dei
693 1107 939 1166 ascendit
952 1123 1118 1179 super
1131 1122 1224 1162 eos
1238 1114 1290 1160 et
1301 1105 1624 1176 disperdidit
1634 1119 1728 1159 eos
1741 1145 1756 1159 .

187 1246 538 1318 Postquam
569 1244 713 1300 enim
747 1242 1046 1314 prepbetas
1075 1239 1346 1311 sapientes
1377 1247 1428 1294 et
1457 1239 1666 1295 scribas
1696 1238 1765 1293 ad

107 1348 223 1390 eos
298 1335 530 1389 missos
585 1348 618 1388 a
686 1348 746 1387 se
805 1331 1143 1400 repulerunt,
1212 1328 1438 1398 insuper
1500 1328 1766 1399 quosdam

109 1422 559 1494 lapidaverunt
590 1438 604 1485 ;
637 1421 904 1492 quosdam
931 1418 1121 1473 divisis
1151 1417 1326 1488 poenis
1357 1416 1764 1482 interfecerunt,

113 1511 286 1566 alios
355 1512 442 1567 de
489 1510 684 1564 finibus
720 1509 832 1563 suis
854 1507 1214 1578 propulerunt
1246 1520 1259 1573 ;
1293 1505 1554 1560 Dominus
1601 1505 1766 1559 ultio-

117 1626 303 1679 num,
339 1608 623 1664 Dominus
653 1606 971 1678 sanguinem
1025 1620 1214 1660 eorum
1245 1603 1521 1674 requirere
1551 1610 1634 1657 est
1676 1618 1766 1658 re-

119 1699 460 1755 cordatus.
493 1696 759 1767 Venitque
807 1711 975 1765 super
1002 1709 1098 1748 eos
1137 1708 1201 1748 ac
1230 1691 1370 1746 ﬁlios
1397 1707 1588 1746 eorum
1643 1707 1769 1745 san-

121 1787 269 1860 guis
305 1785 546 1850 Christi,
597 1784 946 1854 omniumque
987 1783 1275 1851 iustorum,
1335 1797 1495 1851 quem
1551 1795 1584 1834 a
1637 1795 1769 1833 san-

124 1849 326 1958 guine
397 1849 539 1938 Abel
597 1849 901 1936 effuderunt
939 1849 1223 1950 usquequo
1257 1849 1534 1946 apostolos
1571 1876 1771 1931 Christi
1797 1849 1850 1909 Β

128 1971 523 2028 occiderunt.
571 1970 636 2022 Et
662 1969 786 2039 quia
820 1969 1031 2020 Patrem
1084 1974 1136 2020 et
1168 1965 1358 2018 Filium
1398 1963 1766 2028 offenderunt,

131 2069 320 2132 pater
365 2058 758 2129 Vespasianus,
791 2065 844 2110 et
876 2054 1016 2109 ﬁlius
1032 2055 1182 2108 Titus
1206 2056 1308 2108 hoc
1337 2053 1766 2120 vindicaverunt,

130 2165 206 2205 ac
239 2149 488 2204 vineam
511 2147 708 2201 summi
769 2144 1197 2215 patrisfamilias,
1257 2157 1416 2212 quam
1449 2140 1503 2195 in
1556 2141 1768 2195 vineam

136 2238 545 2294 Sodomorum
577 2240 978 2296 converterant,
1012 2233 1078 2286 de
1109 2247 1216 2303 qua
1238 2231 1417 2284 vinum
1449 2230 1770 2285 Gomorrhe

139 2337 449 2401 biberant,
482 2331 868 2389 exterminavit
903 2346 1037 2400 aper
1066 2330 1134 2384 de
1183 2328 1340 2394 silva,
1369 2335 1421 2383 et
1473 2326 1768 2397 singularis

141 2426 318 2482 ferus
382 2425 642 2494 depastus
699 2431 781 2476 est
826 2436 944 2474 eam
985 2419 1165 2487 (Psal.
1223 2421 1428 2484 Lxxix).
1467 2417 1613 2471 Silva
1650 2423 1770 2470 erat

142 2513 475 2587 gentilitas,
511 2512 580 2566 de
610 2526 716 2582 qua
746 2525 878 2580 aper
920 2507 1283 2577 Vespasianus
1307 2505 1603 2561 exercitum
1661 2505 1768 2559 du-

147 2603 378 2668 citavit,
433 2607 486 2656 et
535 2599 772 2661 vineam,
851 2597 1060 2651 scilicet
1122 2595 1386 2660 Judteam,
1475 2594 1623 2648 ferro
1713 2598 1770 2651 et

147 2691 299 2764 igne
361 2686 764 2744 exterminavit.
825 2684 1130 2756 Singularis
1189 2683 1336 2738 ferus
1395 2687 1513 2737 erat
1596 2682 1764 2747 Titus,

153 2788 257 2860 qui
322 2787 490 2858 longa
548 2784 836 2840 obsidione
909 2781 1346 2852 Hierosolymam
1428 2787 1510 2834 est
1593 2779 1767 2849 depa-

161 2885 316 2933 stus.
372 2875 478 2931 Sed
519 2882 804 2944 autequam
861 2870 1052 2926 civitas
1101 2877 1469 2935 everteretur,
1523 2875 1637 2923 toto
1673 2869 1769 2924 illo

166 2995 329 3035 anno
401 2977 560 3032 stella
615 2975 784 3028 instar
839 2972 1005 3045 gladii
1054 2989 1220 3042 super
1259 2987 1377 3026 eam
1425 2971 1665 3042 pendere
1694 2968 1770 3025 vi-

157 3068 361 3123 detur.
395 3065 574 3121 Vitula
605 3063 764 3118 etiam
815 3060 1100 3116 sacrificiis
1131 3061 1370 3124 admota,
1429 3075 1628 3131 agnum
1685 3065 1770 3114 est

161 3156 356 3222 enixa,
415 3163 470 3211 et
523 3151 796 3208 continuis
830 3166 900 3204 xi.
945 3149 1197 3205 noctibus
1251 3149 1430 3222 ignem
1487 3149 1638 3203 acies
1711 3147 1765 3201 in

161 3269 309 3309 aere
366 3258 687 3312 cernuntur,
750 3247 935 3317 templi
961 3247 1148 3316 januaa
1205 3245 1386 3300 media
1437 3253 1595 3300 nocte
1626 3245 1770 3299 ultro
1799 3213 1848 3277 δ

163 3342 524 3414 aperiuntur,
567 3337 913 3408 maximaque
943 3336 1067 3391 luce
1121 3335 1266 3389 intus
1296 3342 1620 3390 coruscante
1667 3348 1770 3389 vo-

163 3448 264 3487 ces
301 3428 613 3499 huiusmodi
651 3427 979 3480 audiuntur:
1017 3445 1041 3476 ς
1093 3425 1454 3479 Transeamus
1507 3423 1576 3478 de
1619 3422 1773 3477 sedi-

167 3521 279 3575 bus
313 3519 458 3572 istis.
511 3536 534 3567 ι
573 3516 744 3586 Igitur
799 3513 1086 3569 transactis
1115 3520 1240 3583 post
1277 3512 1588 3583 passionem
1652 3512 1771 3565 Do-

171 3607 319 3664 mini
376 3605 744 3678 quadraginta
789 3603 1006 3657 duobus
1063 3601 1239 3666 annis,
1292 3601 1666 3671 Vespasianus
1722 3607 1774 3655 et

168 3699 353 3761 Titus,
431 3695 600 3749 duces
657 3693 1048 3755 Romanorum,
1113 3707 1238 3746 cum
1294 3690 1537 3744 maximo
1619 3705 1773 3743 exer-

173 3797 292 3852 citu
322 3793 564 3848 Iudaeam
595 3791 884 3853 intrantes,
928 3789 1243 3843 universam
1275 3787 1552 3859 regionem
1580 3786 1772 3842 incen-

173 3901 275 3955 dio
305 3899 755 3953 devastaverunt.
799 3892 1036 3963 Pepulus
1063 3901 1243 3948 autem
1274 3909 1346 3947 ex
1391 3892 1597 3948 cunctis
1622 3889 1773 3946 urbi—

175 3999 287 4053 bus
326 3997 397 4052 ob
462 3993 772 4065 paschalem
833 3991 1176 4046 festivitatem
1228 3990 1282 4044 in
1341 3989 1772 4060 Hierosolymam

176 4085 562 4148 confluxerat;
595 4097 754 4152 quem
816 4080 1090 4135 exercitus
1146 4082 1198 4132 in
1230 4079 1475 4149 paschali
1531 4087 1776 4148 tempore

178 4182 491 4247 obsidebat,
523 4180 662 4235 sicut
684 4179 800 4250 ipse
829 4177 1116 4232 Dominum
1145 4177 1201 4230 in
1239 4176 1482 4246 paschali
1509 4176 1597 4230 die
1642 4191 1774 4230 cru-

179 4270 448 4330 ciﬁxerat.
507 4271 695 4338 Itaque
753 4267 1050 4322 secundum
1118 4266 1287 4320 verba
1344 4264 1579 4332 Domini,
1638 4263 1776 4319 civi-

181 4375 273 4422 tas
327 4364 475 4420 vallo
519 4360 902 4425 circumdatur,
944 4358 1215 4414 machinis
1270 4359 1510 4430 undique
1557 4366 1776 4412 exstru-

185 4450 292 4508 ctis
359 4447 573 4503 fortiter
627 4445 696 4499 ab
769 4443 1018 4498 hostibus
1091 4442 1442 4513 impugnatur
1503 4458 1518 4496 :
1573 4441 1673 4496 sed
1722 4449 1778 4496 et

184 4553 398 4594 summa
453 4535 507 4590 vi
537 4551 567 4590 a
608 4533 822 4590 civibus
880 4531 1214 4586 defensatur.
1247 4531 1354 4585 Sed
1393 4529 1520 4602 quia
1547 4529 1602 4584 in
1659 4531 1772 4586 Do-

183 4627 336 4684 mino
401 4625 518 4680 Deo
587 4632 796 4677 scutum
851 4619 1210 4691 protectionis
1272 4634 1384 4674 non
1444 4619 1772 4686 habuerunt,

184 4725 244 4780 in
306 4739 470 4778 manu
532 4719 714 4776 hostili
780 4725 1133 4775 corruerunt.
1207 4717 1486 4786 Quosdam
1541 4733 1777 4790 namque

188 4822 382 4887 fames,
442 4819 704 4892 quosdam
769 4815 1105 4886 consumpsit
1169 4816 1325 4871 tabes
1375 4834 1389 4882 ;
1432 4815 1650 4887 quidam
1707 4815 1776 4870 ab

186 4911 324 4984 ipsis
363 4907 573 4966 civibus
612 4905 904 4962 crudeliter
939 4903 1216 4971 trucidati,
1259 4903 1476 4976 quidam
1527 4911 1777 4959 mortuo-

189 5016 308 5055 rum
352 4997 524 5054 fetore
579 5003 708 5050 sunt
745 4993 1054 5065 praefocati.
1119 4995 1260 5048 Nam
1299 4991 1525 5064 pessimi
1577 4993 1778 5064 quique

190 5096 248 5145 ut
312 5101 475 5143 canes
513 5083 786 5141 civitatem
850 5081 1173 5147 circuibant,
1241 5096 1424 5137 escam
1483 5081 1552 5136 de
1613 5097 1779 5136 manu

193 5185 504 5248 mulierum,
545 5183 614 5238 de
653 5197 752 5237 ore
791 5179 1072 5235 infantium
1115 5178 1276 5234 etiam
1315 5179 1598 5250 rapiebant
1639 5197 1652 5244 ;
1694 5179 1778 5235 ci-

193 5301 289 5341 ves
345 5282 400 5337 in
438 5281 616 5352 platea
665 5279 937 5349 jacentes,
1008 5281 1314 5332 extremum
1363 5276 1605 5347 spiritum
1663 5292 1779 5347 prae

193 5383 336 5438 fame
373 5381 668 5444 trahentes,
711 5376 875 5446 impio
914 5375 1059 5430 ferro
1097 5374 1414 5430 cruciabant
1456 5392 1469 5437 ;
1511 5374 1781 5429 volentes-

195 5487 295 5544 que
333 5469 475 5526 mori
511 5482 624 5522 non
662 5481 734 5521 ex
774 5473 886 5520 toto
925 5463 1368 5535 exstinguebant,
1410 5461 1508 5517 sed
1547 5462 1779 5518 miseros

199 5567 505 5625 vulneribus
545 5561 895 5635 torquebant.
945 5562 1236 5630 Postquam
1274 5574 1407 5616 vero
1467 5557 1653 5613 asinos
1691 5559 1779 5615 vel

197 5680 364 5738 equos
402 5671 708 5732 ceteraque
764 5656 985 5714 animali
1046 5657 1114 5710 ad
1152 5673 1312 5712 esum
1378 5655 1566 5711 illicita
1602 5655 1659 5709 in
1695 5655 1778 5710 ci-

190 5765 289 5823 bos
355 5764 838 5830 consumpserunt,
883 5755 1019 5827 ipsae
1067 5761 1270 5810 matres
1335 5753 1477 5810 ﬁlios
1516 5768 1645 5808 suos
1709 5752 1777 5806 ad

195 5866 462 5926 edendum
504 5863 912 5918 mactaverunt.
976 5855 1141 5912 Unde
1177 5870 1378 5930 magno
1417 5853 1658 5913 clamore
1719 5851 1778 5908 in

1872 558 1968 612 sed
2065 558 2251 614 hostes
2291 561 2531 632 undique
2599 581 2788 620 muros
2852 566 3174 641 irrumpunt.
3256 573 3461 630 Civita-

1873 654 1980 700 tem
2076 647 2342 702 violenter
2415 649 2696 717 invadunt,
2764 656 3020 712 universa
3095 663 3273 718 voraci
3313 663 3463 718 ﬁam-

1872 751 1976 790 mze
2013 737 2250 801 tradunt,
2295 747 2551 794 cunctum
2595 743 2855 812 pepulum
2896 746 3130 802 diversis
3181 753 3461 822 suppliciis

1873 833 2244 904 exstinguunt,
2315 842 2543 890 cunctas
2600 847 2780 894 turres
2820 850 2872 897 et
2937 843 3113 914 ipsum
3181 850 3466 920 templum,

1872 936 2196 992 murumque
2251 925 2305 976 in
2373 925 2599 980 circuitu
2637 943 2670 981 a
2713 927 3078 987 fundamentis
3143 935 3455 995 destruunt.

1874 1009 2142 1064 Omnibus
2208 1020 2390 1067 autem
2432 1014 2728 1082 subversis,
2799 1017 2972 1074 fertur
3024 1024 3167 1093 quod
3205 1026 3260 1080 in
3322 1027 3463 1096 loco,

1874 1123 1983 1195 quo
2037 1107 2228 1164 civitas
2269 1110 2481 1180 pridem
2521 1112 2715 1180 fuerat,
2755 1124 2992 1172 aratrum
3047 1120 3328 1195 duxerint,
3369 1141 3464 1181 sa-

1875 1194 1982 1250 lem
2022 1211 2124 1268 pro
2163 1199 2371 1254 semine
2412 1202 2743 1271 sparserint.

1949 1329 2008 1382 In
2048 1330 2148 1384 hac
2186 1331 2369 1403 itaque
2419 1333 2706 1392 obsidione
2766 1338 2965 1412 legitur
3005 1345 3152 1412 quod
3204 1347 3464 1406 undecies

1875 1424 2107 1472 centena
2173 1420 2339 1474 millia
2379 1421 2521 1478 fame
2559 1425 2834 1497 perierint,
2881 1430 3228 1504 todidemque
3281 1436 3466 1508 gladio

1874 1517 2140 1587 perempti
2197 1519 2324 1584 sint,
2413 1521 2658 1590 eiusdem
2718 1530 2928 1582 numeri
2991 1530 3044 1584 in
3096 1534 3464 1602 captivitatem

1875 1604 2140 1671 distracti,
2200 1610 2428 1663 trecenti
2487 1611 2540 1664 in
2621 1613 2880 1670 ultionem
2961 1619 3258 1678 Dominicte
3314 1626 3466 1681 necis

1875 1691 2129 1748 crucifixi
2177 1705 2318 1751 sunt.
2389 1698 2640 1755 Traditur
2690 1703 2857 1760 etiam
2914 1708 3060 1778 quod
3119 1726 3230 1766 xxx
3258 1730 3358 1784 pro
3378 1715 3465 1771 de-

1877 1791 2033 1845 nario
2089 1794 2293 1848 venditi
2353 1795 2478 1865 sint,
2534 1797 2671 1854 sicut
2718 1801 2822 1872 ipsi
2879 1805 3165 1862 Dominum
3215 1827 3315 1880 pro
3358 1830 3468 1869 xxx

1879 1880 2123 1934 denariis
2156 1883 2487 1938 tradiderunt
2521 1901 2532 1953 ;
2567 1887 2666 1952 sic,
2720 1892 3046 1959 cbarissimi,
3081 1897 3314 1953 reddidit
3354 1902 3470 1957 Do-

1880 1968 2068 2067 minus.
2112 1973 2418 2042 septuplum
2477 1975 2529 2028 in
2581 1977 2703 2032 sinu
2735 1995 2944 2049 eorum,
3009 1985 3099 2056 qui
3160 1987 3467 2047 effuderunt

1879 2073 2196 2128 sanguinem
2230 2069 2534 2116 sanctorum
2589 2068 2765 2132 (Psal.
2800 2077 3064 2142 Lxxvm).
3131 2076 3220 2132 Sic
3277 2079 3466 2136 relicta

1879 2153 1963 2200 est
2019 2148 2213 2202 domus
2263 2149 2502 2216 deserta,
2547 2170 2708 2226 quam
2767 2157 2870 2228 ipsi
2924 2161 3240 2232 speluncam
3299 2167 3469 2224 latro-

1878 2250 2010 2289 num
2066 2236 2349 2306 fecerunt;
2383 2240 2570 2313 sicque
2631 2244 2858 2301 Romani
2902 2257 2954 2304 et
3002 2250 3177 2308 locum
3207 2255 3274 2325 {et
3325 2274 3470 2329 gen-

1877 2339 1985 2387 tem
2042 2333 2259 2390 illorum
2315 2337 2571 2397 tulerunt.
2624 2342 2719 2410 En,
2791 2345 3149 2418 dilectissimi,
3233 2354 3465 2413 audistis

1876 2423 2244 2491 captivitatem
2293 2426 2631 2496 Judazorum,
2665 2435 2966 2490 cavendum
3016 2448 3098 2493 est
3127 2442 3285 2497 nobis
3315 2460 3348 2499 a
3377 2461 3466 2502 ca-

1876 2511 2058 2580 ptione
2089 2512 2502 2571 daemoniorum.
2555 2519 2654 2574 Illa
2705 2522 2849 2576 enim
2874 2526 3072 2597 scripta
3119 2538 3202 2584 est
3239 2532 3307 2587 ad
3337 2549 3468 2590 cor-

1877 2609 2170 2665 rectionem
2226 2622 2490 2684 nostram,
2545 2633 2614 2673 ne
2684 2636 2784 2676 nos
2824 2622 3069 2681 incautos
3135 2628 3465 2688 circumclu-

1875 2696 2005 2752 dant
2048 2710 2231 2755 castra
2288 2704 2460 2758 hostis
2499 2707 2742 2778 maligni.
2803 2711 3014 2768 Etenim
3076 2723 3132 2770 ut
3171 2734 3270 2773 nos
3302 2736 3466 2778 esse-

1875 2802 1997 2840 mus
2027 2789 2333 2859 captivitate
2383 2793 2560 2860 liberi,
2620 2801 2820 2853 summi
2875 2803 3025 2874 regis
3081 2805 3223 2862 filius
3309 2809 3464 2866 datus

1876 2892 1959 2976 est
2011 2886 2173 2976 obses
2227 2906 2328 2959 pro
2359 2891 2728 2964 redemptione
2780 2899 2974 2954 nostri.
3017 2907 3194 2976 Atque
3252 2915 3308 2962 ut
3365 2909 3469 2966 hoc

1875 2971 2138 3067 tenaciter
2165 2982 2367 3030 nostrae
2395 2979 2676 3034 memoriae
2701 2980 3063 3053 imprimatur,
3094 2971 3250 3058 panis
3306 2993 3462 3048 Chri-

1875 3058 1944 3111 sti
1975 3058 2028 3112 in
2060 3061 2282 3115 modum
2340 3063 2549 3120 denarii
2595 3066 2878 3136 formatur,
2923 3074 3012 3143 qui
3072 3077 3320 3146 profecto
3374 3081 3466 3139 ille

1877 3161 1977 3214 pro
2037 3163 2154 3202 xxx
2218 3151 2459 3206 denariis
2515 3155 2742 3212 traditus
2797 3167 2878 3213 est
2926 3160 2978 3214 in
3021 3180 3213 3220 manus
3269 3168 3463 3240 impio-

1879 3251 1996 3330 rum
2036 3237 2173 3310 :qui
2206 3256 2364 3294 verus
2410 3242 2668 3298 denarius
2727 3246 2943 3303 dabitur
2988 3251 3041 3305 in
3094 3254 3252 3310 vinea
3291 3237 3464 3330 usque

1880 3323 1950 3378 ad
1980 3340 2264 3395 vesperam
2321 3329 2693 3388 laborantibus
2739 3337 3018 3405 praemium
3076 3343 3315 3399 omnium
3367 3323 3468 3416 ju-

1879 3428 2108 3512 storum.
2178 3425 2305 3482 Haec
2360 3428 2646 3498 captivitas
2683 3436 2967 3502 pracessit
3019 3437 3072 3492 in
3103 3439 3279 3512 ﬁgura
3325 3445 3468 3502 sicut

1878 3510 2037 3564 nobis
2088 3513 2259 3605 refert
2305 3530 2465 3571 sacra
2535 3518 2859 3590 Scriptura:
2900 3525 3030 3580 Cum
3081 3510 3230 3584 Elias
3303 3533 3468 3605 igneo

1879 3613 2044 3654 curru
2097 3601 2151 3655 in
2199 3604 2396 3659 cmlum
2455 3608 2866 3678 transferretur,
2925 3623 2977 3669 et
3028 3617 3244 3674 Eliseus
3301 3601 3468 3692 pallio

1881 3697 2012 3788 Elia:
2048 3700 2287 3757 Iordane
2344 3703 2538 3770 diviso,
2594 3708 2662 3762 ad
2717 3709 2936 3766 Iericho
2968 3723 3354 3788 reverteretur,
3405 3739 3473 3780 eo

1880 3786 2007 3842 inde
2037 3789 2101 3842 ad
2131 3790 2315 3846 Bethel
2346 3794 2673 3850 ascendente
2712 3800 2867 3868 pueri
2888 3801 2938 3855 ei
2959 3802 3246 3861 illuserunt
3279 3825 3291 3864 :
3329 3786 3352 3859 oi
3377 3814 3470 3867 As-

1882 3876 2284 3972 cendetcalve,
2316 3883 2553 3972 ascende
2576 3885 2730 3941 calve
2765 3907 2787 3936 ι
2815 3888 3184 3948 clamaverunt
3209 3896 3307 3966 (IV
3323 3901 3458 3972 Reg.

1876 3964 1945 4033 l).
1980 3963 2186 4034 Quibus
2218 3968 2343 4022 dum
2384 3969 2476 4025 ille
2514 3972 2887 4044 malediceret,
2925 3980 3031 4035 duo
3076 3983 3192 4037 ursi
3221 3963 3302 4041 de
3328 3963 3468 4044 silva

1882 4062 2092 4132 egressi
2149 4073 2290 4133 sunt,
2342 4067 2434 4138 qui
2482 4084 2596 4123 XLII
2651 4087 2850 4141 pueros
2893 4075 3467 4141 laceraverunt.Elias

1883 4159 2000 4242 erat
2046 4151 2102 4242 in
2156 4151 2329 4223 ﬁgura
2378 4156 2623 4213 Christus
2683 4178 2697 4223 ;
2745 4161 2833 4218 hic
2879 4164 2950 4218 ad
2979 4166 3166 4222 Bethel
3196 4173 3465 4242 ascendit,

1883 4237 2010 4293 dum
2072 4241 2139 4296 de
2198 4243 2537 4300 Hierusalem
2593 4247 2659 4302 ad
2714 4266 2933 4308 crucem
3010 4258 3258 4313 tetendit.
3336 4237 3471 4321 Huic

1883 4329 2037 4399 pueri
2066 4329 2350 4387 illuserunt
2383 4352 2396 4387 :
2437 4357 2458 4383 α
2492 4337 2770 4404 Ascende,
2804 4341 2979 4408 calve,
3017 4368 3039 4392 υ
3071 4345 3472 4423 Clamaverunt,

1884 4419 2008 4473 dum
2021 4420 2047 4472 .l
2056 4419 2192 4474 ι]ᾱωὶ
2207 4422 2401 4491 puerili
2417 4440 2582 4479 sensu
2605 4427 2835 4484 Domino
2863 4447 2963 4501 pro
2984 4434 3140 4490 nobis
3173 4419 3467 4510 flagellato,

1887 4515 2169 4572 decalvato
2200 4519 2258 4572 in
2289 4519 2555 4576 Calvariaa
2583 4522 2704 4578 loco
2723 4524 2778 4578 in
2807 4542 2972 4584 cruce
3000 4529 3314 4591 illuserunt.
3356 4540 3472 4596 Mos

1891 4605 2093 4677 quippe
2135 4607 2280 4678 apud
2326 4609 2580 4680 antiquos
2609 4619 2728 4666 erat
2751 4615 3152 4690 cruciﬁgendos
3182 4623 3336 4693 prius
3369 4626 3473 4683 fla-

1883 4695 2076 4766 gellari
2135 4711 2201 4753 ac
2247 4698 2539 4766 decalvari,
2595 4701 2672 4756 sic
2737 4711 2916 4773 potest
2959 4707 3121 4762 etiam
3205 4711 3261 4766 in
3319 4731 3474 4774 sacra

1886 4792 2166 4863 Scriptura
2195 4794 2374 4849 notari
2433 4813 2446 4850 :
2509 4797 2852 4865 uDevorabit,
2884 4801 3073 4874 inquit,
3106 4805 3322 4876 gladius
3343 4827 3472 4868 car-

1885 4911 1986 4951 nes
2013 4895 2082 4950 de
2102 4911 2298 4952 cruore
2346 4898 2671 4966 occisorum,
2719 4902 2867 4958 etde
2922 4906 3232 4975 captivitate
3283 4915 3474 4973 nudati

1887 4984 2077 5054 capitis
2115 4985 2454 5041 inimicorum
2487 4990 2671 5059 (Deut.
2718 4993 2929 5063 xxxvi).
2975 4995 3114 5050 Nam
3173 5007 3224 5053 et
3274 5004 3476 5074 captivi

1888 5082 2334 5150 decalvabantur,
2394 5085 2486 5156 qui
2543 5088 2944 5148 vendebantur.
2983 5093 3099 5150 Hoc
3127 5094 3347 5153 videtur
3378 5118 3476 5158 no-

1887 5190 2002 5238 stra
2081 5191 2305 5238 tonsura
2363 5186 2697 5256 eXprimere,
2785 5192 2876 5263 qui
2929 5209 3219 5252 censemur
3272 5200 3473 5259 Christi

1888 5271 2122 5344 ﬁguram
2179 5289 2390 5344 gerere.
2451 5275 2644 5331 Pueris
2713 5287 2892 5336 autem
2971 5284 3038 5337 ab
3095 5283 3280 5343 Elisco
3358 5307 3475 5347 ma-

1886 5370 2152 5435 ledicitur,
2211 5371 2340 5425 dum
2395 5373 2707 5460 maledictio
2765 5381 3051 5452 sanguinis
3125 5385 3246 5454 ejus
3311 5405 3478 5460 super

1888 5475 1986 5515 nos
2044 5467 2098 5514 et
2142 5475 2302 5529 super
2382 5458 2523 5515 ﬁlios
2597 5471 2820 5520 nostros
2866 5469 3082 5526 Judmos
3129 5458 3406 5532 inducitur
3456 5501 3472 5551 ;

1887 5549 1996 5604 duo
2050 5549 2160 5602 ursi
2209 5549 2277 5603 de
2317 5548 2457 5603 silva
2507 5553 2718 5623 egressi
2771 5556 3134 5631 quadraginta
3187 5548 3476 5638 duospueé

1888 5665 1981 5706 ros
2031 5650 2433 5717 laceraverunt,
2496 5652 2624 5707 dum
2672 5663 2796 5724 post
2844 5673 2959 5714 xui
3006 5676 3180 5719 annos
3210 5666 3320 5723 duo
3375 5669 3480 5726 im-

1885 5756 2173 5821 peratores
2231 5748 2300 5804 de
2355 5750 2658 5821 gentilitate
2716 5756 2949 5825 egressi,
3009 5761 3176 5818 armis
3257 5766 3477 5826 Iudaeos

1886 5850 2144 5909 atrociter
2165 5852 2672 5924 strangulaverunt.
2699 5855 2817 5915 Nos
2836 5874 3020 5934 argos,
3041 5863 3476 5939 charissimi,ni-
