3924 6406
464 328 602 384 1095

1601 322 1942 381 WERNEBI
1960 324 2246 389 ABBATIS
2277 332 2334 390 S.
2370 333 2586 389 BLASII

3636 344 3797 400 1096

457 459 640 508 tamur
694 462 890 540 manus
921 448 1157 540 hostium
1193 447 1455 522 eﬂugere,
1498 448 1869 520 captivitatem
1925 449 2051 505 ani-
2086 453 2142 515 A
2170 456 2313 513 ctiva
2371 458 2606 515 dicitur:
2640 461 2756 517 hac
2802 462 2951 519 utilis
2979 471 3105 531 est;
3136 466 3297 521 tertia
3334 465 3604 539 gloriosa,
3652 485 3797 540 qua

459 555 677 596 marum
704 536 974 612 effugere,
1015 538 1082 592 ad
1113 554 1305 593 verum
1352 553 1547 609 regem
1575 546 1827 594 nostrum
1854 554 2061 611 prove-

456 629 594 697 nire,
624 643 815 686 veram
844 628 1154 683 libertatem
1185 627 1459 683 obtinere.

953 761 1031 817 De
1058 762 1184 817 Elia
1214 765 1269 818 et
1298 762 1539 819 Iezabel.

428 951 439 957 ,
534 917 558 943 «ι
587 892 738 950 Elias
770 891 946 948 timuit
971 891 1214 962 Jezabel,
1263 900 1317 949 et
1356 893 1496 966 fugit
1523 910 1554 949 a
1584 904 1885 968 conspectu
1934 914 2060 953 mu-

457 981 609 1040 lieris
635 981 963 1049 fornicaria,
1019 986 1081 1038 et
1117 998 1358 1055 surgens
1386 983 1519 1038 abiit
1548 1000 1880 1058 quocunque
1933 1003 2060 1043 eum

458 1070 668 1129 ferebat
722 1070 990 1138 voluntas,
1049 1071 1306 1142 venitque
1361 1072 1416 1126 in
1459 1073 1732 1130 Bersabee
1783 1076 1945 1144 Juda,
2005 1085 2061 1134 et

457 1159 660 1217 dimisit
717 1160 792 1215 ibi
849 1176 1081 1232 puerum
1134 1177 1313 1229 suum,
1365 1167 1417 1216 et
1455 1161 1592 1218 abiit
1646 1162 1704 1218 in
1776 1164 2059 1221 desertum

455 1258 545 1317 via
606 1257 769 1313 unius
835 1258 947 1313 diei
1003 1258 1105 1327 (111
1140 1260 1275 1331 Reg.
1336 1260 1483 1331 χιιι).
1528 1283 1549 1307 ιι
1586 1260 1765 1317 Primo
1816 1262 2060 1334 jacenda

453 1354 580 1403 sunt
617 1345 976 1403 fundamenta
1003 1347 1267 1415 historiae,
1298 1353 1357 1403 ut
1385 1356 1509 1419 post
1537 1349 1695 1421 quasi
1723 1350 1793 1407 de
1846 1352 2060 1423 pariete

458 1435 543 1494 vel
575 1444 735 1508 petra
772 1435 1013 1491 historia:
1066 1435 1247 1491 oleum
1301 1435 1627 1492 moralitatis
1684 1438 1959 1496 eliciatur.
1996 1442 2060 1498 Je

454 1535 606 1592 zabel
654 1534 1041 1606 interpretatur
1070 1536 1269 1604 ﬂuxus
1310 1538 1630 1607 sanguinis,
1679 1545 1733 1594 et
1785 1538 2062 1612 signiﬁcat

450 1624 735 1682 carnalem
766 1624 1261 1696 concupiscentiam
1320 1640 1440 1694 quae
1476 1625 1676 1682 occidit
1730 1628 2058 1699 prophetas,

450 1721 511 1779 id
571 1730 655 1778 est
712 1723 987 1778 videntes.
1038 1722 1192 1779 Unde
1236 1721 1438 1779 dicitur
1479 1741 1492 1778 :
1532 1747 1553 1775 ‹ι
1592 1724 1695 1781 Ubi
1742 1734 1826 1783 est
1864 1726 2059 1783 domus

450 1811 689 1868 videntis
745 1812 795 1876 (ι
821 1813 957 1884 Reg.
997 1811 1079 1881 Ix)
1099 1814 1127 1865 ‘?
1153 1835 1175 1859 ιι
1211 1810 1265 1865 id
1294 1819 1377 1867 est
1408 1813 1711 1884 prephetae.
1753 1816 1888 1872 Haec
1908 1816 2053 1871 enim
2083 1817 2138 1878 Β

449 1909 711 1967 videlicet
776 1909 1223 1980 concupiscentia
1305 1910 1606 1981 prophetas
1666 1920 1721 1968 et
1776 1913 2056 1985 sapientes

448 2000 766 2073 exstinguit,
855 1999 987 2055 dum
1067 1999 1339 2070 voluptati
1398 1999 1753 2058 blandissime
1809 2003 2053 2075 quidem,

449 2089 549 2146 sed
632 2088 945 2160 turpissime
1025 2096 1079 2143 et
1161 2088 1648 2159 perniciosissime.
1745 2099 1799 2147 et
1871 2094 2057 2149 consi-

447 2178 669 2235 milibus
726 2178 870 2233 vitiis
906 2193 967 2234 se
999 2177 1321 2248 subjiciunt,
1371 2178 1441 2235 de
1496 2180 1692 2251 quibus
1749 2180 2053 2239 scribitur:

457 2291 479 2319 u
514 2267 726 2324 Fluxus
756 2282 966 2333 eorum,
1000 2275 1058 2322 ut
1086 2266 1263 2322 ﬂuxus
1288 2283 1551 2339 equorum
1574 2268 2002 2340 (Ezechxxm).
2026 2292 2048 2320 υ

450 2355 865 2430 (Gansomus.)
895 2355 1051 2413 Unde
1082 2355 1247 2424 Elias,
1278 2355 1335 2411 id
1364 2363 1446 2412 est
1476 2356 1754 2412 solitarius
1798 2357 2053 2430 quilibet,

451 2462 617 2520 quem
649 2445 744 2503 Sol
778 2445 1008 2516 justitiae
1047 2444 1389 2513 illuminavit,
1441 2445 1639 2502 timens
1686 2446 1787 2502 sibi
1829 2446 1898 2504 de
1955 2464 2055 2505 re-

448 2536 619 2609 gione
657 2535 801 2605 ejus,
835 2533 973 2607 fugit
1032 2533 1089 2590 in
1126 2533 1420 2601 Bersabee,
1473 2535 1620 2607 quod
1674 2535 2056 2608 interpretatur

448 2627 727 2697 septimus
753 2628 991 2697 puteus,
1022 2622 1078 2677 id
1132 2630 1215 2678 est
1272 2623 1595 2691 Ecclesiam,
1653 2625 2054 2682 redundantem

454 2720 761 2794 septiformi
791 2720 971 2794 gratia
1004 2720 1238 2792 Spiritus
1267 2720 1475 2784 sancti;
1505 2721 1664 2788 Juda,
1699 2721 1754 2780 id
1794 2731 1882 2778 est
1911 2739 2051 2780 con-

444 2812 735 2884 fessionis,
757 2810 841 2866 vel
887 2814 1095 2883 puteus
1116 2812 1426 2877 satietatis,
1459 2811 1550 2882 qui
1580 2811 1747 2867 habet
1805 2813 2053 2869 Ecclesia

447 2899 773 2958 doctrinalia
845 2907 1116 2971 praecepta
1190 2898 1278 2955 vel
1314 2899 1517 2955 ﬂuenta
1579 2901 1650 2955 ad
1721 2902 2048 2974 satietatem,

448 2990 504 3045 in
534 2989 751 3063 quibus,
809 2996 869 3045 ut
898 2988 973 3044 ait
1002 2987 1244 3060 quidam,
1278 3005 1459 3061 agnus
1499 2997 1678 3060 potest
1742 2991 2046 3060 ambulare,

447 3087 502 3137 et
554 3079 818 3151 elephans
872 3085 1081 3133 natare.
1141 3078 1274 3133 Inde
1332 3078 1556 3133 initialis
1611 3088 1663 3135 et
1708 3079 1886 3137 lactea
1943 3083 2048 3137 do-

443 3168 618 3227 ctrina
680 3166 1006 3241 proponitur
1061 3167 1310 3237 rudibus,
1387 3166 1647 3238 perfectis
1703 3178 1882 3225 autem
1922 3170 2050 3226 soli-
2078 3187 2127 3251 Ο

444 3259 546 3315 dus
591 3257 765 3314 cibus.
824 3255 1067 3329 Reliquit
1112 3255 1188 3311 ibi
1233 3272 1461 3327 puerum
1509 3273 1688 3327 suum,
1729 3258 1783 3314 id
1805 3266 1891 3314 est
1916 3275 2048 3330 pueo

443 3347 575 3403 riles
613 3355 769 3403 actus
828 3349 883 3402 et
934 3353 1159 3418 peccata
1189 3346 1388 3417 quibus
1418 3346 1576 3419 pueri
1606 3354 1819 3417 nutant,
1869 3355 2045 3404 teten-

444 3437 525 3494 dit
564 3451 892 3509 quocunque
941 3451 1069 3491 eum
1106 3434 1355 3491 voluntas
1394 3434 1584 3492 ferret.
1651 3435 1812 3505 Quod
1859 3437 2048 3493 unius-

443 3535 712 3608 cujusque
767 3533 859 3606 qui
916 3541 1145 3605 peccata
1202 3549 1296 3587 sua
1363 3533 1479 3588 vult
1535 3534 1826 3601 redimere,
1869 3535 2049 3607 signi-

442 3623 567 3681 ﬁcat
633 3622 1109 3690 deliberationem,
1152 3629 1209 3677 ut
1246 3622 1352 3678 hoc
1391 3639 1566 3695 genus
1605 3623 1825 3679 vivendi
1841 3640 2047 3697 aggre-

440 3714 641 3781 diatur,
683 3713 783 3769 sed
838 3713 1061 3768 tandem
1103 3711 1251 3767 vadit
1289 3712 1342 3766 in
1382 3711 1689 3779 desertum,
1730 3713 1785 3769 id
1823 3723 1905 3769 est
1943 3715 2048 3769 de-

440 3811 576 3869 serit
608 3810 874 3866 mumlum
922 3826 937 3867 :
977 3808 1067 3866 via
1096 3808 1258 3865 unius
1288 3809 1423 3865 diei.
1471 3810 1605 3865 Tres
1657 3818 1781 3866 sunt
1835 3812 2038 3876 (Exod.

439 3903 523 3974 ιιι)
560 3900 740 3968 dictae,
820 3915 959 3973 quas
1032 3899 1185 3954 ibunt
1224 3899 1316 3971 qui
1392 3899 1625 3955 Domino
1686 3900 2046 3957 sacrificaturi

437 4006 585 4065 sunt,
629 3997 754 4071 quia
793 4011 955 4053 omne
995 3996 1139 4068 quod
1202 3996 1433 4051 Domino
1472 3994 1777 4065 oﬂ'erimus,
1845 3997 1899 4052 in
1939 4013 2046 4053 no-

436 4087 587 4144 mine
644 4094 857 4143 sanctae
920 4084 1204 4140 Trinitatis
1270 4085 1434 4141 debet
1472 4083 1613 4141 ﬁeri.
1653 4086 1839 4142 Prima
1898 4086 2047 4143 dieta

438 4185 523 4234 est
562 4176 834 4247 incipere,
882 4174 1126 4230 secunda
1163 4173 1362 4243 facere,
1406 4173 1567 4230 tertia
1630 4173 1898 4247 perﬁcere
1949 4174 2047 4231 vel

435 4279 813 4338 perseverare.
869 4262 970 4319 Vel
996 4262 1175 4335 prima
1231 4262 1509 4320 declinare
1538 4279 1567 4318 a
1598 4263 1764 4331 malo,
1799 4263 2047 4321 secunda

437 4353 620 4412 facere
668 4353 897 4421 bonum,
945 4351 1107 4408 tertia
1145 4352 1453 4409 inhabitare
1481 4351 1568 4409 vel
1606 4368 1933 4425 permanere
1989 4353 2044 4408 in

442 4444 702 4501 saeculum
759 4440 968 4509 saeculi,
1008 4449 1068 4496 ut
1095 4440 1307 4498 dicatur
1346 4442 1416 4498 de
1446 4440 1628 4514 prima
1662 4461 1675 4497 :
1710 4465 1732 4493 α
1766 4441 2044 4512 Quiescite

2173 546 2537 618 perfectorum
2586 558 2693 605 est.
2759 550 3072 609 Aﬂ‘ectuosa
3110 555 3164 609 id
3204 562 3285 610 est
3339 555 3580 612 afﬁciens
3632 573 3793 628 pec-

2172 635 2279 692 cati
2328 638 2631 695 recordatio
2687 648 2787 705 est,
2850 643 3072 713 quando
3111 645 3274 701 homo
3324 642 3561 701 sﬂicitur
3614 645 3779 702 desi-

2170 733 2327 791 derio
2355 744 2411 791 et
2436 736 2799 794 delectatione
2827 740 3115 810 peccandi,
3148 742 3365 813 quando
3396 742 3670 815 recogitat
3707 742 3791 799 ad

2170 823 2314 879 ollas
2369 826 2616 881 carnium
2646 828 3049 900 Egyptiarum,
3078 847 3243 902 quam
3273 831 3535 889 deliciose
3563 841 3617 887 et
3651 848 3790 888 sua-

2169 913 2309 969 viter
2356 914 2571 983 vixerit,
2623 923 2681 971 et
2718 932 2882 988 quam
2922 919 3158 975 arduum
3209 921 3279 975 sit
3321 921 3423 977 iter
3472 921 3621 993 quod
3676 937 3789 995 ag-

2168 1018 2398 1076 gressus
2427 1004 2516 1060 vel
2544 1020 2810 1062 cursurus
2854 1007 2946 1063 sit.
2985 1008 3314 1065 Recordatio
3344 1010 3625 1084 pungitiva
3684 1011 3783 1067 vel

2169 1101 2548 1171 compunctiva
2595 1103 2813 1173 dicitur,
2899 1107 3121 1177 quando
3174 1108 3547 1165 reminiscitur
3597 1123 3783 1181 quam

2169 1190 2391 1247 sordide
2447 1200 2502 1248 et
2550 1193 2824 1265 vagiliose
2855 1194 3010 1262 vixit,
3065 1212 3175 1255 non
3205 1204 3263 1253 ut
3320 1197 3390 1253 ad
3427 1197 3604 1269 priora
3675 1213 3781 1255 re-

2166 1287 2314 1359 deat,
2347 1288 2445 1345 sed
2502 1297 2557 1345 ut
2595 1290 2764 1364 digne
2793 1307 2859 1348 ea
2888 1292 3105 1361 deﬂeat,
3130 1302 3184 1350 et
3217 1310 3436 1367 semper
3486 1309 3682 1353 coram
3710 1311 3779 1352 se

2168 1384 2389 1434 statuat.
2448 1379 2605 1436 Unde
2659 1380 2860 1438 dicitur
2891 1400 2905 1436 :
2932 1406 2954 1432 (ί
3000 1384 3290 1441 Peccatum
3347 1401 3527 1441 meum
3577 1399 3779 1442 coram

2168 1490 2256 1530 me
2293 1482 2379 1530 est
2408 1492 2629 1548 semper
2657 1478 2832 1547 (Psal.
2869 1482 2944 1549 ι),
2983 1503 3006 1529 ιι
3037 1480 3108 1536 ad
3150 1482 3372 1538 modum
3398 1481 3630 1552 alicujus
3672 1483 3779 1556 qui

2168 1564 2409 1622 novellat
2453 1581 2666 1639 agrum,
2725 1568 2951 1624 arbusta
2991 1568 3214 1643 quidem
3244 1574 3479 1638 resecat,
3537 1572 3638 1629 sed
3698 1574 3776 1628 de

2167 1677 2306 1733 agro
2336 1679 2455 1751 non
2492 1663 2686 1735 aufert,
2763 1665 2873 1721 imo
2947 1668 3166 1739 reponit
3201 1676 3257 1725 et
3330 1670 3522 1726 sternit
3594 1686 3775 1742 super

2168 1767 2381 1824 agrum,
2423 1761 2477 1809 et
2512 1754 2757 1811 incendit
2800 1764 2857 1811 ut
2897 1771 3038 1830 ager
3094 1757 3327 1814 habilior
3369 1760 3437 1814 sit
3492 1759 3564 1816 ad
3600 1760 3771 1817 defe-

2166 1842 2406 1897 rendum
2440 1851 2493 1899 et
2519 1842 2973 1915 fructiﬁcandum,
3006 1847 3306 1903 secundum
3326 1847 3465 1904 illud
3497 1866 3509 1902 :
3550 1872 3571 1897 ιι
3606 1849 3768 1905 Con-

2164 1930 2332 1986 caluit
2360 1946 2458 1988 cor
2514 1949 2695 1989 meum
2718 1934 2861 1991 intra
2885 1951 2995 2002 me,
3045 1942 3102 1991 et
3156 1936 3214 1991 in
3242 1937 3587 1994 meditatione
3635 1954 3769 1995 mea

2165 2021 2483 2077 exardescet
2514 2022 2659 2094 ignis
2690 2024 2866 2093 (Psal.
2916 2026 3174 2096 xxxvut).
3212 2048 3233 2073 ιι
3259 2025 3442 2082 Tertia
3496 2027 3766 2085 recorda-

2164 2109 2240 2164 tio
2269 2110 2486 2181 peccati
2517 2110 2768 2182 gloriosa
2788 2120 2892 2179 est,
2954 2114 3175 2186 quando
3222 2115 3385 2171 homo
3430 2116 3771 2172 remeditans

2163 2208 2288 2279 quis
2348 2208 2530 2277 fuerit,
2616 2226 2722 2283 qua
2776 2212 2950 2282 gratia
3018 2212 3089 2268 de
3136 2212 3258 2269 lacu
3296 2213 3535 2272 miserias
3570 2222 3627 2271 et
3690 2215 3763 2271 de

2163 2297 2277 2353 luto
2316 2297 2467 2355 faecis
2505 2299 2765 2356 liberatus
2802 2300 2873 2357 sit
2907 2301 3113 2375 gratias
3151 2302 3265 2375 agit
3330 2304 3469 2371 Deo,
3524 2302 3759 2361 dicens:

2169 2416 2190 2443 α
2225 2394 2349 2452 Non
2368 2395 2548 2466 nobis,
2609 2396 2864 2465 Domine,
2896 2413 3007 2454 non
3061 2398 3241 2468 nobis,
3273 2400 3373 2455 sed
3417 2399 3621 2457 nomini
3667 2407 3762 2456 tuo

2162 2484 2231 2540 da
2259 2484 2493 2557 gloriam
2534 2487 2710 2553 (Psal.
2744 2489 2924 2558 cmi),
2963 2510 2985 2535 ιι
3023 2494 3081 2544 et
3107 2503 3232 2544 cum
3262 2489 3527 2546 Israelitis
3571 2489 3642 2546 de
3669 2490 3760 2545 ᾸΞο

2160 2585 2348 2657 gyptia
2397 2584 2658 2642 servitute
2712 2585 2956 2642 liberatis
3009 2585 3410 2658 gratulabunda
3452 2587 3757 2645 decantat:

2168 2675 2520 2731 «Cantemus
2579 2675 2851 2731 Domino:
2883 2674 3130 2748 gloriose
3181 2676 3324 2732 euim
3377 2676 3759 2750 magnificatus

2160 2772 2243 2819 est
2262 2764 2464 2833 (Exod.
2498 2765 2598 2834 xv)
2622 2787 2644 2812 ιι
2683 2772 2908 2821 :ctcum
2930 2763 3229 2821 Zacharia:
3261 2787 3283 2814 α
3309 2766 3759 2822 BenedictusDo-

2159 2862 2339 2917 minus
2368 2862 2519 2917 Deus
2539 2861 2730 2927 Israel,
2777 2861 2902 2933 quia
2934 2861 3171 2919 visitavit
3198 2872 3249 2918 et
3277 2862 3399 2919 fecit
3420 2862 3756 2934 redemptio-

2157 2975 2283 3014 nem
2311 2959 2488 3031 plebis
2517 2975 2633 3016 suaa
2687 2961 2849 3028 (Luc.
2887 2961 2953 3029 ι).
2993 2959 3143 3015 Elias
3196 2960 3366 3033 igitur
3393 2961 3546 3016 viam
3597 2961 3755 3016 unius

2157 3049 2265 3104 diei
2296 3058 2646 3120 processerat
2670 3049 3059 3121 compunctiva
3090 3050 3468 3106 recordatione
3483 3051 3758 3121 praeterita

2157 3139 2540 3207 reminiscens,
2574 3147 2629 3196 et
2657 3139 2761 3195 sub
2783 3139 2980 3195 umbra
2998 3138 3240 3211 juniperi
3266 3140 3467 3196 sedens
3489 3140 3588 3210 (III
3612 3142 3746 3212 Reg.

2156 3238 2308 3309 XIX),
2339 3253 2464 3311 qum
2480 3245 2567 3293 est
2595 3237 2885 3294 arbustula
2931 3238 3158 3294 humilis
3186 3245 3243 3294 et
3281 3238 3520 3309 spinosa,
3575 3238 3753 3311 signi-

2156 3325 2325 3385 ﬂcans
2359 3327 2836 3399 compunctionem
2890 3335 2945 3384 et
2987 3326 3413 3384 amaritudinem
3488 3326 3751 3401 poeniten-

2156 3417 2271 3473 tiae.
2321 3417 2478 3473 Unde
2534 3432 2606 3472 ex
2645 3416 2969 3473 lassitudine
3025 3425 3081 3474 et
3122 3416 3341 3473 tristitia
3403 3416 3747 3485 obdormivit,

2158 3506 2287 3579 quia
2325 3505 2660 3562 insensibilis
2711 3507 2939 3573 mundo,
2962 3514 3017 3562 et
3062 3515 3318 3579 tanquam
3348 3511 3595 3565 mortuus
3632 3505 3749 3563 fieri

2157 3604 2344 3673 debet,
2406 3620 2570 3676 quem
2610 3603 2803 3675 prioris
2861 3605 2987 3659 vitae
3062 3604 3244 3671 taedet,
3294 3603 3450 3660 Unde
3502 3611 3553 3659 et
3601 3604 3745 3659 Elias

2157 3694 2229 3750 ait
2287 3711 2299 3748 :
2349 3717 2371 3744 ιι
2419 3692 2632 3750 Sufﬁcit
2667 3693 2821 3763 mihi,
2865 3695 3116 3759 Domine,
3160 3692 3286 3749 tolle
3323 3693 3557 3748 animam
3573 3709 3744 3749 meam

2165 3794 2370 3865 (ibid.),
2404 3793 2459 3848 id
2487 3802 2571 3849 est
2607 3793 2897 3849 animalem
2928 3792 3115 3849 vitam.
3175 3790 3279 3861 Qui
3304 3791 3385 3848 sic
3429 3791 3743 3848 obdormie-

2156 3892 2247 3962 rit,
2288 3892 2542 3966 Angelus
2579 3893 2766 3965 magni
2829 3891 3043 3949 consilii
3086 3891 3283 3948 excitat
3337 3907 3466 3948 eum
3502 3891 3687 3948 dicens
3724 3904 3738 3946 :

2160 4004 2184 4034 ι
2244 3983 2499 4054 Exsurge
2529 3997 2564 4038 a
2592 3981 2846 4048 mortuis,
2896 3990 2951 4038 et
2988 3980 3317 4037 illuminabit
3369 3980 3464 4035 tibi
3500 3979 3740 4037 Christus

2156 4073 2378 4145 (Ephes.
2421 4076 2507 4141 v).
2561 4095 2584 4120 ιι
2629 4072 2785 4129 Unde
2815 4070 3076 4128 scribitur
3109 4088 3123 4125 :
3164 4092 3186 4119 «
3220 4070 3361 4127 Ecce
3388 4068 3614 4143 angelus
3641 4071 3739 4126 Do-

2155 4161 2286 4217 mini
2325 4160 2505 4235 tetigit
2531 4176 2656 4217 eum
2694 4161 2885 4218 dicens
2916 4178 2930 4216 :
2964 4160 3164 4233 Surge,
3194 4159 3424 4216 comede
3480 4159 3579 4230 (III
3604 4160 3727 4232 Reg.

2154 4261 2304 4331 xix).
2346 4282 2368 4308 ιι
2402 4261 2600 4316 Tactus
2629 4258 2733 4316 iste
2789 4266 2873 4315 est
2899 4257 3069 4315 animi
3115 4272 3224 4314 non
3263 4255 3531 4328 corporis,
3588 4255 3735 4327 spiri-

2153 4356 2242 4405 tus
2279 4364 2392 4406 non
2437 4348 2639 4417 carnis,
2686 4347 2916 4404 rationis
2943 4362 3055 4403 non
3094 4345 3494 4413 sensualitatis,
3516 4343 3732 4400 interio-

2153 4438 2229 4494 ris
2268 4438 2506 4495 hominis
2546 4453 2659 4495 non
2696 4436 3017 4494 exterioris.
3092 4437 3201 4492 Iste
3239 4434 3475 4506 angelus
3539 4431 3729 4489 dormi-

437 4548 604 4607 agere
633 4544 894 4607 perverse
915 4529 1051 4599 (Isa.
1092 4533 1135 4601 ι)
1167 4549 1182 4597 ;
1210 4552 1232 4579 ιι
1267 4537 1318 4586 et
1353 4548 1367 4585 :
1406 4553 1430 4580 α
1471 4530 1579 4600 Qui
1612 4531 1904 4598 furabatur,
1918 4531 2036 4602 jam
2067 4554 2120 4616 Β
2153 4535 2308 4584 entes
2336 4526 2636 4599 discipulos
2664 4526 2928 4583 excitavit
2955 4525 3186 4582 dicens:
3225 4546 3248 4574 «ι
3281 4523 3423 4594 Quid
3449 4521 3728 4578 dormitis?

426 4639 539 4681 non
591 4621 804 4677 furatur
857 4618 1091 4691 (Ephes.
1130 4620 1233 4690 IV).
1270 4641 1293 4667 »
1330 4621 1407 4676 De
1442 4619 1688 4675 secunda
1718 4639 1737 4677 :
1768 4643 1790 4669 ιι
1824 4620 2031 4677 Discite

422 4712 567 4770 bene
594 4725 762 4784 agere
789 4709 925 4780 (ιω.
965 4710 1006 4779 ι)
1041 4731 1063 4756 ιι
1100 4722 1115 4779 ;
1149 4716 1203 4764 et
1240 4731 1263 4759 ιι
1297 4708 1509 4765 Induite
1525 4723 1725 4766 novum
1746 4709 2030 4766 hominem

420 4811 653 4885 (Ephes.
690 4815 793 4879 IV).
832 4830 855 4857 ιι
889 4807 1071 4864 Tertia
1118 4821 1250 4864 vero
1303 4806 1452 4862 dieta
1504 4814 1588 4862 est
1627 4807 1831 4863 bonum
1887 4823 2028 4866 con-

420 4914 718 4966 summare,
749 4898 822 4954 de
862 4912 968 4969 qua
997 4895 1200 4953 dicitur
1228 4914 1247 4951 :
1284 4919 1306 4945 «
1339 4896 1703 4953 Ascensiones
1746 4897 1803 4952 in
1857 4898 2027 4955 corde

424 5005 525 5047 suo
574 4986 844 5060 disposuit
899 4986 1077 5056 (Psal.
1109 4986 1400 5056 nxxxm);
1440 5008 1461 5034 »
1498 4993 1553 5041 et
1599 4985 1656 5040 in
1711 4986 1948 5043 Canticis
2008 5006 2024 5043 :

429 5104 452 5130 α
488 5077 627 5148 Quae
646 5085 731 5134 est
751 5076 858 5132 ista
877 5090 1000 5147 qua?
1014 5074 1265 5131 ascendit
1296 5089 1400 5145 per
1420 5074 1702 5130 desertum
1723 5076 1753 5129 ?
1779 5098 1801 5123 ιι
1819 5076 2016 5148 (Cant.

425 5170 531 5235 ιιι.)
592 5168 675 5223 De
724 5166 813 5222 his
853 5164 1024 5220 tribus
1091 5163 1286 5219 diebus
1323 5164 1530 5221 dicitur
1557 5163 1612 5219 in
1667 5165 2021 5238 Evangelia:

427 5282 451 5309 «
486 5259 658 5316 Petite
688 5264 742 5313 et
760 5253 1062 5326 accipietis,
1087 5253 1311 5327 quaerite
1341 5263 1392 5309 et
1439 5253 1752 5323 invenietis,
1810 5255 2025 5327 pulsate

422 5363 477 5413 et
524 5352 806 5427 aperietur
850 5349 1008 5407 vobis
1060 5350 1280 5419 (Matth.
1329 5349 1458 5419 vn).
1511 5371 1534 5399 ιι
1586 5349 1735 5404 Elias
1784 5350 1876 5423 qui
1931 5351 2026 5405 ha-

419 5442 514 5500 bet
569 5443 795 5499 formam
852 5437 1187 5512 pmnitentis,
1273 5453 1447 5494 unam
1529 5437 1736 5494 dietam
1813 5447 2024 5496 tantum

416 5532 708 5603 processit.
748 5529 907 5588 Unde
928 5536 980 5586 et
1007 5528 1258 5586 consedit
1285 5528 1442 5601 quasi
1475 5527 1768 5585 meditans.

2144 4626 2268 4683 Non
2280 4624 2541 4697 potuistis
2559 4640 2669 4682 una
2684 4626 2819 4681 hora
2838 4623 3070 4697 vigilare
3089 4637 3303 4680 mecum
3324 4625 3346 4678 .9
3365 4643 3387 4670 ιι
3418 4622 3568 4690 (Luc.
3583 4621 3725 4691 χιιι.)

2140 4716 2206 4771 Ει
2230 4729 2362 4772 ecce
2418 4714 2490 4771 ad
2527 4721 2693 4786 caput
2729 4713 2855 4786 ejus
2892 4711 3290 4769 subcinericius
3347 4710 3511 4783 panis
3551 4716 3600 4764 et
3634 4723 3724 4764 vas

2136 4819 2316 4877 aquae.
2356 4804 2438 4859 De
2502 4802 2780 4860 interioris
2845 4800 3081 4858 hominis
3145 4799 3321 4871 capite
3385 4805 3473 4855 est
3538 4811 3719 4864 sermo,

2134 4892 2192 4949 id
2229 4902 2314 4950 est
2339 4893 2410 4949 de
2450 4900 2652 4949 mente.
2685 4890 2855 4947 Panis
2884 4889 3299 4955 subcinericius,
3323 4887 3415 4961 qui
3446 4883 3719 4943 exsufﬂan-

2137 4982 2241 5039 dus
2271 4990 2358 5039 est
2385 4990 2440 5038 et
2467 4982 2791 5055 tergendus,
2840 4978 3111 5053 signiﬁcat
3145 4977 3496 5049 asperitatem
3542 4976 3713 5042 victus,

2134 5096 2244 5153 quo
2280 5089 2506 5136 utuntur
2548 5079 2881 5151 poenitentes
2916 5096 2931 5133 :
2965 5079 3034 5133 de
3063 5092 3173 5150 quo
3230 5074 3403 5131 David
3446 5073 3556 5128 ait:
3591 5094 3609 5121 ιι
3639 5070 3715 5127 Ci-

2133 5186 2323 5227 nerem
2381 5177 2638 5242 tanquam
2670 5184 2866 5240 panem
2910 5166 3315 5223 manducabam
3348 5163 3523 5234 (Psal.
3553 5169 3617 5231 ω)
3644 5178 3655 5225 ς
3687 5183 3706 5209 ιι

2133 5276 2233 5318 vas
2291 5276 2468 5332 aqua»,
2520 5258 2887 5330 lacrymosam
2937 5255 3438 5329 compunctionem,
3491 5265 3605 5323 quae
3639 5255 3711 5306 est

2132 5365 2276 5424 aqua
2304 5349 2536 5405 abluens
2564 5355 2618 5404 et
2647 5346 2921 5404 reﬁciens.

2202 5487 2369 5556 Cujus
2422 5483 2859 5557 compunctionis
2910 5495 3174 5539 mensura
3230 5494 3332 5551 per
3383 5491 3480 5534 vas
3523 5470 3705 5545 signiﬁ-

2131 5583 2303 5642 catur,
2370 5574 2499 5647 quia
2547 5574 2706 5643 juxta
2767 5571 2993 5629 modum
3068 5569 3243 5641 culpa:
3314 5566 3418 5621 erit
3481 5575 3704 5619 mensura

494 5665 804 5722 Notandum
860 5663 1015 5736 quob
1072 5670 1186 5719 tres
1247 5670 1377 5718 sunt
1420 5662 1838 5720 recordationes
1889 5679 2021 5736 pec-
2127 5689 2308 5747 poenae
2375 5673 2515 5729 sicut
2579 5671 2824 5728 dicitur:
2864 5693 2887 5721 «
2925 5671 3116 5726 Polum
3147 5665 3307 5724 dabis
3356 5662 3517 5720 nobis
3542 5662 3590 5717 in
3633 5659 3701 5715 la-

418 5763 525 5819 cati
556 5782 571 5820 :
604 5764 789 5836 prima
803 5759 1048 5819 atﬁciens
1076 5768 1130 5817 et
1158 5761 1459 5829 delectans,
1509 5778 1633 5835 quas
1688 5763 1835 5819 mala
1881 5773 1966 5818 est
2000 5781 2014 5828 ;

2128 5773 2332 5845 crymis
2400 5791 2412 5827 :

2482 5772 2535 5827 in
2568 5783 2831 5826 mensura
2849 5769 3027 5840 (Prol.
3050 5765 3250 5835 Lxxtx)
3283 5779 3299 5835 ;
3339 5787 3363 5813 ιι
3395 5768 3452 5820 et
3485 5784 3508 5811 α
3544 5758 3699 5815 Exitus

418 5861 661 5921 secunda
696 5872 1058 5931 exuperans,
1116 5868 1241 5930 qua
1278 5858 1564 5931 pungitiva
1618 5875 1719 5917 seu
1773 5859 2016 5931 conjun-
2124 5876 2395 5935 aquarum
2451 5860 2796 5921 deduxerunt
2852 5857 3000 5916 oculi
3042 5855 3154 5916 mei
3204 5853 3385 5929 (Psal.
3446 5850 3641 5921 cxvut).
3672 5869 3692 5897 ιι
