3956 6436
338 375 442 428 223

1225 373 1286 429 ν.
1331 372 1676 432 GUIBERTI
1706 375 1999 432 ABBATIS
2035 379 2092 432 S.
2136 376 2373 432 MARUE
2410 375 2498 434 DE
2538 375 2932 432 NOVIGENTO

3738 380 3864 435 224

347 503 461 560 tius
490 519 658 559 nono.
695 503 895 560 Ruben
917 504 1070 560 enim
1109 504 1283 558 videte
1331 507 1390 559 in
1444 505 1618 560 medio
1649 505 1878 572 dicitur,
1920 508 2030 561 Me-
2066 512 2110 565 Α
2140 505 2327 562 laudis
2377 505 2686 562 immolabo
2743 507 2986 562 Domino
3038 506 3207 578 (Psal.
3260 524 3413 576 xux,
3476 510 3585 571 14).
3646 510 3860 567 Cessat

346 593 498 648 dium
551 601 745 649 autem
798 609 899 663 pro
953 597 1222 649 communi
1277 595 1532 666 ponitur.
1598 596 1768 660 Vidit,
1825 596 2032 667 inquit,

345 685 484 737 Deus
533 683 895 739 humilitatem
947 699 1139 750 meam,
1191 683 1249 740 id
1285 692 1368 740 est
1405 685 1545 740 dum
1605 699 1791 742 meam
1842 694 2036 742 atten-

347 773 482 829 dere
519 786 610 828 me
655 771 790 828 facit
839 774 1248 840 necessitatem,
1285 773 1343 829 in
1393 787 1511 844 qua
1567 789 1714 844 saepe
1767 778 2038 845 experior

347 860 594 931 proximi
639 861 1042 930 humilitatem,
1092 876 1266 933 cogor
1307 863 1618 933 rependere
1660 877 1809 930 eam,
1856 879 2035 936 quam

347 949 499 1018 apud
531 949 673 1005 alios
708 957 980 1020 expertus
1030 965 1156 1006 sum
1199 951 1626 1022 benignitatem.
1685 955 1838 1010 Nunc
1871 971 2037 1009 ama-

348 1038 427 1092 bit
455 1054 537 1092 me
563 1041 650 1092 vir
671 1054 835 1093 meus.
871 1040 1197 1096 Intellectus
1228 1040 1328 1108 ait,
1361 1041 1455 1096 cui
1503 1041 1707 1097 attinet
1751 1042 2038 1100 interioris

348 1127 596 1182 hominis
623 1127 888 1195 ducatus,
923 1129 1150 1198 repulso
1190 1129 1450 1185 laborum
1484 1129 1731 1198 fastidio,
1795 1131 1854 1186 in
1916 1133 2038 1203 ipso

346 1216 663 1272 dilectionis
713 1231 907 1274 amore
974 1218 1308 1288 respirabit;
1369 1227 1424 1276 et
1483 1220 1590 1276 hoc
1647 1221 1811 1276 faciet
1863 1223 2034 1279 etiam

346 1319 522 1372 nunc,
549 1305 602 1360 id
631 1313 715 1362 est
743 1304 799 1361 in
829 1306 1038 1362 saeculo
1073 1308 1357 1376 praesenti,
1402 1310 1688 1365 cantando
1729 1311 1990 1368 videlicet
2019 1327 2033 1368 :

343 1395 477 1448 Ecce
512 1409 675 1462 quam
715 1393 908 1448 bonum
965 1399 1014 1449 et
1070 1411 1234 1466 quam
1279 1398 1586 1466 jucundum
1631 1398 1880 1454 habitare
1906 1402 2037 1468 fra-

343 1487 450 1537 tres
477 1483 535 1536 in
565 1498 730 1537 unum
759 1482 965 1553 !(Psal.
1001 1498 1215 1550 cxxxu,
1254 1486 1328 1553 l.)

414 1569 589 1627 Vsus.
634 1573 722 1626 33.
755 1601 824 1610 —
851 1572 1096 1626 Rursum
1125 1576 1382 1642 concepit,
1417 1578 1466 1628 et
1510 1577 1721 1644 peperit
1753 1576 1946 1644 ﬁlium,
1987 1581 2037 1632 et

343 1659 470 1712 ait:
515 1659 662 1724 Quia
713 1659 931 1714 audivit
990 1663 1256 1716 Dominus
1307 1663 1495 1716 haberi
1548 1679 1630 1717 me
1685 1667 2034 1734 contemptui,

343 1747 498 1801 dedit
543 1747 684 1801 mihi
737 1750 901 1802 etiam
954 1751 1145 1816 istum;
1196 1753 1513 1821 vocavitque
1553 1768 1742 1806 nomen
1784 1754 1902 1821 ejus
1940 1754 2028 1809 Si-

344 1850 517 1890 meon.
549 1835 826 1906 Concipit,
875 1851 1009 1893 cum
1059 1837 1304 1895 interius
1351 1840 1644 1910 proponit;
1693 1856 1825 1897 cum
1870 1851 2035 1898 exte-

342 1922 468 1980 rius
498 1923 878 1993 administrat,
915 1925 1082 1995 parit.
1121 1927 1288 1982 Audit
1328 1929 1563 1997 ponitur
1601 1943 1703 1998 pro
1753 1931 2032 2000 intelligit,

343 2011 498 2067 unde
543 2011 849 2081 Apostolus
898 2028 1032 2068 cum
1082 2013 1334 2070 diceret:
1394 2019 1671 2072 Animalis
1719 2018 1870 2073 homo
1929 2035 2035 2074 non

339 2102 576 2170 percipit
619 2116 682 2154 ea
717 2117 836 2169 quae
862 2107 990 2156 sunt
1020 2105 1264 2175 Spiritus
1309 2104 1414 2157 Dei
1438 2105 1482 2172 (ι
1516 2105 1637 2161 Cor.
1681 2121 1738 2173 tt,
1791 2107 1898 2176 14),
1939 2108 2035 2164 ad-

342 2187 486 2244 didit
518 2203 532 2242 :
566 2189 765 2260 Neque
795 2190 949 2246 enim
979 2191 1162 2257 audit,
1200 2191 1254 2247 id
1292 2200 1376 2248 est
1407 2192 1692 2265 intelligit.
1737 2197 1909 2253 Audit
1939 2211 2034 2254 au-

343 2282 457 2331 tem
504 2277 802 2344 Dominus,
847 2293 982 2335 cum
1021 2279 1334 2350 intelligere
1365 2296 1468 2337 nos
1502 2283 1652 2339 facit.
1684 2283 1830 2350 Quia
1871 2300 2028 2356 ergo,

342 2364 457 2420 Deo
505 2364 844 2436 inspirante,
887 2367 1262 2438 intelligimus
1293 2370 1489 2426 haberi
1530 2386 1632 2428 nos
1657 2375 2028 2444 contemptui,

339 2451 388 2506 si
420 2465 526 2522 pro
571 2457 710 2507 In
745 2453 868 2510 sola
910 2455 1288 2512 redhibitione
1335 2458 1462 2525 ejus
1503 2460 1765 2528 proximo
1813 2460 2030 2530 impen-

340 2539 549 2596 damus
595 2555 812 2598 munus
862 2543 1154 2612 beneficii;
1204 2545 1300 2601 dat
1348 2547 1499 2602 Deus
1539 2555 1593 2604 et
1643 2551 1808 2602 istum
1851 2549 2031 2614 ﬁlium

339 2629 522 2696 nobis,
569 2630 664 2685 cui
715 2638 800 2686 est
851 2645 1059 2688 nomen
1111 2632 1356 2699 Simeon,
1421 2636 1574 2705 quod
1621 2637 2032 2706 interpretatur

338 2717 557 2773 audivit
581 2721 836 2774 Dominus
866 2719 952 2776 vel
982 2721 1209 2776 audiens
1243 2725 1552 2788 tristitiam,
1580 2724 1719 2795 quia
1780 2726 1836 2781 in
1873 2728 2028 2782 omni

338 2805 494 2876 quod
521 2807 765 2877 agimus,
797 2823 911 2864 non
937 2809 1262 2879 humanus,
1297 2812 1392 2867 sed
1424 2811 1658 2868 divinus
1699 2816 2029 2884 pensandus

335 2901 420 2949 est
449 2894 704 2964 auditus,
733 2911 836 2952 nec
865 2897 1006 2968 quid
1047 2899 1254 2956 referat
1287 2901 1476 2965 homo,
1518 2901 1615 2957 sed
1655 2903 2028 2970 cogitandum

335 2990 418 3038 est
451 2983 590 3054 quid
623 2985 839 3055 placeat
883 2987 1014 3042 Deo.
1057 2987 1130 3043 Et
1159 2988 1413 3056 auditus,
1447 2988 1503 3044 id
1545 2998 1629 3046 est
1676 3005 1881 3047 sensus
1927 2993 2027 3048 tri-

2149 603 2286 652 tunc
2304 611 2516 664 parere,
2547 609 2679 650 cum
2713 595 2843 650 boni
2875 597 3064 666 operis
3110 597 3364 654 fructum
3413 599 3862 670 ingemiscendo

2146 681 2231 737 uti
2261 695 2439 748 nunc,
2472 680 2679 737 desinit
2724 694 2915 752 agere.

2757 822 2987 881 CAPUT
3026 823 3209 881 XXX.

2215 947 2386 1004 Vnus.
2441 950 2488 1001 l.
2518 974 2592 988 —
2623 948 2861 1001 Gemens
2902 953 3079 1002 autem
3117 949 3316 1005 Rachel
3355 949 3501 1018 quod
3541 951 3861 1017 infecunda

2143 1041 2295 1104 esset,
2329 1036 2531 1090 invidit
2561 1039 2769 1102 sorori;
2797 1039 2982 1106 aitque
3019 1041 3220 1093 marito
3253 1053 3266 1092 :
3303 1039 3391 1093 Da
3428 1040 3563 1094 mihi
3617 1041 3856 1108 liberos,

2143 1127 2387 1194 alioquin
2443 1127 2668 1180 moriar.
2731 1126 2925 1181 Rachel
2978 1127 3122 1195 quod
3176 1128 3473 1194 infecunda
3517 1131 3602 1199 sit
3665 1133 3866 1184 sorori

2141 1214 2370 1281 invidet,
2401 1213 2541 1269 dum
2574 1229 2733 1270 mens
2757 1215 3336 1284 contemplativorum
3364 1216 3677 1272 efficaciam
3698 1219 3861 1274 acti-

2143 1316 2350 1358 vorum
2400 1302 2651 1370 intuens,
2703 1310 2758 1359 et
2806 1316 2982 1372 opera
3029 1303 3334 1374 aliquoties
3383 1305 3716 1374 aemulatur,
3794 1314 3865 1362 et

2142 1389 2331 1446 laudis
2383 1391 2775 1462 profusionem
2829 1391 3095 1448 miratur.
3177 1394 3285 1459 Tu,
3333 1393 3545 1464 inquit,
3598 1409 3632 1450 o
3671 1395 3861 1451 intel-

2144 1477 2338 1546 lectus,
2396 1481 2779 1549 speculatione
2852 1481 3086 1550 gaudes,
3143 1482 3239 1536 sed
3306 1482 3466 1537 nullo
3547 1484 3862 1554 praecipuo

2145 1583 2313 1637 opere
2369 1583 2468 1638 per
2525 1569 2673 1624 hanc
2726 1569 3020 1624 evidenter
3059 1569 3278 1624 emines
3331 1571 3485 1626 unde
3541 1585 3647 1627 nec
3709 1573 3862 1642 opi-

2144 1657 2332 1712 nionis
2362 1657 2569 1712 indicio
2597 1657 2861 1727 exempla
2898 1657 3218 1713 sanctitatis
3260 1658 3498 1728 praebes.
3546 1660 3722 1730 (Vnus
3760 1662 3821 1716 2.
3832 1671 3862 1730 )

2143 1745 2316 1812 Num,
2346 1745 2553 1815 inquit,
2585 1748 2730 1801 ratio
2770 1746 2922 1800 vices
2969 1745 3066 1801 Dei
3101 1761 3273 1816 penes
3313 1754 3364 1802 te
3402 1761 3532 1818 ago,
3565 1749 3666 1819 qui
3715 1749 3855 1819 pri-

2145 1834 2304 1890 vavit
2332 1842 2382 1889 te
2421 1834 2614 1890 fructu
2643 1835 2859 1890 ventris
2890 1835 2994 1902 tui,
3029 1835 3085 1891 id
3112 1843 3196 1892 est
3229 1837 3330 1906 qui
3364 1837 3464 1892 tibi
3488 1851 3602 1892 non
3639 1837 3858 1894 indul-

2141 1923 2213 1978 sit
2239 1922 2527 1978 solertiam
2573 1922 2884 1992 corporalis
2931 1924 3215 1989 exercitii,
3267 1939 3399 1995 quae
3429 1933 3719 1996 quantum
3767 1927 3852 1983 ad

2142 2026 2315 2067 auras
2339 2011 2502 2066 fama:
2531 2011 2733 2066 attinet
2755 2011 2812 2068 in
2847 2013 3080 2068 modum
3100 2013 3317 2068 ventris
3355 2021 3441 2069 est
3491 2013 3733 2085 fragilis,
3781 2024 3858 2072 ut

2141 2100 2243 2156 tibi
2277 2114 2403 2156 mea
2434 2113 2576 2156 cura
2607 2101 2859 2156 conferat
2890 2101 3046 2170 quod
3091 2101 3209 2170 ipse
3257 2102 3408 2158 Deus
3439 2105 3655 2174 negat?
3693 2104 3855 2161 Sunt

2139 2190 2292 2246 enim
2338 2202 2590 2258 quorum
2661 2189 2891 2258 ingenia
2930 2189 3396 2259 contemplationi
3457 2192 3844 2258 conveniunt,

2139 2277 2238 2332 sed
2285 2290 2525 2346 corpora
2580 2277 2820 2347 negotiis
2863 2277 3102 2348 agendis
3145 2292 3258 2333 non
3295 2287 3647 2349 congruunt.
3687 2281 3846 2336 (.‘on-

2140 2365 2432 2434 templatio
2491 2364 2670 2434 igitur
2726 2365 2865 2420 dum
2945 2365 3111 2421 famae
3184 2366 3463 2423 desiderio
3545 2367 3844 2438 pulsatur.

2141 2454 2334 2524 (Visus.
2377 2455 2449 2521 3.)
2496 2453 2694 2518 Habeo,
2733 2456 2932 2522 inquit,
2984 2455 3254 2520 famulam
3299 2456 3510 2524 Balam,
3555 2458 3850 2525 ingredere

2139 2543 2214 2596 ad
2237 2559 2374 2611 eam,
2411 2542 2466 2597 id
2513 2550 2596 2598 est
2628 2542 2810 2598 habeo
2843 2542 3209 2599 szecularium
3257 2557 3452 2600 rerum
3515 2545 3847 2615 scientiam,

2139 2645 2271 2701 qua;
2298 2632 2424 2686 licet
2468 2631 2928 2702 sapientizejugo
2983 2632 3294 2700 subsideat,
3358 2633 3450 2689 cui
3509 2641 3572 2690 tu
3626 2635 3844 2699 inhias,

2137 2721 2417 2786 ingredere
2466 2727 2652 2775 tamen
2697 2718 3070 2776 immiscendo
3121 2729 3173 2776 te
3215 2721 3289 2787 ei,
3346 2729 3401 2777 et
3445 2723 3849 2779 condescende

2137 2811 2212 2864 ad
2232 2826 2372 2876 eam,
2399 2824 2528 2879 qua-
2561 2809 2760 2864 mundi
2783 2808 2997 2864 dicitur
3023 2810 3324 2879 sapientia,
3349 2817 3413 2866 ut
3447 2811 3634 2880 pariat
3661 2826 3851 2882 super

2138 2912 2328 2970 genua
2357 2911 2501 2964 mea,
2528 2897 2583 2952 id
2632 2905 2806 2954 estut
2836 2897 3049 2952 inﬂexa
3100 2905 3285 2955 status
3341 2900 3686 2956 rectitudine
3738 2901 3849 2956 ali-

2136 3002 2283 3057 quos
2337 2986 2478 3042 mihi
2530 2985 2753 3042 fructus
2805 2984 3007 3042 allerat
3060 2987 3390 3056 temporalis
3430 2986 3661 3044 laetitiae.
3731 2989 3849 3045 Per

334 3072 520 3140 stitiae,
553 3073 682 3130 licet
711 3088 923 3146 magna
953 3090 1242 3146 geramus,
1275 3077 1467 3134 deesse
1502 3094 1616 3135 non
1656 3080 1838 3148 debet,
1887 3083 2027 3152 quia
2064 3097 2104 3151 ρ
2138 3075 2353 3142 Balam,
2388 3091 2520 3146 quae
2556 3080 2873 3129 vetustatem
2910 3081 3094 3142 sonat,
3143 3075 3444 3130 szecularia
3491 3075 3844 3146 accipimus,

335 3161 622 3218 nescimus
653 3170 849 3220 utrum
893 3177 1089 3221 amore
1129 3179 1205 3220 an
1235 3166 1363 3222 odio
1393 3167 1555 3238 digni
1597 3169 1779 3225 simus
1828 3171 2024 3241 (Eccle.

334 3263 411 3318 ιχ,
449 3251 522 3320 l).
561 3252 661 3307 Cor
711 3260 926 3321 autem,
973 3253 1146 3324 juxta
1190 3255 1343 3324 quod
1400 3255 1629 3326 legitur,
1687 3258 1832 3326 quod
1877 3263 2028 3314 novit

333 3341 756 3396 amaritudinem
775 3344 970 3397 animae
999 3357 1128 3408 suae,
1185 3345 1244 3396 in
1282 3344 1484 3412 gaudio
1521 3345 1638 3413 ejus
1668 3343 1785 3414 [non
1833 3350 2026 3403 misce-

335 3427 484 3483 bitur
529 3429 739 3484 alienus
790 3429 968 3499 (Prov.
1000 3445 1116 3496 xxv,
1181 3431 1290 3497 10.)
1341 3431 1534 3502 (Vnus.
1599 3433 1713 3503 34.)
1777 3435 2030 3506 Concepit

335 3519 511 3584 tertio,
571 3522 621 3572 et
666 3519 856 3584 genuit
893 3518 1086 3584 alium,
1143 3517 1442 3587 dixitque:
1483 3521 1635 3577 Nunc
1684 3524 2030 3591 copulabitur

331 3605 468 3658 mihi
490 3607 578 3658 vir
631 3619 797 3672 meus,
830 3621 888 3660 eo
917 3606 1062 3674 quod
1109 3611 1384 3676 genuerim
1412 3611 1462 3663 ei
1491 3615 1597 3665 tres
1633 3613 1794 3680 ﬁlios,
1839 3617 1888 3667 et
1932 3613 2026 3668 id-

333 3695 474 3748 circo
512 3694 812 3762 appellavit
857 3710 1047 3750 nomen
1094 3697 1213 3766 ejus
1263 3699 1409 3752 Levi.
1436 3699 1566 3755 Levi
1615 3699 2029 3771 interpretatur

332 3781 580 3836 additus.
626 3780 762 3838 Post
791 3783 1009 3852 Rubea,
1039 3784 1139 3841 ubi
1185 3786 1568 3844 communiter
1614 3789 1873 3845 omnium
1921 3791 2028 3848 uti-

331 3868 479 3926 litati
507 3870 862 3941 providetur,
901 3881 954 3928 et
985 3872 1230 3941 Simeon,
1269 3875 1367 3931 ubi
1414 3875 1513 3931 Dei
1557 3876 1866 3948 plusquam
1915 3879 2026 3936 ho-

332 3956 504 4014 minis
537 3959 775 4016 auditus
821 3959 1161 4030 intenditur,
1203 3971 1352 4018 recte
1397 3965 1623 4020 additus
1670 3965 1833 4022 tertio
1880 3966 2021 4036 loco,

331 4047 436 4117 qui
460 4047 794 4105 Trinitatem
842 4049 1147 4122 signiﬁcat,
1198 4052 1526 4122 apponitur,
1573 4052 1726 4124 {quia
1774 4056 2024 4127 quisque

329 4135 448 4191 sola
471 4135 574 4192 Dei
627 4137 941 4194 intentione
985 4153 1252 4210 operans,
1291 4141 1602 4198 electorum
1653 4143 1811 4210 sorti,
1867 4145 2023 4215 quod

328 4231 412 4280 est
453 4224 556 4281 Dei
590 4225 752 4292 visio,
796 4226 1032 4283 indubie
1069 4227 1322 4284 additur.
1384 4231 1507 4285 Tres
1550 4238 1690 4288 tunc
1726 4233 1871 4301 ﬁlios
1929 4233 2022 4304 gi-

330 4311 475 4383 gnit,
509 4319 637 4381 post
675 4311 884 4368 bonam
921 4314 1075 4370 enim
1108 4315 1409 4382 actionem,
1467 4317 1739 4389 piamque
1783 4328 2021 4376 actuum

2138 3179 2270 3234 quae
2321 3171 2515 3220 vetera
2573 3163 2628 3218 in
2687 3163 2981 3234 Scriptura
3041 3163 3409 3234 appellantur
3471 3165 3602 3234 (Col.
3663 3167 3718 3232 3,
3785 3166 3845 3238 9)

2139 3253 2332 3322 (Vnus.
2361 3253 2413 3318 4,
2438 3251 2516 3322 5.)
2557 3251 2853 3307 Intellectu
2877 3251 3052 3322 igitur
3083 3251 3142 3307 in
3185 3251 3501 3322 penetralia
3557 3252 3844 3324 scientiae,

2136 3348 2191 3396 et
2235 3340 2565 3396 intentionis
2605 3339 2918 3404 saecularis,
2969 3347 3023 3394 et
3060 3339 3226 3409 quasi
3266 3338 3338 3394 ad
3382 3337 3686 3394 ancillaria
3737 3342 3845 3394 in-

2136 3445 2338 3500 gresso,
2365 3431 2605 3497 concepit
2648 3434 2698 3482 et
2725 3430 2935 3497 peperit
2981 3428 3183 3494 ﬁlium,
3241 3426 3538 3497 proposuit
3591 3427 3841 3494 scilicet,

2135 3527 2189 3575 et
2217 3517 2482 3574 exhibuit
2509 3531 2656 3587 opus
2687 3516 2964 3586 ineptum.

2206 3608 2378 3665 Vnus.
2405 3609 2455 3661 6.
2489 3635 2560 3648 —
2593 3608 2732 3660 Dicit
2761 3619 2897 3676 ergo
2929 3605 3136 3660 Rachel
3169 3621 3183 3659 :
3215 3603 3500 3659 Judicavit
3529 3607 3665 3659 mihi
3718 3609 3845 3660 Do-

2133 3699 2335 3763 minus,
2363 3701 2412 3750 et
2451 3695 2737 3750 emaudivit
2778 3709 2955 3748 vocem
2996 3709 3187 3761 meam,
3249 3693 3388 3748 dans
3443 3695 3581 3747 mihi
3611 3695 3845 3763 ﬁlium,

2133 3790 2184 3840 et
2213 3785 2414 3839 idcirco
2442 3785 2742 3858 appellavit
2773 3797 2963 3836 nomen
2992 3783 3110 3852 ejus
3153 3783 3300 3836 Dan.
3345 3782 3570 3838 Dictum
3605 3784 3842 3850 Rachel,

2133 3873 2510 3944 depravatum
2540 3871 2868 3943 cujuspiam
2918 3869 3384 3941 contemplatoris
3424 3871 3675 3942 intelligo
3713 3886 3851 3928 sen-

2133 3976 2282 4019 sum.
2317 3961 2595 4017 Judicavit
2635 3960 2770 4014 mihi
2820 3960 2985 4027 Deus,
3015 3959 3074 4014 id
3128 3966 3210 4015 est
3259 3957 3512 4015 favorem
3566 3958 3847 4029 prtestitit

2132 4051 2287 4120 operi
2334 4065 2460 4106 meo
2520 4051 2691 4117 Deus,
2751 4049 2912 4116 dum,
2965 4047 3112 4104 sicut
3171 4060 3410 4113 mereor,
3476 4047 3850 4117 populariter

2129 4139 2354 4197 laudor.
2385 4141 2572 4194 Vocem
2593 4137 2896 4204 exaudivit,
2924 4137 3065 4192 dum
3081 4135 3428 4192 desiderium
3449 4135 3603 4206 quod
3644 4136 3844 4193 habeo

2132 4229 2260 4286 aliis
2290 4227 2644 4300 proficiendi,
2679 4239 2854 4296 opera
2884 4239 3011 4281 mea
3057 4238 3122 4281 ac
3151 4224 3198 4280 si
3250 4223 3398 4280 filios
3447 4222 3844 4293 exemplando

2132 4318 2466 4386 famamque
2497 4314 2904 4386 subjungendo
2931 4313 3255 4383 complevit.
3290 4313 3413 4368 Dan
3444 4327 3603 4383 ergo,
3638 4313 3692 4367 id
3745 4323 3842 4370 est

328 4399 722 4467 intentionem,
772 4403 940 4472 quasi
986 4410 1107 4472 post
1147 4403 1290 4460 duos
1337 4405 1500 4473 filios,
1563 4408 1793 4464 tertium
1838 4409 2023 4465 elabo-
2059 4397 2104 4452 Ι)
2125 4406 2422 4476 judicium,
2485 4404 2639 4459 ﬁlius
2695 4401 3038 4472 appellatur,
3098 4402 3239 4472 quia
3295 4401 3613 4457 secundum
3671 4404 3842 4471 quod

331 4487 531 4554 rando,
565 4487 906 4557 proferimus
931 4490 1097 4547 bonae
1139 4491 1380 4548 actionis
1425 4495 1762 4563 mercedem,
1802 4503 1858 4552 et
1900 4497 2021 4567 jam

329 4571 651 4630 intellectus
679 4587 870 4643 verus,
929 4573 1141 4632 scilicet
1195 4579 1454 4648 maritus,
1497 4582 1599 4651 qui
1645 4583 1845 4640 divino
1889 4583 2022 4640 ani-

328 4675 481 4717 mam
513 4661 836 4734 impregnat
864 4664 1079 4720 semine
1119 4681 1338 4723 memor
1383 4669 1511 4740 ejus
1542 4671 1696 4740 quod
1728 4685 1787 4727 se
1831 4679 2023 4728 manet

329 4751 568 4822 praemii,
602 4751 674 4808 ad
701 4752 855 4823 piam
885 4766 944 4809 se
973 4753 1236 4810 vivacius
1262 4755 1470 4827 ingerit
1498 4759 1803 4814 actionem.

395 4839 568 4896 Vnus.
599 4843 689 4894 35.
722 4869 794 4882 —
823 4841 1032 4906 Quarto
1077 4847 1335 4913 concepit,
1368 4850 1419 4900 et
1465 4849 1678 4915 peperit
1724 4848 1920 4916 ﬁlium,
1973 4852 2023 4903 et

326 4929 452 4982 ait:
502 4929 659 4984 Modo
711 4931 996 4998 conﬁtebor
1044 4933 1278 5000 Domino,
1329 4938 1380 4988 et
1426 4935 1490 4988 ob
1529 4937 1624 4990 hoc
1667 4941 1879 4991 vocavit
1929 4951 2023 4991 no-

325 5031 446 5070 men
467 5017 583 5086 ejus
623 5017 844 5082 Judam,
878 5019 1210 5088 cessauitque
1233 5036 1448 5090 parere.
1482 5023 1624 5079 Cum
1675 5024 1744 5080 ad
1779 5024 2022 5095 gloriam

325 5112 598 5160 aeternam
646 5105 994 5174 venerimus,
1055 5107 1110 5163 in
1169 5110 1394 5179 quadro
1439 5119 1578 5169 tunc
1631 5113 1817 5182 positi,
1867 5113 2022 5184 quod

327 5200 534 5262 quarto
586 5193 854 5263 signatur
899 5193 1034 5263 ﬁlio,
1106 5197 1160 5252 id
1214 5205 1298 5253 est
1347 5198 1688 5256 inconcussa
1741 5201 2023 5258 soliditate

326 5279 586 5346 stabiliti,
637 5281 868 5348 Iudam,
898 5282 955 5338 id
985 5291 1068 5340 est
1125 5292 1399 5342 aeternam
1431 5287 1920 5358 [glorificationem
1968 5298 2024 5348 et

325 5368 493 5424 corde
523 5369 895 5438 concipimus,
927 5378 984 5428 et
1021 5372 1224 5429 etl'ectu
1257 5372 1482 5432 infinito
1523 5377 1800 5446 parimus.
1846 5379 2023 5434 ludas

324 5455 478 5512 enim
511 5458 597 5513 vel
617 5457 895 5528 conﬁtens,
929 5461 1016 5516 vel
1061 5462 1372 5530 gloriﬁcans
1420 5463 1649 5521 dicitur.
1701 5467 1879 5536 Modo,
1933 5465 2020 5522 in-

325 5545 472 5624 quit,
515 5547 568 5602 id
599 5554 682 5602 est
707 5547 764 5603 in
791 5547 898 5604 hac
925 5549 1260 5612 aeternitate,
1294 5563 1426 5618 qua
1452 5566 1554 5622 per
1591 5567 1842 5623 praesens
1882 5562 2022 5610 tem-

324 5647 435 5703 pus
463 5649 718 5707 congrue
747 5637 1108 5709 designatur,
1134 5638 1440 5708 conﬁtebor,
1472 5639 1529 5697 id
1560 5650 1646 5699 est
1676 5643 2025 5700 sacriﬁcium

2131 4507 2302 4564 opera
2363 4507 2470 4548 sua
2521 4491 2786 4547 saeculari
2841 4490 3217 4546 aestimatione
3267 4489 3602 4555 laudantur,
3663 4498 3844 4558 putat

2130 4583 2282 4654 quod
2317 4582 2397 4638 sic
2427 4596 2461 4637 a
2488 4582 2601 4637 Deo
2627 4587 2858 4649 accepta
2887 4581 2967 4635 uti
2995 4579 3068 4634 ab
3100 4578 3427 4634 hominibus
3456 4580 3583 4648 ejus
3607 4577 3842 4648 judicio

2115 4667 2546 4742 ‘approbentur,
2571 4676 2626 4726 et
2657 4682 2758 4738 per
2800 4669 3094 4724 hominum
3134 4681 3235 4723 ora
3265 4668 3417 4723 Deus
3467 4667 3581 4736 ipse
3627 4665 3842 4737 loqua-

2131 4767 2248 4817 tur.
2281 4759 2475 4826 (Vnus.
2518 4757 2672 4830 7,8.)
2702 4759 3042 4826 Rursumque
3085 4757 3224 4812 Bala
3267 4757 3568 4824 concipiens
3610 4760 3840 4824 peperit

2129 4851 2381 4915 alterum,
2409 4863 2510 4917 pro
2567 4862 2672 4916 quo
2715 4848 2796 4901 ait
2844 4846 3040 4901 Rachel
3076 4861 3089 4898 :
3143 4845 3502 4914 Comparavit
3549 4858 3632 4896 me
3682 4846 3836 4899 Deus

2130 4953 2250 4993 cum
2277 4951 2456 4992 sorore
2501 4950 2639 5003 mea,
2680 4939 2730 4988 et
2759 4933 2995 4988 invalui.
3049 4933 3378 4988 Notandum
3408 4931 3562 5002 quod
3611 4931 3836 5002 cuique

2131 5039 2273 5096 pene
2299 5024 2493 5096 partui
2525 5023 2818 5093 conceptio
2851 5021 3227 5092 praeponitur,
3254 5020 3395 5091 quia
3417 5019 3832 5090 perminimum

2130 5119 2216 5167 est
2265 5119 2564 5181 peccatum
2621 5111 2775 5182 quod
2851 5111 3014 5166 nulla
3079 5109 3506 5176 deliberatione,
3590 5108 3832 5179 solaque

2132 5199 2579 5270 praecipitatione
2633 5199 2855 5269 agitur;
2903 5199 3260 5268 concipimus
3302 5197 3478 5264 enim,
3527 5211 3663 5253 cum
3708 5192 3830 5254 dis-

2133 5289 2423 5359 ponimus.
2464 5291 2602 5344 Bala
2637 5289 2868 5342 alterum
2907 5287 3084 5358 parit;
3115 5295 3169 5342 et
3198 5286 3504 5356 Nephthali
3535 5301 3569 5341 a
3611 5286 3829 5345 Rachel

2131 5385 2392 5444 vocatur,
2428 5391 2560 5432 cum
2593 5375 2873 5446 sapientia
2906 5375 3104 5430 mundi
3138 5375 3236 5430 Dei
3281 5375 3622 5445 sapientiam
3665 5376 3831 5433 adul~

2132 5466 2312 5523 terine
2360 5465 2735 5531 contundens,
2787 5463 3016 5520 dilatari
3066 5463 3277 5534 quaerit
3305 5464 3366 5519 in
3423 5463 3713 5531 laudibus,
3771 5475 3828 5523 et

2131 5554 2454 5623 comparari
2493 5553 2762 5621 laudatis,
2804 5553 2923 5608 haec
2952 5552 3146 5608 omnia
3176 5566 3355 5623 agens
3384 5567 3499 5608 non
3543 5567 3683 5609 vera
3736 5555 3829 5611 af-

2131 5643 2390 5710 fectione,
2419 5643 2516 5700 sed
2541 5641 2770 5698 nomine
2816 5639 2958 5697 falso
3004 5641 3234 5711 Rachel,
3279 5641 3336 5698 id
3365 5645 3448 5698 est
3489 5644 3832 5716 contempla-
