3924 6406
207 408 344 465 1097

1148 394 1724 454 DEFLORATIONES
1920 396 2224 453 PATRUM.
2267 429 2334 440 —
2366 400 2491 455 LIB.
2525 401 2598 455 ll.

3373 414 3508 467 1098

200 532 455 589 Comedit
484 548 620 605 ergo
650 540 706 588 et
732 529 896 598 bibit,
923 537 978 586 et
1018 540 1230 582 rursum
1276 521 1623 584 obdormivit,
1674 520 1812 574 scili-
1840 520 1894 579 Α
1929 536 2054 574 vela
2084 529 2137 575 et
2162 530 2365 579 natet-ua
2390 523 2537 579 bona
2563 524 2894 595 aﬁ'ectantur,
2926 529 3141 600 quando
3168 524 3344 590 ﬁdelis
3386 552 3512 591 om-

198 638 293 685 cet
320 630 377 684 in
403 646 539 702 pace
560 637 614 684 et
642 629 825 699 quieta
864 624 1057 681 mentis
1097 617 1599 714 tranquillitate-Et
1636 616 1811 714 denuo

197 735 457 774 reversus
488 718 720 790 angelus
750 714 965 771 Domini
997 710 1168 783 tetigit
1210 724 1355 775 eum,
1405 706 1643 775 dixitque
1686 705 1762 758 illi
1796 720 1807 755 :

203 830 230 855 ι
272 808 449 879 Surge
480 806 582 875 (111
613 808 739 878 Reg.
774 804 850 874 x),
888 826 909 850 ιι
961 801 1014 855 id
1063 806 1141 855 est
1190 796 1259 852 ad
1305 810 1537 864 superna
1585 801 1638 849 te
1678 792 1811 847 sub-

202 904 358 973 leva,
385 904 479 975 qui
508 911 562 959 et
591 903 660 958 ad
687 900 1014 972 discipulos:
1055 921 1076 946 «
1125 894 1367 989 Dormite
1416 892 1556 989 jam,
1614 898 1668 947 et

205 993 505 1063 quiescite:
528 990 725 1046 sufﬁcit
747 991 936 1060 (Marc.
962 988 1093 1078 xlv).
1122 1007 1143 1032 υ
1163 980 1479 1078 Coinede,id
1491 988 1571 1078 est
1587 978 1814 1078 praelibat

207 1091 267 1137 et
310 1088 472 1153 gusta
508 1080 574 1134 de
614 1080 822 1135 interna
872 1074 1179 1130 dulcedine.
1244 1070 1368 1125 Non
1426 1069 1816 1124 determinatur

210 1178 352 1249 quid
380 1176 735 1243 comederint,
766 1174 892 1246 quia
920 1179 1105 1244 gustus
1133 1170 1275 1224 illius
1320 1165 1621 1261 dulcedinis
1667 1163 1812 1261 indi-

211 1266 402 1322 cibilis
423 1274 518 1335 est,
544 1265 656 1320 imo
676 1260 1108 1334 inexcogitabilis
1131 1273 1145 1326 ;
1168 1255 1386 1350 acquiri
1435 1261 1625 1350 pntest,
1664 1255 1815 1350 aesti-

216 1356 365 1410 mari
390 1370 500 1410 non
520 1360 712 1426 potest.
738 1351 873 1406 Huic
891 1348 1111 1422 grandis
1130 1346 1217 1401 via
1237 1351 1416 1411 restat,
1441 1342 1494 1397 id
1524 1350 1603 1397 est
1633 1342 1813 1396 chari-

212 1462 325 1520 tas,
360 1469 484 1523 quae
511 1453 567 1506 in
594 1465 784 1506 mensa
811 1453 909 1515 est,
939 1445 1076 1501 adeo
1126 1442 1269 1514 quod
1325 1442 1496 1495 Deum
1554 1437 1623 1493 ad
1677 1440 1816 1492 hanc

212 1541 427 1597 vallem
458 1542 815 1611 lacrymarum
838 1533 1113 1591 inclinavit
1132 1541 1187 1585 ut
1209 1548 1264 1585 se
1286 1528 1605 1584 exinaniret.
1645 1527 1815 1581 Gran-

210 1631 303 1686 dis
333 1629 613 1702 perfectio,
648 1643 768 1697 qum
817 1624 1092 1679 hominem
1132 1636 1297 1689 usque
1342 1635 1375 1673 a
1406 1617 1502 1672 Dei
1537 1617 1814 1718 dexteram

209 1724 556 1781 sublimavit.
595 1722 698 1792 Qui
728 1721 783 1775 in
811 1722 913 1774 hac
940 1718 1029 1774 via
1065 1716 1202 1787 pede
1240 1712 1500 1768 inoffenso
1546 1711 1819 1765 incesserit

211 1820 397 1887 potest
416 1813 595 1869 dicere
620 1830 632 1866 :
663 1832 685 1859 α
718 1807 1084 1864 Transivimus
1104 1821 1200 1876 per
1222 1804 1403 1875 ignem
1443 1801 1621 1871 (Psal.
1663 1800 1812 1887 va),

1920 616 2078 671 nibus
2108 618 2426 675 transituriis
2454 622 2669 677 calcatis
2698 624 2754 678 in
2798 626 2973 683 solum
3031 629 3204 687 Deum
3261 634 3509 705 suspirat,

1922 706 2061 760 hunc
2090 707 2215 771 sitit,
2241 709 2381 763 hunc
2398 710 2577 777 esurit,
2605 713 2746 768 hunc
2776 715 2996 786 cogitat.
3037 718 3132 773 Est
3170 736 3300 793 ergo
3337 730 3511 779 trans-

1922 803 2156 858 eundum
2187 805 2255 860 de
2285 823 2467 862 amore
2500 812 2875 879 temporalium
2907 814 2975 868 ad
3004 831 3245 872 amorem
3274 827 3510 877 aeterno-

1921 908 2061 958 rum,
2097 893 2233 948 sicut
2263 896 2468 950 transiit
2495 899 2725 969 Moyses,
2759 900 2850 970 qui
2881 902 3014 957 vidit
3059 904 3254 961 rubum
3301 908 3510 976 ardere,

1922 997 2024 1035 nec
2050 982 2294 1037 comburi
2322 983 2530 1055 (Exod.
2568 989 2651 1056 v).
2718 987 3007 1059 Obstupuit
3061 992 3277 1062 quidem
3334 996 3512 1065 primo

1925 1078 2013 1145 qui
2046 1078 2192 1149 prius
2212 1079 2375 1134 sensit
2393 1081 2556 1135 alium
2578 1082 2781 1154 ignem,
2805 1085 3009 1142 scilicet
3028 1103 3268 1144 amorem
3298 1091 3510 1146 Ethio-

1924 1165 2082 1236 pissae
2111 1184 2239 1237 suae,
2274 1168 2327 1222 id
2357 1177 2435 1223 est
2481 1171 2628 1240 prius
2682 1171 2951 1244 ﬂagrabat
3003 1176 3192 1231 ardore
3248 1179 3513 1250 concupi-

1922 1256 2158 1322 scentia,
2192 1257 2281 1325 qui
2309 1256 2535 1313 oﬁ'uscat
2562 1269 2829 1317 amatores
2856 1278 3018 1335 suos;
3058 1265 3154 1321 sed
3201 1266 3316 1322 viso
3368 1268 3513 1338 quod

1922 1351 2089 1406 rubus
2117 1353 2340 1409 ardebat
2368 1372 2465 1409 nec
2494 1358 2929 1429 consumebatur,
2988 1360 3105 1417 ait:
3173 1386 3195 1412 «ι
3255 1365 3515 1422 Transibo

1925 1448 1976 1494 et
2011 1440 2210 1496 videbo
2247 1442 2511 1499 visionem
2543 1445 2682 1501 hanc
2726 1462 2983 1519 magnam
3052 1450 3256 1523 (ibid.),
3331 1453 3515 1525 sicque

1925 1529 2168 1585 transivit
2196 1530 2264 1584 ad
2294 1532 2476 1603 ignem
2507 1532 2675 1589 divini
2705 1536 2923 1591 amoris.
2966 1538 3064 1594 Hic
3110 1539 3359 1596 transitus
3405 1554 3513 1598 non

1924 1627 1983 1680 ﬁt
2011 1628 2109 1681 nisi
2139 1629 2312 1697 gratia
2337 1629 2458 1685 Dei.
2492 1630 2624 1699 Qua:
2653 1648 2759 1688 una
2792 1635 3084 1690 secundum
3133 1636 3352 1693 affectus
3388 1656 3514 1695 suos

1924 1715 2121 1784 triplex
2149 1734 2264 1771 esse
2293 1717 2528 1774 dicitur:
2582 1721 2760 1776 Prima
2816 1722 2991 1778 initiat
3043 1732 3100 1779 ut
3153 1742 3410 1783 vocemur
3461 1734 3517 1783 et

1924 1804 2092 1859 simus
2121 1804 2331 1860 initium
2360 1815 2616 1865 creaturae
2651 1809 2769 1879 ejus
2800 1824 2814 1879 ;
2872 1812 3105 1869 secunda
3156 1815 3402 1886 provehit
3456 1822 3517 1872 ut

215 1869 314 1975 qui
335 1899 604 1959 consumit
630 1898 821 1966 solida,
853 1869 1169 1966 constringit
1195 1869 1504 1946 et‘dissilire
1556 1888 1700 1956 facit,
1751 1885 1807 1940 id

1918 1900 2324 1973 justiﬁcemur;
2383 1905 2539 1961 tertia
2603 1916 2942 1964 consummat
2996 1918 3054 1965 ut
3115 1911 3503 1983 gloriﬁcemur.

216 2010 306 2057 est
341 2000 590 2067 adversa,
631 2005 685 2052 et
722 2012 819 2067 per
855 2008 1049 2063 aquam
1081 2006 1200 2061 qua:
1230 1988 1425 2083 mollit,
1454 1986 1508 2083 id
1556 1992 1635 2040 est
1680 1999 1813 2083 pro-

218 2105 409 2162 spera.
442 2086 749 2143 Notandum
782 2082 925 2154 quod
955 2080 1127 2136 tribus
1156 2078 1329 2134 modis
1374 2075 1568 2130 dicitur
1614 2075 1766 2146 panis
1799 2088 1810 2123 :

222 2178 386 2234 Panis
424 2174 766 2249 purgatorius
801 2187 923 2227 cum
981 2166 1353 2234 amaritudine,
1413 2180 1572 2234 quem
1627 2177 1815 2218 come-

219 2274 357 2329 dunt
386 2272 676 2341 initiantes,
711 2285 869 2340 quem
904 2264 1173 2337 signiﬁcat
1227 2261 1382 2334 panis
1436 2258 1817 2314 subcinerieius

219 2379 330 2435 quo
360 2362 592 2419 refectus
622 2366 701 2414 est
730 2358 893 2412 Elias.
932 2354 1090 2409 Panis
1116 2349 1503 2408 consolatorius
1530 2363 1651 2402 cum
1689 2347 1814 2401 dul-

218 2452 412 2508 cedine
447 2471 459 2506 :
491 2449 634 2505 unde
662 2446 855 2502 dicitur
894 2441 1243 2499 :Secundum
1269 2437 1662 2493 multitudinem
1710 2436 1813 2491 do-

217 2550 398 2606 lorum
432 2562 678 2603 meorum
709 2544 765 2598 in
794 2541 954 2598 corde
984 2554 1106 2594 meo
1138 2535 1530 2593 consolationes
1565 2541 1670 2589 tua:
1726 2534 1815 2589 lte-

216 2639 563 2695 tiﬁcaverunt
591 2634 828 2690 animam
860 2646 1037 2685 meam
1095 2626 1269 2700 (Psal.
1336 2623 1547 2694 xcxm).
1618 2645 1640 2672 ι
1702 2624 1815 2679 Hoc

214 2734 511 2783 vescuntur
555 2722 913 2796 proﬁcientes,
960 2716 1102 2787 quod
1169 2713 1499 2787 signiﬁcatur
1554 2727 1650 2783 per
1712 2713 1815 2768 hoc

218 2825 366 2897 quod
398 2823 576 2879 denuo
597 2818 832 2876 comedit
868 2815 1031 2873 Elias.
1057 2813 1222 2869 Panis
1258 2810 1524 2867 solitarius
1542 2826 1663 2864 cum
1697 2808 1813 2897 for-

211 2896 445 2970 titudine
476 2918 557 2967 est
585 2909 814 2965 charitas
840 2905 1060 2961 robusta
1087 2909 1141 2957 et
1178 2900 1414 2973 perfecta
1433 2899 1487 2953 in
1520 2897 1674 2968 cujus
1697 2896 1812 2954 for-

211 3002 443 3058 titudine
473 2997 792 3065 ambulavit,
826 3009 896 3049 XL
922 2992 1113 3047 diebus
1141 2998 1195 3045 et
1224 3005 1291 3043 x1.
1319 2986 1583 3051 noctibus,
1633 2985 1688 3040 id
1735 2993 1814 3041 est

213 3116 314 3173 per
334 3098 707 3168 impletionem
737 3093 1118 3164 decalogorum
1150 3097 1201 3143 et
1232 3095 1459 3157 quatuor
1486 3084 1809 3156 Evangelio-

211 3206 336 3246 rum
368 3187 437 3245 ad
469 3193 706 3242 montem
736 3183 834 3238 Dei
865 3179 1063 3236 lloreb.
1097 3176 1298 3242 Iloreb,
1323 3174 1554 3230 solitudo
1573 3174 1658 3230 vel
1684 3188 1811 3227 con-

211 3276 474 3335 versusin
490 3274 654 3329 vitam
668 3270 1019 3327 monasticam
1041 3267 1127 3323 vel
1159 3266 1216 3320 in
1251 3279 1490 3320 eremum
1529 3260 1807 3334 signiﬁca-

217 3385 325 3443 tur,
357 3370 654 3428 secundum
683 3367 816 3423 illud
848 3386 860 3421 :
896 3388 918 3415 «ι
953 3363 1086 3434 Quis
1110 3362 1261 3418 dabit
1287 3360 1418 3416 mihi
1459 3374 1664 3430 pennas
1708 3356 1808 3412 sic-

210 3471 272 3519 ut
298 3460 591 3529 columbaa,
618 3466 669 3514 et
698 3454 893 3513 volabo
923 3462 975 3509 et
1002 3452 1331 3524 requiescam
1354 3450 1382 3503 ?
1402 3447 1588 3520 (Psal.
1613 3447 1748 3516 Liv.)
1779 3472 1801 3495 ιο

322 3667 397 3723 Dc
426 3664 606 3723 verbis
639 3660 950 3735 Sapientia
977 3673 996 3711 :
1035 3678 1056 3707 «ι
1095 3655 1354 3712 Transite
1384 3653 1457 3710 ad
1485 3669 1604 3714 me.
1648 3676 1670 3700 η

293 3870 316 3899 α
351 3844 597 3904 Transite
625 3843 693 3899 ad
722 3858 830 3910 me,
861 3855 1051 3897 omnes
1079 3837 1169 3909 qui
1197 3835 1572 3908 concupiscitis
1616 3851 1722 3903 me,
1754 3842 1804 3890 et

208 3965 242 4005 a
289 3941 733 4020 generationibus
786 3938 922 3994 meis
975 3934 1295 4006 implemini,
1358 3952 1383 3984 ι
1442 3933 1517 3988 ait
1571 3932 1805 4003 Sapien-

208 4037 285 4094 tia
301 4019 488 4106 C(Eccl.
526 4032 701 4100 xxxv).
735 4026 936 4082 Fidelis
962 4038 1142 4080 sermo
1161 4029 1216 4079 et
1243 4019 1654 4088 exhortatorius,
1685 4021 1804 4077 ala-

209 4125 289 4182 cri
318 4120 609 4179 devotione
638 4114 1029 4187 suscipiendus.
1059 4114 1193 4168 Duae
1233 4117 1357 4166 sunt
1398 4110 1505 4166 vite
1553 4110 1806 4166 maxim

208 4222 352 4278 inter
378 4236 436 4275 se
465 4217 727 4272 distantes
758 4233 771 4269 :
802 4229 911 4268 una
936 4225 1058 4282 quae
1085 4216 1298 4281 separat
1325 4215 1377 4263 et
1395 4206 1599 4263 seducit
1617 4223 1648 4263 a
1667 4208 1801 4272 Deo,

211 4311 382 4368 altera
408 4322 530 4378 quae
550 4310 768 4360 revocat
789 4309 843 4357 et
864 4298 1069 4356 reducit
1088 4297 1157 4353 ad
1174 4299 1368 4353 Deum.
1393 4296 1455 4350 In
1492 4295 1583 4351 illa
1619 4296 1806 4350 mundi

211 4405 483 4455 amatores
516 4392 832 4465 spatiantur,
877 4396 930 4443 et
968 4394 1209 4443 errantes
1246 4401 1343 4457 per
1394 4383 1550 4439 devia
1605 4400 1804 4455 exspa-

209 4496 409 4552 tiantur
440 4507 453 4559 ;
486 4508 583 4563 per
608 4492 747 4545 hanc
774 4487 984 4543 Christo
1011 4484 1146 4539 duce
1174 4491 1227 4538 et
1253 4490 1447 4537 comite
1475 4489 1806 4552 contempto-

1836 3223 1886 3286 C

1923 1989 2101 2045 Prima
2129 1990 2320 2047 dicitur
2346 1992 2763 2063 beneplacitum,
2796 1998 3030 2053 secunda
3085 2000 3355 2071 meritum,
3403 2009 3513 2059 ter-

1922 2077 1996 2133 tia
2027 2080 2328 2149 przemium.
2360 2082 2442 2138 De
2495 2083 2670 2154 prima
2723 2084 2918 2141 dicitur
2974 2106 2986 2142 :
3046 2088 3125 2144 De
3182 2088 3512 2161 plenitudine

1925 2176 2046 2246 ejus
2074 2194 2261 2234 omnes
2288 2180 2596 2252 accepimus
2639 2183 2824 2253 (Joan.
2860 2186 2900 2254 ι)
2940 2202 2954 2249 ;
3010 2185 3077 2241 de
3132 2187 3341 2244 duabus
3392 2190 3515 2246 reli-

1923 2266 2041 2336 quis
2073 2286 2085 2321 :
2124 2290 2145 2315 «ι
2181 2267 2421 2324 Gratiam
2450 2285 2548 2339 pro
2579 2272 2751 2342 gratia
2783 2273 2985 2345 (ibid),
3022 2297 3045 2323 ι»
3082 2275 3134 2330 id
3156 2284 3237 2331 est
3256 2293 3353 2349 pro
3392 2295 3513 2334 me-

1922 2353 2023 2408 rito
2054 2355 2363 2426 temporalis
2380 2356 2605 2427 militia,
2628 2360 2908 2430 praemium
2930 2367 3144 2419 aeterna:
3164 2363 3371 2436 gloriae.
3406 2367 3513 2422 Fe-

1923 2450 1997 2505 lix
2026 2452 2112 2507 hic
2141 2453 2388 2508 transitus
2418 2469 2523 2525 quo
2553 2457 2804 2512 transitur
2839 2458 2909 2513 ad
2954 2460 3294 2531 sapientiam.
3344 2461 3511 2533 Quis-

1923 2540 2042 2609 quis
2068 2541 2143 2595 sic
2174 2542 2397 2600 transire
2436 2542 2734 2616 incceperit,
2780 2554 2969 2603 caveat
3023 2566 3385 2622 summopere,
3443 2568 3512 2609 ne

1923 2628 1990 2683 ad
2022 2629 2241 2685 modum
2272 2632 2457 2686 uxoris
2487 2632 2619 2688 Loth
2648 2642 2788 2690 retro
2818 2636 3079 2707 aspiciat;
3113 2638 3204 2708 qui
3233 2638 3350 2710 jam
3400 2657 3512 2697 ma-

1921 2741 2021 2778 nus
2050 2726 2192 2781 misit
2221 2727 2289 2781 ad
2320 2735 2573 2797 aratrum,
2605 2729 2785 2787 videat
2813 2748 2880 2786 ne
2912 2731 2981 2787 ad
3027 2734 3369 2809 naufragium
3420 2754 3511 2794 re-

1921 2812 2063 2882 deat,
2095 2814 2161 2869 de
2192 2831 2299 2885 quo
2329 2817 2502 2872 nudus
2528 2819 2697 2875 evasit
2726 2833 2739 2888 ;
2772 2836 2872 2876 nec
2900 2822 2968 2875 ad
2999 2819 3183 2894 ignem
3211 2824 3280 2879 de
3300 2842 3407 2895 quo
3429 2843 3512 2882 se-

1921 2901 2146 2957 miustus
2173 2903 2363 2974 exivit,
2388 2921 2485 2960 nec
2507 2906 2574 2961 ad
2594 2907 2826 2964 latrones
2866 2909 3059 2979 quibus
3094 2911 3387 2971 semivivus
3416 2932 3509 2972 re-

1919 2996 2075 3054 lictus
2104 3000 2388 3056 miserante
2417 3000 2756 3060 Samaritano
2784 3004 3036 3063 reductus
3064 3016 3145 3065 est
3176 3024 3190 3078 ;
3241 3027 3309 3067 ne
3358 3013 3515 3071 miles

1921 3085 2111 3142 Christi
2142 3086 2260 3156 jam
2297 3097 2451 3161 rapto
2491 3090 2629 3146 caalo
2676 3090 2745 3146 ab
2805 3091 2923 3164 ipso
2998 3094 3217 3151 introitu
3281 3114 3510 3156 revoce-

1920 3182 2021 3243 tur,
2053 3175 2198 3231 velut
2224 3177 2372 3232 canis
2401 3178 2470 3233 ad
2498 3179 2779 3249 vomitum,
2810 3198 2899 3236 sus
2928 3180 2996 3238 ad
3027 3184 3384 3242 volutabrum.

1992 3313 2015 3339 «
2049 3290 2289 3347 Transite
2318 3291 2387 3347 ad
2416 3309 2523 3362 me,
2552 3308 2742 3350 omnes
2769 3295 2860 3366 qui
2888 3297 3264 3369 concupiscitis
3289 3316 3398 3370 me,
3454 3308 3512 3358 et

1916 3394 1949 3433 a
1976 3379 2414 3449 generationibus
2444 3381 2577 3436 meis
2608 3382 2930 3453 implemini.
2968 3408 2990 3433 η
3025 3386 3154 3442 Tres
3181 3396 3305 3444 sunt
3330 3406 3507 3462 gene-

1914 3468 2167 3535 rationes,
2224 3469 2472 3539 carnalis,
2529 3471 2820 3540 mularis,
2877 3474 3192 3545 spiritualis.
3269 3477 3509 3535 Carnalis

1913 3565 2192 3637 generatio
2217 3573 2297 3621 est
2324 3582 2489 3636 quam
2518 3568 2681 3623 homo
2711 3584 2780 3625 ex
2807 3584 2866 3625 se
2892 3571 3099 3643 genuit,
3124 3587 3290 3643 opera
3307 3575 3512 3633 scilicet

1914 3652 2195 3709 immunda
2223 3670 2287 3709 ac
2313 3655 2576 3722 scurrilia,
2610 3663 2664 3712 et
2690 3665 2906 3727 cetera,
2959 3675 3080 3730 qum
3129 3670 3253 3718 sunt
3307 3664 3510 3722 fructus

1915 3742 2073 3798 mala:
2098 3742 2323 3799 arboris.
2355 3743 2641 3801 Secularis
2697 3747 2976 3819 generatio
3032 3756 3114 3805 est
3165 3750 3223 3806 in
3279 3754 3511 3825 acquisi-

1914 3840 2057 3897 tione
2088 3841 2434 3913 praediorum,
2467 3843 2523 3898 in
2550 3844 2864 3903 celsitudine
2903 3847 3159 3917 potentia:
3206 3858 3260 3907 et
3307 3861 3507 3910 exten-

1911 3930 2063 3985 sione
2092 3931 2345 3999 nominis,
2376 3932 2514 3988 sicut
2541 3932 2736 3989 dicitur
2764 3952 2780 3990 :
2811 3957 2835 3984 α
2892 3936 3231 3995 Vocaverunt
3283 3943 3506 4002 nomina

1911 4034 2007 4073 sua
2038 4018 2090 4073 in
2125 4019 2275 4075 terris
2303 4020 2414 4075 suis
2431 4022 2608 4090 (Psal.
2638 4025 2850 4094 vam).
2886 4045 2910 4073 ο»
2944 4026 3068 4082 Ista
3105 4029 3501 4103 generationes,

1911 4120 1970 4169 ut
1997 4114 2129 4170 dicit
2147 4114 2430 4188 Origenes,
2462 4133 2570 4173 non
2596 4126 2717 4173 sunt
2758 4136 2827 4175 ex
2872 4122 3162 4179 Israelitica
3205 4126 3503 4186 nobilitate.

1911 4202 1979 4257 Hi
2007 4210 2129 4258 sunt
2155 4203 2334 4274 laquei
2362 4204 2585 4273 diaboli,
2613 4208 2749 4262 retia
2773 4209 3088 4268 Christiane
3126 4214 3342 4284 animos,
3390 4233 3506 4275 ma-

1912 4291 2086 4347 china;
2112 4292 2423 4359 adversarii,
2464 4310 2585 4364 quae
2631 4295 2885 4352 virtutum
2933 4313 3116 4357 muros
3159 4306 3491 4364 concutiunt.

1914 4388 2178 4458 Spiritalis
2205 4406 2333 4445 vero
2352 4392 2628 4463 generatio
2648 4400 2748 4461 est,
2772 4395 2841 4450 de
2873 4408 2979 4466 qua
3013 4398 3143 4455 dicit
3170 4402 3455 4471 Apostolus
3484 4425 3498 4461 :

1919 4499 1942 4526 α
1978 4477 2200 4533 Fructus
2226 4478 2443 4549 spiritus
2500 4490 2579 4535 est
2630 4482 2882 4551 charitas,
2943 4500 3069 4557 pax,
3126 4491 3389 4561 gaudium
3446 4494 3502 4549 in

204 4602 294 4642 res
323 4580 534 4647 saeculi,
566 4579 635 4634 de
663 4579 772 4632 luto
801 4574 1015 4647 Egypti
1046 4573 1114 4628 ad
1143 4573 1375 4642 quietem
1418 4577 1471 4627 et
1514 4570 1799 4642 repromis-

1917 4566 2113 4635 Spiritu
2142 4575 2347 4633 sancto,
2381 4576 2481 4624 etc.
2516 4569 2679 4637 (Gal.
2726 4576 2802 4641 v).
2855 4595 2877 4621 »
2936 4573 3071 4643 Quae
3125 4586 3249 4634 sunt
3302 4580 3504 4641 fructus

204 4689 324 4731 sam
356 4678 552 4726 terram
583 4665 877 4724 viventium
936 4662 1164 4718 feliciter
1214 4659 1603 4732 ingrediuntur.
1668 4660 1804 4715 Sunt

209 4772 378 4828 etiam
406 4766 527 4823 dum
557 4761 1054 4833 concupiscentiae:
1112 4774 1220 4814 una
1276 4755 1578 4828 culpabilis,
1636 4756 1803 4812 altera

204 4856 515 4916 laudabilis.
549 4851 846 4924 Culpabilis
873 4857 953 4905 est
980 4863 1101 4919 que
1137 4861 1236 4902 nos
1253 4845 1529 4917 immergit
1571 4846 1800 4901 saecula-

202 4948 356 5005 ribus
382 4953 436 5001 et
462 4942 767 5000 carnalibus
795 4937 1091 4994 desideriis.
1122 4934 1429 4991 Laudabilis
1456 4934 1656 5005 duplex
1697 4942 1797 4991 est.

204 5046 327 5102 Una
365 5049 448 5098 est
474 5056 541 5098 ex
572 5037 856 5111 privilegio
885 5042 1090 5091 natium
1113 5048 1127 5102 ;
1151 5032 1317 5089 altera
1336 5047 1404 5086 ex
1434 5031 1633 5087 talento
1666 5047 1798 5104 gra-

212 5134 321 5190 tiae.
351 5128 625 5187 Naturalis
662 5133 742 5181 est
796 5122 1228 5195 concupiscentia
1279 5137 1385 5191 qua
1441 5120 1799 5190 unusquisque

204 5227 352 5278 amat
379 5227 433 5276 et
460 5216 682 5288 appetit,
714 5213 960 5285 quamvis
986 5211 1199 5268 diversa
1224 5209 1313 5267 via
1339 5224 1528 5264 omnes
1557 5209 1626 5265 ad
1654 5209 1798 5264 idem

204 5318 446 5384 tendant,
478 5314 568 5370 alii
599 5329 695 5385 per
714 5311 947 5375 divitias,
979 5308 1071 5363 alii
1102 5324 1198 5380 per
1252 5307 1501 5375 honores,
1560 5305 1649 5361 alii
1704 5322 1800 5378 per

205 5403 668 5479 magniﬁcentiam
699 5408 752 5456 et
779 5397 1189 5470 amplitudinem
1246 5393 1499 5460 nominis,
1558 5394 1647 5449 alii
1702 5412 1800 5466 per

202 5497 531 5565 voluptates,
563 5492 701 5545 sicut
727 5488 858 5544 dicit
882 5487 1114 5543 Boetius.
1148 5487 1215 5539 At
1241 5483 1317 5537 illi
1348 5482 1603 5536 falluntur
1628 5489 1681 5536 et
1706 5498 1795 5537 er-

200 5603 341 5652 rant.
375 5594 485 5647 lsta
518 5588 731 5646 affectio
760 5595 841 5644 est
869 5601 1023 5642 amor
1049 5591 1333 5639 extraneus
1360 5581 1426 5633 de
1452 5578 1614 5653 longe
1653 5580 1797 5635 olfa-

204 5685 354 5742 ciens
382 5682 608 5747 bonum,
644 5677 740 5734 sed
768 5692 878 5732 non
907 5672 1278 5743 contemplans
1306 5685 1336 5724 e
1363 5667 1541 5725 vicino
1570 5669 1801 5723 suavita-

205 5792 313 5842 tem
341 5780 506 5836 illius.
535 5779 745 5834 Bonum
772 5774 919 5830 enim
947 5780 1150 5828 natura
1209 5775 1307 5837 est,
1363 5780 1473 5821 non
1528 5765 1796 5837 reparatio

201 5879 414 5959 gratiae.
444 5875 544 5932 Illa
569 5874 739 5931 altera
765 5886 929 5944 quam
958 5868 1134 5943 gratia
1158 5863 1366 5925 confert
1391 5867 1471 5919 est
1497 5879 1606 5936 qua
1632 5864 1795 5921 etiam

528 5971 790 6035 Panos.
825 5965 1063 6031 CLVII.

1907 4662 2068 4720 bona
2095 4664 2321 4720 arboris.
2352 4666 2468 4721 Hoc
2492 4666 2699 4721 semine
2746 4670 3126 4728 haereditamus
3172 4683 3366 4733 terram
3409 4679 3498 4737 vi-

1906 4753 2174 4809 ventium.
2235 4753 2300 4812 Hi
2357 4761 2480 4810 sunt
2533 4757 2754 4812 masculi
2810 4760 2995 4827 nostri,
3048 4777 3183 4832 quos
3236 4775 3503 4836 superstes

1907 4842 2117 4898 Pharao
2145 4858 2315 4913 usque
2361 4842 2418 4897 in
2474 4844 2794 4902 hodiernum
2850 4848 2994 4903 diem
3052 4850 3239 4907 nititur
3292 4857 3501 4913 exstin-

1906 4956 2073 5012 guere
2102 4938 2344 5012 afﬂigens
2371 4957 2470 4996 nos
2496 4941 2623 5011 luto,
2656 4941 2714 4997 id
2765 4951 2845 4999 est
2897 4945 3192 5003 immundis
3247 4954 3501 5024 operibus

1907 5035 1961 5082 et
1980 5028 2170 5099 paleis,
2195 5028 2250 5083 id
2280 5036 2359 5084 est
2396 5029 2612 5086 levitate
2658 5032 3066 5105 cogitationum,
3098 5038 3293 5107 quibus
3347 5042 3499 5113 quasi

1904 5125 2066 5173 vento
2086 5116 2284 5172 circum
2294 5117 2536 5173 ferimur.
2560 5119 2712 5175 Unde
2738 5122 3017 5178 Psalmista
3036 5125 3247 5200 plangit
3274 5129 3458 5186 dicens
3480 5149 3494 5189 :

1910 5235 1933 5263 ‹‹
1968 5213 2218 5284 Quandiu
2246 5231 2447 5285 ponam
2478 5217 2703 5274 consilia
2734 5219 2790 5273 in
2838 5219 3019 5276 anima
3065 5239 3206 5292 mea,
3254 5225 3498 5285 dolorem

1904 5302 1960 5357 in
1988 5302 2147 5358 corde
2179 5320 2300 5359 meo
2331 5320 2428 5376 per
2454 5305 2597 5360 diem
2630 5309 2812 5377 (Psal.
2867 5310 2984 5378 xu).
3021 5333 3044 5361 ω
3099 5312 3354 5385 Transite,
3408 5316 3496 5373 in-

1904 5391 2036 5462 quit.
2054 5392 2171 5447 Duo
2193 5400 2315 5447 sunt
2340 5409 2461 5463 quas
2489 5394 2690 5451 faciunt
2710 5413 2896 5453 muros
2916 5399 3055 5455 inter
3074 5417 3172 5457 nos
3196 5411 3248 5459 et
3271 5405 3442 5462 Deum
3481 5424 3494 5462 :

1902 5488 2213 5561 Superﬂuus
2241 5506 2393 5545 amor
2420 5491 2605 5559 nostri,
2645 5499 2697 5547 et
2720 5509 2889 5549 vanus
2917 5510 3070 5552 amor
3124 5500 3330 5560 saeculi.
3396 5501 3501 5559 De-

1902 5578 2006 5633 hoc
2034 5594 2187 5633 muro
2215 5578 2343 5635 dicit
2371 5580 2643 5650 Propheta
2677 5597 2689 5632 :
2727 5605 2749 5630 α
2784 5584 2846 5639 In
2892 5585 3005 5640 Deo
3053 5603 3178 5644 meo
3241 5596 3484 5663 transgre

1902 5674 2020 5730 diar
2044 5692 2257 5731 murum
2287 5674 2476 5747 (Psal.
2510 5676 2671 5745 xvii).
2708 5701 2731 5727 ιι
2767 5679 3043 5737 Transiliri
3091 5692 3269 5756 potest
3315 5705 3500 5746 murus

1902 5770 1989 5827 hic
2015 5771 2071 5825 in
2098 5772 2368 5843 praesenti,
2402 5771 2600 5829 destrui
2632 5789 2740 5832 non
2783 5784 2960 5846 potest
3002 5779 3247 5849 penitus.
3309 5783 3504 5842 Tribus

1903 5868 2082 5925 modis
2110 5867 2398 5927 destruitur
2424 5878 2706 5945 peccatum
2738 5880 2797 5929 ut
2848 5889 2960 5932 non
3006 5887 3222 5951 regnet,
3281 5889 3341 5938 ut
3393 5898 3505 5941 non

3100 5973 3179 6038 85
