3924 6404
491 388 629 441 1099
1626 385 1969 444 WERNERI
2008 390 2040 444 Α

2288 392 2297 443 ἱ
2334 392 2396 447 S.
2448 393 2672 450 BLASII
3686 411 3837 465 1100

491 507 579 576 sit,
610 516 703 564 aut
730 523 848 565 esse
877 522 987 565 non
1013 509 1206 581 possit.
1239 510 1306 565 At
1342 524 1451 566 non
1505 518 1715 584 regnet,
1772 520 1949 585 potest
2001 514 2090 572 hic
2115 519 2173 582 Α
2204 516 2257 571 in
2289 526 2465 575 vestro
2495 521 2709 578 mortali
2739 537 2966 594 corpore
2994 526 3175 597 (Rom.
3208 531 3305 599 γι),
3343 556 3366 581 ι
3398 531 3506 590 duo
3551 534 3682 592 alia
3734 536 3842 592 sci-

494 622 631 665 esse.
664 607 817 665 Unde
837 607 1111 679 apostolus
1137 608 1265 665 dicit
1296 627 1309 663 :
1347 629 1372 659 ι
1405 609 1528 665 Non
1573 617 1765 683 regnet
1803 620 2085 683 peccatum
2194 613 2317 669 licet
2347 623 2404 670 ut
2430 632 2537 671 non
2566 618 2634 673 sit
2662 634 2762 675 nec
2788 636 2906 677 esse
2934 623 3120 693 possit,
3153 634 3309 681 erunt
3332 628 3387 683 in
3418 629 3624 687 tuturo.

1455 975 2077 1084 DOMINICA
2182 981 2821 1093 UNDECIMA

1789 1214 2189 1283 Secundum
2230 1220 2507 1287 Lucam.

572 1401 779 1494 u-DiXii
804 1399 1071 1494 Dominus
1092 1400 1246 1494 Iesus
1268 1399 1337 1457 ad
1357 1401 1641 1494 quosdam,
1670 1402 1762 1472 qui
1783 1403 1838 1459 in
1862 1418 1919 1459 se
1952 1419 2088 1460 con-
2198 1408 2390 1483 telligi,
2421 1411 2559 1467 sicut
2584 1420 2638 1467 et
2673 1413 2806 1470 illud
2836 1415 2982 1486 quod
3010 1417 3139 1474 alibi
3168 1419 3400 1494 legimus
3430 1442 3443 1479 :
3482 1447 3506 1474 α
3537 1426 3692 1484 Ante
3712 1429 3825 1483 rui-

499 1490 740 1547 fldebant
770 1498 1024 1560 tanquam
1049 1489 1202 1559 justi,
1260 1497 1314 1545 et
1365 1489 1792 1561 aspernabantur
1844 1500 2086 1562 caeteros,
2196 1511 2322 1549 nam
2382 1495 2709 1553 exaltabitur
2760 1515 2873 1569 cor,
2921 1508 2977 1557 et
3029 1510 3152 1559 ante
3206 1489 3438 1576 gloriam
3484 1510 3820 1569 humiliabi-

492 1579 810 1651 parabolam
841 1580 996 1634 istam
1024 1598 1036 1635 :
1061 1580 1180 1635 Duo
1202 1579 1449 1635 homines
1476 1580 1830 1635 ascenderunt
1857 1582 1912 1636 in
1945 1589 2085 1635 tem-
2198 1591 2280 1638 tur
2307 1586 2492 1651 (Prov.
2515 1589 2658 1656 xvi).
2690 1606 2714 1637 ι
2757 1586 3161 1661 Quapropteret
3190 1593 3259 1650 de
3274 1595 3454 1651 verbis
3470 1598 3599 1654 elati
3616 1599 3818 1657 Phari-

484 1668 639 1740 plum
668 1676 727 1723 ut
754 1675 988 1738 orarent,
1036 1684 1173 1723 unus
1217 1667 1515 1724 Pharismus
1560 1677 1613 1723 et
1657 1669 1791 1725 alter
1835 1670 2085 1741 publica-
2192 1673 2287 1727 szei
2320 1673 2516 1743 quibus
2569 1675 2844 1732 humiliari
2875 1679 3089 1750 meruit,
3146 1697 3526 1751 possumusex
3579 1688 3815 1747 diverso

485 1774 606 1826 nus,
640 1765 749 1814 etc.
789 1759 947 1829 (Luc.
979 1759 1165 1827 xvm).
1208 1779 1230 1804 ι»
1279 1756 1665 1824 Ascenderunt,
1714 1757 1906 1828 inquit,
1958 1759 2085 1828 quia
2194 1762 2426 1816 formam
2462 1763 2798 1832 humilitatis,
2842 1783 2950 1837 qua
2976 1767 3349 1840 sublimemur,
3397 1790 3699 1848 assumere,
3752 1788 3811 1835 ut

485 1869 737 1909 ascensus
764 1853 953 1923 templi
983 1870 1054 1908 xv
1081 1853 1348 1927 graduum
1380 1860 1512 1909 erat.
1562 1854 1867 1928 Diligenter
1912 1866 2088 1912 ostcn-
2113 1857 2168 1919 B
2197 1850 2333 1905 Sicut
2360 1851 2470 1919 ille,
2529 1853 2881 1910 consideratis
2909 1864 2961 1911 et
2986 1856 3234 1928 pejorum
3281 1861 3424 1918 vitiis
3452 1872 3503 1920 et
3528 1866 3646 1922 suis
3703 1867 3808 1923 vir-

485 1943 565 1998 dit
592 1958 700 1999 non
729 1959 797 1998 ex
830 1942 1085 2014 operibus
1117 1958 1231 1998 esse
1261 1942 1628 2015 gloriandum,
1674 1944 1768 1999 sed
1816 1946 2090 2001 humiliter
2196 1940 2413 2006 uitibus,
2462 1948 2541 1995 est
2568 1942 2739 1997 elatus
2767 1944 2836 1999 ad
2863 1945 3095 2016 ruinam,
3144 1948 3218 2004 ita
3246 1966 3363 2020 nos,
3407 1960 3465 2008 ut
3481 1962 3670 2011 nostra
3702 1972 3803 2013 so-

484 2032 540 2088 in
568 2033 744 2106 gratia
772 2030 1181 2088 conﬁdendum.
1232 2031 1555 2088 Publicanus
1592 2033 1822 2104 pertinet
1866 2034 1933 2089 ad
1989 2036 2086 2090 hu-
2194 2028 2302 2083 lum
2335 2029 2572 2118 pigritia,
2631 2031 2724 2087 sed
2756 2042 2808 2087 et
2863 2035 3148 2091 meliorum
3204 2038 3488 2098 virtutibus
3540 2044 3804 2118 inspectis

483 2122 766 2178 militatem
826 2122 1101 2190 Ecclesize,
1167 2122 1469 2177 Pharisaeus
1525 2122 1593 2177 ad
1648 2124 1942 2193 nequitiam
1998 2141 2086 2178 su-
2193 2117 2541 2173 humiliemur
2583 2120 2651 2174 ad
2678 2121 2931 2193 gloriam,
2980 2134 3240 2194 quatenus
3267 2117 3643 2203 unusquisque”
3679 2136 3799 2190 haec

480 2211 706 2284 perbiaa.
2191 2207 2334 2278 apud
2365 2225 2420 2262 se
2449 2209 2680 2280 supplex
2724 2227 2787 2266 ac
2815 2212 3110 2269 submissus
3155 2215 3421 2275 obsecret.
3458 2221 3603 2277 Deus
3623 2224 3797 2279 omni-

558 2332 579 2357 ι,
615 2307 931 2365 pharisaeus
958 2316 1105 2365 stans
1154 2310 1259 2366 hoc
1311 2309 1455 2382 apud
1509 2327 1567 2366 se
1623 2308 1855 2365 orabat;
1915 2311 2078 2378 Deus,
2190 2305 2401 2368 potens,
2461 2299 2716 2353 miserere
2771 2301 2999 2373 supplici
3049 2309 3158 2374 tuo,
3192 2306 3317 2376 quia
3345 2322 3454 2364 non
3504 2326 3623 2365 sum
3655 2311 3793 2369 sicut

479 2398 683 2472 gratias
712 2397 808 2453 tibi
838 2413 944 2470 ago
974 2398 1099 2468 quia
1129 2413 1239 2454 non
1266 2415 1385 2453 sum
1414 2398 1551 2455 sicut
1577 2398 1758 2455 caeteri
1778 2398 2028 2454 hominum

2241 2386 2457 2441 numeri
2486 2386 2629 2443 servi
2664 2388 2735 2442 tui
2767 2397 3080 2464 contemptu
3107 2394 3288 2450 saeculi
3316 2396 3592 2471 sublimes,
3631 2400 3790 2471 justi-

482 2494 747 2557 raptores,
781 2486 987 2557 injusti,
1022 2487 1269 2554 adulteri,
1301 2487 1448 2543 velut
1477 2494 1530 2542 et
1558 2481 1647 2543 hic
1685 2486 2022 2559 publicanus.
2050 2511 2073 2538 ι
2190 2482 2277 2538 tiae
2303 2484 2496 2539 merito
2525 2484 2769 2557 gloriosi,
2829 2488 3087 2544 castitatis
3117 2491 3275 2547 laude
3312 2496 3556 2568 angelica
3610 2498 3784 2568 nitidi,

479 2574 722 2645 Quatuor
738 2581 861 2629 sunt
881 2574 1088 2646 species
1121 2575 1315 2645 quibus
1361 2576 1538 2631 omnis
1594 2583 1770 2631 tumor
1822 2592 2081 2648 arrogan-
2188 2572 2332 2626 velut
2361 2573 2523 2628 etiam
2555 2573 2931 2630 multiillorum
2966 2579 3055 2648 qui
3079 2589 3201 2650 post
3216 2580 3421 2654 ﬂagitia
3449 2584 3788 2660 publicapm-

479 2666 613 2719 tium
644 2664 1058 2719 demonstratur.
1093 2665 1226 2719 Cum
1258 2671 1436 2720 autem
1465 2665 1667 2720 bonum
1700 2680 1733 2719 a
1777 2666 2079 2735 semetipsis
2187 2661 2405 2716 nitendo
2439 2662 2532 2717 libi
2562 2673 2870 2719 meruerunt
2890 2683 3005 2721 esse
3036 2666 3236 2724 devoti.
3261 2670 3363 2741 Qui
3398 2675 3559 2731 etiam
3592 2677 3636 2731 si
3657 2677 3783 2747 quid

474 2753 676 2809 habere
706 2752 1033 2821 existimant,
1066 2761 1157 2807 aut
1185 2753 1228 2806 si
1259 2752 1491 2823 desuper
1516 2753 1698 2808 datum
1730 2754 1949 2808 credant
1977 2771 2075 2826 pro
2182 2750 2313 2805 boni
2344 2760 2434 2805 tua
2490 2753 2664 2824 gratia
2693 2753 2958 2826 largiente
3015 2756 3214 2824 fecero,
3276 2777 3382 2831 quo
3412 2762 3514 2818 ﬁne
3544 2766 3660 2821 haec
3710 2766 3782 2821 fa-

476 2841 681 2897 meritis
700 2842 811 2895 suis
831 2840 1013 2896 datum
1041 2841 1164 2905 sibi,
1190 2849 1423 2897 autcum
1449 2843 1657 2913 jactant
1693 2843 1891 2897 habere
1929 2843 2071 2913 quod
2182 2840 2343 2907 ciam,
2378 2857 2553 2910 quave
2583 2858 2614 2897 a
2646 2850 2696 2898 te
2725 2842 3054 2900 districtione
3083 2858 3377 2917 prmsenter
3420 2852 3637 2922 ignoro.
3673 2854 3778 2911 Sed

474 2946 581 2987 non
603 2928 823 2995 habent,
849 2937 939 2985 aut
975 2930 1240 3001 despectis
1276 2931 1482 2987 caeteris
1518 2932 1860 3003 singulariter
1887 2933 2075 2987 volunt
2180 2929 2612 2999 praetereundum
2670 2947 2778 2986 non
2807 2941 2885 2987 est
2933 2933 3059 3004 quid
3088 2936 3156 2990 sit
3212 2938 3355 3008 quod
3385 2939 3597 3013 legitur,
3655 2943 3777 3013 quia

472 3019 643 3076 videri
675 3018 875 3074 habere
906 3020 1048 3089 quod
1079 3019 1296 3087 habent,
1332 3027 1385 3074 ut
1428 3020 1525 3075 iste
1558 3021 1875 3075 Phariszeus.
1916 3021 2073 3077 Unde
2180 3017 2439 3073 Salomon
2469 3020 2537 3073 ad
2566 3021 2826 3076 honorem
2858 3022 3075 3078 Domini
3108 3027 3368 3097 templum
3412 3029 3770 3099 aediﬁcaverit,

469 3108 673 3179 absque
694 3108 841 3164 bona
866 3109 1076 3164 actione
1095 3108 1163 3163 de
1189 3109 1388 3180 templo
1409 3107 1669 3175 discessit,
1722 3111 1847 3179 quia
1892 3110 2067 3181 publi-
2176 3107 2242 3161 ad
2274 3108 2416 3177 quod
2446 3124 2518 3163 xv
2546 3108 2805 3181 gradibus
2831 3111 3220 3169 ascendebatur
3254 3124 3305 3171 et
3334 3117 3434 3173 hoc
3460 3134 3566 3175 non
3622 3131 3769 3179 vacat

468 3212 605 3253 cano
634 3214 691 3252 se
705 3197 972 3267 jactanter
999 3197 1256 3269 praetulit.
2093 3217 2142 3280 ρ
2176 3212 2207 3250 a
2238 3196 2512 3267 mysterio.
2545 3197 2831 3270 Templum
2881 3200 3026 3255 enim
3056 3201 3186 3259 illud
3216 3204 3595 3279 pmﬁgurabat
3647 3218 3770 3265 tem-

542 3321 563 3347 κ
594 3297 791 3368 Jejuno
815 3296 970 3351 bisin
992 3295 1231 3351 Sabbato
1256 3310 1269 3364 ;
1292 3296 1533 3351 decimas
1561 3296 1631 3352 do
1670 3298 1912 3353 omnium
1945 3316 2067 3370 quae
2177 3286 2325 3356 Pium
2357 3285 2487 3339 mild
2519 3288 2661 3356 (Ιυοά
2693 3287 2747 3341 in
2797 3288 2999 3344 οωιθδῑί
3028 3291 3363 3348 Hierusalem
3394 3294 3623 3353 ediﬁcat
3666 3299 3767 3355 Do-

459 3386 736 3458 possideo.
800 3407 822 3433 ι»
890 3385 1137 3440 Ezechiel
1194 3384 1324 3439 dicit
1379 3386 1636 3441 animalia
1693 3386 1795 3441 sibi
1856 3396 2068 3445 ostensa
2178 3374 2357 3429 minus
2386 3391 2453 3429 ex
2484 3376 2621 3430 ViViS
2679 3376 2949 3447 lapidibus
2982 3397 2993 3433 ε
3027 3380 3096 3434 ad
3115 3381 3259 3451 (ἰυοά
3289 3384 3539 3453 quasi"
3593 3389 3766 3459 εηάί·

463 3477 625 3531 fuisse
653 3475 825 3531 oculis
853 3474 1014 3545 plena
1044 3474 1267 3543 (Ezech.
1304 3475 1362 3544 ι),
1399 3475 1525 3543 quia
1571 3484 1874 3530 sanctorum
1925 3486 2010 3533 act

2216 3480 2279 3518 us
2334 3462 2656 3520 ascenditur.
2706 3463 3024 3534 Quindecim
3082 3470 3226 3524 enim
3287 3487 3539 3529 numerus
3565 3483 3660 3545 est,
3715 3486 3763 3533 et

460 3565 699 3635 undique
730 3562 894 3619 debet
923 3579 1040 3618 esse
1101 3562 1514 3632 circumspecta.
1581 3564 1689 3620 Sed
1745 3581 1844 3619 nos
1896 3582 2061 3636 saepe,
2175 3560 2383 3607 constat
2411 3569 2477 3607 ex
2506 3554 2810 3624 septenario
2841 3562 2894 3610 et
2927 3559 3222 3614 octonario.
3254 3560 3597 3632 Septenarius
3638 3582 3761 3623 vero

458 3653 588 3709 dum
620 3654 740 3709 aliis
767 3652 929 3707 rebus
956 3651 1305 3719 intendimus,
1338 3652 1471 3706 alias
1500 3654 1847 3725 negligimus.
1884 3656 2007 3711 Phan

2208 3657 2294 3696 me
2316 3648 2524 3696 terrena
2560 3641 2846 3715 signiﬁcat.
2872 3661 2992 3714 qua:
3023 3646 3312 3703 volvuntur
3336 3653 3633 3721 septenario
3659 3671 3757 3710 nu-

458 3759 598 3799 sasus
626 3742 695 3798 ad
721 3740 1123 3808 abstinentiam,
1156 3740 1225 3795 ad
1256 3740 1682 3796 misericordiam
1714 3744 1930 3799 oculum
1970 3747 2003 3799 h

2205 3747 2349 3785 nero.
2385 3729 2594 3800 Quibus
2622 3732 2818 3803 spretis
2866 3740 2917 3788 et
2973 3737 3297 3808 contemptis
3349 3740 3647 3796 ascenditur
3692 3742 3754 3798 ad

458 3831 669 3901 buerat,
700 3830 797 3886 sed
823 3830 889 3886 ad
923 3829 1245 3884 humilitatis
1289 3830 1590 3885 custodiam
1638 3847 1747 3886 non
1806 3833 2007 3889 habeba

2201 3819 2436 3891 emplum
2470 3820 2690 3875 Domini
2721 3837 2819 3892 per
2845 3825 3253 3896 octogenarium
3282 3842 3583 3900 numerum,
3604 3830 3656 3886 id
3681 3848 3750 3896 es;

457 3921 526 3978 Et
552 3922 681 3992 quid
706 3919 923 3993 pmdest
940 3918 1212 3974 civitatem
1247 3918 1523 3986 custodiri,
1553 3920 1596 3974 si
1627 3937 1794 3977 unum
1819 3922 2006 3978 foramt

2200 3926 2269 3965 νει*
2295 3910 2553 3977 coelestia,
2586 3926 2706 3980 quae
2766 3928 2863 3983 per
2910 3921 3029 3969 octo
3074 3913 3432 3973 beatitudines
3474 3920 3749 3991 acquirun-

454 4011 806 4082 relinquatur,
841 4007 985 4065 unde
1017 4008 1086 4063 ab
1115 4007 1360 4064 hostibus
1388 4008 1631 4064 intretur.

2199 4016 2276 4055 ur.
2309 3999 2403 4056 Vel
2434 4000 2562 4070 quia
2592 4007 2715 4056 sunt
2742 4008 2948 4073 septem
2991 4002 3291 4060 criminalia
3344 4006 3492 4076 vitia,
3544 4018 3748 4081 possunt

531 4133 555 4158 ι
588 4108 659 4165 Et
684 4106 1007 4178 publicanus
1035 4122 1067 4161 a
1097 4106 1262 4178 longe
1289 4113 1437 4160 stans
1465 4106 1688 4161 nolebat
1730 4123 1833 4162 nec
1878 4108 2064 4164 oculos

2198 4088 2398 4161 ntelligi
2421 4104 2519 4160 per
2538 4090 2903 4159 septenarium
2926 4107 3207 4147 numerum
3234 4108 3249 4164 ;
3272 4111 3392 4165 qua:
3412 4096 3630 4169 quisque
3662 4098 3747 4154 de-

455 4197 526 4255 ,ά
552 4177 752 4254 malui,“
781 4197 984 4261 ιεναιιε,
1017 4195 1112 4251 sed
1143 4177 1477 4267 ρέι-ουιίεδθι
1533 4204 1720 4267 pectus
1770 4213 1927 4251 suum
1982 4197 2064 4253 ἀί,
2166 4177 2260 4234 bet
2288 4185 2636 4234 contemnere
2664 4179 2755 4250 qui
2785 4178 2855 4234 ad
2884 4180 3145 4252 templum
3175 4182 3394 4239 Domini
3424 4185 3538 4241 vult
3577 4201 3746 4243 ascen-

453 4302 584 4344 cens
605 4305 618 4342 :
643 4286 809 4352 Deus,
826 4285 1091 4355 propitius
1111 4292 1225 4340 esto
1258 4284 1392 4338 mihi
1429 4285 1717 4355 peccatori.
1746 4307 1769 4333 ι»
1807 4286 1941 4342 Dico
1969 4304 2002 4343 ν

2195 4268 2314 4334 lere,
2356 4267 2633 4338 quomodo
2663 4267 2825 4324 debet
2849 4269 3139 4326 ascendere
3165 4287 3263 4343 per
3315 4280 3435 4329 octo
3486 4273 3744 4333 beatitudi-

453 4375 557 4445 bis,
579 4374 856 4430 descendit
875 4374 963 4429 hic
976 4372 1299 4443 justiﬁcatus
1319 4374 1373 4427 in
1404 4372 1625 4429 domum
1648 4390 1801 4430 suam
1839 4375 1908 4431 ab
1940 4375 2002 4430 ill

2026 4393 2056 4444 η
2165 4373 2280 4428 nes,
2317 4372 2425 4427 qua
2453 4357 2830 4430 intelliguntur
2855 4374 2960 4431 per
2987 4367 3238 4417 octavum
3269 4377 3575 4421 numerum.

450 4464 507 4521 id
538 4464 706 4521 estad
733 4463 1198 4535 comparationem
1246 4463 1407 4533 illius,
1455 4464 1544 4519 vel
1597 4464 1883 4535 plusquam
1941 4465 2051 4534 ille,
2645 4460 2940 4533 Expositio
2969 4460 3038 4519 de
3066 4463 3279 4520 eodem.

451 4552 580 4627 quia
608 4553 697 4608 ille
727 4550 873 4623 apud
901 4568 958 4606 se
989 4551 1056 4605 de
1086 4552 1361 4621 operibus,
1394 4551 1483 4607 hic
1508 4568 1638 4608 vero
1686 4553 1829 4622 apud
1876 4553 2051 4609 Deum
2085 4581 2143 4646 Ι)
2262 4573 2284 4599 α
2318 4551 2510 4606 Beatus
2538 4549 2637 4618 vir,
2772 4566 2882 4646 non
2901 4550 3185 4621 imputavit
3202 4552 3464 4610 Dominus
3480 4563 3733 4627 peccatum

449 4661 517 4701 ex
544 4642 649 4701 ﬁde
673 4640 994 4713 justiﬁcatus
1022 4649 1120 4695 est.
1155 4644 1196 4696 A
1227 4641 1391 4713 longe
1415 4648 1555 4696 stare
1585 4656 1688 4697 nec
1746 4642 1935 4697 oculos
1978 4644 2053 4698 le-
2085 4638 2133 4646 ’⁷
2163 4640 2344 4707 (Ρεαι.
2377 4642 2552 4708 xxxi).
2590 4662 2612 4688 η
2648 4638 2752 4708 Qui
2781 4639 2868 4695 hic
2894 4648 3117 4710 peccata
3145 4658 3243 4698 sua
3269 4642 3515 4714 lacrymis
3563 4645 3728 4717 abluit,

448 4750 576 4790 vare
604 4732 803 4787 indicia
830 4738 953 4786 sunt
982 4730 1297 4785 humilitatis
1342 4746 1502 4799 quam
1563 4731 1707 4786 Deus
1763 4730 1829 4785 de
1883 4747 2054 4803 prope
2163 4729 2521 4801 eleemosynis
2563 4728 2798 4798 redimit,
2848 4730 2970 4786 huic
3011 4730 3278 4786 Dominus
3344 4749 3408 4788 ea
3468 4733 3523 4788 in
3574 4735 3727 4791 futuro

450 4824 659 4894 aspicit.
693 4823 798 4876 Iste
832 4820 1216 4876 conscientiam
1247 4819 1465 4889 premit,
1524 4819 1617 4874 sed
1670 4836 1822 4891 spem
1878 4821 2057 4876 suble-
2164 4834 2272 4874 non
2300 4817 2607 4890 imputabit,
2641 4818 2767 4889 quia
2822 4818 3050 4889 ipsemet
3106 4836 3171 4876 ea
3224 4820 3311 4877 hic
3338 4821 3563 4893 puniens
3595 4823 3729 4880 dam-

448 4920 541 4969 vat
570 4926 584 4981 ;
617 4919 806 4982 pectus
852 4909 1079 4981 percutit
1132 4924 1321 4980 pmnas
1348 4908 1416 4963 de
1445 4924 1502 4963 se
1532 4908 1775 4981 exigens,
1808 4917 1867 4964 ut
1910 4911 2056 4965 Deus
2163 4908 2330 4964 navit.
2361 4907 2465 4977 Qui
2495 4915 2672 4964 autem
2703 4923 2810 4964 non
2841 4908 3043 4981 cogitat
3071 4909 3199 4980 quid
3240 4910 3355 4981 jam
3404 4910 3599 4982 fecerit,
3643 4913 3725 4971 sed

447 5013 677 5076 parcat;
712 4998 994 5055 conﬁtetur
1022 5006 1081 5053 ut
1108 4999 1254 5053 Deus
1304 4998 1594 5070 ignoscat;
1645 4998 1863 5070 ignorat
1910 5000 2055 5055 Deus
2162 5006 2292 5077 quid
2321 5007 2498 5062 adhuc
2536 5006 2712 5063 facere
2760 5006 2947 5078 possit.
2992 5006 3081 5061 hic
3126 5015 3382 5079 provocat
3426 5009 3524 5064 Dei
3567 5010 3724 5066 vindi-

447 5090 591 5163 quod
622 5091 719 5145 iste
750 5088 1019 5162 agnoscit.
1061 5088 1308 5143 Fundcrc
1336 5094 1515 5143 autem
1564 5095 1750 5159 pectus
1788 5087 1919 5159 quid
1949 5097 2047 5159 est,
2160 5103 2324 5164 ctam,
2357 5096 2485 5167 quia
2517 5119 2540 5144 α
2592 5096 2683 5167 qui
2734 5095 2913 5167 diligit
2956 5095 3316 5168 iniquitatem,
3365 5096 3477 5153 odit
3515 5101 3721 5156 animam

444 5182 546 5236 nisi
564 5195 792 5254 arguere
812 5177 955 5249 quod
980 5177 1108 5232 latet
1130 5177 1182 5230 in
1210 5184 1447 5247 pectore,
1496 5184 1549 5231 et
1590 5177 1840 5233 evidente
1896 5178 2053 5250 pulsu
2159 5202 2312 5241 suam
2344 5187 2520 5256 (Psal.
2550 5185 2626 5256 χ).
2664 5208 2687 5236 ι
2719 5185 2791 5241 Et
2818 5185 2908 5256 qui
2938 5184 3176 5240 animam
3205 5201 3355 5241 suam
3402 5186 3532 5257 odit,
3574 5188 3721 5244 Deum

444 5271 712 5326 occultum
741 5266 1006 5339 castigare
1038 5272 1317 5338 peccatum
1343 5266 1371 5318 ?
1393 5265 1591 5337 Typice
1635 5266 1934 5322 Pharisaeus
1962 5267 2053 5321 Ju-
2159 5275 2344 5346 utique
2388 5274 2501 5331 odit
2532 5290 2546 5344 ;
2581 5273 2741 5345 hujus
2770 5273 3023 5345 iniquitas
3074 5274 3376 5331 invenietur
3433 5275 3501 5332 ad
3545 5276 3718 5337 odium,

443 5358 684 5416 decorum
716 5365 793 5414 est
824 5356 1076 5429 populus,
1128 5354 1217 5425 qui
1266 5371 1332 5409 ex
1384 5353 1861 5426 justiﬁcationibus
1914 5356 2053 5429 legis
2161 5364 2298 5421 Sunt
2327 5363 2569 5436 plerique
2600 5363 2655 5419 in
2702 5362 2936 5435 peccatis
2975 5362 3178 5419 sordidi
3226 5362 3317 5435 qui
3359 5382 3417 5420 se
3456 5365 3614 5436 justos
3650 5384 3718 5423 re-

445 5450 654 5505 extollit
683 5446 876 5503 merita
906 5461 1023 5513 sua,
1058 5451 1111 5499 et
1132 5444 1497 5513 superbiendo
1528 5445 1753 5499 recedit.
1794 5443 2049 5502 Publica-
2157 5461 2366 5526 putant,
2400 5461 2451 5508 et,
2497 5452 2632 5509 alios
2678 5453 2825 5508 velut
2878 5461 3187 5524 peccatores
3232 5453 3505 5509 damnant.
3548 5455 3713 5511 Horum

445 5550 546 5591 nus
574 5544 702 5593 vero
732 5534 969 5608 gentilis,
1004 5533 1093 5604 qui
1124 5533 1397 5587 humiliter
1427 5541 1651 5603 peccata
1695 5549 1793 5590 sua
1837 5533 2048 5591 confes-
2157 5537 2515 5610 pervicaciam
2544 5537 2807 5593 Dominus
2851 5536 3113 5593 hodierno
3161 5538 3444 5611 evangelio
3488 5539 3709 5611 reprimit,

444 5633 551 5687 sus,
585 5621 980 5692 apprOpinquat
1008 5618 1122 5673 Deo
1154 5623 1206 5672 et
1237 5619 1520 5672 exaltatur.

2161 5627 2225 5683 ab
2255 5627 2333 5683 eis
2362 5636 2540 5682 autem
2571 5628 2851 5695 despectos
2881 5626 2949 5681 ad
2997 5641 3150 5698 spem
3197 5628 3372 5683 veniae
3418 5627 3584 5701 erigit.
3603 5629 3710 5685 Nar-

517 5741 539 5765 -
575 5716 715 5788 Quia
742 5717 918 5772 omnis
947 5717 1036 5786 qui
1074 5732 1132 5772 se
1160 5717 1361 5772 exaltat
1390 5717 1776 5788 humiliahitur,
1837 5724 1890 5773 et
1953 5717 2044 5789 qui
2152 5725 2234 5772 rat
2263 5715 2465 5788 quippe
2492 5714 2627 5771 duos
2651 5715 2705 5769 in
2737 5715 2995 5787 templum
3028 5714 3417 5787 Hierosolymis
3442 5732 3590 5773 causa
3613 5733 3707 5773 ora-

443 5817 500 5857 se
530 5806 775 5861 humiliat
804 5805 1142 5860 exaltabitur.
1182 5827 1204 5853 ιι
1240 5805 1305 5860 Et
1333 5804 1402 5861 de
1430 5813 1657 5876 utroque
1684 5807 1886 5878 populo
1907 5822 2043 5877 prae-
2151 5806 2312 5862 tionis
2340 5804 2643 5861 ascendisse
2675 5823 2687 5860 :
2720 5819 2886 5859 unum
2918 5803 3270 5873 Pharisaaum,
3302 5803 3506 5862 scilicet
3542 5804 3707 5863 Judae-

445 5889 556 5952 fato
578 5903 629 5952 et
658 5894 727 5951 de
753 5892 901 5948 omni
928 5894 1160 5970 superbo
1192 5893 1275 5949 vel
1312 5894 1505 5949 humili
1533 5902 1679 5951 recte
1721 5902 1899 5970 potest
1948 5895 2039 5950 in-
2150 5911 2269 5952 rum
2298 5894 2572 5965 clericum,
2604 5893 2769 5951 alium
2814 5893 3164 5968 publicanum
3194 5894 3357 5952 fuisse
3383 5895 3538 5969 (Luc.
3577 5898 3703 5971 mu)
