3924 6432
177 437 322 491 1101

1152 431 1732 489 DEFIDRATIONES
1769 430 1874 486 SS.
1923 428 2236 487 PATRUM.
2277 461 2344 471 —
2387 430 2513 485 LIB.
2556 431 2622 484 ll.

3377 433 3512 488 “0?.

178 559 517 615 Phariaene
542 559 715 616 altare
766 559 1225 631 appropinquans,
1284 574 1474 613 manus
1529 565 1583 613 et
1625 556 1808 611 oculos
1838 562 1893 615 A
1922 571 2039 610 mas
2100 557 2193 610 dat
2220 555 2462 611 omnium
2493 569 2615 624 quas
2644 556 2881 626 possidet
2910 557 2999 628 qui
3032 557 3353 629 decalogum
3384 557 3520 629 legis

175 648 250 703 ad
282 650 511 705 calum
542 650 781 715 elevans,
804 646 925 703 Deo
955 656 1135 720 grates
1161 647 1357 714 retulit,
1390 645 1533 716 quod
1563 646 1681 700 aliis
1710 646 1814 699 ho-

177 737 447 794 minibus
479 737 761 794 dissimilis
788 737 965 803 fuerit,
998 736 1090 807 qui
1137 744 1397 807 raptores,
1430 734 1632 803 injusti,
1665 732 1815 787 adul-

171 834 278 890 teri
314 834 536 900 forent,
571 840 630 889 ut
654 834 743 889 ille
765 833 1079 905 publicanus
1108 834 1197 903 qui
1227 839 1368 888 retro
1397 839 1627 899 astaret;
1659 830 1742 884 bis
1761 830 1816 883 in

178 922 564 979 hebdomada
588 922 877 993 jejunaret,
925 922 1164 977 decimas
1209 920 1449 976 omnium
1478 934 1655 974 rerum
1684 932 1814 972 sua-

172 1027 305 1066 rum
342 1010 543 1067 daret.
579 1010 903 1066 Publicanus
929 1018 1108 1065 autem
1138 1009 1193 1064 in
1223 1009 1422 1079 angulo
1451 1007 1684 1076 quodam
1740 1006 1815 1059 la-

178 1107 369 1174 tebat,
415 1116 474 1164 et
503 1107 691 1163 oculos
718 1106 788 1162 ad
820 1107 1016 1162 caelum
1049 1107 1227 1161 levare
1254 1121 1363 1159 non
1394 1104 1626 1159 audebat
1656 1119 1669 1172 ;
1713 1121 1813 1174 pe-

172 1203 303 1252 ctus
334 1204 562 1251 tantum
591 1195 944 1265 percutiebat,
988 1196 1161 1249 Deum
1211 1193 1313 1248 sibi
1371 1193 1661 1263 prepitium
1700 1191 1814 1246 ﬁeri

175 1285 453 1357 petebat.
502 1284 711 1340 Deinde
740 1284 868 1339 dicit
894 1284 1159 1339 Dominus
1204 1282 1349 1352 quod
1404 1288 1624 1351 peccata
1676 1296 1812 1336 con-

173 1379 352 1436 ﬁtens
414 1380 759 1435 descenderit
775 1379 1111 1449 justiﬁcatus,
1172 1380 1311 1434 tacta
1340 1386 1516 1433 autem
1575 1394 1671 1433 sua
1719 1378 1813 1446 ja-

172 1474 347 1520 ctans
410 1465 612 1520 abierit
674 1464 1011 1534 reprobatus,
1062 1464 1185 1533 quia
1243 1463 1419 1517 omnis
1475 1480 1529 1516 se
1573 1463 1813 1516 exaltans

176 1553 601 1620 humiliabitur,
642 1560 693 1608 et
725 1570 780 1607 se
812 1553 1101 1607 humilians
1149 1551 1494 1605 exaltabitur.
1546 1550 1692 1616 Ideo,
1724 1550 1811 1602 di-

178 1650 509 1718 lectissimi,
551 1666 673 1705 cum
703 1649 771 1705 ad
809 1650 1111 1705 orationem
1166 1649 1479 1714 convenitis,
1516 1664 1621 1702 non
1674 1648 1811 1702 bene

186 1740 351 1795 facta
402 1747 585 1795 vestra
634 1738 860 1807 jactare,
920 1755 1017 1793 nec
1060 1738 1195 1793 alios
1244 1738 1521 1801 damnare,
1562 1736 1809 1791 sedvos-

185 1829 354 1899 ipsos
389 1844 667 1893 accusare,
700 1827 833 1883 alios
862 1843 1053 1882 omnes
1102 1827 1269 1895 iustos
1297 1832 1541 1896 reputare
1572 1825 1801 1879 debetis.

1925 659 2023 714 per
2047 643 2237 699 decem
2265 659 2454 698 sensus
2481 643 2724 713 corporis
2750 644 2959 716 implet.
2992 643 3243 716 Quinque
3283 661 3519 716 namque

1922 731 2193 803 duplicata
2220 732 2408 787 decem
2438 731 2659 798 faciunt,
2716 740 2774 787 ut
2826 733 2934 789 duo
2980 734 3142 802 oculi,
3191 734 3315 790 dua:
3344 750 3516 803 aures,

1923 837 2024 885 etc.
2083 830 2191 886 Sed
2239 829 2409 885 Judaei
2466 828 2665 884 malum
2724 838 2845 885 actu
2901 840 2954 887 et
2984 839 3108 888 voto
3137 832 3514 902 operabantur,

1922 926 2193 989 praecepta
2244 919 2341 973 Dei
2416 918 2620 973 cunctis
2682 918 2927 975 sensibus
2973 920 3514 993 transgrediebantur.

1924 1007 2245 1064 Publicanus
2274 1006 2364 1076 qui
2393 1022 2425 1061 a
2454 1007 2617 1079 longe
2644 1007 2838 1075 stabat,
2870 1016 2950 1063 est
2995 1009 3211 1080 gentilis
3263 1009 3515 1079 populus,

1921 1102 2073 1171 quia
2101 1103 2245 1157 cultu
2274 1102 2492 1158 Domini
2526 1103 2711 1173 procul
2756 1112 2886 1159 erat.
2937 1103 3139 1160 Oculos
3191 1103 3262 1158 ad
3316 1104 3515 1160 coelum

1919 1206 2028 1245 non
2058 1191 2291 1258 levabat,
2325 1191 2452 1260 quia
2481 1192 2704 1246 terrenis
2750 1200 2953 1247 tantum
3000 1192 3265 1247 inhiabat.
3331 1193 3519 1248 Pectus

1922 1281 2266 1349 percutiebat,
2321 1281 2449 1334 dum
2507 1295 2741 1335 errorem
2787 1297 2943 1335 suum
2999 1297 3095 1352 per
3148 1281 3517 1353 paenitentiam

1924 1377 2178 1432 deﬂebat.
2213 1377 2273 1431 Et
2327 1376 2454 1447 quia
2506 1394 2563 1431 se
2593 1393 2689 1447 per
2735 1378 3126 1435 confessionem
3178 1378 3513 1447 humiliabat,

1922 1466 2065 1519 Deus
2091 1466 2239 1519 illum
2263 1482 2359 1533 per
2388 1465 2601 1519 veniam
2632 1466 2934 1521 exultabat.

1994 1554 2057 1607 Et
2084 1570 2180 1608 nos
2224 1570 2374 1624 ergo,
2407 1554 2724 1623 cliarissimi,
2787 1555 3011 1627 alonge
3056 1564 3274 1622 stemus,
3306 1564 3365 1611 ut
3417 1571 3517 1612 nos

1920 1651 2214 1704 Dominicis
2269 1651 2617 1705 sacramentis
2670 1659 2724 1706 et
2783 1661 3087 1708 sanctorum
3142 1654 3408 1710 consortio
3438 1655 3518 1710 in-

1918 1739 2113 1811 dignos
2136 1738 2469 1808 judicemus.
2507 1739 2708 1795 Oculos
2754 1741 2823 1795 ad
2853 1742 3049 1797 cmlum
3105 1758 3214 1798 non
3259 1742 3517 1811 levemus,

1920 1834 1977 1881 ut
2004 1842 2102 1881 nos
2130 1827 2382 1899 indignos
2410 1828 2550 1883 cmlo
2609 1835 2940 1900 reputemus.
2998 1831 3186 1886 Pectus
3214 1831 3517 1901 tundamus,

186 1926 440 1981 Animas
466 1933 670 1980 vestras
707 1924 762 1978 in
812 1931 1097 1994 conspectu
1150 1922 1248 1978 Dei
1280 1923 1598 1989 humilitate,
1639 1922 1814 1993 ipsum
1844 1910 1897 1971 Β
1927 1932 1985 1979 ut
2011 1924 2298 1980 commissa
2328 1924 2539 1980 fletibus
2568 1927 2875 1997 puniamus.
2934 1929 3068 1982 Ante
3115 1928 3288 1983 Deum
3336 1929 3519 2001 proci-

188 2030 294 2070 ore
329 2021 393 2069 et
420 2013 583 2069 corde
603 2013 866 2077 invocata,
902 2020 955 2066 et
982 2012 1034 2066 in
1090 2011 1177 2066 die
1211 2010 1566 2065 tribulationis
1620 2026 1717 2065 vos
1745 2010 1817 2063 li-

184 2103 430 2159 berabit
455 2111 511 2158 et
560 2118 724 2173 super
769 2101 1016 2156 inimicos
1050 2108 1253 2155 vestros
1290 2099 1564 2155 exaltabit.
1626 2099 1817 2155 Prohi-

189 2200 331 2258 bete
362 2201 610 2272 linguam
641 2207 873 2255 vestram
900 2215 933 2253 a
962 2198 1126 2264 male,
1158 2204 1210 2251 et
1237 2197 1381 2251 labia
1409 2205 1581 2252 vestra
1611 2213 1643 2252 a
1671 2197 1817 2265 dolo,

193 2290 339 2359 quia
398 2306 470 2344 ex
523 2288 704 2344 verbis
755 2287 865 2341 suis
920 2286 1142 2356 quisque
1193 2284 1590 2355 justiﬁcabitur,
1647 2294 1701 2340 et
1753 2302 1819 2341 ex

201 2377 405 2433 verbis
432 2376 543 2431 suis
561 2375 1028 2431 condcmnabitur.
1094 2372 1202 2443 Qui
1260 2373 1333 2428 ita
1370 2382 1488 2429 orat
1514 2374 1649 2428 sicut
1702 2374 1817 2428 Do-

201 2475 402 2530 minus
438 2474 642 2540 docuit,
717 2474 859 2527 liunc
897 2472 1162 2528 Dominus
1216 2471 1467 2526 exaudiet
1499 2471 1641 2541 ;.qui
1693 2488 1820 2528 vero

201 2564 376 2619 aliter
405 2570 539 2628 orat,
582 2562 742 2631 hujus
778 2561 949 2616 oratio
996 2560 1051 2613 in
1081 2568 1358 2630 peccatum
1395 2557 1510 2614 ﬁet.
1552 2560 1683 2615 Viue
1722 2577 1822 2615 ne-

195 2651 448 2708 cessaria
476 2658 531 2705 et
558 2649 759 2722 gaudia
786 2657 987 2705 aeterna
1033 2648 1218 2719 petite,
1271 2656 1324 2703 et
1351 2648 1498 2702 dabit
1526 2648 1681 2705 vobis
1715 2650 1823 2703 Pa-

200 2758 293 2805 ter
334 2758 590 2819 utraque.
639 2747 788 2802 Multi
834 2753 1008 2813 erant,
1067 2754 1121 2800 et
1175 2762 1283 2801 non
1334 2747 1623 2817 impetrant
1676 2762 1689 2816 ;
1732 2749 1827 2803 sed

207 2840 396 2895 oratio
452 2852 639 2893 eorum
679 2837 780 2891 erit
836 2834 1199 2902 exsecrabilis,
1256 2834 1382 2905 quia
1432 2851 1616 2891 aurem
1673 2853 1823 2892 suam

206 2934 472 2984 avertunt
498 2943 531 2982 a
560 2926 794 2982 clamore
824 2924 1093 2996 pauperis.
1152 2945 1174 2972 «ε
1208 2925 1330 2978 Non
1359 2924 1502 2978 enim
1533 2925 1709 2979 omnis
1737 2922 1826 2995 qui

207 3024 347 3081 dicit
375 3025 427 3080 ei
461 3044 473 3079 :
506 3023 760 3089 Domine,
796 3022 1051 3087 Domine,
1082 3020 1305 3075 intrabit
1330 3021 1385 3075 in
1415 3038 1643 3093 regnum
1665 3024 1828 3079 caelo-

207 3130 337 3170 rum
369 3129 384 3181 ;
416 3112 513 3168 sed
568 3112 660 3182 qui
694 3111 820 3166 facit
856 3111 1186 3165 voluntatem
1219 3110 1387 3165 Patris
1415 3110 1552 3179 ejus,
1586 3112 1700 3182 ipse
1740 3113 1826 3166 in-

1923 2013 2133 2079 damus,
2166 2029 2346 2068 coram
2378 2013 2608 2070 Domino
2663 2015 2755 2085 qui
2798 2015 2923 2071 fecit
2976 2031 3075 2072 nos
3120 2017 3409 2089 ploremus,
3467 2026 3523 2074 ut

1926 2101 2040 2170 ipse
2097 2102 2369 2172 planctum
2421 2110 2662 2158 nostrum
2715 2103 2772 2158 in
2815 2104 3076 2176 gaudium
3122 2113 3415 2176 convertat,
3473 2112 3526 2162 et

1924 2194 2089 2250 scisso
2118 2211 2275 2250 sacco
2333 2195 2580 2263 tristitiae,
2639 2196 2824 2253 laetitia
2882 2212 2982 2253 nos
3028 2197 3230 2255 induat.
3263 2199 3386 2254 Non
3440 2199 3519 2254 si-

1927 2301 2047 2338 mus
2096 2291 2357 2353 raptores,
2388 2285 2514 2354 quia
2542 2300 2769 2356 rapaces
2805 2301 3035 2357 regnum
3074 2287 3171 2342 Dei
3227 2303 3334 2343 non
3364 2288 3526 2358 possi-

1927 2372 2131 2427 debunt
2176 2372 2224 2442 (Ι
2280 2373 2407 2430 Cor.
2474 2374 2571 2443 vn).
2630 2373 2840 2428 Nullius
2892 2390 3007 2429 rem
3063 2376 3520 2445 concupiscamus,

1927 2471 2124 2526 nullius
2180 2470 2393 2526 laudem
2472 2471 2678 2526 meritis
2738 2473 2930 2528 nostris
3012 2473 3307 2530 indebitam
3369 2475 3526 2531 nobis

1929 2560 2280 2628 ascribamus,
2357 2560 2483 2630 quia
2540 2562 2657 2615 haec
2705 2560 2962 2617 facientes
3016 2570 3172 2617 erunt
3247 2571 3524 2635 raptorum

1929 2656 2227 2705 consortes.
2270 2648 2389 2704 Non
2445 2649 2615 2703 simus
2642 2648 2844 2719 injusti,
2906 2650 3032 2721 quia
3077 2650 3245 2722 iniqui
3298 2668 3526 2725 regnum

1932 2748 2030 2804 Dei
2058 2762 2168 2802 non
2196 2755 2613 2816 consequentur.
2678 2748 2853 2804 Deum
2901 2747 3209 2821 diligamus,
3269 2751 3532 2821 proximis

1933 2836 2125 2892 nostris
2151 2835 2451 2891 necessaria
2477 2835 2875 2906 impendamus.
2931 2837 3056 2892 Non
3083 2836 3252 2893 simus
3286 2838 3533 2910 adulteri,

1936 2925 2062 2998 quia
2094 2924 2463 2979 formicatores
2480 2932 2534 2978 et
2589 2925 2862 2980 adulteros
2909 2924 3176 2994 judicabit
3225 2927 3394 2984 Deus.
3432 2929 3534 2984 Re-

1936 3028 2077 3077 ctam
2125 3018 2287 3075 ﬁdem
2342 3036 2638 3088 servemus,
2670 3020 2739 3076 ad
2776 3021 2977 3076 nullam
3025 3022 3273 3079 haeresim
3299 3023 3533 3080 decline-

1936 3126 2075 3177 mus,
2125 3109 2251 3178 quia
2324 3109 2426 3164 hoc
2481 3108 2736 3179 spiritalis
2790 3110 3071 3166 fornicatio
3113 3112 3433 3181 appellatur,
3483 3122 3536 3169 et

214 3202 384 3257 trabit
411 3202 467 3256 in
515 3216 742 3272 regnum
789 3199 1050 3256 caelorum
1108 3198 1335 3266 (Matth.
1385 3201 1536 3269 vu).»
1576 3199 1829 3257 Voluntas
1868 3263 1902 3272 Α
1940 3199 2082 3253 Deus
2128 3196 2315 3268 perdet
2341 3212 2558 3252 omnem
2588 3197 2680 3267 qui
2736 3198 2806 3253 ab
2856 3213 2921 3252 eo
2977 3197 3293 3255 fornicatur.
3347 3200 3438 3255 Bis
3478 3200 3536 3255 in

222 3298 402 3355 Patris
450 3305 529 3353 est
558 3263 616 3351 ut
666 3297 721 3350 in
779 3296 936 3351 nobis
993 3263 1339 3367 peccantibus
1366 3263 1716 3362 dimittamus,
1774 3283 1832 3351 et
1861 3263 1909 3327 Ο
1942 3263 2301 3350 hebdomade,
2332 3284 2533 3340 scilicet
2560 3263 2623 3339 iv
2647 3293 2699 3342 et
2727 3301 2783 3341 Vl
2839 3285 2975 3341 feria
3023 3286 3353 3357 jejunemus,
3404 3289 3532 3359 quia

210 3388 384 3443 rebus
414 3385 613 3441 nostris
641 3400 802 3456 Opem
832 3383 1200 3455 indigentibus
1253 3385 1513 3439 feramus.
1581 3386 1686 3439 Per
1712 3387 1827 3440 haec

212 3476 517 3546 petitiones
546 3473 721 3529 cordis
750 3473 916 3527 nostri
962 3472 1373 3543 impetrabimus
1404 3488 1418 3542 ;
1467 3489 1565 3542 per
1593 3474 1709 3529 haec
1734 3490 1826 3528 re-

208 3589 392 3645 gnum
425 3571 686 3627 caelorum
759 3570 1096 3625 intrabimus.

290 3681 394 3734 Per
421 3677 559 3733 duos
612 3677 859 3733 homines
885 3677 976 3746 qui
1008 3677 1062 3731 in
1093 3677 1352 3748 templum
1383 3678 1686 3734 ascendisse
1742 3680 1826 3735 le-

214 3777 444 3842 guntur,
493 3766 601 3822 duo
656 3765 863 3838 populi,
912 3765 1165 3821 Iudaicus
1219 3766 1423 3822 scilicet
1480 3776 1534 3823 et
1586 3768 1825 3849 gentilis,

211 3865 609 3937 intelliguntur.
670 3863 966 3918 Pliarisseus
1011 3862 1101 3932 qui
1159 3863 1227 3918 ad
1276 3864 1441 3919 altare
1498 3865 1814 3934 accedebat,

214 3962 299 4011 est
353 3951 607 4008 Iudaicus
662 3951 912 4023 populus,
972 3952 1062 4021 qui
1117 3952 1478 4007 sanctuarium
1535 3961 1590 4009 et
1643 3971 1825 4010 aream

211 4041 475 4099 habebat.
534 4040 634 4095 Hic
670 4040 860 4095 merita
908 4056 1007 4095 sua
1035 4040 1092 4094 in
1141 4041 1343 4112 templo
1396 4042 1638 4113 replicat,
1701 4044 1827 4113 quia

210 4139 285 4195 de
332 4137 677 4195 observantia
705 4137 842 4209 legis
896 4137 953 4191 in
980 4136 1184 4193 mundo
1234 4153 1292 4192 se
1345 4137 1530 4207 jactat.
1558 4141 1681 4195 Non
1713 4149 1827 4197 erat

216 4228 360 4283 sicut
387 4226 567 4283 ceteri
624 4225 926 4293 hominum,
958 4224 1084 4295 quia
1138 4226 1542 4282 circumcisione
1568 4227 1827 4285 discretus

215 4325 397 4373 erata
459 4315 675 4386 populis
731 4314 1027 4370 nationum.
1085 4314 1327 4371 Gentiles
1381 4324 1623 4387 raptores
1651 4326 1821 4387 erant,

220 4414 353 4485 quia
378 4413 522 4469 bona
551 4411 768 4468 Domini
793 4411 945 4482 quasi
994 4427 1091 4483 per
1115 4412 1226 4467 vim
1256 4413 1557 4483 rapiebant,
1589 4414 1718 4470 dum
1773 4415 1824 4471 ei

223 4503 299 4558 de
325 4501 537 4559 collatis
563 4500 839 4557 beneﬁciis
897 4500 1136 4555 debitum
1167 4502 1444 4557 sorvitium
1494 4518 1601 4559 non
1627 4504 1824 4560 redde-

1934 3384 1978 3437 si
2009 3385 2110 3437 hoc
2140 3382 2267 3436 fecit
2295 3381 2611 3445 Pharisaaus,
2644 3382 2814 3436 multo
2841 3382 3019 3453 magis
3072 3398 3170 3438 nos
3217 3382 3396 3440 facere
3440 3384 3535 3441 de-

1936 3472 2143 3527 bemus.
2168 3471 2233 3525 Et
2257 3470 2298 3525 si
2331 3469 2465 3525 cibis
2493 3469 2716 3525 minime
2744 3469 3131 3539 abstineamus,
3185 3488 3281 3527 cor
3305 3488 3340 3528 a
3387 3474 3533 3530 mala

1936 3561 2227 3625 voluntate,
2260 3575 2451 3613 manus
2480 3575 2514 3613 a
2552 3574 2719 3630 prava
2747 3558 2954 3615 actione
2984 3560 3373 3619 contineamus.
3428 3563 3534 3619 De-

1934 3658 2104 3713 cimas
2131 3656 2375 3712 omnium
2406 3672 2584 3711 rerum
2635 3663 2938 3711 nostrarum
2993 3657 3109 3713 Deo
3162 3657 3373 3725 demus,
3405 3658 3533 3730 quia

1935 3748 1978 3801 si
2009 3749 2111 3802 hoc
2142 3745 2268 3801 fecit
2294 3745 2529 3814 Iudaeus,
2589 3745 2757 3801 multo
2811 3744 2988 3817 magis
3039 3745 3205 3803 debet
3228 3748 3330 3804 hoc
3358 3747 3533 3806 facere

1937 3835 2284 3892 Christianus.

2006 3988 2128 4041 Non
2202 3985 2398 4053 solum,
2457 3983 2779 4049 charissimi,
2839 3984 2976 4040 sacri
3025 3984 3204 4057 apices
3255 3984 3323 4041 ad
3365 3986 3531 4043 vitam

1933 4083 2190 4130 aeternam
2238 4090 2338 4129 nos
2392 4073 2610 4139 ducunt,
2661 4073 2755 4128 sed
2785 4072 2945 4128 etiam
3000 4073 3283 4146 gentilium
3340 4074 3529 4133 litterae

1932 4179 2032 4219 nos
2084 4164 2387 4218 instruunt:
2442 4162 2510 4217 de
2540 4161 2734 4232 quibus
2787 4161 3035 4232 quaedam
3091 4161 3159 4218 ad
3213 4162 3532 4221 ediﬁcatio-

1933 4275 2056 4315 nem
2086 4256 2423 4330 praeferenda
2449 4265 2590 4311 sunt.
2618 4257 2684 4311 Et
2732 4264 2790 4310 ut
2847 4271 3008 4313 nemo
3037 4256 3161 4313 inde
3198 4259 3532 4317 scandalize-

1934 4355 2033 4415 tur,
2087 4363 2239 4402 sacra
2294 4345 2607 4401 auctoritate
2671 4338 3143 4416 exempliﬁcetur.‘
3179 4346 3298 4403 Filii
3327 4348 3527 4422 quippe

1930 4437 2095 4493 Israel
2149 4434 2429 4508 Egyptios
2483 4433 2867 4505 spoliaverunt,
2943 4450 3153 4504 aurum,
3222 4446 3526 4509 argentum,

1929 4549 2192 4608 gemmas,
2225 4540 2401 4587 vestes
2453 4531 2714 4603 pretiosas
2770 4531 3005 4588 tulerunt
3032 4534 3231 4603 (Exod.
3263 4538 3321 4606 v)
3356 4556 3368 4592 :
3402 4552 3524 4607 qua;

225 4591 379 4647 bam.
436 4589 636 4695 Ῑηιίυδίξ
674 4588 1037 4695 ,θκξίίίξθξθῖξίν
1080 4588 1261 4695 _d“m'
1320 4592 1571 4695 cfeaer
1622 4601 1823 4663 sprew’
1852 4619 1901 4679 D
1930 4588 2117 4695 postea
2146 4588 2199 4675 in
2228 4588 2470 4676 donaria.
2508 4620 2605 4675 Dei
2654 4619 2726 4674 ad
2782 4588 3530 4680 conﬁcien‘dumﬁ

219 4695 525 4746 creaturam
556 4686 824 4743 colebant.
856 4685 1092 4741 Adulteri
1140 4696 1308 4757 erant,
1335 4690 1464 4744 dum
1494 4706 1625 4745 vero
1651 4706 1820 4762 spon-

218 4793 282 4835 so
357 4778 474 4832 Deo
530 4776 762 4844 deserto,
817 4790 940 4831 cum
985 4776 1324 4832 dmmonibus
1374 4796 1430 4833 se
1491 4779 1820 4850 polluebant.

218 4865 393 4923 Judaei
422 4880 637 4936 quoque
666 4872 908 4936 raptores
936 4871 1107 4933 erant,
1157 4866 1250 4935 qui
1276 4867 1380 4922 sibi
1428 4868 1619 4923 merita
1641 4869 1822 4939 justo-

217 4980 339 5021 rum
369 4963 723 5035 usurpabant.
788 4962 998 5032 Rapina
1026 4976 1258 5033 namque
1309 4972 1389 5019 est
1443 4965 1654 5020 laudem
1686 4966 1824 5023 velle

214 5053 347 5124 justi
374 5052 593 5117 habere,
627 5060 680 5107 et
705 5051 1040 5106 sanctitatem
1064 5050 1194 5120 justi
1250 5053 1446 5108 imitari
1475 5054 1637 5110 nolle.
1669 5054 1822 5112 Unde

226 5143 485 5212 scriptum
543 5148 666 5196 est:
705 5163 727 5190 ιι
783 5140 906 5194 Non
970 5140 1215 5211 rapinam
1270 5141 1555 5197 arbitratus
1580 5151 1661 5199 est
1708 5161 1823 5199 esse

221 5255 279 5294 se
311 5236 580 5308 aequalem
639 5236 754 5290 Deo
783 5234 1056 5306 (Philipp.
1089 5238 1172 5305 ιι).
1208 5258 1229 5285 ιο
1268 5236 1440 5306 Quam
1461 5240 1823 5308 aequalitatem

221 5327 350 5383 dum
383 5324 591 5397 primus
618 5326 783 5380 homo
810 5339 1000 5394 rapere
1028 5324 1215 5393 voluit,
1273 5341 1306 5379 a
1348 5326 1680 5384 beatitudine
1707 5346 1825 5384 cor-

222 5416 349 5472 ruit.
382 5413 573 5483 Injusti
612 5413 944 5480 exstiterant,
977 5411 1105 5466 dum
1148 5428 1247 5467 nec
1274 5414 1391 5469 Deo
1417 5431 1532 5483 sua,
1591 5433 1692 5474 nec
1720 5422 1827 5475 bo-

222 5514 357 5570 mini
389 5529 487 5568 sua
513 5512 813 5567 solvebant.
849 5509 1087 5565 Adulteri
1117 5509 1349 5571 fverant.
1381 5512 1509 5566 dum
1549 5514 1691 5586 lege,
1723 5533 1827 5572 ηο..

224 5603 320 5659 bili
379 5616 581 5671 sponsa
636 5599 865 5669 abjecta,
935 5614 1057 5652 cum
1086 5598 1393 5654 idololatria
1437 5618 1493 5654 se
1525 5617 1832 5660 commacu-

223 5702 441 5767 labant.
476 5699 578 5753 Per
630 5696 985 5767 septimanam
1038 5710 1199 5749 omne
1261 5703 1471 5768 tempus
1499 5698 1832 5772 intelligitur,

226 5803 375 5876 quod
403 5806 615 5872 septem
640 5797 834 5854 diebus
874 5795 1126 5853 volvitur.
1159 5797 1248 5850 Bis
1296 5798 1354 5852 in
1383 5800 1725 5858 hebdomade
1747 5805 1840 5874 je-

220 5902 388 5976 junat
417 5895 513 5970 qui
540 5909 709 5969 open
732 5902 791 5952 et
849 5892 1128 5953 voluntate
1158 5893 1363 5951 malum
1390 5895 1643 5955 declinat.
1676 5900 1839 5960 Deci-

1929 4714 2040 4768 lum
2069 4710 2392 4767 obtulerunt.
2425 4710 2564 4764 Dum
2595 4724 2725 4763 vero
2752 4708 2854 4779 ipsi
2908 4708 2976 4763 de
3004 4710 3233 4782 Egypto
3262 4706 3525 4783 exierunt,

1929 4809 2113 4866 omnia
2168 4807 2368 4878 templa
2422 4804 2689 4860 idolorum
2761 4812 3098 4861 corruerunt.
3162 4806 3242 4861 De
3295 4808 3527 4881 Egypto

1931 4904 2146 4966 exeunt,
2187 4902 2239 4951 et
2294 4894 2362 4950 ad
2427 4901 2621 4949 terram
2688 4892 3120 4964 repromissionis
3174 4895 3399 4953 tendunt
3435 4898 3526 4969 qui

1930 4988 2034 5042 hoc
2090 4983 2343 5040 saeculum
2372 4982 2640 5050 deserunt,
2699 4989 2752 5036 et
2778 4997 2836 5035 se
2882 4980 2951 5036 ad
2980 4989 3218 5038 sanctam
3248 4999 3531 5042 conversa-

1934 5085 2133 5139 tionem
2190 5082 2536 5137 transferunt.
2583 5079 2733 5134 Tunc
2780 5094 3016 5149 namque
3065 5079 3289 5137 delubra
3341 5080 3531 5140 dissol-

1930 5180 2143 5237 vuntur,
2176 5171 2302 5241 quia
2330 5169 2433 5241 ipsi
2461 5167 2555 5238 qui
2613 5167 2813 5235 templa
2846 5167 3098 5222 vitiorum
3126 5176 3291 5229 erant.
3328 5186 3361 5226 a
3412 5187 3533 5241 pec-

1933 5261 2064 5317 catis
2091 5260 2450 5315 destruuntur.
2483 5258 2600 5311 Jam
2644 5256 2788 5311 enim
2844 5255 2942 5309 Dei
2998 5256 3363 5313 habitaculum
3413 5275 3531 5316 esse

1934 5358 2214 5430 incipiunt,
2245 5364 2299 5412 et
2353 5356 2475 5410 ideo
2502 5353 2773 5427 malignus
2832 5353 3049 5424 spiritus
3085 5354 3141 5409 in
3170 5356 3248 5410 eis
3275 5358 3530 5412 manendi

1935 5449 2111 5503 locum
2140 5445 2339 5499 diutius
2363 5444 2563 5499 habere
2592 5459 2702 5498 non
2729 5442 2943 5512 poterit.
3001 5440 3105 5511 Qui
3134 5444 3412 5516 Egyptios
3439 5446 3534 5502 de.

1936 5536 2189 5607 spolium,
2222 5533 2351 5588 dum
2381 5532 2659 5588 saecularia
2714 5531 2889 5586 studia
2941 5529 2998 5584 in
3025 5531 3264 5601 spiritale
3320 5536 3535 5591 exemi-

1939 5625 2072 5679 tium
2127 5630 2479 5678 commutant.
2544 5621 2626 5676 Ad
2667 5618 2969 5675 faciendum
3031 5619 3432 5677 tabernaculum
3472 5640 3540 5681 ea

1942 5719 2189 5784 offerunt,
2230 5719 2358 5774 dum
2402 5719 2778 5790 philosophica
2829 5724 3148 5788 argumenta
3185 5716 3254 5772 ad
3294 5718 3539 5777 ediﬁce-

1946 5810 2146 5865 tionem
2175 5808 2434 5865 Ecclesia
2462 5806 2760 5879 proferunt.
2814 5808 3010 5861 Aurum
3056 5805 3425 5879 Egyptian-um
3454 5809 3546 5867 do-

1950 5914 2101 5976 nant,
2131 5906 2261 5962 dum
2289 5922 2388 5978 per
2439 5905 2753 5963 saecularem
2782 5902 3106 5977 sapientiam
3136 5903 3428 5979 spiritalem
3456 5903 3551 5964 di.-
