3924 6400
497 411 635 466 1103

1640 406 1983 465 WEBNERI
2019 404 2308 465 ABBATIS
2346 409 2410 466 S.
2456 408 2678 465 BLASII

3660 410 3789 467 {illi

496 533 784 605 sciplinam
818 539 1035 590 ornant.
1072 532 1382 605 Argentum
1432 533 1812 605 Egyptiorum
1837 533 2094 601 offerunt,
2127 534 2183 595 A
2209 550 2332 590 cum
2372 552 2568 606 magna
2604 534 2919 593 difﬁcultate
2946 534 3260 608 dignitates,
3290 534 3380 593 vel
3407 536 3661 610 qualibet
3707 554 3798 594 cn-

497 624 628 680 dnm
658 623 973 681 saecularem
1003 622 1368 695 eloquentiam
1421 623 1492 678 ad
1524 623 1808 679 utilitatem
1837 623 2103 680 Ecclesia:

498 720 847 769 convertunt.
887 712 1148 768 Gemmas
1177 711 1392 768 illorum
1440 712 1666 777 donant,
1707 714 1837 769 dum
1875 722 2100 769 senten—

497 808 601 868 tias
622 808 762 864 bene
781 806 1020 878 prolatas
1043 806 1114 862 ad
1135 807 1568 864 exhortationem
1591 808 1963 880 proximorum
1984 826 2104 865 nar-

496 904 649 953 rant.
697 898 889 952 Vestes
928 912 1116 952 eorum
1162 894 1417 964 oﬂ'erunt,
1460 898 1585 952 dum
1626 898 1879 970 exempla
1915 899 2099 971 genti-

498 986 628 1042 lium
657 986 726 1042 ad
776 985 1135 1041 imitationem
1174 985 1425 1042 fratribus
1462 986 1735 1042 referunt.
1784 989 1845 1041 In
1902 1003 2101 1061 magna

496 1084 641 1142 enim
674 1085 839 1141 domo
876 1099 984 1140 non
1015 1084 1193 1139 solum
1230 1099 1365 1140 vasa
1401 1101 1567 1141 aurea
1590 1095 1643 1141 et
1671 1094 1954 1158 argentea,
1999 1088 2101 1143 sed

495 1175 660 1231 etiam
694 1173 876 1229 ferrea
904 1181 958 1229 et
986 1172 1173 1230 ﬁctilia
1206 1182 1333 1230 sunt
1358 1175 1672 1231 necessaria
1728 1176 1805 1247 (ll
1833 1178 1969 1231 Tim.
2012 1178 2094 1247 ιι).

492 1264 702 1320 Domus
728 1278 931 1336 magna
957 1270 1041 1318 est
1067 1262 1339 1319 Ecclesia.
1359 1263 1504 1319 Vasa
1532 1278 1699 1320 aurea
1729 1272 1785 1319 et
1810 1272 2094 1337 argentea.

489 1368 625 1417 sunt
659 1374 830 1417 sacrae
892 1360 1233 1416 auctoritatis
1272 1359 1578 1417 volumina.
1625 1360 1778 1417 Vasa
1815 1361 1996 1418 ferrea
2044 1370 2099 1419 et

492 1448 683 1507 ﬁctilia
713 1453 838 1506 sunt
868 1449 1221 1506 saecularium
1252 1450 1456 1522 scripta
1487 1451 1556 1505 ad
1586 1452 1867 1507 exteriora
1896 1467 2094 1507 neces-

490 1539 656 1596 saria.
690 1539 840 1596 Sicut
870 1538 1017 1595 enim
1046 1553 1243 1594 aurum
1272 1554 1374 1611 per
1402 1538 1605 1595 ferrum
1635 1539 1986 1611 splendescit,
2016 1540 2097 1597 sic

488 1653 648 1695 sacra
678 1637 959 1709 Scriptura
988 1652 1088 1709 per
1124 1636 1425 1694 saeculares
1452 1636 1777 1710 disciplinas
1806 1637 2086 1711 fulgescit.

482 1727 739 1783 Traditur
767 1725 929 1783 etiam
959 1725 1109 1798 quod
1146 1725 1355 1782 reversi
1393 1740 1428 1782 a
1457 1726 1774 1798 captivitate
1831 1728 2093 1798 templum

487 1816 591 1873 Dei
623 1813 1078 1873 rezediﬁcaverint
1108 1831 1207 1887 per
1233 1814 1525 1886 pecuniam
1556 1831 1716 1887 quam
1746 1816 1892 1887 apud
1922 1817 2094 1888 Baby-

2210 622 2324 694 pita
2352 624 2682 695 assequitur,
2717 632 2769 679 et
2797 639 2897 696 per
2915 624 3109 680 eadem
3140 625 3211 681 ad
3240 623 3350 680 ima
3377 624 3576 681 infami
3603 625 3797 682 dimet-

2210 712 2380 783 gitur.
2421 712 2588 779 Cujus
2637 728 2775 769 vero
2797 713 2959 784 jecur
2984 712 3168 769 vultur
3195 713 3454 781 vescitur,
3511 721 3565 771 et
3619 714 3796 772 denuo

2210 810 2553 867 revirescere
2601 810 2903 880 fertur,'est
2931 811 2981 866 is
3036 812 3108 867 de
3161 812 3315 881 cujus
3371 811 3556 868 cordis
3583 812 3797 869 luxuria

2210 899 2473 969 pascitur,
2537 909 2587 955 et
2634 900 2845 971 expleta
2900 900 3363 972 concupiscentia,
3424 901 3618 956 iterum
3651 901 3796 958 fuada

2208 986 2378 1043 libido
2395 988 2724 1045 renascitur.
2757 990 2817 1043 In
2833 988 3026 1058 jecore
3043 989 3188 1045 enim
3220 997 3304 1045 est
3322 990 3790 1062 concupiscentia;

2209 1086 2390 1142 vultur
2444 1103 2579 1143 vero
2625 1096 2767 1142 amat
2794 1097 3134 1145 mortuorum
3190 1090 3485 1145 cadavera.
3547 1091 3626 1147 De
3696 1090 3796 1147 hac

2205 1183 2361 1245 peste
2399 1176 2596 1231 iterum
2645 1176 2831 1233 dicunt
2870 1178 3011 1250 quod
3084 1178 3313 1234 Medusa
3362 1179 3590 1252 egregia
3624 1178 3795 1235 forma

2204 1264 2473 1335 plurimos
2500 1265 2569 1320 ad
2593 1281 2840 1322 amorem
2869 1266 2953 1322 sui
2981 1266 3322 1324 incitaverit:
3371 1283 3492 1339 qua
3519 1283 3706 1324 omnes
3730 1284 3792 1324 se

2203 1360 2476 1419 intuentes
2502 1362 2556 1418 in
2585 1378 2720 1419 saxa
2746 1364 3180 1421 commutaverit.
3229 1365 3309 1421 De
3353 1365 3509 1434 huius
3564 1365 3703 1423 facie
3731 1382 3792 1422 se

2206 1450 2440 1507 Perseus
2467 1452 2790 1523 crystallino
2818 1453 3014 1525 clypeo
3043 1454 3296 1526 protexit,
3340 1470 3571 1527 eamque
3598 1454 3791 1512 falcato

2204 1555 2337 1596 ense
2366 1540 2660 1599 interemit.
2700 1541 2830 1599 Haec
2859 1542 3059 1598 femina
3088 1551 3172 1598 est
3200 1542 3412 1599 luxuria
3439 1559 3560 1616 qua:
3589 1560 3649 1600 se
3678 1543 3791 1600 for-

2201 1653 2412 1693 mosam
2444 1636 2601 1710 ﬁngit
2653 1655 2758 1711 per
2786 1640 3064 1697 hominum
3096 1648 3342 1713 pectora.
3397 1640 3503 1697 Sed
3531 1657 3593 1697 se
3618 1641 3795 1714 inspi-

2202 1726 2409 1783 cientes
2436 1726 2489 1782 in
2520 1728 2734 1799 lapides
2761 1738 3076 1794 commutat,
3107 1731 3234 1802 quia
3275 1730 3444 1788 corda
3472 1729 3793 1787 libidinoso-

2202 1828 2323 1867 rum
2354 1829 2448 1884 per
2486 1813 2841 1870 dilectionem
2898 1816 3141 1871 indurat.
3196 1815 3282 1871 Ab
3317 1816 3420 1872 hac
3456 1831 3517 1872 se
3555 1817 3789 1873 Perseus

485 1915 690 1972 Ioniam
724 1913 1107 1985 acquisierint.
1136 1914 1297 1985 Apud
1317 1913 1645 1986 Babylonios
1669 1914 1872 1986 captivi
1902 1923 2089 1970 tenen-
2115 1891 2169 1953 Β
2199 1910 2515 1981 Crystallino
2544 1911 2740 1982 clypeo
2768 1912 3030 1986 protegit,
3058 1912 3184 1983 quia
3216 1912 3302 1968 vir
3331 1913 3484 1969 fortis
3512 1911 3787 1985 speculum

462 2015 572 2061 tur
600 2006 716 2077 qui,
744 2019 778 2060 a
806 2002 913 2059 ﬁde
943 2002 1225 2059 Catholica
1276 2002 1581 2072 deviantes,
1612 2003 1757 2074 apud
1799 2004 2087 2061 hzereticos

479 2095 571 2151 vel
597 2111 630 2149 a
659 2102 851 2150 sancto
888 2092 1166 2164 proposito
1195 2096 1596 2164 apostatantes,
1624 2093 1768 2164 apud
1790 2094 2087 2150 saeculares

477 2193 534 2249 in
564 2193 818 2264 captione
846 2191 1156 2246 daemonum
1181 2191 1478 2246 habentur.
1544 2189 1650 2259 Qui
1680 2191 1724 2245 si
1758 2191 1871 2246 Deo
1901 2192 2087 2263 propi-

477 2282 553 2338 tio
581 2282 653 2337 ad
679 2280 1053 2346 Hierusalem,
1086 2279 1299 2335 scilicet
1326 2279 1396 2334 ad
1418 2287 1646 2335 matrem
1669 2280 1976 2336 Ecclesiam
2000 2296 2080 2335 re<

477 2370 623 2428 versi
651 2370 873 2436 fuerint,
904 2378 956 2425 et
986 2367 1143 2424 utilia
1170 2385 1292 2440 quas
1320 2367 1453 2423 foris
1483 2368 1789 2435 didicerint,
1814 2369 1883 2424 ad
1912 2367 2084 2425 aedifi-

479 2469 754 2526 cationem
785 2466 1161 2539 proximorum
1183 2465 1531 2538 protulerint,
1556 2466 1802 2537 profecto
1822 2466 2082 2539 templum

476 2559 596 2614 Deo
623 2574 693 2613 ex
722 2555 958 2628 pecunia
985 2562 1325 2621 construunt,
1362 2570 1524 2625 quam
1578 2555 1724 2626 apud
1752 2555 2084 2628 Babylonios

474 2646 677 2703 lucrati
708 2652 856 2701 sunt.
888 2646 951 2700 In
981 2642 1108 2717 lege
1162 2659 1378 2716 quoque
1433 2643 1747 2715 praecipitur
1772 2644 1819 2699 si
1849 2645 2082 2716 populus

470 2745 751 2802 civitatem
807 2742 1106 2808 obsideret,
1164 2749 1219 2797 et
1246 2741 1445 2813 aliquis
1508 2742 1743 2813 puellam
1799 2743 2079 2814 pulchram

474 2834 618 2905 apud
648 2834 835 2888 hostes
862 2830 1228 2902 conspiceret,
1257 2846 1471 2901 ungues
1501 2838 1555 2886 et
1570 2830 1749 2887 crines
1775 2831 1896 2901 ejus
1942 2848 2081 2903 pra:-

472 2922 709 2980 scideret
742 2939 754 2976 :
788 2927 982 2991 postea
1010 2934 1234 2975 uxorem
1263 2918 1490 2974 duceret
1519 2920 1705 2990 (Deut.
1744 2922 1887 2990 χχι).
1929 2921 2077 2977 Civi-

471 3026 639 3075 tatem
668 3016 985 3073 ohsidemus
1041 3016 1170 3071 dum
1226 3014 1467 3087 aliquam
1523 3032 1625 3087 per
1681 3017 1927 3073 haeresim
1989 3020 2074 3074 vel

468 3122 714 3165 errorem
743 3105 1029 3179 gentilium
1065 3104 1282 3175 scriptis
1341 3099 1445 3159 vel'
1486 3104 1854 3176 disputatione
1889 3106 2073 3178 impu-

468 3212 729 3270 gnamus.
767 3194 1006 3250 Puellam
1037 3194 1324 3265 pulchram
1353 3194 1498 3265 apud
1558 3210 1654 3250 eos
1680 3195 2069 3267 conspicimus,

467 3310 595 3351 cum
624 3294 864 3365 aliquam
895 3292 1218 3349 sententiam
1247 3293 1390 3348 bene
1416 3292 1485 3346 ab
1515 3292 1595 3348 eis
1622 3293 1900 3364 prolatam
1931 3294 2077 3350 inve-

468 3384 671 3440 nimus.
703 3384 804 3439 Cui
823 3383 1090 3438 debemus
1111 3398 1323 3454 ungues
1343 3390 1398 3437 et
1413 3381 1597 3438 crines
1613 3383 2000 3452 prrescindere,
2021 3393 2074 3439 et

471 3473 553 3529 sic
590 3470 757 3528 nobis
789 3472 1159 3543 conjungere,
1200 3471 1326 3542 quia
1363 3470 1647 3542 superﬂua
1676 3479 1729 3526 et
1788 3483 1978 3527 contra
2009 3470 2074 3526 ﬁ-

471 3571 597 3628 dem
627 3570 811 3643 posita
843 3568 1109 3624 debemus
1139 3583 1433 3638 spernere;
1465 3568 1609 3623 bene
1625 3577 1804 3624 autem
1833 3569 1997 3633 dicta.
2021 3577 2076 3624 et

470 3656 600 3715 ﬁdei
629 3667 829 3715 nostra
868 3657 1093 3712 minime
1130 3658 1407 3713 contraria
1434 3658 1504 3713 ad
1545 3657 1964 3715 instructionem
2001 3658 2075 3713 ﬁ-

406 3776 413 3782 -
470 3748 678 3806 delium
711 3746 871 3804 libris
898 3745 1109 3802 nostris
1132 3746 1403 3803 intexere.

541 3881 813 3940 Scribunt
849 3880 1033 3952 itaque
1067 3878 1384 3951 philosophi
1424 3879 1571 3951 quod
1600 3880 1796 3937 mulier
1826 3889 1957 3937 rotae
1985 3881 2074 3937 in-

469 3989 609 4031 nexa
640 3971 849 4045 jugiter
886 3968 1323 4037 circumferetur,
1365 3971 1526 4040 cujus
1601 3978 1763 4042 caput
1802 3988 1949 4029 nunc
2019 3972 2076 4027 in

468 4062 582 4119 alta
609 4060 879 4133 erigatur,
944 4073 1091 4115 nunc
1128 4059 1183 4113 in
1224 4057 1335 4115 ima
1374 4058 1754 4131 demergatur.
1795 4061 1931 4116 Rota
1960 4062 2078 4119 hanc

475 4177 595 4234 qua-
622 4157 857 4217 volvitur
906 4165 990 4213 est
1016 4157 1194 4231 gloria
1250 4157 1410 4227 hujus
1448 4159 1659 4225 mundi,
1701 4176 1824 4231 qua:
1869 4160 2077 4233 jugiter

471 4246 874 4308 circumfertur.
904 4247 1101 4302 Mulier
1132 4254 1265 4303 rota:
1285 4247 1480 4304 innexa
1508 4256 1612 4316 est,
1646 4248 1863 4305 fortuna
1890 4250 2078 4322 glorias

474 4337 711 4395 intexta.
748 4336 921 4406 Hujus
951 4345 1114 4409 caput
1167 4337 1462 4410 aliquando
1491 4354 1730 4406 sursum,
1783 4340 2077 4413 aliquando

474 4436 648 4493 fertur
673 4434 950 4496 deorsum,
982 4433 1109 4505 quia
1138 4433 1387 4508 plerique
1433 4436 1710 4493 multoties
1752 4439 1997 4509 potentia
2022 4447 2079 4497 et

474 4524 684 4582 divitiis
711 4523 1020 4580 exaltantur
1050 4540 1066 4578 :
1098 4539 1245 4595 sape
1275 4524 1441 4580 etiam
1475 4528 1727 4598 egestate
1755 4535 1811 4583 et
1838 4528 2076 4585 miseriis

2103 3250 2151 3313 C

2197 1999 2453 2055 virtutum
2502 2000 2797 2057 intendens
2862 2001 2934 2057 ab
2964 2001 3123 2072 hujus
3151 2002 3345 2058 intuitu
3377 2001 3577 2057 vultum
3606 2003 3787 2059 cordis

2194 2089 2406 2144 avertit.
2465 2089 2685 2146 Falcato
2740 2106 2873 2147 ense
2926 2107 3046 2146 eam
3101 2090 3379 2160 interimit,
3432 2091 3556 2165 quia
3594 2092 3785 2149 timore

2194 2186 2381 2242 aeterni
2410 2187 2554 2259 ignis
2582 2202 2701 2242 eam
2749 2202 2783 2242 a
2821 2204 2880 2242 se
2920 2187 3184 2244 abscidit.
3231 2189 3386 2245 Unde
3415 2188 3615 2262 legitur
3641 2190 3780 2263 quod

2194 2275 2418 2347 quidam
2449 2277 2664 2330 Patrum
2694 2277 2976 2347 parvulum
3007 2276 3173 2331 ﬁlium
3202 2277 3257 2332 in
3307 2293 3489 2334 eremo
3519 2279 3779 2347 nutrierit,

2194 2380 2358 2436 quem
2387 2364 2629 2419 adultum
2660 2365 2870 2419 luxuria
2900 2365 3223 2422 titillaverit.
3285 2368 3438 2423 Pater
3464 2377 3643 2423 autem
3666 2368 3782 2438 jus-

2192 2463 2261 2517 sit
2287 2479 2412 2518 eum
2450 2462 2506 2517 in
2541 2478 2791 2518 eremum
2830 2464 3093 2520 secedere
3122 2472 3174 2520 et
3202 2463 3382 2520 solum
3412 2464 3634 2534 jejuniis
3661 2482 3785 2521 ora-

2191 2551 2429 2607 tionibus
2459 2568 2528 2607 xt.
2553 2551 2747 2607 diebus
2769 2567 3000 2607 vacare.
3041 2553 3282 2624 Expletis
3313 2570 3447 2611 vero
3494 2572 3561 2610 xx
3590 2554 3785 2611 diebus

2193 2640 2326 2696 vidit
2355 2649 2552 2697 tetram
2571 2649 2625 2697 et
2655 2640 2817 2696 nimis
2834 2640 3075 2696 faetidam
3096 2642 3382 2699 mulierem
3398 2644 3599 2699 nudam
3618 2660 3785 2716 super

2195 2755 2256 2795 se
2285 2739 2515 2805 irruere,
2558 2740 2713 2808 cujus
2752 2738 2980 2795 fetorem
3013 2740 3162 2796 ferre
3193 2756 3301 2811 non
3339 2741 3532 2798 valens
3558 2741 3722 2813 erepit
3750 2756 3784 2797 a

2189 2844 2250 2883 se
2276 2828 2576 2900 repellere.
2603 2829 2676 2883 At
2703 2828 2791 2883 illa
2816 2846 2830 2883 :
2858 2851 2879 2879 ιι
2905 2828 3032 2895 Cur,
3052 2829 3348 2901 inquit,me
3360 2829 3574 2886 interim
3592 2830 3783 2886 exhor-

2184 2918 2378 2983 rescis,
2419 2917 2576 2987 cujus
2613 2934 2800 2973 amore
2838 2926 3042 2974 tantum
3082 2919 3384 2976 inardescis
3415 2920 3444 2974 ?
3484 2920 3609 2993 Ego
3635 2920 3781 2976 enim

2186 3033 2307 3072 sum
2337 3016 2562 3072 luxuriae
2590 3016 2795 3087 imago,
2838 3031 2962 3087 quae
2997 3015 3174 3072 dulcis
3210 3017 3265 3073 in
3296 3017 3572 3073 hominum
3600 3017 3784 3074 cordi-

2186 3105 2289 3159 bus
2326 3121 2588 3177 appareo.
2630 3106 2700 3160 Et
2735 3104 2840 3160 nisi
2868 3105 3002 3176 patri
3042 3113 3135 3161 tuo
3170 3106 3473 3170 obedisses.
3531 3106 3672 3163 sicut
3728 3115 3783 3163 et

2184 3194 2298 3261 alii,
2340 3210 2372 3249 a
2418 3211 2503 3249 me
2532 3203 2834 3266 prostratus
2872 3211 3050 3251 esses.
3090 3219 3113 3244 ιο
3145 3195 3242 3251 Ille
3271 3211 3408 3269 ergo
3453 3206 3637 3269 grates
3666 3197 3782 3253 Deo

2184 3292 2384 3356 retulit,
2429 3293 2522 3364 qui
2550 3309 2673 3348 eum
2705 3308 2734 3347 a
2763 3293 2953 3365 spiritu
2981 3293 3354 3349 fornicationis
3376 3295 3591 3365 eripuit.
3618 3294 3785 3349 Multa

2183 3382 2293 3439 alia
2322 3381 2579 3454 exempla
2606 3382 2883 3438 deducunt
2903 3397 3005 3438 nos
3031 3382 3101 3437 ad
3131 3383 3254 3439 vitae
3282 3382 3501 3439 itinera.

2256 3484 2480 3556 Legitur
2540 3484 2687 3555 quod
2724 3484 2944 3556 quidam
3020 3484 3238 3539 Patrum
3295 3500 3575 3558 egressus,
3653 3483 3788 3539 vidit

2186 3574 2480 3645 quemdam
2507 3573 2815 3645 Ethiopem
2864 3573 2918 3628 in
2949 3573 3086 3629 silva
3115 3573 3266 3647 ligna
3296 3573 3686 3640 succidentem,
3719 3587 3788 3630 ac

2185 3662 2357 3736 ligata
2383 3661 2567 3718 levare
2597 3670 2913 3720 tentantem.
2938 3662 3071 3732 Quae
3081 3662 3209 3718 dum
3229 3661 3544 3719 viderentur
3566 3662 3784 3736 gravia,

2184 3762 2496 3819 dissolvens
2511 3762 2659 3817 auxit
2673 3776 2869 3817 onera.
2884 3761 2953 3817 Et
2973 3776 3097 3818 cum
3118 3769 3247 3819 tunc
3262 3762 3441 3834 magis
3458 3770 3643 3820 essent
3659 3778 3785 3819 one-

2184 3867 2334 3921 rosa,
2361 3851 2572 3907 addens
2600 3850 2728 3907 fecit
2757 3865 2824 3907 ea
2854 3850 3240 3922 importabilia.
3278 3850 3413 3922 Quae
3439 3852 3566 3908 dum
3594 3851 3783 3909 tollere

2182 3940 2386 4007 nititur,
2423 3956 2457 3996 a
2486 3940 2732 4012 pondere
2759 3939 3112 4012 opprimitur.
3150 3940 3248 3996 Ille
3302 3948 3484 3996 autem
3514 3956 3782 4015 progres-

2183 4054 2282 4096 sus
2314 4038 2445 4094 vidit
2474 4038 2568 4094 ubi
2598 4038 2816 4109 quidam
2845 4054 3044 4110 aquam
3079 4038 3136 4093 in
3194 4054 3290 4093 vas
3318 4038 3583 4095 fundebat
3611 4056 3625 4093 :
3659 4055 3783 4113 qua;

2183 4127 2365 4184 infusa
2393 4128 2583 4184 subtus
2610 4126 2880 4193 etﬂuebat,
2923 4126 3053 4199 quia
3080 4142 3180 4184 vas
3210 4126 3434 4184 fundum
3461 4143 3572 4185 non
3608 4128 3782 4185 habe-

2183 4218 2296 4273 bat.
2328 4217 2564 4274 Alterius
2595 4217 2966 4290 progreditur,
3000 4223 3054 4273 et
3111 4231 3242 4275 ecce
3296 4217 3407 4273 duo
3457 4217 3562 4273 viri
3611 4225 3783 4290 porta

2186 4316 2422 4374 civitatis
2448 4315 2978 4388 appropinquabant,
3019 4313 3115 4388 qui
3168 4315 3378 4388 lignum
3410 4323 3779 4373 transversum

2183 4413 2311 4463 ante
2342 4421 2404 4462 se
2432 4405 2700 4473 ferebant,
2731 4413 2787 4462 et
2804 4409 3001 4461 neuter
3012 4403 3167 4461 alteri
3192 4404 3383 4462 volens
3401 4404 3600 4462 cedere
3620 4406 3781 4463 ambo

2182 4495 2334 4553 foras
2363 4493 3001 4566 remanebant.Ethiops
3028 4492 3122 4567 qui
3149 4501 3318 4567 auget
3343 4509 3484 4552 onus
3510 4492 3780 4568 lignorum

460 4613 848 4672 humiliantur.
887 4610 1087 4669 Dicunt
1112 4592 1276 4668 etiam
1307 4614 1453 4686 quod
1491 4592 1714 4686 q—uidam
1759 4616 1909 4687 apud
1934 4616 2074 4675 infe-

2192 4601 2275 4651 est
2303 4595 2352 4651 is
2407 4594 2498 4667 qui
2536 4608 2756 4665 semper
2783 4592 3019 4650 cumulat
3071 4592 3290 4665 pondus
3316 4599 3684 4664 peccatorum.
3716 4594 3781 4649 Et

474 4731 570 4772 ros
597 4715 888 4771 damnatus
917 4728 1016 4784 per
1046 4711 1230 4768 radios
1256 4720 1391 4770 rota
1419 4712 1492 4769 sit
1536 4712 1871 4771 divaricatus
1908 4735 1923 4782 ;
1955 4733 2079 4789 qua:

471 4814 595 4862 rcta
622 4803 742 4859 sine
770 4799 1178 4858 intermissione
1207 4801 1278 4857 ab
1306 4801 1419 4858 alto
1447 4802 1656 4859 montis
1696 4803 1751 4858 in
1782 4803 1888 4859 ima
1919 4805 2079 4862 vallis

473 4893 698 4960 feratur,
730 4899 786 4947 et
812 4890 1010 4946 iterum
1039 4888 1151 4945 alta
1176 4897 1430 4961 repetens
1458 4891 1642 4947 denuo
1672 4891 1966 4950 relabatur.
1988 4895 2085 4951 Fe-

470 4998 598 5048 runt
624 4989 790 5047 etiam
821 4988 968 5060 quod
997 4986 1218 5061 quidam
1248 4986 1324 5042 ibi
1353 5004 1551 5044 saxum
1580 4989 1636 5044 in
1679 4989 1848 5046 altum
1877 4994 2080 5049 montis

471 5082 676 5147 evolat,
717 5094 785 5136 ac
814 5077 1029 5149 pondus
1066 5077 1186 5133 saxi
1217 5076 1530 5135 volventem
1559 5079 1629 5135 de
1676 5082 1886 5138 vertice
1912 5098 2080 5138 mon-

474 5172 546 5227 tis
584 5167 917 5242 prmcipitem
973 5165 1160 5237 pellat,
1220 5182 1550 5240 rursumque
1605 5169 1772 5224 miser
1799 5186 1993 5227 saxum
2023 5172 2077 5227 in

472 5269 645 5325 altum
674 5265 939 5323 revolvat.
998 5264 1243 5319 Tradunt
1271 5264 1473 5320 iterum
1503 5266 1644 5338 quod
1675 5267 1961 5337 cujusdam
1986 5270 2076 5338 je-

471 5375 568 5415 cur
596 5357 673 5415 ibi
702 5357 886 5412 vultur
916 5354 1165 5415 excedat,
1228 5354 1378 5426 quod
1401 5356 1515 5424 jam
1562 5366 1946 5428 consumptum
1979 5359 2077 5416 ίιε-

473 5463 593 5504 rum
621 5445 991 5504 recrudescat.
1020 5444 1147 5498 Haec
1171 5444 1300 5514 quia
1328 5444 1549 5515 sapiens
1579 5446 1717 5502 ratio
1744 5449 2074 5519 composuit,

471 5543 637 5601 debet
663 5545 803 5601 scire
833 5550 1017 5598 vestra
1038 5540 1259 5597 dilectio
1290 5542 1421 5614 quid
1453 5542 1637 5600 velint.
1662 5544 1717 5599 Is
1745 5545 1835 5617 qui
1865 5546 1919 5601 in
1943 5555 2077 5603 rotae

471 5634 746 5703 vestigine
774 5632 849 5686 de
876 5639 1059 5685 monte
1090 5629 1144 5684 in
1194 5630 1301 5685 ima
1335 5630 1730 5702 praecipitatur,
1747 5644 1830 5689 est
1859 5634 1951 5689 ille
1979 5636 2078 5708 qui

474 5717 543 5772 de
572 5718 861 5774 altitudine
889 5717 1175 5788 potestatis
1204 5718 1292 5774 vel
1319 5719 1633 5775 divitiarum
1666 5720 1722 5777 in
1749 5723 2072 5793 profundum

472 5808 678 5869 baratri
705 5828 954 5885 preceps
981 5822 1215 5870 rotatur.
1254 5814 1360 5883 Qui
1387 5823 1576 5874 autem
1608 5833 1800 5875 saxum
1829 5820 1886 5877 in
1911 5837 2073 5880 mou-

470 5904 578 5957 tem
608 5900 833 5972 evolvit,
865 5898 1013 5972 quod
1037 5901 1216 5971 ipsum
1272 5917 1397 5960 mox
1427 5904 1681 5976 revolvit,
1735 5916 1822 5965 est
1875 5909 1925 5966 is
1981 5911 2074 5984 qui

2182 4700 2309 4742 cum
2339 4683 2426 4740 vix
2456 4682 2734 4739 sufficeret
2769 4689 2986 4754 tempus
3012 4681 3080 4737 ad
3110 4680 3455 4738 emendanda
3484 4686 3779 4750 transacta,

2185 4789 2404 4845 semper
2432 4771 2620 4828 infelix
2649 4787 2763 4831 non
2785 4778 2969 4829 cessat
2995 4770 3198 4828 addere
3228 4769 3549 4838 recentiora,
3604 4787 3779 4844 usque

2185 4871 2317 4928 dum
2346 4869 2791 4942 desperationem
2809 4869 3062 4926 incidens
3090 4868 3471 4941 pmnitentiam
3519 4884 3626 4925 non
3656 4884 3779 4926 me-

2183 4968 2358 5027 retur,
2417 4960 2517 5016 sed
2545 4959 2689 5017 mole
2717 4958 3010 5015 criminum
3066 4958 3124 5014 in
3178 4963 3410 5014 mortem
3437 4958 3776 5031 deprimitur.

2182 5049 2281 5107 Ille
2311 5056 2491 5105 autem
2521 5049 2613 5121 qui
2641 5064 2842 5121 aquam
2896 5048 3012 5106 vasi
3066 5046 3234 5105 fundo
3288 5046 3492 5105 carenti
3516 5047 3776 5117 immittit,

2184 5156 2268 5203 est
2296 5146 2344 5203 is
2391 5147 2485 5220 qui
2515 5148 2896 5219 eleemosynas
2925 5145 3011 5203 vel
3025 5145 3137 5202 alia
3164 5145 3345 5218 aliqua
3368 5145 3508 5201 bona
3527 5145 3782 5202 commit—

2184 5235 2265 5304 tit,
2297 5237 2400 5293 sed
2429 5252 2494 5293 ea
2530 5252 2633 5308 per
2684 5235 3083 5292 immunditiam
3129 5234 3215 5291 vel
3243 5234 3349 5290 alia
3396 5233 3521 5289 vitia
3566 5234 3777 5291 amittit.

2185 5335 2341 5392 Unde
2378 5335 2644 5406 scriptum
2673 5343 2753 5390 est
2790 5352 2803 5389 :
2867 5357 2890 5384 α
2939 5333 3316 5407 Congregavit
3366 5333 3672 5405 pecuniam,
3729 5340 3783 5389 et

2185 5424 2329 5481 misit
2359 5441 2485 5481 eam
2511 5425 2568 5480 in
2594 5440 2811 5481 saccum
2846 5432 3129 5495 pertusum
3161 5425 3317 5495 (Agg.
3341 5424 3402 5489 ι).
3436 5445 3460 5473 ιι
3495 5422 3778 5479 Pecuniam

2180 5521 2237 5578 in
2268 5524 2547 5581 sacculum
2583 5536 2867 5595 pertusum
2897 5528 3202 5594 congregat
3249 5520 3340 5592 qui
3371 5520 3511 5577 bona
3564 5520 3777 5593 quidem

2181 5629 2473 5693 perpetrat,
2528 5622 2634 5677 sed
2664 5636 2731 5677 ea
2761 5620 2944 5694 pravis
2973 5620 3234 5692 cperibus
3281 5618 3613 5691 coinquinat.
3677 5616 3777 5687 Qui

2180 5734 2317 5776 vero
2347 5719 2495 5791 ligna
2522 5719 2772 5776 ferebant
2797 5727 3199 5784 transversum,
3230 5726 3356 5773 sunt
3386 5717 3440 5771 hi
3471 5716 3563 5789 qui
3604 5715 3776 5772 ferunt

2179 5831 2350 5889 grave
2372 5816 2574 5891 jugum
2603 5817 2901 5890 superbire.
2923 5815 3030 5887 Qui
3058 5816 3191 5873 dum
3234 5814 3557 5873 alterutrum
3584 5813 3773 5872 cedere

2178 5911 2392 5985 nolunt,
2448 5922 2663 5989 portam
2690 5914 2933 5973 caelestis
2959 5913 3197 5973 civitatis
3224 5912 3441 5989 ingredi
3468 5926 3579 5972 uel
3612 5918 3774 5988 pars.
