3924 6406
160 395 190 448 !
203 393 317 448 108

1123 396 1700 456 DEFLORATIONES
1736 395 1836 453 SS.
1875 396 2173 453 PATRUM.
2204 428 2277 439 —
2311 397 2437 452 LIB.
2482 399 2552 453 ll.

3352 399 3489 454 “06

163 524 325 572 runt.
357 517 466 587 Qui
507 527 691 577 autem
740 539 906 580 suave
939 501 1152 596 .jugum
1208 523 1424 579 Domini
1472 521 1781 580 cervicibus
1809 520 1866 582 Α
1897 521 2062 592 poris,
2092 522 2482 594 gastrimargia
2502 529 2556 578 et
2594 521 2830 577 luxuria.
2881 522 3009 578 Hac
3071 521 3248 578 omnia
3281 521 3486 593 praeci-

165 615 292 670 suis
332 615 644 686 imponunt,
677 627 729 674 et
758 619 876 675 leve
907 635 1045 676 onus
1104 620 1320 687 tollunt,
1353 620 1406 674 bi
1451 628 1664 690 portam
1699 636 1789 672 su-

174 728 378 784 pernae
410 713 566 768 urbis
598 714 896 772 intrabunt.
932 717 1012 772 Ad
1063 718 1224 783 hanc,
1287 717 1621 780 charissimi,
1676 724 1788 770 toto

178 801 357 856 corde
379 803 744 871 suspiremus,
803 805 927 860 tolis
961 806 1169 860 viribus
1212 821 1588 876 properemus,
1646 822 1787 874 qua-

177 896 350 944 tenus
380 900 604 960 puteum
637 908 743 947 non
777 894 1067 949 habentem
1086 895 1406 958 evadamus,
1467 901 1518 947 et
1551 894 1786 948 hostiam

176 987 369 1043 laudis
401 991 635 1045 Domino
663 992 715 1044 in
745 993 896 1047 atriis
924 993 1262 1048 Hierusalem
1281 992 1586 1050 sacrificare
1620 993 1787 1047 valea-

179 1093 332 1132 mus.
362 1079 464 1134 Ubi
495 1080 686 1134 oculus
717 1097 824 1135 non
843 1081 969 1136 vidit
1001 1083 1055 1148 (Ι
1087 1082 1208 1136 Cor.
1242 1083 1328 1146 ιι).

329 1185 403 1240 De
427 1187 599 1240 verbis
637 1187 810 1242 David
842 1205 854 1241 :
895 1212 915 1235 «
938 1189 1303 1244 Ascensioncs
1329 1189 1391 1242 in
1421 1187 1602 1244 corde.
1624 1205 1646 1234 ι

258 1299 906 1357 Ascensionesincorde
937 1319 1036 1357 suo
1096 1303 1385 1373 disposuit,
1446 1311 1549 1357 etc.
1607 1301 1784 1371 (Psal.

184 1392 462 1459 Lxxxm.)
502 1413 522 1436 ιι
560 1390 732 1445 Homo
763 1398 875 1444 tres
931 1391 1314 1447 descensorios
1363 1390 1565 1462 gradus
1621 1389 1787 1443 ruina:

183 1484 447 1540 incurrit.
477 1486 684 1541 Primus
705 1497 787 1542 est
815 1487 1050 1559 propria:
1079 1489 1369 1543 voluntatis
1398 1487 1786 1559 prmsumpsio;

189 1582 492 1648 secundus,
524 1585 822 1640 carnalium
854 1586 1231 1640 illecebrarum
1265 1586 1460 1640 abusio
1494 1605 1508 1652 ς
1569 1585 1784 1654 tertius,

191 1669 360 1725 fallax
390 1672 782 1743 temporalium
838 1674 1130 1729 affectatio.
1180 1675 1382 1730 Eadem
1415 1677 1504 1730 via
1549 1688 1656 1744 qua
1685 1673 1788 1727 de-

151 1765 154 1768 ’
191 1769 432 1836 scendit,
465 1771 764 1850 ascendere
793 1771 958 1826 debet
989 1771 1289 1842 reciprocis
1327 1771 1610 1843 gressibus
1642 1790 1655 1833 ;
1690 1771 1786 1824 sed

1897 616 2116 686 piuntur
2146 616 2457 674 mortificari
2491 617 2797 673 volentibus
2826 617 3027 673 intrare
3087 627 3140 674 et
3195 618 3487 690 pervenire

1895 718 1962 771 ad
1995 728 2197 774 terram
2221 715 2706 786 repromissionis;
2769 731 2872 770 nec
2928 716 3148 770 intrabit
3206 717 3326 787 quis
3381 715 3487 771 nisi

1899 812 2139 865 transeat
2166 805 2384 860 Jericho
2426 819 2526 874 per
2569 802 2752 857 locum
2803 803 2905 856 sibi
2957 808 3266 873 oppositum
3304 804 3490 876 ingre-

1895 900 2074 962 diens,
2118 895 2244 966 quia
2273 893 2552 947 destructa
2580 891 2837 961 superbia
2885 891 3171 946 humilitati
3193 891 3250 946 fit
3271 893 3490 964 ingres-

1896 1003 2010 1041 sus.
2044 984 2264 1039 Invidite
2294 981 2556 1045 charitas,
2596 979 2688 1034 ira)
2722 980 3002 1049 patientia,
3034 980 3261 1036 luxuriae
3315 981 3488 1036 casti-

1895 1083 1999 1139 tas,
2033 1073 2277 1128 avaritia:
2308 1071 2553 1140 largitas,
2584 1069 2985 1140 gastrimargia:
3023 1069 3355 1124 abstinentia
3382 1085 3488 1139 op-

1895 1167 2072 1235 posita
2129 1168 2235 1216 est.
2277 1160 2403 1214 llaac
2434 1173 2566 1227 ergo
2591 1157 2675 1212 via
2699 1162 2802 1224 est,
2827 1173 2934 1228 qua
2956 1157 3026 1212 ad
3057 1157 3340 1212 cmlestem
3383 1174 3485 1227 pa-

1895 1261 2051 1314 triam
2085 1257 2377 1313 tendimus.
2458 1253 2721 1308 Viaticum
2777 1261 2861 1307 est
2905 1269 3107 1323 corpus
3153 1260 3208 1307 et
3261 1253 3487 1324 sanguis

1897 1355 2136 1412 Domini.
2175 1352 2401 1424 Quoqni
2433 1359 2600 1417 caret,
2633 1352 2700 1405 ad
2745 1351 3078 1405 destinatum
3134 1349 3316 1406 locum
3373 1365 3486 1406 non

1895 1445 2161 1518 pervenit,
2186 1451 2275 1497 aut
2305 1441 2481 1511 magis
2539 1440 2667 1495 inde
2722 1438 2980 1495 discedit.

1965 1535 2072 1589 Sed
2103 1533 2224 1604 quia
2282 1529 2503 1602 quidam
2537 1528 2850 1583 mendicant
2897 1529 3090 1600 quibus
3137 1543 3247 1583 non
3305 1527 3483 1597 datur,

1895 1623 1967 1678 ait
1997 1621 2264 1676 Salomon
2298 1636 2358 1673 :«
2385 1619 2615 1687 Pr0pter
2655 1615 2828 1688 frigus
2887 1616 3046 1689 piger
3065 1632 3222 1672 arare
3277 1617 3484 1684 noluit;

1893 1717 2223 1774 mendicabit
2249 1730 2385 1786 ergo
2450 1721 2664 1778 aestate,
2697 1720 2749 1767 et
2806 1728 2913 1767 non
2951 1713 3168 1768 dabitur
3195 1712 3246 1768 ei
3301 1715 3485 1783 (Prov.

1897 1808 2022 1879 xx).
2057 1829 2078 1854 ιο
2107 1805 2262 1874 Quod
2278 1812 2359 1858 est
2389 1803 2571 1857 dicere
2596 1822 2607 1857 :
2645 1802 2871 1870 Propter
2902 1801 3005 1857 hoc
3025 1800 3282 1857 saeculum
3300 1816 3490 1870 repro-

191 1873 481 1967 °°“°‘,"'59,
500 1859 710 1967 (παίρῇ
746 1869 802 1914 ω’
833 1860 1042 1967 Erimus
1097 1861 1303 1967 and,“
1351 1861 1422 1914 δὴ
1451 1859 1784 1967 ⁸⁸θ⁰ηδί⁰⁰,ί.³
1811 1873 1866 1936 Β
1899 1859 1998 1952 bus
2022 1859 2251 1967 quisque
2273 1892 2428 1947 bonis
2445 1890 2656 1946 actibus
2697 1859 2942 1946 exerceri
2964 1889 3135 1945 noluit
3160 1905 3174 1959 ;
3205 1859 3492 1945 mendica-

195 1947 557 2002 saecularibus
585 1948 972 2003 abrenuntiare
997 1967 1010 2012 ;
1044 1950 1342 2013 secundus,
1366 1965 1582 2004 carnem
1607 1948 1789 2004 morti-

196 2034 366 2090 ficare
399 2051 413 2104 ;
443 2036 656 2103 tertius,
688 2037 961 2108 propriam
993 2038 1320 2092 voluntatem
1351 2037 1617 2106 abjicere.
1672 2040 1790 2092 Istae

196 2132 324 2177 sunt
355 2132 472 2178 tres
493 2125 687 2190 dizetze,
710 2126 908 2196 quibus
931 2126 997 2180 ad
1022 2127 1295 2181 Christum
1328 2127 1595 2181 redimus.
1635 2125 1790 2182 Unde

197 2214 417 2284 Moyses
452 2231 466 2268 :
504 2235 526 2262 ι
563 2214 737 2280 Viam,
795 2215 988 2285 inquit,
1037 2215 1197 2270 trium
1252 2215 1464 2270 dierum
1510 2215 1708 2270 ibimus
1736 2215 1789 2268 in

197 2309 499 2375 desertum,
521 2318 577 2365 ut
601 2311 974 2368 sacrificemus
993 2312 1224 2368 Domino
1251 2314 1455 2382 (Exod.
1479 2316 1581 2382 ιιι).
1618 2337 1638 2362 υ
1681 2313 1790 2368 Sed

204 2408 716 2464 abrenuntiantibus
746 2410 968 2474 saeculo,
1000 2415 1055 2465 et
1102 2410 1171 2464 ad
1201 2410 1480 2464 Christum
1509 2410 1790 2466 redeunti-

198 2497 323 2563 bus,
356 2496 632 2552 confessio
654 2513 791 2568 pura
821 2506 874 2553 et
904 2497 1080 2552 fidelis
1102 2500 1317 2571 agenda
1339 2508 1439 2554 est.
1465 2499 1618 2555 Unde
1641 2503 1792 2569 Apo-

199 2585 371 2640 stolus
403 2602 414 2639 :
442 2585 684 2641 «Fidelis
715 2602 897 2641 sermo
928 2595 980 2640 et
1009 2587 1156 2642 omni
1208 2589 1532 2658 acceptione
1563 2587 1787 2660 dignus,

202 2673 328 2745 quia
358 2674 602 2728 Christus
639 2676 798 2729 Jesus
830 2675 974 2730 venit
1005 2675 1056 2729 in
1089 2676 1232 2731 hunc
1289 2677 1546 2730 mundum
1589 2692 1789 2747 pecca-

202 2780 353 2827 tores
375 2772 559 2826 salvos
587 2771 766 2827 facere
816 2773 902 2844 (II
924 2775 1066 2829 Tim.
1091 2779 1149 2842 ι).
1181 2798 1202 2822 ιι
1231 2775 1488 2829 l’eccator
1509 2774 1643 2828 alius
1664 2790 1790 2829 vero

198 2861 365 2916 corde
417 2859 562 2915 fideli
608 2877 859 2916 sermone
916 2871 1138 2931 peccata
1197 2862 1502 2917 confitetur.
1548 2864 1626 2918 De
1683 2879 1791 2934 quo

198 2949 393 3004 dicitur
428 2967 441 3003 :
473 2973 493 2995 α
533 2950 679 3004 Beati
711 2967 942 3020 quorum
1003 2951 1250 3005 remissis
1309 2961 1431 3006 sunt
1479 2952 1790 3022 iniquitates

200 3039 371 3108 (Psal.
400 3046 581 3105 XXXI).
622 3059 644 3087 ι
677 3039 782 3093 Alii
813 3046 935 3092 sunt
959 3040 1048 3110 qui
1082 3057 1141 3094 se
1171 3050 1453 3096 excusant.
1489 3043 1565 3095 De
1595 3041 1790 3112 quibus

199 3126 460 3181 Dominus
490 3143 590 3197 per
619 3129 938 3198 prophetam
973 3148 982 3182 :
1022 3151 1043 3174 α
1081 3129 1211 3188 Plui,
1241 3129 1431 3200 inquit,
1479 3146 1642 3200 super
1661 3129 1791 3184 civi-

1899 1993 1976 2047 bit
2010 2007 2146 2062 ergo
2177 1989 2228 2043 in
2263 1988 2464 2042 ultima:
2481 1987 2588 2042 diei
2609 1986 2860 2042 claritate
2882 1987 3078 2058 stipem
3113 1985 3310 2041 salutis
3334 1994 3491 2042 teter-

1898 2097 2003 2144 nm,
2032 2089 2084 2134 et
2114 2094 2220 2134 non
2242 2077 2462 2132 dabitur
2485 2076 2554 2130 ei.
2579 2077 2767 2130 Hiems
2786 2075 2930 2130 enim
2960 2091 3203 2146 praesens
3223 2075 3488 2132 saeculum

1898 2168 2240 2241 intelligitur,
2272 2166 2383 2232 ubi,
2417 2165 2542 2236 quia
2567 2164 2804 2218 abundat
2833 2163 3116 2235 iniquitas,
3184 2163 3494 2236 refrigescit

1899 2256 2392 2326 charitas(Malth.
2453 2254 2644 2324 xxxv);
2677 2261 2840 2309 aestas
2870 2261 3052 2309 autem
3106 2253 3226 2308 dies
3275 2252 3489 2322 judicii,

1899 2357 1992 2412 ubl
2022 2355 2210 2412 electis
2240 2353 2395 2426 quasi
2424 2351 2580 2408 bonis
2601 2351 2864 2423 operariis
2893 2351 2964 2407 de
3008 2350 3342 2424 agricultura
3390 2365 3492 2406 sua

1899 2445 2094 2500 messis
2125 2450 2400 2516 perpetua:
2430 2440 2622 2497 salutis
2653 2440 2922 2495 redditur.

2483 2549 2560 2604 De
2588 2548 2904 2614 jactantia.

1977 2669 2108 2721 Tam
2138 2666 2191 2720 in
2220 2663 2378 2720 dictis
2409 2679 2567 2735 quam
2613 2663 2668 2716 in
2701 2661 2854 2718 factis
2885 2669 2966 2718 est
2993 2662 3235 2719 cavenda
3271 2662 3493 2732 jactan-

1902 2756 2005 2811 tia:
2048 2755 2231 2809 ﬂenda
2265 2761 2347 2808 est
2377 2761 2557 2808 tamen
2590 2751 2746 2806 ruina
2799 2750 2938 2807 velle
2997 2751 3100 2805 sibi
3158 2767 3494 2822 quemquam

1900 2845 2078 2916 magis
2109 2859 2269 2914 quam
2305 2844 2416 2896 Deo
2447 2841 2684 2912 placere,
2711 2849 2762 2894 et
2805 2839 3024 2894 laudem
3079 2839 3147 2894 ab
3185 2839 3495 2894 hominibus

1901 2957 2240 3012 comparare.
2292 2939 2474 2993 Vanus
2532 2945 2587 2992 et
2641 2937 2840 2992 erroris
2900 2944 2982 2991 est
3034 2937 3246 2991 animus
3301 2936 3495 3006 plenus

1903 3029 2103 3085 famam
2129 3036 2410 3098 appetere,
2444 3034 2498 3080 et
2525 3026 2593 3080 ad
2627 3025 2946 3096 capiendam
2977 3034 3252 3080 terrenam
3277 3024 3493 3080 laudem

1901 3119 2134 3173 studium
2167 3118 2322 3170 dare.
2364 3115 2732 3184 Circumspice
2779 3113 3143 3184 temetipsum,
3194 3129 3227 3169 ο
3283 3114 3446 3170 homo
3481 3116 3493 3168 !

199 3221 367 3268 tatem
395 3231 554 3268 unam
588 3233 600 3269 :
629 3224 677 3269 et
711 3232 873 3284 super
891 3216 1113 3270 alteram
1139 3233 1245 3269 non
1267 3218 1375 3287 plui
1407 3219 1612 3284 (Amos.
1647 3221 1780 3281 iv)»:
1814 3222 1861 3286 Ο
1898 3215 2137 3286 nihilque
2161 3213 2256 3267 tibi
2291 3227 2515 3283 arroges
2543 3228 2659 3282 qua:
2687 3211 2815 3265 inte
2873 3218 2999 3264 sunt
3053 3219 3254 3282 praeter
3301 3227 3497 3282 pecca-

200 3303 314 3358 Hoc
335 3312 418 3357 est
445 3302 697 3358 devotam
731 3303 968 3357 animam
989 3321 1087 3374 per
1111 3306 1336 3358 verbum
1367 3306 1623 3362 doctrinae
1640 3323 1788 3362 com-

203 3407 459 3472 punctam
492 3399 738 3472 irrigari,
774 3402 962 3454 duram
995 3411 1047 3455 et
1076 3402 1402 3456 obstinatam
1459 3403 1512 3457 in
1560 3412 1790 3474 peccato

197 3496 419 3568 reliqui.
458 3483 567 3550 Alii
597 3508 799 3569 partem
833 3501 899 3553 de
929 3504 1167 3570 peccatis
1199 3500 1310 3553 suis
1355 3499 1697 3565 confitentur,
1721 3501 1790 3555 de

202 3585 402 3657 quibus
423 3601 550 3656 pars
597 3586 1101 3656 quamconfitentur
1155 3589 1426 3659 compluta
1464 3599 1546 3645 est
1604 3589 1790 3644 verbis

196 3674 462 3730 doctrinae
492 3674 578 3729 vel
622 3675 1008 3741 confessionis,
1029 3685 1080 3731 et
1112 3694 1234 3748 pars
1257 3678 1584 3748 incompluta
1617 3693 1791 3732 rema-

195 3771 306 3817 net.
342 3764 602 3832 Praacepit
633 3765 778 3818 Deus
804 3764 927 3819 filiis
958 3767 1144 3832 lsrael,
1179 3775 1232 3820 ut
1273 3767 1645 3838 ingredientes
1677 3775 1790 3821 ter-

197 3877 307 3916 ram
393 3861 853 3931 repromissionis,
932 3864 1123 3918 hostes
1180 3881 1372 3919 omnes
1425 3863 1792 3919 interficerent

195 3950 386 4020 (Iosue
416 3954 596 4019 xxvr).
643 3974 664 3997 α
695 3951 750 4006 Si
775 3952 864 4022 qui
884 3954 1268 4018 remanserint,
1302 3953 1574 4025 inquiens,
1633 3960 1791 4008 erunt

196 4038 352 4094 vobis
383 4039 537 4107 quasi
568 4039 706 4094 clavi
737 4040 790 4093 in
830 4041 1021 4108 oculis,
1079 4051 1131 4096 et
1153 4042 1305 4113 quasi
1338 4042 1542 4096 lanceae
1573 4041 1625 4096 in
1653 4043 1791 4097 late-

197 4127 350 4182 ribus
382 4126 469 4181 vel
489 4127 541 4180 in
566 4128 938 4197 costis(Num.
974 4131 1189 4199 xxxiii).
1222 4156 1242 4179 ι
1271 4131 1787 4187 Perconfessionem

197 4216 342 4272 enim
362 4215 432 4270 de
459 4216 721 4286 Egypto,
754 4217 809 4271 id
837 4226 921 4272 est
948 4218 1019 4273 de
1046 4220 1248 4275 mundo
1266 4222 1640 4292 egredientes,
1677 4229 1788 4275 ter-

200 4319 313 4360 ram
344 4304 793 4374 repromissionis
849 4305 1224 4377 ingredimini,
1275 4309 1330 4364 id
1386 4319 1469 4363 est
1507 4310 1788 4364 caelestem

198 4392 424 4464 patriam
457 4411 471 4458 ;
504 4392 552 4447 si
571 4392 696 4447 vitia
741 4411 913 4466 usque
942 4396 1011 4450 ad
1070 4413 1233 4452 unum
1289 4398 1608 4461 occidimus,
1671 4414 1790 4467 quas

195 4480 587 4553 superfuerint,
619 4490 791 4536 erumt
813 4484 970 4538 nobis
1001 4485 1154 4557 quasi
1209 4486 1351 4542 clavi
1383 4487 1436 4541 in
1485 4487 1675 4553 oculis,
1736 4496 1788 4542 et

1899 3303 2171 3358 tum.Non
2195 3301 2433 3356 declinat
2461 3300 2528 3354 ad
2568 3299 2850 3354 dexteram
2911 3301 3002 3369 qui
3046 3316 3153 3354 non
3211 3299 3339 3365 sibi,
3396 3301 3494 3355 sed

1897 3394 2011 3448 Deo
2041 3391 2224 3444 tribuit
2254 3390 2394 3443 bona
2425 3405 2546 3459 qua:
2589 3388 2722 3460 agit,
2773 3404 2952 3459 neque
2997 3388 3065 3443 ad
3124 3388 3394 3442 sinistram
3433 3405 3494 3444 se

1896 3481 2052 3538 vertit
2073 3479 2165 3551 qui
2194 3479 2261 3534 de
2293 3477 2472 3532 divina
2528 3477 2866 3548 indulgentia
2926 3477 3188 3546 peccandi
3216 3477 3497 3532 licentiam

1897 3595 2004 3634 non
2037 3576 2335 3649 praesumit.
2378 3576 2492 3631 Hoc
2515 3583 2596 3630 est
2625 3574 2767 3646 quod
2798 3575 3080 3646 Pr0phaata
3114 3575 3187 3628 ait
3224 3590 3237 3627 :
3274 3597 3295 3621 α
3365 3575 3494 3630 Haec

1897 3668 1986 3724 via
2027 3687 2038 3721 :
2072 3665 2344 3720 ambulate
2373 3664 2428 3718 in
2459 3679 2540 3730 ea,
2575 3679 2752 3734 neque
2782 3663 2850 3717 ad
2872 3662 3176 3731 dexteram,
3213 3678 3391 3734 neque
3422 3662 3494 3718 ad

1897 3756 2176 3811 sinistram
2198 3755 2332 3822 (Ira.
2362 3753 2512 3821 xxx).
2549 3775 2572 3800 ι
2610 3753 2808 3807 Verum
2839 3760 2921 3806 est
2951 3751 3097 3822 quod
3128 3759 3321 3805 natura
3381 3768 3489 3806 ex-

1897 3861 2106 3923 spectat
2145 3851 2405 3906 delectari
2437 3851 2491 3904 in
2520 3849 2790 3914 laudibus,
2823 3849 2921 3904 sed
2954 3858 3078 3905 tunc
3106 3856 3274 3913 recte,
3335 3849 3379 3904 si
3440 3849 3495 3904 in

1901 3944 2033 4007 Deo,
2068 3957 2177 3995 non
2200 3941 2252 3994 in
2280 3957 2359 4004 se,
2383 3939 2612 4011 quisque
2631 3937 2902 3993 laudetur.
2936 3938 3082 3994 Sicut
3103 3938 3457 4008 scriptumest
3477 3958 3496 3995 :

1902 4053 1924 4082 α
1960 4034 2018 4086 ln
2051 4029 2282 4086 Domino
2306 4027 2621 4083 laudabitur
2648 4027 2826 4081 anima
2859 4042 2982 4082 mea
3013 4028 3188 4084 (Psal.
3211 4027 3426 4097 xxxiii).
3463 4049 3485 4075 υ

1899 4131 2054 4199 Saepe
2079 4143 2267 4182 vanam
2293 4125 2524 4196 gloriam
2545 4124 3011 4182 contemnendoin
3031 4124 3173 4179 aliud
3192 4141 3368 4196 genus
3391 4123 3495 4180 ela-

1897 4217 2058 4273 tionis
2086 4214 2367 4280 inciditur,
2400 4213 2528 4268 dum
2559 4213 2610 4268 in
2651 4229 2710 4267 se
2751 4213 2982 4285 quisque
2999 4214 3265 4284 gloriatur
3293 4230 3388 4284 pro
3423 4229 3490 4269 eo

1898 4305 2042 4379 quod
2081 4302 2470 4375 comptenserit
2501 4302 2570 4357 ab
2599 4301 2910 4357 hominibus
2954 4301 3193 4358 laudem.
3248 4302 3490 4371 Quibus-

1895 4404 2021 4458 dam
2051 4417 2377 4458 concessum
2399 4408 2482 4456 est
2519 4407 2724 4454 tantum
2753 4399 2894 4455 bene
2926 4416 3112 4472 agere,
3148 4409 3204 4456 et
3256 4399 3491 4457 fructum

1897 4491 2024 4547 boni
2055 4491 2235 4561 operis
2266 4505 2373 4544 non
2400 4489 2621 4557 habere,
2658 4505 2822 4560 quem
2852 4489 2955 4559 ipsi
2986 4489 3089 4543 sibi
3117 4488 3369 4545 auferunt
3395 4507 3494 4561 per

197 4578 349 4652 quasi
378 4577 584 4634 lancem
613 4579 668 4634 in
689 4581 882 4636 costis.
923 4582 1045 4638 Hoc
1073 4591 1155 4638 est
1185 4584 1573 4654 impedimenta
1630 4584 1787 4640 bonae
1817 4578 1867 4637 D
1900 4579 2134 4635 studium
2166 4580 2415 4633 humanae
2446 4575 2736 4646 jactantiae.
2770 4576 2997 4648 Semper
3034 4593 3191 4632 suam
3228 4578 3496 4648 aspiciant

193 4666 512 4724 intentionis
541 4668 660 4722 sive
700 4679 1025 4726 tormentum
1057 4673 1111 4726 in
1169 4673 1522 4736 conscientia,
1574 4681 1631 4728 ut
1685 4689 1785 4743 per

194 4757 311 4812 haec
331 4764 384 4810 et
433 4754 592 4810 fortia
638 4755 892 4812 virtutum
954 4760 1289 4830 dissipentur
1337 4777 1528 4832 Opera,
1589 4761 1784 4831 quibus

192 4852 494 4908 infirmiora
562 4861 743 4908 nostra
804 4855 962 4926 quasi
1009 4857 1174 4911 costis
1229 4857 1482 4913 interiora
1536 4866 1785 4914 contecta

193 4942 528 4997 muniuntur.
561 4941 667 4997 Sed
695 4952 908 5011 oportet
927 4945 1068 5000 scire
1099 4945 1226 5017 quia
1260 4946 1345 5000 via
1403 4955 1455 5002 et
1510 4963 1616 5019 quo
1666 4947 1783 5001 via-

196 5031 304 5087 tico
334 5030 596 5085 utendum
617 5030 704 5085 sit.
735 5032 1144 5089 Transeundum
1179 5036 1342 5106 igitur
1371 5043 1455 5092 est
1508 5053 1610 5106 per
1640 5035 1784 5092 Jeri-

195 5129 316 5194 eho,
350 5127 403 5182 id
431 5134 513 5182 est
545 5143 643 5198 per
659 5127 934 5184 defectum
961 5130 1120 5200 hujus
1151 5131 1300 5186 vitis.
1366 5131 1582 5189 Jericho
1639 5133 1784 5188 enim

194 5217 322 5273 luna
347 5216 750 5286 interpretatur.
774 5218 839 5273 Et
861 5218 999 5274 sicut
1042 5219 1172 5274 luna
1227 5235 1372 5277 nunc
1426 5235 1579 5286 cava,
1633 5236 1784 5279 nunc

192 5306 353 5377 plena
400 5304 772 5361 cernitnrzita
801 5306 888 5362 hic
915 5307 1009 5362 alii
1061 5323 1350 5380 pauperes,
1419 5309 1510 5364 alii
1554 5310 1773 5367 divites.

191 5405 319 5460 Haec
375 5401 610 5473 mystica
669 5403 888 5460 Iericho
945 5413 1154 5476 septem
1211 5406 1380 5462 muris
1437 5409 1644 5464 munita
1699 5415 1782 5466 est

191 5493 375 5563 (Iosue
407 5493 507 5561 v1).
546 5490 784 5560 Quorum
817 5492 1021 5563 primus
1050 5501 1133 5548 est
1159 5495 1428 5566 superbia,
1462 5497 1671 5563 acedia,
1729 5507 1782 5554 et

192 5587 386 5637 cratera
415 5579 543 5636 vitia
571 5578 673 5635 sibi
694 5582 1047 5651 cohaerentia,
1077 5583 1354 5640 secundus
1383 5584 1607 5651 invidia,
1671 5594 1780 5642 ter-

191 5679 294 5736 tius
319 5678 421 5743 ira,
455 5685 682 5750 quartus
711 5678 1197 5751 tristitia,quintus
1244 5681 1468 5736 avaritia
1502 5700 1516 5736 :
1549 5683 1781 5755 singulas

193 5784 313 5826 cum
340 5766 747 5824 cohaerentibus
791 5766 894 5822 sibi
936 5767 1078 5824 vitiis
1121 5778 1173 5826 et
1219 5769 1483 5841 peccatis.
1542 5772 1607 5826 Et
1660 5772 1780 5829 haec

193 5864 410 5936 quidem
441 5861 573 5918 vitia
587 5870 712 5918 sunt
737 5863 940 5921 animae
972 5883 986 5928 ;
1018 5865 1130 5922 alia
1152 5883 1284 5924 vero
1339 5867 1447 5924 duo
1496 5876 1618 5925 sunt
1655 5885 1777 5926 cor-

1895 4677 2193 4733 faaditatem
2225 4677 2315 4747 qui
2346 4690 2495 4732 vanae
2525 4673 2714 4746 gloria:
2745 4675 2960 4730 favores
2989 4674 3244 4747 diligunt,
3275 4683 3328 4730 et
3369 4692 3492 4748 per-

1891 4765 2097 4820 didisse
2128 4765 2327 4820 bonum
2358 4780 2418 4818 se
2448 4779 2584 4834 Opus
2625 4762 2861 4830 doleant,
2919 4763 3063 4834 quod
3102 4779 3198 4834 pro
3252 4764 3492 4819 humana

1893 4854 2254 4910 ostentatione
2275 4853 2541 4908 fecerunt.
2574 4855 2797 4908 Amator
2819 4868 2968 4907 vana:
2981 4850 3170 4920 gloriae
3198 4853 3343 4908 unde
3373 4868 3497 4923 ρος·

1893 4953 1962 5008 sit
1981 4968 2200 5022 semper
2263 4950 2478 5005 laudari
2531 4965 2700 5021 agere
2729 4965 2836 5005 non
2895 4949 3145 5022 quiescit,
3179 4958 3229 5005 et
3260 4949 3487 5005 subinde

1892 5040 1970 5096 illi
2028 5041 2174 5096 vires
2224 5038 2471 5094 vanitatis
2520 5055 2723 5110 pravus
2777 5038 3053 5110 appetitus
3109 5046 3294 5111 auget.
3352 5038 3487 5094 Boni

1891 5129 2080 5200 operis
2102 5128 2372 5185 inchoatio
2401 5142 2508 5183 non
2530 5127 2696 5183 debet
2719 5127 2896 5198 palam
2928 5126 3085 5184 citius
3115 5127 3182 5183 ad
3204 5127 3482 5183 hominum

1892 5225 2258 5299 cognitionem
2287 5223 2495 5293 venire,
2528 5239 2597 5280 ne
2626 5224 2752 5280 dum
2785 5225 2912 5280 boni
2946 5224 3216 5281 inchoatio
3230 5223 3484 5280 humanis

1891 5322 2066 5379 oculis
2094 5329 2381 5386 reseratur,
2415 5336 2448 5375 a
2476 5319 2671 5377 virtute
2685 5321 3041 5392 perfectionis
3061 5321 3341 5378 inanescat
3371 5335 3482 5378 cm-

1891 5411 2003 5482 ptio
2032 5410 2354 5466 sanctitatis.
2387 5412 2526 5464 Ante
2555 5409 2880 5465 maturitatis
2923 5410 3067 5467 enim
3097 5418 3311 5482 tempus
3335 5425 3486 5465 mes-

1890 5525 1986 5565 ses
2015 5507 2394 5563 florentescito
2423 5515 2674 5578 pereunt,
2737 5507 2957 5564 semina
3007 5523 3222 5581 quoque
3269 5506 3486 5564 inutilia

1889 5598 2040 5654 ﬁunt.
2088 5597 2322 5652 Virtutes
2351 5604 2662 5652 sanctorum
2714 5612 2814 5668 per
2841 5597 3217 5654 ostentationis
3271 5595 3486 5669 appeti-

1888 5695 2003 5742 tum
2057 5685 2299 5741 dominio
2353 5685 2754 5741 immundorum
2804 5685 3088 5756 spirituum
3119 5686 3478 5756 subjciuntur.

1888 5782 2036 5840 Sicut
2064 5781 2326 5837 Ezechias
2356 5796 2474 5847 rex,
2507 5780 2604 5853 qui
2651 5780 2866 5837 divitias
2895 5798 3024 5839 suas
3052 5783 3332 5840 Chaldaeis
3384 5800 3486 5856 per

1883 5869 2200 5942 jactantiam
2238 5869 2499 5942 prodidit,
2530 5878 2585 5927 et
2612 5878 2898 5944 propterea
2922 5872 3200 5945 perituras
3230 5888 3334 5946 per
3359 5887 3489 5944 pro-
