3972 6410
451 377 590 433 1107

1592 378 1935 436 ἯΈΠΝΕΚΙ
1976 378 2260 435 ΑΒΒΑΤΙΒ
2298 378 2362 436 8.
2412 379 2635 435 BLASII

3630 374 3823 439 1108-

452 502 673 575 phetam
701 501 928 571 audivit,
962 510 1018 558 ut
1072 500 1407 576 signiﬁcaret
1436 502 1535 559 Dei
1567 520 1787 560 servum
1835 504 2064 560 virtutes
2092 503 2149 566 Α
2175 502 2301 559 vitm
2348 503 2611 575 suspirat.
2670 502 2915 574 Quatuor
2978 520 3102 560 esse
3158 501 3442 576 qualitates
3514 501 3787 560 affectio-

454 604 609 659 suas,
640 591 773 647 dum
791 608 893 665 per
922 607 1075 648 vanae
1101 591 1291 665 glorias
1318 591 1558 647 studium
1608 592 1918 665 prodiderit
1946 608 2066 665 per-

454 688 606 756 dere,
647 698 703 745 et
730 690 911 746 statim
942 690 1225 746 daemones
1276 704 1501 746 suorum
1537 706 1766 763 operum
1813 691 2066 747 dominos

457 778 657 846 facere,
690 778 829 836 sicut
849 778 941 835 ille
978 795 1079 851 per
1106 779 1532 835 ostentationem
1573 780 1855 836 Chaldeos
1885 796 2066 836 rerum

457 883 686 924 suarum
718 868 970 924 dominos
999 866 1126 924 fecit
1156 866 1287 939 (Ira.
1320 868 1537 939 xxxix).
1589 867 1790 940 Optina
1844 878 1928 924 est
1977 870 2068 924 illa

458 964 741 1031 discretio,
771 972 831 1021 ut
862 974 916 1021 et
944 973 1070 1021 nota
1091 964 1197 1020 sint
1227 980 1393 1036 opera
1421 970 1611 1022 nostra
1642 966 1710 1022 ad
1739 966 2065 1023 audiendam

457 1054 556 1110 Dei
577 1053 835 1127 gloriam,
867 1062 922 1110 et
949 1053 1161 1110 occulta
1188 1069 1286 1126 pro
1308 1054 1529 1110 vitanda
1573 1054 1738 1111 laude
1793 1056 2060 1112 humana.

456 1142 553 1199 Ille
576 1143 722 1198 enim
753 1143 914 1199 debet
943 1142 1219 1214 publicare
1277 1143 1421 1200 bona
1450 1160 1572 1216 qum
1617 1144 1754 1216 agit,
1810 1144 1904 1216 qui
1959 1153 2069 1200 tam

456 1239 698 1313 perfecta
738 1240 1041 1297 humilitale
1063 1240 1319 1297 fondatus
1338 1250 1439 1308 est,
1503 1250 1563 1296 ut
1604 1241 1753 1297 nulla
1778 1243 1900 1314 jam
1952 1242 2069 1298 ela-

454 1329 603 1387 tione
632 1330 1003 1402 contingatur.
1028 1332 1166 1386 Nam
1231 1330 1279 1386 is
1322 1330 1417 1403 qui
1462 1346 1523 1387 se
1566 1330 1819 1404 intelligit
1883 1331 2071 1391 adhuc

456 1418 841 1477 amorelaudis
899 1419 1125 1491 pulsari,
1185 1419 1329 1476 facta
1383 1436 1484 1475 sua
1543 1420 1684 1476 bona
1741 1420 1796 1475 in
1851 1421 2069 1476 occulto

454 1527 606 1592 agat,
636 1534 707 1573 ne
748 1516 883 1574 forte
913 1518 1061 1590 quod
1113 1518 1289 1589 egerit
1343 1518 1567 1589 perdat.
1620 1519 1901 1575 Interdum
1968 1519 2069 1574 viri

455 1606 630 1664 sancti
693 1607 822 1662 dum
876 1606 1100 1678 cupiunt
1159 1607 1401 1663 funditus
1439 1624 1597 1663 suam
1654 1608 2066 1664 mutabilitatem

454 1696 755 1770 corrigere,
819 1694 1116 1768 aliquando
1178 1704 1474 1770 tanguntur
1529 1705 1739 1753 tumore
1815 1697 2069 1753 elationis

454 1811 595 1863 suae,
623 1792 832 1851 conscii
858 1792 1087 1850 actionis
1126 1808 1260 1863 suae,
1283 1792 1385 1849 sed
1410 1794 1479 1848 ab
1520 1794 1691 1864 hujus
1738 1795 2069 1865 abreptionis

455 1883 606 1940 malo
662 1881 983 1938 humilitatis
1060 1881 1483 1954 compunctione
1564 1892 1887 1955 purgantur.
1955 1883 2062 1937 Viri

456 1973 632 2031 sancti
677 1986 1070 2043 nonnunquam
1128 1972 1399 2044 quosdam
1429 1972 1498 2028 de
1555 1988 1615 2029 se
1657 1972 1939 2029 audientes
1975 1972 2064 2026 in-

455 2077 692 2138 struunt,
750 2077 807 2124 et
859 2075 1042 2124 tamen
1109 2067 1162 2123 in
1220 2068 1306 2124 his
1358 2068 1468 2125 alta
1522 2069 1967 2126 consideratione
2005 2086 2067 2124 se

456 2159 789 2224 custodiunt,
822 2172 926 2215 nec
953 2157 1086 2213 dum
1105 2157 1245 2214 alios
1272 2173 1307 2214 a
1349 2166 1567 2214 terrena
1629 2159 1934 2215 intentione
1962 2158 2069 2213 eri-

458 2257 613 2323 gunt,
646 2247 754 2321 ipsi
778 2248 835 2303 in
865 2256 1104 2304 terrena:
1132 2247 1310 2303 laudis
1355 2248 1599 2320 appetitu
1663 2248 2061 2321 dimergantur.

456 2344 693 2415 Quidam
722 2360 822 2417 per
848 2344 1117 2402 incautam
1137 2345 1393 2401 virtutum
1436 2346 1757 2415 iactantiam
1797 2345 2067 2402 relabun-

457 2443 548 2491 tur
576 2436 647 2491 ad
677 2434 827 2501 vitia,
861 2442 916 2490 et
997 2434 1243 2506 quidam,
1301 2435 1432 2490 dum
1484 2435 1737 2491 vitiorum
1796 2435 2067 2505 inpulsum

460 2525 776 2597 frequenter
804 2522 1095 2595 plangunt,
1123 2523 1194 2579 de
1207 2521 1513 2579 inﬁrmitate
1543 2524 1773 2581 validius
1812 2541 1909 2595 per
1964 2526 2068 2580 hu-

460 2621 744 2677 militatem
774 2619 1539 2693 convalescunt.Plerumque
1584 2622 1713 2677 utile
1771 2632 1851 2677 est
1908 2638 2070 2678 arro-

459 2708 719 2781 gantibus
758 2708 997 2764 deseris
1051 2709 1190 2775 Deo,
1248 2717 1518 2781 quatenus
1567 2726 1680 2766 sua:
1744 2711 2073 2767 inﬁrmitatis

460 2797 668 2854 conscii
704 2798 773 2853 ad
817 2796 1177 2853 humilitatem
1254 2797 1497 2865 redeant,
1572 2809 1625 2856 et
1680 2800 1910 2857 humiles
1953 2815 2075 2872 post

462 2911 654 2952 casum
695 2895 955 2951 existant.
993 2894 1256 2951 Nonnulli
1271 2896 1405 2951 falsa
1444 2896 1700 2968 Opinione
1742 2901 2075 2971 arrogantiae

460 3010 522 3051 se
552 3009 676 3051 esse
704 2994 979 3066 perfectos
1025 2994 1352 3065 existimant,
1411 2995 1539 3052 dum
1597 3012 1705 3052 non
1764 2998 1893 3065 sint,
1942 2999 2079 3071 quia

462 3084 671 3141 obortis
700 3083 1091 3140 tentatiouibus
1149 3082 1522 3141 innotescunt.
1566 3085 1783 3155 Quanto
1844 3089 2076 3161 quisque

2174 609 2325 657 num,
2357 593 2558 665 quibus
2588 609 2745 650 mens
2768 593 2901 663 justi
2936 593 3099 650 taedio
3127 592 3334 648 salubri
3360 592 3784 666 compungitur,

2174 681 2279 738 hoc
2307 690 2390 737 est
2417 683 2679 739 memoria
2724 682 3130 754 praeteritorum
3158 681 3466 737 facinorum
3503 680 3788 739 recorda-

2173 778 2321 834 tione
2364 778 2666 835 futurarurn
2712 795 3020 850 poenarum,
3053 778 3485 836 consideratione
3512 777 3787 849 peregri—

2174 867 2413 923 nationis
2441 885 2557 924 sure
2586 868 2643 923 in
2701 869 2862 938 hujus
2893 870 3017 924 vita:
3043 866 3459 940 longinquitate,
3491 866 3786 923 desiderio

2176 973 2427 1028 supernae
2456 957 2672 1029 patrias,
2697 966 2965 1030 quatenus
2993 957 3065 1013 ad
3096 973 3217 1013 eam
3248 956 3567 1028 quantocius
3595 955 3789 1013 valeat

2176 1053 2493 1123 pervenire.
2534 1052 2795 1126 Quisquis
2827 1061 3178 1125 peccatorum
3200 1052 3458 1110 memoria
3507 1069 3787 1124 compun-

2175 1140 2323 1213 gitur
2373 1142 2444 1197 ad
2474 1141 2732 1210 lamenta,
2772 1150 2902 1199 tunc
2930 1141 3030 1198 Dei
3085 1158 3279 1198 servus
3308 1157 3368 1197 se
3398 1141 3607 1198 visitari
3637 1142 3786 1198 sciat

2176 1246 2276 1301 per
2304 1231 2612 1301 prmsentia,
2658 1231 2874 1303 quando
2933 1231 2987 1286 id
3017 1228 3158 1304 quod
3192 1247 3253 1286 se
3281 1230 3527 1285 amisisse
3553 1230 3782 1297 recolit,

2175 1326 2404 1382 interius
2451 1328 2747 1395 erubescit,
2790 1344 3002 1401 suoque
3063 1327 3273 1398 judicio
3318 1327 3631 1399 pcenitendo
3659 1329 3785 1395 jam

2177 1416 2350 1487 punit.
2390 1418 2531 1471 Nam
2562 1426 2687 1472 tunc
2719 1418 2912 1474 Petrus
2939 1417 3108 1481 ﬂevit,
3143 1417 3362 1489 quando
3394 1416 3448 1470 in
3477 1432 3597 1472 eum
3629 1414 3788 1472 Chri-

2178 1514 2291 1560 stus
2324 1512 2590 1576 respexit.
2638 1507 2795 1563 Unde
2840 1516 2893 1562 et
2942 1506 3223 1562 Psalmista
3259 1526 3270 1561 :
3310 1529 3332 1553 α
3368 1506 3644 1577 Respexit,
3686 1506 3785 1559 in-

2178 1603 2312 1675 quit,
2375 1612 2427 1658 et
2486 1614 2755 1660 commota
2810 1612 2912 1670 est,
2948 1613 3000 1661 et
3030 1604 3350 1661 contremuit
3382 1613 3529 1659 terra
3577 1603 3772 1659 (Paul.

2178 1694 2332 1754 uti).
2371 1716 2393 1740 ι»
2431 1693 2674 1749 Gressus
2732 1694 2831 1749 Dei
2862 1701 2986 1749 sunt
3011 1694 3064 1749 in
3105 1693 3272 1749 corde
3298 1692 3532 1748 hominis
3560 1691 3787 1748 interio-

2178 1782 2276 1849 ris,
2311 1797 2419 1854 qua
2458 1783 2606 1838 bona
2635 1784 2909 1839 desideria
2939 1791 3189 1856 surgunt,
3222 1791 3280 1838 ut
3309 1782 3582 1840 calcentur
3611 1781 3777 1837 mala.

2099 1850 2152 1913 Β
2180 1850 2412 1948 Quando
2434 1896 2572 1953 ergo
2601 1880 2706 1935 ista
2735 1880 2790 1935 in
2823 1882 2992 1937 corde
3034 1850 3269 1937 hominis
3296 1879 3451 1945 ﬁunt,
3491 1878 3780 1935 sciendum

2180 1977 2263 2023 est
2296 1977 2424 2024 tunc
2453 1985 2578 2024 esse
2601 1970 2773 2027 Deum
2807 1987 2903 2039 per
2930 1970 3176 2043 gratiam
3208 1970 3360 2026 cordi
3384 1970 3619 2024 humano
3648 1984 3785 2040 pra:-

2179 2068 2420 2112 sentem.
2472 2059 2629 2115 Unde
2703 2074 2762 2114 se
2799 2067 2931 2115 tunc
3006 2059 3183 2133 magis
3244 2060 3407 2114 homo
3478 2073 3676 2114 acuere
3713 2057 3784 2111 ad

2180 2154 2658 2224 compunctionem
2698 2156 2880 2221 debet,
2920 2157 3139 2228 quando
3198 2154 3363 2210 sentit
3403 2162 3454 2210 et
3490 2156 3663 2209 Deum
3694 2153 3782 2208 in—

2180 2244 2348 2298 terius
2378 2253 2731 2314 operantem.
2770 2244 2893 2313 Quo
2921 2260 3077 2300 mens
3106 2244 3341 2301 hominis
3382 2244 3516 2313 justi
3554 2260 3617 2299 ex
3649 2257 3785 2298 vera

2174 2326 2593 2402 compunctione
2632 2333 2861 2403 rapitur,
2892 2343 2943 2389 et
2982 2333 3216 2405 qualiter
3250 2333 3522 2389 inﬁrmata
3576 2347 3774 2388 rever-

2178 2437 2334 2485 tatur.
2369 2431 2672 2497 Degustata
2698 2431 2841 2487 lucis
2859 2432 3231 2505 magnitudine
3260 2431 3412 2487 illum
3441 2445 3603 2487 nosse
3621 2444 3786 2501 posse

2180 2518 2271 2589 qui
2302 2519 2409 2588 jam
2441 2518 2642 2590 aliquid
2673 2519 2876 2575 exinde
2937 2520 3202 2593 gustavit.
3241 2521 3378 2576 Sunt
3415 2519 3507 2592 qui
3561 2534 3664 2575 nec
3716 2534 3783 2574 ex

2179 2623 2314 2663 vera
2337 2607 2524 2663 cordis
2553 2610 2975 2680 compunctione
3004 2610 3093 2664 sui
3122 2618 3469 2666 accusatores
3499 2607 3653 2674 ﬁunt,
3683 2606 3781 2662 sed

2181 2713 2391 2759 tantum
2417 2705 2483 2761 ad
2524 2707 2629 2762 hoc
2655 2723 2716 2761 se
2746 2722 2870 2762 esse
2936 2715 3257 2778 peccatores
3288 2707 3592 2780 assignant,
3623 2713 3679 2760 ut
3707 2720 3776 2760 ex

2182 2793 2303 2849 ﬁcta
2334 2794 2631 2863 humilitate
2674 2794 3061 2862 confessionis,
3118 2796 3300 2852 locum
3337 2796 3611 2851 inveniant
3647 2809 3777 2849 san-

2182 2884 2403 2940 ctitatis.
2454 2884 2533 2938 Ex
2563 2901 2631 2939 eo
2659 2886 3035 2957 unusquisque
3095 2887 3271 2952 justus
3296 2901 3419 2942 esse
3470 2882 3675 2954 incipit,
3714 2897 3778 2938 ex

2185 2996 2293 3051 quo
2324 2981 2410 3035 sui
2440 2990 2727 3037 accusator
2770 2984 3055 3037 exstiterit.
3092 2982 3242 3038 Multi
3278 2991 3456 3038 autem
3482 2989 3671 3037 contra
3698 2996 3780 3036 se-

2186 3070 2451 3141 metipsos
2481 3080 2800 3140 peccatores
2841 3071 3103 3138 fatentur,
3164 3079 3219 3127 et
3247 3080 3424 3126 tamen
3458 3070 3778 3141 semetipsos

465 3181 523 3238 ﬁt
552 3181 763 3237 veritati
792 3181 1041 3248 vicinior,
1074 3190 1224 3239 tanto
1239 3182 1457 3255 longius
1486 3200 1548 3240 se
1578 3201 1702 3241 esse
1733 3186 1799 3240 ab
1839 3202 1905 3241 ea
1946 3186 2080 3241 arbi.
2108 3212 2157 3277 ο
2186 3173 2221 3214 ⁸
2252 3167 2478 3267 ξ’θθθθίο
2509 3175 2617 3214 non
2669 3160 3011 3277 ξυδιξθδυηί·
3046 3163 3244 3268 Μξιεηδ
3277 3160 3515 3277 “sum”.
3540 3174 3664 3277 pi"?
3699 3166 3779 3214 est

468 3279 661 3327 tri-tur.
695 3271 811 3327 Hoc
841 3270 988 3327 enim
1008 3271 1326 3327 humilitatis
1354 3281 1460 3339 est,
1499 3290 1624 3345 quae
1656 3276 1772 3330 Deo
1802 3275 2079 3332 hominem

465 3359 677 3433 jungit.
717 3360 1255 3430 Cmterumjactantia
1285 3362 1477 3418 oculos
1495 3362 1694 3435 quibus
1714 3365 1863 3421 Deus
1908 3363 2082 3419 videri

469 3458 666 3531 poterit
693 3457 907 3514 dividit.
938 3459 1088 3516 Sicut
1123 3459 1258 3515 solis
1305 3461 1487 3517 radius
1537 3462 1667 3517 dum
1723 3463 2080 3534 conspicitur,

473 3547 623 3603 acies
656 3546 800 3603 oculi
815 3547 1120 3614 hebetatur,
1145 3548 1227 3604 sic
1254 3556 1308 3604 et
1352 3549 1446 3620 qui
1479 3549 1837 3606 immoderate
1893 3551 2085 3608 altiora

480 3635 589 3692 sibi
619 3644 911 3704 scrutatur,
951 3637 1020 3692 ab
1052 3635 1349 3693 intentione
1371 3638 1486 3693 veri
1537 3639 1875 3695 obtunditur.
1934 3640 2084 3696 Sicut

474 3731 658 3806 aquila
722 3749 788 3790 ex
818 3732 932 3789 alto
959 3734 1031 3789 ad
1069 3749 1231 3792 escas
1258 3734 1562 3802 collabitur,
1586 3736 1667 3807 sic
1686 3737 1851 3792 homo
1873 3738 1943 3793 de
1971 3738 2084 3794 alio

477 3824 639 3879 bona:
668 3823 1110 3879 conversationis
1138 3839 1239 3896 per
1277 3824 1554 3881 carnalem
1585 3826 1884 3898 appetitum
1916 3828 1988 3882 ad
2009 3826 2085 3882 in-

477 3911 677 3968 feriora
705 3911 1066 3985 demergitur.

997 4038 1076 4096 De
1117 4039 1577 4113 compunctione.

554 4161 917 4234 Compunctio
944 4162 1130 4219 cordis
1158 4172 1241 4220 est
1286 4164 1564 4222 humilitas
1591 4167 1790 4224 mentis
1836 4185 1958 4227 cum
2003 4170 2089 4225 la-

485 4250 707 4322 crymis,
740 4251 993 4307 exoriens
1019 4252 1089 4310 de
1127 4253 1503 4311 recordatione
1530 4256 1741 4327 peccati
1787 4267 1839 4314 et
1894 4260 1962 4316 de
2016 4260 2086 4314 ti-

487 4354 640 4395 more
663 4337 881 4411 judicii.
928 4339 1031 4397 illa
1076 4350 1159 4398 est
1206 4344 1487 4401 conversis
1534 4345 1781 4417 perfecta
1824 4364 2089 4421 compun-

489 4427 685 4485 ctionis
714 4426 951 4497 aﬂ‘ectio,
986 4447 1109 4503 qua:
1147 4448 1338 4489 omnes
1367 4450 1401 4489 a
1449 4450 1509 4491 se
1539 4436 1837 4492 carnalium
1864 4438 2091 4494 deside-

488 4517 700 4573 riorum
744 4517 973 4575 affectus
1004 4519 1217 4589 refellit,
1264 4530 1318 4579 et
1368 4522 1728 4581 intentionem
1771 4543 1924 4583 suam
1974 4537 2086 4584 toto

484 4608 680 4664 mentis
711 4607 895 4666 studio
933 4608 989 4664 in
1038 4610 1138 4667 Dei
1176 4612 1685 4686 contemplationem
1726 4615 1937 4690 deﬁgit.
1979 4620 2085 4675 Ge-

486 4706 688 4763 minam
719 4724 845 4765 esse
873 4711 1369 4782 compunctionem,
1398 4729 1502 4784 qua
1532 4723 1755 4787 pr0pter
1785 4716 1957 4773 Deum
1979 4719 2087 4774 ani-

483 4811 571 4851 ma
601 4798 866 4871 cujusque
896 4798 1059 4856 electi
1087 4798 1318 4859 aﬁicitur
1348 4801 1442 4858 :id
1471 4812 1555 4859 est
1584 4804 1670 4860 vel
1699 4805 1826 4861 dum
1858 4823 2085 4879 operum

485 4900 701 4944 suorum
726 4887 875 4945 mala
913 4889 1248 4962 considerat,
1277 4891 1366 4949 vel
1407 4890 1537 4949 dum
1567 4892 1846 4953 desiderio
1864 4906 2084 4954 aeterna:

2190 3256 2431 3328 seipsum
2471 3272 2634 3313 nosse
2674 3258 2971 3325 hominem,
3024 3259 3150 3331 quia
3206 3273 3407 3329 parvus
3438 3265 3541 3324 est,
3600 3263 3656 3311 ut
3710 3269 3779 3311 ex

2192 3361 2258 3401 eo
2298 3345 2496 3402 divina:
2527 3347 2711 3401 virtuti
2754 3348 3028 3403 subdatur
3085 3347 3339 3402 humilius
3370 3361 3441 3401 ex
3472 3361 3578 3417 quo
3632 3360 3780 3400 suam

2190 3441 2551 3499 inﬁrmitatem
2584 3444 2856 3516 agnoscit.
2904 3445 3047 3501 Bene
3068 3462 3127 3501 se
3151 3445 3357 3514 judicat
3381 3446 3556 3513 justus
3583 3442 3637 3498 in
3681 3442 3780 3501 hac

2192 3542 2321 3610 vita,
2356 3559 2425 3598 ne
2449 3542 2732 3613 judicetur
2760 3559 2789 3597 a
2822 3544 2936 3599 Deo
2966 3542 3313 3598 damnatione
3344 3542 3778 3614 perpetua.Tuuc

2191 3650 2372 3695 autem
2396 3641 2666 3712 judicium
2705 3642 2774 3697 de
2812 3658 2872 3698 se
2912 3643 3140 3715 quisque
3202 3640 3386 3706 sumit,
3419 3638 3636 3713 quando
3683 3656 3777 3712 per

2192 3730 2418 3804 dignam
2466 3731 2838 3803 pmnitentiam
2894 3748 2991 3787 sua
3046 3747 3216 3804 prava
3257 3730 3392 3787 facta
3429 3732 3766 3788 condemnat.

2194 3828 2522 3885 Amaritudo
2574 3828 2907 3901 pmnitentiaa
2947 3828 3069 3886 facit
3108 3830 3348 3885 animum
3394 3838 3448 3903 et
3509 3845 3603 3884 sua
3647 3828 3773 3885 facta

2193 3926 2448 3983 subtilius
2505 3927 2797 3996 discutere,
2852 3933 2911 3985 et.
2954 3927 3105 3984 dona
3164 3928 3265 3984 Dei
3302 3945 3426 4001 quae
3460 3926 3772 3999 contempsit

2194 4025 2378 4081 ﬂendo
2405 4041 2867 4082 commemorare.
2914 4025 3062 4081 Nihil
3079 4034 3262 4081 autem
3300 4026 3462 4098 pejus
3488 4033 3591 4094 est,
3620 4039 3772 4096 quam

2193 4124 2406 4196 culpam
2435 4140 2739 4197 agnoscere
2767 4140 2872 4181 nec
2898 4124 3122 4181 deﬂere.
3153 4124 3438 4196 Duplicem
3467 4124 3629 4180 debet
3676 4124 3770 4178 ha-

2200 4227 2336 4283 bere
2368 4226 2552 4282 ﬂetum
2581 4226 2637 4283 in
2658 4226 2979 4299 paenitentia
3008 4226 3187 4283 omnis
3215 4234 3485 4298 peccator,
3518 4223 3773 4297 sivequia

2197 4341 2295 4395 per
2321 4323 2716 4398 negligentiam
2756 4325 2954 4380 bonum
2991 4339 3100 4381 non
3132 4323 3275 4389 fecit,
3308 4339 3405 4380 seu
3425 4324 3549 4394 quia
3585 4322 3772 4378 malum

2196 4437 2299 4493 per
2325 4420 2612 4478 audaciam
2641 4423 2995 4493 perpetravit.
3057 4420 3217 4491 Quod
3244 4421 3388 4477 enim
3416 4420 3648 4493 oportuit
3673 4435 3771 4475 non

2198 4512 2392 4580 gessit,
2426 4519 2483 4567 et
2511 4512 2686 4583 gessit
2712 4512 2859 4581 quod
2888 4527 3056 4584 agere
3085 4527 3195 4567 non
3223 4510 3478 4583 oportuit.
3508 4509 3604 4566 Ille
3618 4509 3770 4582 poeni-

2198 4613 2429 4668 tentiam
2486 4615 2657 4686 digne
2708 4614 2823 4685 agit
2852 4614 2946 4687 qui
2992 4623 3196 4669 reatum
3236 4628 3390 4669 suum
3421 4610 3769 4668 satisfactione

2194 4709 2437 4783 legitima
2492 4709 2720 4782 plangit,
2780 4709 3181 4767 contemnendo
3237 4708 3444 4765 scilicet
3499 4710 3612 4765 haec
3661 4724 3768 4781 qua!

2193 4809 2445 4866 deﬂendo
2468 4808 2659 4882 gessit.

1402 5226 2026 5336 DOMINICA
2102 5233 2898 5339 DUODECIMA.

1756 5395 2145 5464 Secundum
2176 5399 2507 5466 Marcum.

555 5548 578 5573 α
610 5524 819 5583 Exiens
846 5526 1007 5583 Iesus
1034 5525 1105 5583 de
1159 5525 1367 5583 ﬁnibus
1391 5527 1543 5602 Tyri,
1603 5529 1755 5585 venit
1787 5545 1886 5601 per
1915 5530 2085 5589 Sido-

481 5627 607 5670 nem
627 5614 696 5669 ad
729 5629 875 5671 mare
896 5613 1162 5695 Galilzete,
1204 5617 1352 5689 quod
1379 5624 1461 5672 est
1507 5617 1650 5674 inter
1678 5619 1893 5675 medios
1949 5618 2086 5677 ﬁnes

478 5698 842 5773 Decapoleos,
877 5709 985 5758 etc.
1018 5725 1042 5751 ιι
1099 5705 1294 5774 (Marc.
1336 5705 1457 5775 vn.)
1487 5705 1783 5777 Decapolis
1809 5712 1898 5763 est
1928 5707 2082 5779 regio

473 5785 666 5846 decem
696 5789 917 5846 urbium
967 5798 1121 5848 trans
1167 5793 1469 5849 Iordanem
1508 5796 1575 5850 ad
1621 5795 1887 5852 orientem
1931 5797 2084 5854 circa

476 5871 713 5954 Hippum
744 5885 798 5935 et
839 5876 1040 5936 Pallam
1095 5887 1152 5938 et
1202 5879 1483 5938 Gadaram
1529 5891 1717 5941 contra
1756 5882 2069 5942 Galilaeam.

2190 5531 2350 5601 Quod
2382 5546 2519 5606 ergo
2548 5531 2767 5599 dicitur,
2801 5531 2928 5603 quia
2959 5531 3229 5589 Dominus
3255 5531 3404 5590 venit
3422 5532 3489 5589 ad
3522 5549 3658 5589 mare
3675 5533 3760 5590 Ga-

2185 5620 2344 5677 lilaem
2372 5621 2520 5677 inter
2546 5621 2760 5678 medios
2789 5620 2926 5676 ﬁnes
2954 5621 3314 5693 Decapoleos,
3339 5638 3448 5678 non
3477 5621 3623 5694 ipsos
3643 5621 3758 5680 ﬁnes

2184 5709 2481 5782 Decapolis
2509 5727 2636 5768 eum
2662 5712 2896 5766 intrasse
2925 5710 3215 5785 signiﬁcat.
3247 5711 3441 5785 Neque
3460 5712 3602 5768 enim
3632 5727 3755 5769 mare

2183 5800 2630 5873 transnavigasse
2677 5799 2898 5871 dicitur,
2940 5801 3039 5856 sed
3096 5801 3277 5872 potius
3312 5816 3490 5875 usque
3527 5802 3591 5858 ad
3624 5816 3754 5859 mare

2181 5888 2420 5956 venisse,
2462 5894 2518 5946 et
2562 5889 2629 5947 ad
2661 5889 2838 5963 ipsum
2869 5890 3195 5962 provenisse
3225 5889 3406 5948 locum
3456 5891 3548 5965 qui
3574 5891 3754 5951 medios
