3972 6400
131 390 278 444 “09

122 609 228 672 ter,
269 601 332 657 id
367 611 466 658 est
501 611 743 660 contra.
785 603 879 658 Vel
910 601 1148 658 Galilaeze
1169 619 1289 676 quae
1303 601 1546 658 estinter
1574 602 1784 658 medios

127 690 278 746 ﬁnes
311 693 707 764 Decapoleos
720 732 733 747 .

205 837 228 862 η
256 815 334 870 Et
363 815 679 870 adducunt
701 813 751 870 ei
772 813 991 868 surdum
1015 820 1066 867 et
1086 821 1312 878 mutum,
1338 821 1390 868 et
1411 813 1785 882 deprecaban-

123 912 214 958 tur
253 920 398 957 eum
440 913 509 957 ut
547 904 800 974 imponat
851 901 927 956 illi
962 918 1202 956 manum.
1240 904 1302 956 Et
1355 903 1776 973 apprehendens

130 1008 266 1047 eum
304 992 384 1046 de
419 993 605 1046 turba
672 1007 942 1056 seorsum,
976 991 1120 1044 misit
1150 991 1350 1060 digitos
1409 991 1462 1046 in
1508 990 1787 1045 auriculas

133 1081 288 1150 ejus,
324 1089 387 1135 et
435 1097 710 1152 expuens
743 1080 915 1152 tetigit
944 1080 1180 1149 linguam
1213 1081 1356 1149 ejus.
1392 1081 1457 1133 Et
1485 1079 1787 1149 suspiciens

130 1177 189 1232 in
229 1176 465 1232 caalum
508 1176 804 1248 ingemuit,
838 1183 891 1230 et
920 1176 992 1229 ait
1023 1175 1136 1230 illi:
1171 1177 1509 1246 Ephphetha,
1533 1175 1676 1247 quod
1708 1182 1788 1230 est

130 1267 502 1336 adaperire.
552 1268 616 1321 Et
642 1267 822 1320 statim
854 1273 1059 1334 apertae
1090 1273 1213 1318 sunt
1243 1281 1406 1319 aures
1437 1265 1578 1334 ejus,
1611 1272 1663 1318 et
1691 1279 1788 1318 so-

137 1355 336 1409 lutum
410 1363 514 1410 est
583 1354 858 1409 vinculum
915 1353 1115 1424 lingua:
1168 1354 1307 1423 ejus,
1365 1361 1417 1408 et
1472 1353 1791 1424 loquebatur

139 1460 303 1507 recte
323 1491 338 1504 .
402 1473 430 1498 ω
491 1450 706 1505 Surdus
745 1457 799 1504 et
837 1457 1014 1503 mutus
1045 1458 1127 1503 est
1156 1450 1245 1521 qui
1279 1465 1379 1504 nec
1408 1464 1574 1503 aures
1601 1464 1701 1502 nec
1731 1463 1793 1503 os

144 1538 348 1610 aperit
387 1539 473 1594 ad
511 1537 790 1594 audienda
823 1539 994 1594 verba
1027 1537 1124 1592 Dei
1155 1547 1206 1592 et
1235 1537 1650 1608 pronuntianda.
1673 1535 1782 1591 Pri.

152 1643 252 1682 ma
288 1628 526 1683 salutis
577 1628 746 1697 janua
795 1635 896 1693 est,
957 1626 1225 1682 infirmum
1283 1627 1351 1681 de
1409 1627 1561 1680 turba
1586 1625 1790 1680 seduci.

148 1725 330 1794 Quod
371 1725 441 1780 fit
475 1743 604 1780 cum
635 1725 1056 1795 apprehendens
1085 1725 1346 1779 Dominus
1390 1732 1626 1778 mentem
1657 1737 1791 1792 pec-

143 1815 300 1871 catis
337 1815 703 1887 languidam,
737 1822 944 1879 evocat,
969 1830 998 1868 a
1016 1814 1290 1870 consuetis
1320 1814 1579 1877 moribus,
1603 1821 1654 1866 et
1674 1827 1794 1882 pro-

147 1914 337 1960 vocat
375 1905 464 1958 ad
503 1920 600 1957 sua
633 1913 935 1973 praecepta.
993 1902 1370 1973 Mittitdigitos
1422 1902 1475 1955 in
1505 1900 1793 1967 auriculas,

147 2007 289 2048 cum
326 2007 445 2063 per
510 1992 651 2047 dona
682 1992 857 2046 sancti
908 1991 1140 2062 Spiritus
1198 2007 1354 2044 aures
1387 1989 1569 2045 cordis
1623 1988 1797 2060 aperit

147 2081 226 2136 ad
266 2080 752 2154 intelligentiam.
788 2081 1072 2150 Exspuens
1103 2079 1369 2134 Deminus
1403 2079 1640 2150 linguam
1671 2085 1795 2132 tan-

151 2169 240 2240 git
271 2170 521 2242 aegroti,
560 2185 684 2223 cum
715 2169 778 2222 ad
812 2168 1214 2223 confessionem
1247 2166 1369 2221 tidei
1400 2183 1498 2221 ora
1551 2166 1794 2222 catechi-

160 2275 450 2322 zatorum
489 2265 734 2320 instruit.
793 2265 1020 2335 Sputum
1080 2281 1315 2335 namque
1345 2280 1509 2334 sapor
1565 2268 1646 2318 est
1703 2279 1796 2317 sa-

160 2355 453 2426 pientia.
500 2353 658 2410 Unde
690 2353 819 2407 illud
846 2370 856 2408 :
891 2377 908 2403 ι
940 2355 1058 2424 Ego
1077 2370 1139 2409 ex
1163 2370 1259 2408 ore
1278 2351 1550 2407 Altissimi
1585 2351 1798 2423 prodivi

162 2455 391 2521 (Eccli.
433 2459 612 2517 xxiv).
659 2475 679 2504 ι
717 2452 971 2524 Suspexit
1005 2451 1268 2508 Dominus
1300 2452 1351 2504 in
1383 2450 1600 2519 coelum,
1633 2457 1688 2504 ut
1713 2449 1795 2503 in-

165 2551 243 2605 de
281 2551 479 2606 mutis
536 2549 830 2620 loquelam,
863 2549 1044 2603 surdis
1094 2549 1357 2612 auditum,
1391 2546 1598 2604 cunctis
1652 2544 1801 2600 inﬁr-

167 2638 286 2694 mis
321 2638 609 2694 medelam
641 2639 860 2692 doceret
891 2653 1013 2691 esse
1045 2636 1414 2708 quaarendam.
1453 2633 1722 2706 Ingemuit
1745 2642 1801 2688 ut

171 2737 344 2792 daret
378 2737 548 2791 nobis
577 2735 886 2805 exemplum
918 2734 1174 2804 gemendi
1199 2741 1252 2788 et
1281 2749 1377 2804 pro
1407 2731 1584 2797 nobis,
1626 2740 1679 2786 et
1699 2747 1800 2802 pro

173 2825 494 2894 proximis.
551 2823 877 2894 Ephpbetha
937 2822 1161 2892 prOprie
1219 2821 1452 2892 pertinet
1477 2820 1547 2875 ad
1603 2835 1793 2874 aures.

177 2913 357 2970 Unde
395 2922 452 2969 et
501 2913 756 2968 subditur
790 2930 804 2967 :
841 2935 862 2959 «ι
898 2911 966 2966 Et
995 2911 1175 2966 statim
1231 2918 1434 2982 apertae
1463 2917 1590 2963 sunt
1643 2924 1802 2964 aures

174 3004 339 3072 ejus.
405 3026 426 3050 ι
466 3001 566 3057 Hic
595 3009 809 3056 notatur
853 3008 1084 3071 utraque
1143 2999 1524 3070 Redemptoris
1574 3007 1792 3052 natura.

181 3098 424 3154 Caelum
455 3097 695 3168 suscepit
725 3105 783 3152 ut
839 3095 1025 3161 homo,
1057 3105 1207 3151 curat
1263 3104 1320 3150 ut
1351 3096 1521 3150 Deus.
1559 3093 1664 3162 Qui
1722 3093 1801 3148 sic

181 3197 456 3254 curatur,
517 3187 658 3242 bene
687 3191 867 3257 potest
912 3185 1099 3241 dicere
1136 3204 1148 3239 :
1181 3185 1431 3249 Domine,
1484 3183 1630 3238 labia
1681 3198 1801 3237 mea

182 3285 446 3355 aperias,
515 3291 570 3338 et
633 3297 698 3338 os
763 3296 946 3336 meum
986 3279 1332 3335 annuntiabit
1387 3278 1599 3334 laudem
1655 3286 1800 3332 tuam

185 3373 382 3443 (Psal.
416 3372 499 3444 L).
541 3395 564 3419 ιι

267 3496 482 3552 Aliter.
531 3495 724 3550 Genus
788 3494 1079 3547 humanum
1147 3499 1403 3564 tanquam
1461 3506 1598 3544 unus
1637 3490 1798 3544 homo

192 3587 362 3641 varia
421 3593 576 3654 peste
637 3590 956 3652 assumptus
1022 3582 1076 3635 in
1132 3580 1472 3651 protoplasto
1531 3586 1794 3644 caecatur,

191 3672 341 3728 dum
382 3673 527 3728 videt
569 3689 584 3734 ;
625 3672 825 3726 surdus
890 3669 967 3738 fit,
1027 3669 1152 3724 dum
1220 3669 1372 3723 audit
1436 3687 1450 3734 ;
1514 3668 1640 3722 dum
1668 3667 1802 3722 odo-

194 3778 312 3838 rat,
350 3769 664 3840 emungitur
694 3767 1079 3834 ;obmutescit,
1113 3766 1241 3822 dum
1273 3765 1544 3837 loquitur;
1570 3780 1799 3819 mancus

195 3857 281 3926 ﬁt,
321 3859 453 3914 dum
483 3872 705 3912 manum
734 3855 890 3927 erigit
926 3873 940 3921 ;
970 3855 1303 3919 incurvatur,
1354 3855 1484 3908 dum
1522 3853 1752 3925 erigitur
1783 3870 1796 3917 ;

195 3947 538 4018 hydmpicus
565 3943 642 4011 tit,
674 3944 802 3999 dum
824 3943 1163 4013 concupiscit
1194 3957 1207 4010 ;
1235 3942 1486 4007 claudus,
1521 3942 1648 3996 dum
1676 3957 1803 4011 pro-

195 4036 456 4109 greditur
485 4052 502 4102 ;
533 4033 687 4104 lepra
717 4031 1064 4098 suffunditur,
1093 4032 1220 4086 dum
1256 4031 1528 4089 nudatur:
1554 4030 1799 4086 daemone

197 4133 480 4204 impletur,
520 4131 650 4186 dum
691 4129 1022 4184 divinitatem
1061 4127 1304 4199 appetit;
1339 4129 1565 4182 moritur
1604 4135 1795 4192 morte,

199 4223 332 4276 dum
389 4221 657 4275 audacter
711 4226 924 4274 exusat.
984 4217 1321 4272 Patriarchae
1350 4224 1530 4271 autem
1563 4224 1616 4271 et
1670 4231 1800 4286 pro-

198 4315 384 4382 pheta:
438 4308 864 4364 incarnationem
945 4306 1326 4362 desiderantes
1409 4305 1800 4360 misericordias

201 4423 430 4462 manum
475 4413 773 4476 precantur
827 4403 1055 4474 imponi.
1115 4404 1342 4472 Semper
1388 4418 1420 4456 a
1473 4401 1800 4457 turbulentis

202 4494 626 4568 cogitationibus
680 4501 733 4548 et
792 4493 928 4549 actis
973 4491 1294 4547 inordinatis
1349 4491 1800 4563 sermonibusque

1097 387 1679 444 DEFLORATIONES
1717 388 1822 446 SS.
1867 389 2167 448 PATRUM.
2211 421 2276 434 -
2317 392 2443 446 LIB.
2470 392 2538 446 II.

121 511 272 569 fines
289 514 684 585 Decapoleos
699 514 864 584 longe
877 521 1028 569 trans
1048 528 1198 568 mare
1212 513 1419 585 positos
1441 513 1679 584 respicit.
1696 515 1779 568 [n-
1807 515 1864 578 Α
1892 532 2012 571 sum

3340 393 3479 448 1110

2073 535 2086 583 ;
2144 517 2240 572 sed
2286 517 2517 573 verbum
2572 515 2671 574 Dei
2735 533 2844 575 non
2919 525 3001 574 est
3066 516 3348 592 alligatum
3412 517 3489 589 (11
3528 487 3532 489 ἓ

1898 607 2040 662 Tim.
2080 607 2167 676 ιι).
2213 629 2234 654 ι

1971 745 1992 768 τι
2028 723 2091 776 Et
2121 722 2386 791 praecepit
2424 722 2502 777 eis
2524 739 2592 778 ne
2638 723 2723 777 cui
2757 722 3015 778 dicerent.
3051 722 3268 792 Quanto
3298 730 3480 778 autem

1895 810 1972 865 eis
2003 811 2362 880 praecipiebat,
2396 819 2542 866 tanto
2573 812 2749 884 magis
2780 811 2900 882 plus
2921 812 3302 882 prtedicabant,
3334 821 3387 868 et
3415 827 3482 868 eo

1896 907 2126 978 amplius
2157 909 2580 977 admirabantur,
2633 909 2878 964 dicentes
2913 925 2924 963 :
2957 911 3099 964 Bene
3153 909 3342 965 omnia
3397 907 3482 964 {e-

1896 997 1966 1052 cit
2001 1015 2015 1061 ;
2047 1006 2098 1050 et
2128 998 2323 1051 surdos
2355 998 2479 1052 fecit
2537 998 2726 1053 audire
2755 1008 2808 1053 et
2836 1007 3014 1053 mutos
3045 998 3211 1071 loqui.
3273 1021 3294 1046 ιι
3358 998 3482 1053 Non

1898 1085 1952 1139 in
1984 1085 2272 1140 virtutibus
2303 1087 2644 1158 gloriandum
2677 1101 2798 1142 esse
2829 1088 3027 1153 docuit,
3065 1088 3163 1142 sed
3209 1087 3264 1140 in
3318 1102 3482 1142 cruce

1898 1182 1951 1229 et
2017 1175 2413 1230 humiliatione.
2481 1176 2770 1231 Humilitas
2845 1177 2989 1231 enim
3067 1175 3328 1246 prazcedit
3384 1192 3483 1231 su-

1898 1279 1997 1333 per
2024 1263 2274 1333 gloriam.
2307 1263 2455 1319 Ordo
2487 1266 2778 1319 verborum
2810 1264 3149 1333 estzQuanto
3178 1272 3358 1319 autem
3405 1263 3486 1319 eis

1899 1352 2272 1422 praecipiebat,
2305 1361 2450 1407 tanto
2485 1353 2606 1423 plus
2636 1353 3023 1424 praedicabant.
3083 1353 3286 1408 Civitas
3339 1351 3482 1407 enim

1901 1454 1954 1508 in
1987 1457 2170 1507 monte
2201 1454 2373 1523 posita
2396 1453 2632 1525 undique
2663 1454 3057 1524 circumspecta
3086 1451 3348 1508 abscondi
3379 1466 3488 1508 non

1902 1549 2076 1614 potest
2112 1542 2334 1608 (Matth.
2390 1543 2473 1611 v).
2511 1541 2728 1597 Sciebat
2759 1542 2924 1613 igitur
2962 1542 3050 1613 qui
3105 1540 3284 1596 omnia
3340 1539 3492 1596 novit

1903 1646 2026 1692 ante
2049 1653 2210 1708 quam
2229 1636 2360 1692 fiant
2390 1637 2515 1708 quia
2534 1637 2707 1710 magis
2736 1637 3111 1708 prmdicarent,
3129 1636 3222 1692 sed
3237 1636 3340 1692 hoc
3356 1652 3492 1706 prae-

1902 1727 2153 1798 cipiendo
2184 1727 2348 1781 voluit
2379 1726 2552 1796 pigris
2591 1726 2900 1792 ostendere,
2935 1730 3140 1798 quanto
3195 1723 3491 1780 studiosius

1907 1824 2216 1886 quantoque
2278 1814 2616 1886 frequentius
2647 1814 2949 1883 praedicare
3005 1814 3240 1869 debeant
3296 1812 3492 1886 quibus

1901 1905 2124 1976 jubetur
2152 1912 2205 1958 ut
2237 1903 2549 1974 praedicent,
2575 1903 2789 1975 quando
2821 1903 3036 1974 quidem
3079 1901 3155 1957 illi
3186 1901 3278 1974 qui
3309 1900 3494 1974 prohi-

1906 1994 2188 2058 bebantur,
2222 2001 2402 2048 tacere
2435 2009 2544 2046 non
2575 1999 2849 2063 poterant.

2241 2110 2535 2181 Expositio
2571 2109 2818 2180 Gregorii
2848 2107 2914 2164 de
2944 2107 3154 2164 eodem.

1981 2225 2312 2280 Cnacomus
2346 2239 2358 2278 :
2397 2248 2419 2272 ‹‹
2453 2223 2771 2278 Δυᾶίνίηιιιε
2804 2221 2972 2278 verba
3003 2221 3120 2277 Dei.
3155 2221 3213 2277 Si
3250 2220 3494 2289 facimus,

1906 2323 1955 2369 et
1987 2322 2114 2368 tunc
2143 2329 2204 2368 ea
2242 2322 2388 2369 recte
2420 2311 2682 2382 proximis
2709 2311 3012 2382 loquimur,
3035 2326 3158 2366 cum
3213 2310 3365 2380 prius
3395 2309 3498 2380 ipsi

1908 2403 2219 2458 fecerimus.
2255 2425 2278 2450 ιο
2315 2400 2474 2470 Quod
2507 2402 2645 2456 bene
2677 2402 2894 2456 Marcus
2924 2399 3262 2472 evangelista
3288 2399 3497 2455 confir-

1909 2509 2018 2555 mat
2046 2516 2167 2554 cum
2201 2499 2395 2554 factum
2428 2498 2645 2554 Domini
2676 2497 3004 2552 miraculum
3026 2505 3228 2564 narrat,
3259 2496 3449 2553 dicens
3481 2513 3494 2551 :

1912 2613 1932 2636 α
1971 2589 2259 2644 Adducunt
2315 2587 2461 2644 enim
2509 2586 2736 2642 surdum
2779 2594 2832 2641 et
2861 2593 3086 2651 mutum,
3119 2593 3172 2641 et
3226 2585 3499 2656 depreca-

1915 2701 1935 2726 α
1973 2677 2171 2732 bantur
2197 2693 2322 2732 eum
2353 2683 2417 2730 ut
2446 2675 2690 2744 imponat
2718 2673 2792 2728 illi
2819 2689 3046 2729 manum
3092 2674 3282 2742 (Marc.
3316 2673 3435 2744 vn).
3472 2695 3494 2720 ιι

1910 2767 2074 2835 Cujus
2104 2765 2355 2821 ordinem
2378 2764 2675 2820 curationis
2730 2762 2984 2825 insinuat,
3019 2777 3140 2818 cum
3200 2761 3382 2817 subdit
3411 2761 3502 2816 di-

1909 2871 2083 2910 cens:
2118 2878 2138 2901 υ
2177 2853 2322 2908 Misit
2351 2853 2556 2924 digitos
2611 2867 2741 2907 suos
2769 2851 2824 2906 in
2861 2850 3162 2917 auriculas,
3221 2865 3502 2922 exspuens

1913 2968 1935 2990 «
1968 2943 2148 3013 tetigit
2175 2942 2421 3014 linguam
2450 2941 2593 3010 ejus,
2643 2949 2696 2996 et
2726 2939 3032 3010 suspiciens
3061 2939 3116 2994 in
3149 2941 3350 2995 caelum
3409 2938 3500 2994 in-

1913 3056 1934 3079 ‹ι
1971 3030 2197 3103 gemuit,
2231 3037 2286 3085 et
2312 3029 2385 3084 ait
2414 3029 2490 3084 illi
2525 3043 2538 3084 :
2572 3028 2914 3100 Ephpbetha,
2976 3027 3124 3098 quod
3153 3036 3237 3084 est
3290 3027 3503 3098 adape-

1914 3145 1935 3168 α
1971 3120 2075 3174 rire
2110 3138 2122 3174 :
2156 3127 2209 3173 et
2225 3117 2403 3173 statim
2426 3125 2624 3189 aperta:
2680 3124 2981 3171 suntaures
3011 3117 3128 3184 ejus
3173 3123 3227 3171 et
3283 3115 3500 3170 resolu-

1833 3223 1882 3285 C
1915 3225 2082 3272 «tum
2139 3223 2224 3270 est
2279 3213 2556 3270 vinculum
2611 3213 2812 3284 linguae
2871 3213 3032 3280 ejus:
3068 3219 3121 3266 et
3175 3211 3501 3282 loquebatur

1913 3331 1934 3355 α
1970 3313 2117 3361 recte
2148 3304 2330 3376 (ibid).
2370 3327 2391 3351 ιι
2427 3303 2568 3372 Quid
2617 3309 2698 3358 est
2729 3301 2875 3356 enim
2934 3299 3080 3372 quod
3109 3302 3329 3356 Creator
3383 3315 3498 3355 om-

1907 3403 2053 3458 nium
2079 3403 2244 3466 Deus,
2276 3415 2400 3456 cum
2429 3399 2654 3454 surdum
2677 3405 2730 3453 et
2759 3404 2964 3452 mutum
2997 3412 3190 3453 sanare
3211 3396 3495 3467 voluisset,

1908 3492 1961 3546 in
1991 3505 2152 3546 aures
2182 3489 2325 3544 illius
2380 3487 2583 3560 digitos
2613 3502 2748 3543 suos
2777 3486 2942 3549 misit,
2976 3493 3028 3542 et
3055 3501 3334 3556 exspuens
3389 3485 3500 3540 lin-

1907 3596 2070 3652 guam
2101 3579 2222 3648 ejus
2269 3577 2499 3649 tetigit?
2529 3575 2673 3644 Quid
2710 3591 2808 3646 per
2858 3574 3230 3645 Redemptoris
3275 3573 3520 3647 digitos,.

1909 3669 2013 3724 nisi
2042 3668 2184 3723 dona
2215 3665 2390 3722 sancti
2413 3665 2644 3736 Spiritus
2663 3663 3022 3735 designantur
3048 3665 3076 3718 ‘?
3106 3663 3261 3720 Unde
3281 3678 3406 3719 cum
3442 3662 3498 3718 in

1908 3764 2012 3820 alio
2042 3763 2165 3820 loco
2193 3760 2815 3832 ejecissetdaemonium,
2859 3759 2993 3815 dixit
3028 3777 3040 3816 :
3078 3782 3100 3809 α
3135 3759 3189 3814 Si
3221 3759 3274 3814 in
3320 3759 3498 3832 digito

1912 3876 1934 3900 α
1970 3852 2071 3908 Dei
2100 3851 2256 3921 ejicio
2285 3850 2576 3916 daemonia,
2607 3849 2852 3921 profecto
2882 3848 3124 3920 pervenit
3181 3849 3239 3902 in
3271 3863 3369 3904 vos
3400 3864 3496 3904 re-

1913 3973 1934 3997 α
1970 3965 2134 4022 gnum
2163 3947 2263 4003 Dei
2294 3947 2460 4018 (Luc.
2499 3953 2594 4015 χι).
2633 3967 2656 3992 ιι
2677 3943 2798 4014 Qua
2812 3944 2882 4000 de
2911 3961 2970 3999 re
2987 3960 3086 4015 per
3099 3943 3497 4014 evangelistam

1908 4039 2074 4094 alium
2106 4036 2315 4091 dixisse
2344 4034 2670 4090 describitur
2703 4050 2714 4086 :
2752 4055 2775 4080 «ι
2810 4033 2866 4088 Si
2897 4048 3002 4106 ego
3021 4032 3075 4086 in
3107 4032 3307 4102 Spiritu
3338 4031 3496 4101 ejicio

1913 4161 1934 4185 α
1972 4137 2270 4200 ἀωωοηθε,
2331 4132 2499 4205 igitur
2544 4130 2788 4202 pervenit
2836 4130 2890 4184 in
2948 4146 3052 4185 vos
3105 4144 3339 4200 regnum
3392 4129 3495 4186 Dei

1911 4249 1932 4273 α
1971 4225 2188 4293 (Matth.
2252 4222 2372 4290 xu).
2409 4243 2432 4269 ιι
2464 4223 2544 4276 Ex
2600 4234 2706 4292 quo
2751 4227 2983 4290 utroque
3034 4218 3155 4274 loco
3207 4217 3496 4291 colligitur,

1908 4314 2052 4387 quod
2076 4313 2278 4384 digitus
2307 4310 2404 4365 Dei
2437 4309 2672 4381 Spiritus
2715 4316 2933 4364 sanctus
2991 4315 3235 4364 vocatur.
3284 4307 3498 4379 Digitos

1909 4427 2048 4482 ergo
2077 4410 2131 4464 in
2161 4408 2435 4470 auriculas
2465 4407 2679 4461 mittere
2701 4412 2786 4461 est
2819 4422 2919 4476 per
2946 4405 3086 4461 dona
3116 4404 3291 4461 sancti
3319 4403 3498 4475 Spirio

1908 4508 1992 4554 tus
2023 4506 2258 4553 mentem
2297 4497 2448 4550 surdi
2477 4496 2546 4550 ad
2576 4494 2907 4549 audiendum
2935 4494 3178 4565 aperire.
3216 4492 3358 4562 Quid
3415 4499 3500 4548 est

205 4591 582 4663 incompositis
639 4590 792 4662 quasi
852 4590 921 4644 de
959 4589 1117 4644 turba
1153 4587 1439 4644 deducitur
1475 4589 1569 4660 qui
1623 4587 1804 4642 sanati
1832 4582 1882 4642 D
1915 4603 2045 4644 vero
2075 4585 2222 4659 quod
2251 4600 2520 4655 exspuens
2548 4584 2787 4654 linguam
2805 4583 2925 4653 ejus
2955 4582 3178 4655 tetigit?
3208 4581 3499 4637 Salivano-

210 4699 475 4748 meretur.
553 4688 720 4762 Digiti
761 4688 850 4760 qui
890 4689 944 4742 in
982 4703 1140 4742 aures
1177 4687 1460 4742 mittuntur
1491 4687 1802 4742 suntverba

213 4787 450 4860 Spiritus
481 4786 676 4852 sancti,
727 4786 794 4840 de
825 4801 933 4858 quo
961 4785 1159 4839 dicitur
1190 4802 1203 4838 :
1240 4811 1261 4832 -
1299 4785 1510 4856 Digitus
1565 4784 1664 4840 Dei
1721 4792 1804 4838 est

212 4878 303 4933 hic
333 4876 538 4947 (Exod.
578 4878 716 4944 vui),
755 4898 776 4923 ι
811 4882 908 4928 et:
948 4896 970 4922 «
1005 4873 1186 4943 Opera
1241 4873 1534 4944 digitorum
1586 4881 1802 4928 tuorum

212 4982 338 5030 sunt
367 4971 496 5029 cmli
526 4972 701 5042 (Psal.
733 4970 882 5039 vui).
929 4995 950 5018 ιι
976 4969 1204 5042 Sputum
1248 4969 1317 5025 dc
1345 4969 1523 5040 capite
1581 4969 1806 5026 descen-

213 5063 352 5119 dens
374 5069 456 5118 est
486 5059 755 5131 sapientia
792 5075 859 5116 ex
892 5061 1062 5126 Patre,
1097 5075 1219 5130 quae
1257 5059 1419 5114 solvit
1448 5059 1592 5113 labia
1608 5060 1802 5113 huma-

215 5152 269 5207 ni
299 5149 542 5224 generis,
581 5153 640 5204 ut
667 5148 814 5204 dicat
844 5166 856 5202 :
897 5171 918 5196 «
953 5147 1129 5203 Credo
1185 5147 1238 5201 in
1269 5148 1443 5203 Deum
1506 5147 1743 5213 Patrem,
1779 5170 1800 5195 ιι

217 5248 326 5296 etc.
363 5263 385 5287 «ι
421 5237 738 5310 Suspiciens
754 5236 1025 5293 incoatum
1055 5235 1389 5307 ingemuit»,
1414 5235 1469 5290 id
1495 5244 1809 5308 estgemere

219 5344 322 5384 nos
353 5326 556 5392 docuit,
581 5333 634 5381 et
660 5325 717 5380 in
773 5324 974 5381 coelum
1030 5325 1339 5379 thesaurum
1396 5323 1571 5378 nostri
1627 5323 1811 5380 cordis

219 5425 460 5497 erigere,
493 5420 639 5494 quod
671 5427 794 5492 post
835 5419 1308 5491 compunctionem
1337 5435 1367 5473 a
1398 5417 1586 5474 frivola
1631 5419 1813 5475 latitia

223 5519 402 5578 carnis
434 5525 720 5590 purgatur,
772 5524 829 5572 ut
857 5515 1055 5572 dicitur
1089 5532 1102 5569 :
1132 5537 1154 5562 α
1191 5514 1498 5588 Rugiebam
1529 5531 1558 5568 a
1604 5515 1813 5586 gemitu

225 5608 408 5666 cordis
436 5606 542 5661 mei
589 5607 771 5672 (Psat.
819 5606 1054 5673 xxxvu).
1099 5623 1119 5654 ι
1155 5602 1487 5675 Aperiantur
1537 5619 1698 5658 aures
1747 5605 1817 5659 ad

226 5700 459 5770 hymnos
489 5702 543 5751 et
569 5692 802 5758 cantica,
836 5701 886 5748 et
914 5692 1175 5763 psalmos.
1225 5689 1466 5746 Solvitur
1519 5690 1726 5763 lingua,
1761 5699 1819 5746 ut

229 5792 430 5842 eructet
490 5782 717 5838 verbum
771 5781 993 5847 bonum,
1035 5779 1182 5853 quod
1218 5794 1327 5835 non
1385 5786 1612 5847 pessunt
1658 5779 1819 5836 minae

230 5899 331 5940 nec
369 5881 535 5940 verba
575 5879 852 5936 cohibere.
885 5879 1005 5936 Une
1033 5877 1228 5933 Paulus
1285 5894 1298 5930 :
1363 5898 1384 5923 «
1426 5875 1546 5947 Ego
1610 5875 1818 5933 vinctus

1907 4676 1992 4730 bis
2050 4685 2133 4730 est
2187 4690 2252 4729 ex
2284 4689 2380 4729 ore
2436 4673 2816 4743 Redemptoris
2866 4678 3092 4742 accepta
3125 4669 3383 4740 sapientia
3439 4669 3496 4725 in

1910 4764 2128 4836 eloquio
2157 4762 2364 4819 divino.
2400 4761 2585 4816 Saliva
2615 4761 2814 4833 quippe
2871 4775 2936 4815 ex
2991 4758 3167 4830 capite
3213 4757 3399 4812 deﬂuit
3441 4757 3499 4814 in

1911 4877 2028 4917 ore.
2060 4862 2192 4916 Cum
2223 4875 2358 4930 ergo
2379 4858 2666 4930 sapientia,
2699 4872 2818 4929 quae
2845 4856 2962 4928 ipse
2993 4863 3093 4922 est,
3126 4855 3258 4909 dum
3310 4853 3499 4926 lingua

1912 4959 2090 5006 nostra
2121 4949 2378 5021 tangitur,
2412 4963 2534 5003 mox
2565 4947 2634 5002 ad
2665 4943 3068 5016 praedicationis
3096 4943 3262 4999 verba
3287 4941 3498 4998 forma-

1914 5047 2029 5095 tur.
2067 5037 2172 5108 Qui
2193 5036 2500 5108 suspiciens
2555 5036 2610 5090 in
2639 5034 2834 5090 caelum
2865 5032 3150 5106 ingemuit,
3182 5047 3297 5086 non
3352 5031 3502 5104 quod

1916 5137 2037 5208 ipse
2067 5132 2440 5190 necessarium
2469 5130 2739 5204 gemitum
2769 5129 2991 5184 haberet
3019 5128 3110 5200 qui
3155 5126 3319 5183 dabat
3349 5125 3503 5199 quod

1917 5224 2308 5298 postulabatur,
2340 5221 2438 5277 sed
2480 5235 2582 5275 nos
2611 5219 2681 5274 ad
2739 5220 2912 5274 Deum
2961 5232 3188 5290 gemere
3217 5215 3311 5289 qui
3364 5215 3502 5273 caelo

1917 5313 2172 5387 przcsidet
2199 5309 2402 5374 docuit,
2432 5317 2490 5364 ut
2513 5316 2566 5365 et
2595 5323 2756 5363 aures
2787 5313 2983 5364 nostrae
3008 5322 3106 5378 per
3134 5306 3275 5361 bona
3323 5301 3504 5374 Spiri-

1919 5419 2008 5467 tus
2036 5408 2257 5482 aperiri,
2281 5415 2335 5464 et
2361 5407 2601 5479 linguam
2629 5421 2726 5477 per
2754 5404 2979 5463 salivam
3007 5403 3140 5470 oris,
3197 5401 3252 5457 id
3307 5409 3389 5457 est
3409 5415 3507 5471 per

1922 5507 2206 5565 scientiam
2236 5505 2436 5561 divinae
2491 5503 2780 5561 locutionis
2821 5501 2959 5558 solvi
3013 5501 3211 5557 debeat
3239 5498 3306 5554 ad
3337 5498 3510 5554 verba.

1923 5594 2342 5668 praedicationis.
2374 5593 2472 5648 Cui
2500 5609 2625 5649 mox
2661 5617 2681 5640 ιι
2717 5591 3060 5661 Ephpbetha,
3093 5590 3147 5643 id
3185 5595 3264 5645 est
3305 5587 3511 5658 adape-

1924 5685 2037 5740 rire
2071 5707 2092 5731 ιι
2119 5682 2333 5749 dicitur,
2365 5706 2386 5730 ‹‹
2423 5690 2478 5738 et
2505 5682 2686 5736 statim
2718 5687 2918 5752 apertae
2937 5685 3066 5733 sunt
3094 5693 3258 5734 aures
3289 5676 3428 5746 ejus,
3461 5683 3516 5732 et

1927 5782 2160 5838 solutum
2191 5788 2273 5836 est
2303 5778 2576 5835 vinculum
2606 5779 2812 5852 linguae
2841 5776 2983 5849 ejus.
3017 5800 3038 5825 ιι
3074 5775 3194 5845 Qua
3225 5773 3281 5829 in
3320 5790 3380 5829 re
3411 5789 3518 5831 no-

1929 5878 2154 5934 tandum
2186 5877 2417 5949 estquia
2471 5883 2693 5949 propter
2721 5875 2938 5932 clausas
2995 5889 3152 5931 aures
3173 5873 3374 5929 dictum
3437 5879 3523 5928 est
