3972 6408
466 374 600 431 illi

1608 371 1947 429 WERNERI
1985 368 2271 431 A‘BBATIS
2312 376 2369 433 S.
2402 375 2631 432 'BLASII

3638 384 3780 440 1112

470 521 493 547 ιι
524 495 844 567 adaperire.
887 518 909 544 ι»
935 493 1045 551 Sed
1057 492 1393 563 cujusaures
1413 492 1603 548 cordis
1616 493 1686 548 ad
1701 493 2073 552 obediendum
2104 496 2160 557 A
2187 513 2298 555 non
2332 508 2456 571 post
2503 501 2639 559 deos
2680 500 2845 558 falsos
2893 502 2978 561 vel
3007 504 3213 562 alienos
3242 505 3563 564 oberrantes
3618 522 3785 565 occu-

467 594 670 657 aperta
701 584 922 651 fuerint,
954 600 1023 638 ex
1060 581 1422 654 subsequenti
1476 582 1673 653 procul
1696 582 1866 638 dubio
1914 583 2079 639 etiam

467 675 677 749 lingua
703 675 822 746 ejus
856 671 1129 729 vinculum
1160 672 1418 738 solvitur,
1452 679 1510 727 ut
1539 671 1687 727 bona
1717 689 1838 744 qua
1871 671 2077 741 fecerit,

471 775 633 831 etiam
662 772 914 829 iacienda
942 770 1068 825 aliis
1117 768 1387 842 loquatur.
1444 770 1601 827 Unde.
1634 778 1687 826 et
1744 772 1891 827 bene
1919 770 2081 827 addi-

472 873 579 930 tur,
639 884 662 910 α
688 871 737 918 et
768 860 1096 933 loquebatur
1130 867 1296 914 recte.
1337 882 1358 907 ι
1392 859 1492 915 Ille
1521 858 1669 914 enim
1719 869 1866 916 recte
1896 860 2080 931 loqui-

470 961 560 1007 tur
590 951 682 1023 qui
710 950 862 1022 prius
882 947 1193 1004 obcdiendo
1231 948 1439 1015 fecerit,
1472 965 1594 1019 quae
1647 949 1920 1021 loquendo
1976 949 2080 1005 ad-

472 1048 659 1095 monet
714 1038 878 1093 etiam
931 1037 1202 1093 facienda.
1234 1036 1431 1091 Aliter.
1454 1037 1688 1092 Humani
1715 1036 1945 1109 generis
1972 1036 2081 1093 for-

472 1144 618 1184 mam
649 1127 851 1182 surdus
872 1125 965 1181 ille
996 1134 1045 1181 et
1077 1125 1475 1192 mutushabuit,
1499 1125 1718 1198 quando
1740 1127 2007 1182 Dominus
2024 1135 2080 1183 ut

472 1234 702 1282 sanaret
731 1241 829 1296 per
857 1222 1350 1295 ﬁuesDccapoleos
1393 1223 1661 1279 transivit.
1682 1224 1970 1295 Decapolis
1999 1232 2084 1280 est

471 1323 634 1397 regio
702 1323 896 1379 decem
928 1321 1231 1388 civitatum,
1284 1330 1339 1377 et
1368 1321 1642 1394 significat
1676 1322 1859 1396 legem
1889 1323 2080 1380 decem

472 1420 908 1485 praceptorum.
942 1412 1046 1466 Per
1064 1409 1379 1482 DeCapolim
1419 1411 1689 1468 Dominus
1716 1413 1930 1479 transit,
1953 1429 2080 1470 cum

473 1503 577 1559 sub
603 1500 872 1574 decalogo
907 1499 1051 1573 legis
1083 1499 1238 1557 nasci
1268 1498 1457 1555 voluit.
1489 1501 1726 1557 Surdum
1773 1510 1826 1556 et
1863 1510 2076 1557 mutum

468 1600 521 1659 ei
547 1600 846 1668 adducunt,
877 1615 1003 1654 cum
1024 1598 1423 1670 pradicatores
1457 1616 1636 1673 genus
1665 1600 1962 1655 humanum
2008 1600 2079 1656 ad

475 1690 641 1748 ﬁdem
670 1696 1019 1754 convertunt,
1052 1688 1200 1760 quod
1228 1687 1458 1743 surdum
1491 1697 1626 1753 erat,
1667 1690 1795 1761 quia
1824 1690 2080 1747 mandata

471 1781 575 1836 Dei
603 1778 792 1835 audire
822 1777 1068 1834 nolebat.
1106 1778 1314 1833 Mutum
1337 1784 1478 1846 erat,
1531 1778 1711 1851 quiaa
1739 1778 1899 1835 laude
1930 1780 2079 1835 Con-

474 1868 674 1926 ditoris
730 1867 963 1924 tacebat.
1033 1867 1129 1922 Cui
1187 1867 1456 1922 Dominus
1515 1867 1761 1923 auditum
1818 1868 2075 1938 reddidit,

474 1960 611 2015 dum
685 1956 737 2014 ei
774 1956 843 2013 ad
908 1955 1297 2030 intelligendas
1338 1956 1652 2029 Scripturas
1698 1973 1917 2013 sensum
1945 1972 2077 2031 ape-

472 2048 600 2107 ruit.
645 2070 668 2097 η

643 2231 720 2287 De
749 2227 1133 2286 sacerdotibus
1161 2231 1218 2283 ct
1248 2242 1353 2284 aea:
1381 2226 1646 2284 aetatibus
1674 2230 1894 2285 saeculi.

544 2407 783 2482 Populus
811 2407 881 2462 ad
911 2405 1079 2463 ﬁdem
1109 2412 1338 2463 vocatus
1380 2405 1690 2462 visibilibus
1724 2407 2077 2464 sacramentis

475 2506 615 2555 erat'
656 2495 1038 2564 instruendus,
1078 2503 1135 2551 ut
1196 2511 1297 2567 per
1325 2494 1721 2551 exhibitionem
1776 2496 2075 2553 visibilium

477 2593 673 2659 posset
727 2584 917 2642 venire
954 2584 1025 2640 ad
1088 2583 1427 2641 intellectum
1483 2584 1862 2641 invisibilium.
1901 2586 2079 2643 Nosse

477 2683 690 2748 oportet
747 2673 967 2731 Domini
1007 2673 1345 2740 sacerdotes,
1403 2673 1494 2746 qui
1524 2675 1629 2730 hoc
1683 2684 2077 2731 sacramentum

476 2771 837 2831 contractant,
869 2762 1096 2819 modum
1130 2770 1186 2818 et
1214 2761 1470 2818 ordinem
1503 2772 1991 2831 sacramentorum,
2029 2774 2085 2821 et

484 2853 771 2910 veritatem
814 2868 996 2909 rerum
1027 2850 1483 2925 signiﬁcatarum.
1541 2852 1796 2924 Alioquin
1852 2854 2082 2927 dispen-

480 2949 695 2998 satores
741 2948 866 2997 sunt
896 2944 1102 2997 tantum
1157 2940 1549 3013 mysteriorum
1594 2941 1646 3010 (I
1675 2943 1801 2998 Cor.
1831 2944 1913 3013 iv)
1970 2951 2085 2998 tan-

479 3045 645 3102 quam
677 3030 809 3087 caci
840 3030 1009 3087 duces
1067 3045 1362 3095 cacorum,
1393 3030 1643 3086 utilitatis
1685 3038 1896 3087 tantum
1954 3032 2083 3090 inde

478 3118 723 3177 habituri
771 3126 1029 3192 quantum
1087 3118 1308 3191 capiunt
1357 3119 1627 3191 jamenta,
1680 3136 1803 3193 qua
1860 3129 2082 3193 portant

486 3232 662 3291 panes
688 3217 757 3272 ad
786 3233 922 3272 usus
948 3216 1203 3283 aliorum,
1236 3216 1364 3273 licet
1411 3217 1597 3274 divina
1625 3219 1804 3292 gratia
1834 3235 1944 3275 non
1992 3221 2084 3276 de.
2111 3229 2161 3292 α

485 3312 635 3363 serat
649 3311 1073 3372 sacramentum,
1117 3305 1261 3378 quod
1292 3321 1395 3377 per
1421 3321 1522 3362 eos
1557 3306 1627 3362 ad
1658 3306 1889 3362 salutem
1945 3308 2085 3365 alio-

476 3411 603 3454 rum
648 3394 1070 3452 administratur.
1124 3394 1425 3451 Attendant
1478 3411 1614 3469 ergo
1673 3396 2084 3454 Dominicorum

487 3502 961 3552 sacramentorum
988 3492 1425 3565 dispensatores,
1456 3493 1587 3566 quia
1600 3493 1849 3550 Ecclesia
1878 3495 2086 3551 Christi

486 3582 733 3656 quotidie
752 3598 818 3639 ex
847 3581 1126 3654 gentibus,
1152 3581 1516 3653 operantibus
1545 3582 1737 3639 iisdem
1768 3598 2085 3640 sacramen-

481 3671 574 3744 tis,
597 3679 934 3746 aggregatur
986 3670 1222 3743 populus
1267 3670 1666 3743 acquisitionis,
1724 3673 1879 3741 cuius
1925 3681 2089 3745 caput

488 3769 837 3828 estChristns
868 3785 884 3838 ;
918 3785 1015 3841 per
1048 3768 1217 3824 ﬁdem
1264 3776 1580 3839 generatur,
1611 3785 1715 3841 per
1764 3771 2086 3827 charitatem

485 3859 545 3917 in
573 3860 750 3916 virum
781 3857 1090 3931 perfectum
1113 3857 1374 3923 nutritur,
1405 3873 1505 3930 spe
1534 3858 1857 3915 aeternitatis
1883 3860 1938 3916 in
1995 3874 2089 3916 ea-

490 3959 616 4016 dem
648 3955 761 4014 ﬁde
789 3964 845 4013 et
871 3955 1135 4013 charitate
1164 3955 1447 4021 solidatur,
1488 3963 1543 4012 et
1569 3956 1811 4012 omnium
1858 3964 2088 4015 sancto-

489 4064 612 4105 rum
643 4044 1117 4103 administratione
1146 4044 1214 4099 ad
1239 4045 1387 4102 hunc
1413 4043 1577 4101 finem
1625 4045 1882 4114 refertur,
1911 4056 1972 4103 ut
1999 4048 2090 4103 in-

490 4137 701 4209 telligat
731 4133 1034 4193 Ecclesiam
1062 4133 1163 4191 Dei
1194 4142 1449 4208 tanquam
1477 4134 1704 4191 domum
1732 4135 1787 4190 in
1823 4134 1932 4193 ﬁde
1961 4136 2089 4194 fun-

487 4237 607 4294 dari
636 4235 932 4293 dilectione
950 4233 1056 4292 Dei
1071 4241 1121 4290 et
1145 4233 1402 4307 proximi,
1422 4242 1676 4308 tanquam
1697 4236 1933 4308 parietes
1949 4238 2090 4295 bene

486 4334 597 4392 sibi
632 4335 973 4391 cohaerentes
1002 4331 1448 4404 superadiﬁcari,
1469 4334 1721 4404 ejusdem
1749 4334 2090 4392 altitudinem

484 4441 586 4497 spe
615 4423 939 4480 aternitatis
965 4421 1381 4495 gloriosissima
1414 4423 1708 4479 cumulari.
1744 4424 1865 4481 Hoc
1890 4440 2090 4498 corpus

485 4520 690 4580 Christi
709 4520 837 4576 licet
856 4519 1130 4576 nativitate
1158 4520 1357 4592 capitis
1387 4520 1471 4576 sui
1499 4529 1767 4578 consueto
1823 4523 2089 4579 nascendi

485 4611 679 4669 ordine
706 4610 1060 4666 subsecutum
1089 4617 1193 4676 est,
1244 4617 1426 4665 tamen
1458 4610 1619 4680 hujus
1673 4611 1867 4683 capitis
1898 4612 2088 4668 nativi-

486 4718 596 4766 tem
620 4709 676 4765 in
705 4707 911 4765 unitate
926 4706 1551 4778 subsecuturi,corporis
1579 4708 1828 4780 quaedam
1850 4711 2093 4765 membra

482 4804 908 4872 praecesserunt,
942 4796 1273 4869 patriarcha
1302 4795 1514 4852 scilicet
1569 4805 1623 4851 et
1677 4797 1978 4868 propheta,
2038 4808 2092 4855 et

482 4887 637 4946 multi
650 4886 790 4960 justi
818 4886 916 4959 qui
947 4884 1223 4959 prodigiis
1255 4892 1311 4941 et
1336 4884 1630 4956 praconiis
1660 4885 1845 4941 multis
1889 4887 2091 4943 nativi-

483 4985 649 5035 tatem
711 4975 908 5049 capitis
964 4982 1019 5031 et
1055 4973 1293 5031 secuturi
1322 4974 1572 5045 corporis
1629 4984 2091 5046 pramonstrave-

482 5075 635 5124 runt.
665 5065 825 5138 Quod
854 5065 996 5121 bene
1024 5071 1306 5119 ostensum
1359 5069 1443 5119 est
1498 5063 1555 5118 in
1583 5063 1759 5120 Jacoh
1812 5063 2090 5121 interioris

481 5155 670 5229 p0puli
716 5162 907 5227 typum
961 5151 1262 5208 habentem
1296 5167 1311 5208 :
1344 5150 1437 5224 qui
1490 5152 1559 5207 ad
1594 5159 1772 5208 ortum
1826 5152 2090 5210 festinans

481 5276 707 5318 manum
759 5256 1050 5332 praemisit,
1110 5254 1351 5328 plantam
1408 5254 1590 5311 fratris
1672 5255 1903 5327 majoris
1958 5266 2088 5314 natu

479 5365 647 5407 manu
676 5358 873 5407 tenens
906 5345 1074 5419 (Gen.
1109 5343 1259 5413 xxv),
1292 5345 1398 5402 hoc
1422 5344 1568 5402 facto
1598 5343 1919 5419 signiﬁcans
1963 5347 2089 5417 quia

479 5441 775 5513 reprobato
804 5436 987 5511 priori
1009 5434 1404 5509 populo,cujua
1444 5441 1633 5507 typum
1687 5434 1913 5508 gerebat
1942 5436 2086 5492 Esau

478 5532 658 5603 (Rom.
684 5534 789 5603 ιχ),
812 5531 1129 5588 nasciturus
1147 5535 1297 5585 esset
1316 5527 1497 5585 minor
1516 5526 1772 5601 populus,
1816 5529 2085 5585 Christia-

483 5644 584 5684 nus
605 5630 882 5695 videlicet,
917 5628 1009 5702 qui
1042 5625 1482 5684 benedictionem
1513 5626 1618 5683 Dei
1648 5626 1831 5682 Patris
1880 5636 2084 5685 aterna

478 5723 798 5784 haereditate
816 5727 1146 5798 possideret.
1169 5725 1315 5782 Illius
1327 5726 1528 5798 quippe
1543 5725 1716 5782 Patris
1735 5735 2083 5783 sacramenta

480 5824 606 5870 sunt
662 5822 855 5871 nostra
906 5814 1259 5882 documenta,
1291 5815 1493 5887 quibus
1522 5814 1615 5871 ille
1645 5824 1902 5887 tanquam
1947 5832 2083 5887 par-

479 5902 637 5960 vulus
691 5909 777 5960 est
804 5902 1055 5971 laetatus,
1105 5910 1160 5960 et
1186 5902 1333 5961 circa
1354 5903 1518 5960 unius
1545 5903 1663 5961 veri
1691 5904 1794 5962 Dei
1847 5904 2074 5975 cultum,

2190 596 2370 659 patus.

2263 724 2426 781 Unde
2475 726 2544 780 ab
2600 725 2754 783 initio
2810 728 2993 784 saeculi
3037 729 3185 785 omni
3230 738 3388 787 atate
3443 740 3786 790 sacramanta

2191 812 2389 869 Christi
2436 825 2489 869 et
2547 816 2814 873 Ecclesia
2842 818 3119 874 celebrata
3151 828 3292 887 sunt,
3326 821 3522 893 quibus
3559 822 3648 878 ille
3678 838 3784 894 po-

2190 902 2355 972 pulus
2387 903 2707 972 nutriretur,
2745 914 2797 961 et
2828 916 3030 963 nostra
3060 908 3454 980 redemptionis
3472 911 3663 966 modus
3693 911 3782 966 in-

2191 1000 2526 1057 sinuaretur.
2567 1004 2705 1059 Nam
2739 1005 2920 1076 prima
2939 1012 3096 1061 atate
3127 1006 3306 1062 Adam
3335 1007 3403 1063 de
3432 1017 3573 1064 terra
3609 1017 3781 1065 matre

2188 1088 2308 1145 sine
2339 1092 2596 1147 terrendo
2626 1101 2781 1164 patre
2810 1094 2974 1150 homo
3007 1095 3075 1150 ad
3106 1096 3403 1169 imaginem
3456 1097 3556 1153 Dei
3602 1113 3634 1153 a
3662 1099 3780 1154 Deo

2189 1186 2336 1234 sexta
2392 1179 2482 1236 die
2531 1180 2834 1252 plasmatus
2864 1192 2947 1239 est
2988 1184 3147 1253 (lien.
3181 1188 3244 1256 1),
3296 1194 3349 1241 et
3377 1185 3433 1241 in
3484 1186 3780 1242 novissima

2189 1285 2348 1333 atate
2398 1279 2583 1335 saeculi
2607 1298 2705 1352 per
2733 1283 3004 1337 Christum
3035 1283 3103 1340 de
3135 1292 3348 1340 terrena
3378 1293 3541 1341 matre
3568 1293 3774 1352 natum,

2190 1366 2307 1422 sine
2339 1376 2557 1425 terreno
2607 1379 2758 1441 patre
2788 1372 2952 1427 homo
2982 1372 3050 1427 ad
3092 1372 3339 1427 eamdem
3367 1373 3656 1446 imaginem
3680 1374 3780 1431 Dei

2191 1455 2516 1512 reformatus
2576 1468 2674 1515 est.
2709 1460 2791 1515 Ad
2824 1462 2982 1532 cujus
3012 1461 3092 1517 rei
3123 1463 3533 1519 consonantiam
3590 1465 3778 1520 eadem

2187 1553 2347 1601 atate
2394 1547 2460 1601 de
2507 1546 2681 1604 latere
2711 1549 2863 1614 Ada,
2924 1544 3165 1622 quierat
3218 1551 3387 1605 forma
3439 1551 3617 1618 futuri,
3665 1554 3781 1608 Eva

2190 1633 2417 1690 formata
2466 1646 2567 1703 est,
2616 1646 2667 1693 et
2699 1655 2797 1709 per
2826 1640 3144 1711 sanguinem
3176 1641 3244 1696 de
3266 1640 3457 1696 Christi
3481 1641 3646 1697 latere
3666 1659 3779 1697 ma-

2186 1731 2405 1779 nantem
2456 1742 2579 1782 cum
2609 1742 2752 1799 aqua
2774 1728 3213 1785 sanctiﬁcationis
3234 1730 3477 1786 Ecclesia
3522 1730 3778 1789 fabricata

2108 1860 2160 1920 Β
2191 1829 2298 1920 est.
2339 1822 2592 1879 Secunda
2614 1840 2742 1881 vero
2780 1833 2939 1881 atate
2967 1826 3157 1881 mundi
3189 1843 3289 1899 per
3317 1837 3438 1883 octo
3490 1828 3699 1884 animas
3746 1843 3778 1883 a

2194 1910 2574 1969 submersione
2604 1913 2815 1983 diluvii,
2851 1915 2903 1970 id
2932 1923 3016 1970 est
3036 1931 3136 1988 per
3164 1932 3345 1973 arcam
3386 1917 3642 1973 liberatas
3681 1934 3775 1973 ea-

2187 2001 2311 2055 dem
2344 2002 2598 2059 Ecclesia
2628 2002 2865 2077 ﬁgurata
2892 2013 2993 2071 est,
3015 2022 3137 2077 qua
3166 2005 3218 2060 in
3244 2021 3342 2078 spe
3371 2014 3591 2074 octava,
3622 2006 3674 2062 id
3694 2015 3777 2063 est

2185 2098 2608 2156 resurrectionis
2658 2117 2755 2173 per
2783 2116 2955 2173 aquas
2984 2102 3237 2175 baptismi
3266 2121 3375 2161 non
3420 2105 3539 2162 sine
3574 2104 3775 2161 auxilio

2189 2185 2325 2259 ligni
2357 2188 2609 2245 salutaris
2639 2204 2673 2245 a
2715 2191 3091 2247 submersione
3139 2192 3553 2248 exuberantium
3601 2202 3775 2248 tenta—

2193 2275 2396 2332 tionum
2429 2277 2648 2333 liberata
2682 2288 2782 2335 est.
2839 2281 3020 2335 Tertia
3064 2280 3306 2354 denique
3352 2289 3507 2338 atate
3549 2283 3776 2354 populus

2195 2374 2296 2429 Dei
2351 2376 2422 2432 ab
2468 2377 2787 2450 AEgyptiaca
2818 2379 3074 2436 servitute
3122 2379 3386 2437 liberatus
3407 2390 3504 2451 est,
3565 2382 3779 2437 transiit

2187 2488 2339 2527 mare
2366 2473 2636 2543 Rubrum,
2666 2476 2809 2532 cedit
2833 2493 2985 2533 mare
3006 2479 3158 2552 viiga
3179 2494 3497 2549 percussum
3515 2496 3543 2533 a
3572 2478 3775 2552 Moyse.

2188 2562 2396 2634 prabet
2425 2563 2565 2618 viam
2604 2565 2805 2635 populo
2827 2564 2957 2621 Dei.
3008 2567 3255 2623 Hostesa
3286 2574 3445 2640 tergo
3486 2575 3782 2641 sequuntur

2189 2658 2244 2706 et
2273 2652 2721 2725 submerguntur,
2773 2655 2934 2710 ethic
2989 2656 3221 2727 repetita
3272 2664 3354 2712 est
3375 2656 3631 2728 baptismi
3684 2673 3782 2729 per

2190 2739 2401 2812 lignum
2460 2741 2799 2797 salutifer-um
2832 2745 3113 2800 consecuti
3142 2745 3670 2802 sanctiﬁcatio.Nam
3691 2763 3775 2800 ru—

2194 2827 2282 2883 bet
2310 2845 2464 2885 mare
2485 2830 2751 2897 Rubrum,
2794 2832 2953 2888 rubet
2981 2840 3035 2887 et
3088 2832 3392 2904 baptismus
3411 2833 3608 2889 Christi
3649 2849 3781 2889 san-

2193 2918 2360 2991 guine
2407 2929 2781 2976 consecratus.
2829 2922 3030 2977 Hostes
3061 2937 3093 2976 a
3124 2932 3280 2994 tergo
3339 2931 3631 2993 sequentes
3658 2938 3780 2979 mo-

2193 3007 2426 3075 riuntur,
2461 3009 2585 3081 quia
2642 3016 2875 3080 peccata
2920 3010 3192 3081 praterita
3248 3018 3302 3066 et
3348 3011 3635 3082 prasentia
3685 3028 3783 3083 per

2195 3096 2523 3168 baptismum
2552 3098 2830 3153 delentur.
2861 3099 3072 3156 Dehinc
3101 3099 3155 3154 in
3187 3110 3378 3172 quarta
3407 3107 3561 3156 aetate
3607 3100 3662 3155 in
3693 3100 3785 3157 illa

2194 3202 2419 3251 terrena
2448 3204 2653 3252 aterna
2683 3195 3019 3252 Hierusalem
3076 3197 3272 3255 claruit
3304 3215 3528 3270 regnum
3584 3199 3779 3267 David,

2192 3281 2396 3339 Christi
2427 3294 2478 3340 et
2504 3284 2764 3341 Ecclesia
2794 3302 3022 3358 regnum
3055 3285 3418 3360 praﬁgurans
3445 3304 3457 3341 :
3501 3287 3571 3342 de
3626 3287 3782 3358 cujus

2192 3373 2400 3429 semine
2428 3374 2571 3430 idem
2603 3374 2849 3430 Christus
2904 3384 3064 3431 natus
3120 3384 3221 3443 est,
3277 3376 3336 3431 in
3390 3375 3635 3432 Ecclesia
3690 3393 3783 3433 sua

2193 3470 2514 3541 spiritaliter
2543 3484 2867 3545 regnanset
2896 3489 3019 3529 eam
3040 3474 3145 3529 sibi
3173 3478 3640 3546 obtemperantem
3660 3484 3784 3546 post

2194 3567 2443 3630 tempora
2472 3561 2713 3634 gloriose
2740 3578 3034 3619 coronans.
3073 3563 3205 3631 Inde
3248 3572 3334 3619 est
3386 3562 3534 3635 quod
3586 3564 3678 3636 qui
3729 3564 3785 3619 in

2195 3647 2441 3705 Sabbato
2470 3658 2662 3707 sancto
2691 3659 2815 3707 sunt
2836 3651 3162 3723 baptizandi,
3209 3660 3406 3724 quarta
3450 3652 3788 3709 hebdomada

2197 3748 2688 3819 quadragesimalis
2717 3750 3096 3817 observantia,
3134 3767 3256 3821 qua
3297 3751 3643 3809 continentia
3687 3767 3787 3808 no-

2196 3836 2282 3891 bis
2310 3853 2457 3892 arma
2487 3838 2780 3906 ministrat,
2812 3847 2868 3895 et
2895 3848 3092 3911 quarta
3135 3840 3476 3896 hebdomade
3522 3840 3656 3898 feria
3694 3856 3786 3897 ca-

2197 3927 2501 3983 techizandi
2532 3935 2585 3984 et
2604 3928 2950 3985 exorcizandi
2972 3928 3295 3986 deferuntur
3319 3929 3390 3985 ad
3438 3929 3740 3987 Ecclesiarn
3770 3945 3784 3985 :

2196 4022 2271 4080 ibi
2299 4025 2535 4080 audituri
2598 4033 2654 4081 et
2681 4026 2983 4082 instruendi
3022 4027 3255 4098 qualiter
3294 4035 3488 4083 contra
3529 4028 3788 4098 spiritales

2196 4113 2469 4186 nequitias
2497 4115 2606 4170 sint
2633 4116 2945 4187 pugnaturi,
2978 4117 3076 4172 sed
3123 4124 3299 4173 tamen
3347 4131 3520 4189 usque
3555 4117 3612 4171 in
3652 4117 3787 4172 Sab-

2197 4202 2383 4259 batum
2407 4205 2666 4274 paschale
2695 4204 3001 4277 baptismus
3030 4205 3515 4273 eorumditfertur,
3557 4206 3662 4263 hoc
3699 4214 3787 4261 at-

2199 4301 2470 4356 tendente
2498 4301 2770 4368 Ecclesia,
2803 4302 2931 4374 quia
2959 4302 3052 4374 qui
3081 4302 3152 4357 ad
3180 4318 3417 4375 agonem
3445 4303 3501 4358 in
3538 4300 3789 4374 prasenti

2198 4389 2306 4445 vita
2346 4399 2627 4457 vocantur,
2669 4391 2725 4446 in
2772 4407 2873 4461 spe
2931 4390 3129 4448 futura
3171 4390 3376 4463 quietis
3424 4391 3778 4462 baptizautur.

2200 4478 2346 4535 Sicut
2393 4480 2539 4535 enim
2569 4488 2759 4537 contra
2803 4479 3048 4536 visibiles
3104 4481 3287 4536 hostes
3340 4481 3647 4551 pugnaturi,
3685 4495 3790 4536 non

2118 4596 2171 4656 D
2203 4584 2494 4648 antequam
2541 4586 2752 4650 quarta,
2793 4578 2850 4633 id
2880 4587 2963 4635 est
2994 4578 3225 4649 juvenili
3275 4586 3429 4634 atate
3476 4579 3746 4650 eliguntur
3777 4595 3789 4632 :

2205 4664 2285 4722 sic
2313 4666 2367 4720 in
2399 4667 2501 4723 hac
2533 4675 2693 4722 atate
2722 4668 3011 4740 pugnaturi
3040 4667 3333 4723 validiores
3380 4666 3451 4723 ad
3502 4666 3789 4723 invisibiles

2203 4754 2392 4811 hostes
2422 4756 2795 4828 repellendos,
2824 4757 3016 4829 sicque
3047 4756 3117 4812 ad
3149 4756 3513 4812 Christianam
3554 4754 3786 4811 militiam

2201 4852 2304 4908 sub
2343 4861 2472 4925 typo
2519 4854 2682 4924 hujus
2730 4854 2948 4910 numeri
2993 4854 3153 4910 electi
3191 4854 3555 4910 Christianum
3596 4868 3786 4910 nomen

2200 4941 2439 4999 viriliter
2469 4952 2792 5012 exerceant,
2813 4951 2867 5001 et
2884 4952 2938 5001 ut
2961 4943 3206 5001 coronari
3227 4951 3563 5014 mereantur,
3591 4941 3783 5000 abacis

2198 5048 2308 5087 non
2338 5032 2624 5089 recedant.

2272 5176 2398 5231 Post
2422 5182 2673 5247 tempora
2704 5190 2836 5232 vero
2868 5173 3022 5249 regni
3054 5175 3227 5231 Israel
3285 5173 3468 5246 quinta
3494 5178 3650 5230 atate
3677 5172 3756 5228 in-

2197 5263 2437 5320 choante
2464 5273 2696 5335 propter
2721 5265 3129 5335 perversitatem
3159 5264 3445 5335 prataxati
3475 5261 3659 5334 populi
3687 5276 3777 5319 ca-

2197 5354 2440 5425 ptivante
2471 5352 2790 5426 Babylonia
2819 5369 2949 5427 rege
2968 5350 3380 5425 transmigravit
3400 5351 3547 5407 idem
3563 5350 3781 5423 populus

2194 5450 2249 5506 in
2283 5450 2661 5522 Babyloniam,
2696 5458 2748 5507 et
2780 5450 2876 5523 qui
2907 5449 3213 5507 confusioni
3245 5450 3511 5506 servierat
3537 5447 3779 5503 volunta-

2193 5540 2304 5595 rius
2345 5539 2464 5613 regi
2523 5539 2835 5612 Babylonis,
2893 5539 3039 5612 quod
3089 5538 3477 5610 interpretatur
3518 5538 3778 5608 confusio,

2194 5629 2419 5685 servivit
2450 5629 2674 5685 invitus.
2720 5629 2847 5686 Post
2884 5643 2990 5684 Lxx
3047 5644 3221 5684 annos
3277 5625 3512 5684 faciente
3578 5624 3778 5683 Christo

2191 5727 2336 5798 Cyro
2374 5742 2631 5783 reversus
2671 5734 2755 5782 est
2792 5725 2935 5782 idem
2968 5725 3225 5797 populus,
3278 5724 3418 5780 sicut
3471 5722 3777 5795 praedixerat

2188 5815 2369 5888 primo
2392 5815 2568 5886 Isaac,
2599 5815 2799 5872 deinde
2828 5814 3114 5872 Jeremias.
3144 5814 3309 5885 Quod
3329 5813 3470 5869 bene
3485 5812 3556 5869 ad
3589 5819 3771 5867 statum

2187 5906 2425 5978 pertinet
2454 5902 2739 5977 Ecclesia,
2768 5923 2892 5981 qua
2919 5912 3044 5981 post
3073 5904 3232 5975 hujus
3261 5901 3449 5961 saeculi
3478 5902 3639 5959 ﬁnem
3660 5917 3769 5975 quae
