3972 6398
198 412 344 470 1113
1170 410 1752 470 DEFLORATIONES
1795 413 1893 470 SS.
1936 413 2231 471 PATRUM.
2267 443 2331 455 -
2369 414 2494 469 LIB.
2522 414 2590 469 ll.
3392 416 3525 470 Hii

194 537 542 608 septenario
586 552 821 594 numero
874 537 1109 594 volvitur
1163 538 1392 602 dierum,
1453 545 1575 607 post
1630 537 1827 593 multas
1855 540 1911 600 Α
1937 539 2173 595 hominis
2194 539 2246 593 in
2270 537 2461 595 eodem
2485 546 2642 594 utero
2662 539 2948 596 nutriatur.
2981 540 3107 596 Tria
3161 539 3358 611 quippe
3403 545 3528 594 sunt

193 627 480 698 angarias
515 643 666 698 quas
697 641 856 698 passa
885 627 970 682 vel
1004 643 1229 698 passura
1258 635 1340 681 est
1357 627 1459 680 sub
1479 626 1704 698 regibus
1727 629 1831 681 bu-
1941 636 2141 708 quibus
2169 652 2342 709 usque
2377 636 2443 690 ad
2477 637 2850 692 indumentum
2883 639 3139 693 novitatis
3170 637 3528 708 baptizandus

203 715 303 785 jus
337 716 673 786 spiritualis
716 716 1048 786 Babylonia,
1089 716 1142 770 in
1181 716 1462 771 caelestem
1495 716 1830 769 Hierusalem

1947 726 2272 796 concipitur,
2306 727 2628 781 catechismi
2661 727 2866 782 scilicet
2899 735 2950 782 et
2978 727 3285 791 exorcismi,
3313 735 3365 781 et
3400 742 3528 782 ora-

196 829 443 868 reversa
500 821 616 876 est,
678 813 810 867 nulli
869 813 1099 867 ulterius
1157 812 1464 868 confusioni
1529 812 1821 866 servitura.
1941 815 2140 869 tiones.
2182 815 2557 869 Catechizatur
2586 815 2652 869 ad
2683 818 2785 870 hoc
2821 817 2911 888 qui
2956 817 3022 869 ad
3078 815 3239 870 ﬁdem
3280 824 3524 883 vocatur,

197 902 361 958 Unde
395 901 543 955 dicit
580 901 874 971 Apostolus
908 919 920 954 Σ
959 925 979 948 tt
1017 901 1251 955 Vanitati
1296 911 1547 957 creatura
1585 902 1832 969 subjecta
1941 918 1998 964 ιιι
2027 913 2094 965 ad
2129 913 2272 983 quod
2320 921 2566 981 vocatur,
2617 912 2837 983 proprio
2896 921 3179 967 moveatur
3235 911 3530 968 voluntatis

197 998 284 1045 est
318 1006 437 1044 non
469 991 697 1055 volens,
731 992 826 1044 sed
859 999 1085 1061 prapter
1115 1006 1235 1044 eum
1291 991 1381 1061 qui
1432 990 1659 1056 subjecit
1711 1005 1829 1043 eam

1947 1000 2185 1054 arbitrio.
2220 1001 2594 1064 Exorcizatur,
2638 1009 2691 1054 ut
2719 1001 2785 1054 ab
2819 1017 2882 1056 eo
2913 1001 3116 1055 diaboli
3147 1009 3388 1072 potestas
3429 999 3531 1054 ini-

196 1091 251 1145 in
286 1107 416 1161 spe,
456 1092 736 1160 quoniam
773 1101 823 1146 et
855 1092 973 1161 ipsa
1003 1091 1604 1147 creatura'liberabitur
1633 1109 1662 1146 a
1707 1108 1830 1145 ser-
1941 1106 2041 1159 qua
2083 1089 2407 1160 depellatur.
2452 1089 2673 1144 Additur
2711 1106 2809 1160 pro
2869 1107 2934 1146 eo
2990 1090 3184 1156 oratio,
3245 1098 3303 1144 ut
3357 1088 3531 1160 gratia

199 1181 377 1235 vitute
403 1180 792 1249 corruptionis
823 1181 985 1248 hujus
1013 1181 1067 1233 in
1099 1181 1403 1235 libertatem
1454 1181 1647 1252 gloriae
1687 1179 1828 1234 ﬁlio-
1938 1187 2234 1256 praeveniat
2263 1195 2312 1241 et
2343 1196 2621 1257 sequatur,
2677 1204 2799 1258 qua:
2856 1188 2999 1241 vires
3057 1188 3298 1257 praebeat
3353 1185 3530 1240 libero

198 1284 325 1322 rum
365 1269 472 1322 Dei
511 1271 696 1334 (Rom.
731 1270 870 1338 Viti).
911 1292 932 1316 ιι
976 1271 1077 1323 Per
1106 1271 1224 1324 hth
1255 1280 1495 1340 tempora
1519 1269 1696 1323 omnia
1723 1285 1828 1323 non
1939 1274 2178 1339 arbitrio,
2211 1282 2264 1328 et
2294 1291 2398 1346 qua
2430 1275 2619 1345 procul
2653 1274 2744 1329 ﬁat
2791 1275 3015 1347 maligni
3060 1275 3278 1345 spiritus
3319 1273 3522 1328 illusio.

198 1365 520 1420 defuerunt
557 1365 654 1420 viri
679 1366 825 1435 justi,
863 1365 1051 1421 futurae
1090 1365 1352 1421 Ecclesiae
1389 1366 1642 1420 membra
1674 1385 1688 1430 -,
1722 1381 1830 1420 non
1940 1361 2193 1433 Signatur
2224 1363 2403 1433 itaque
2435 1364 2611 1433 primo
2645 1363 3001 1434 baptizandus
3034 1363 3209 1419 crucis
3248 1360 3530 1428 signaculo

198 1453 525 1509 defuerunt
558 1454 757 1525 cuique
790 1457 1017 1523 tempori
1046 1470 1291 1524 congrua
1321 1463 1671 1508 sacramenta
1707 1463 1830 1508 tan-
1938 1461 1992 1514 in
2027 1461 2222 1526 fronte,
2259 1461 2310 1514 in
2341 1469 2584 1530 pectore,
2615 1461 2668 1514 in
2701 1460 2894 1528 oculis,
2928 1461 2981 1514 in
3025 1460 3264 1526 auribus,
3315 1459 3369 1514 in
3413 1475 3527 1526 ore,

201 1558 379 1615 quam
413 1543 619 1614 populi
652 1543 995 1597 nutrimenta.
1029 1544 1107 1597 De
1153 1543 1349 1613 quibus
1396 1551 1616 1614 possunt
1661 1544 1830 1596 multa
1937 1550 2096 1618 cujus
2131 1550 2328 1603 virtute
2360 1549 2531 1603 victus
2564 1557 2644 1603 est
2695 1549 2966 1614 diabolus,
3023 1559 3075 1603 et
3131 1549 3393 1604 exaltatus
3448 1552 3533 1602 est

198 1640 462 1706 recitari,
513 1640 620 1694 nisi
680 1641 1023 1694 studeremus
1081 1641 1361 1696 brevitati.
1433 1642 1525 1694 Ad
1584 1642 1828 1695 ultimum
1939 1639 2206 1695 Christus.
2241 1637 2396 1694 Unde
2427 1639 2676 1694 Habacuc
2706 1638 2882 1693 dicit:
2925 1661 2946 1686 α
2997 1639 3210 1693 Cornua
3253 1636 3308 1692 in
3348 1636 3528 1691 mani-

201 1738 369 1782 sexta
417 1737 588 1782 aetate
609 1727 680 1782 de
705 1729 924 1799 Virgine
949 1738 1101 1782 natus
1124 1738 1204 1783 est
1227 1729 1489 1797 Christus,
1512 1730 1654 1782 sicut
1675 1737 1829 1784 sexta
1939 1736 2039 1790 bus
2089 1739 2209 1805 ejus
2255 1754 2267 1792 ;
2316 1736 2393 1790 ibi
2449 1737 2696 1808 reposita
2753 1745 2837 1791 est
2892 1735 3150 1792 fortitudo
3207 1735 3325 1805 ejus
3379 1734 3525 1804 (Ha-

201 1817 296 1871 die
317 1816 391 1870 de
421 1825 583 1870 terra
609 1817 814 1885 virgine
836 1818 1136 1888 plasmatus
1172 1826 1253 1872 est
1292 1819 1676 1888 protoplastus.
1732 1818 1826 1873 Hic

203 1913 476 1970 Christus
504 1912 629 1994 ﬁnis
651 1923 731 1968 est
753 1915 913 1986 legis,
938 1923 987 1969 et
1011 1915 1209 1969 veritas
1223 1923 1271 1969 et
1296 1915 1572 1984 plenitudo
1593 1915 1828 1969 omnium
1862 1895 1912 1953 Β

207 2003 307 2072 qui
353 2010 770 2072 praecesserant
828 2003 881 2056 in
942 2003 1160 2057 umbras
1217 2013 1706 2059 sacramentorum.
1774 2005 1831 2058 In

207 2089 583 2161 plenitudine
622 2091 914 2161 temporis,
958 2093 1102 2146 sicut
1133 2091 1336 2146 dictum
1377 2102 1478 2157 est,
1538 2100 1694 2147 natus
1750 2100 1833 2147 est

211 2188 513 2253 Christus,
546 2189 740 2252 crevit,
771 2190 839 2244 ad
872 2189 1082 2244 virilem
1116 2200 1327 2245 aetatem
1357 2193 1621 2260 pervenit,
1669 2191 1829 2246 trice-

212 2276 369 2332 simo
412 2278 549 2332 vitae
590 2294 703 2332 sua:
732 2293 875 2333 anno
906 2279 1068 2347 (sicut
1113 2279 1335 2332 tradunt
1380 2279 1755 2350 evangelistze)
1797 2294 1831 2332 a

211 2366 439 2421 Joanne
475 2367 775 2436 baptizatus
807 2376 908 2432 est,
942 2383 1048 2422 non
1079 2367 1205 2438 quia
1251 2367 1503 2438 indiguit,
1550 2369 1646 2422 sed
1709 2369 1833 2440 quia

213 2463 340 2530 ejus
373 2464 498 2518 vita
528 2463 848 2518 Christianis
877 2463 1164 2533 disciplina
1195 2480 1404 2520 morum
1455 2465 1572 2519 fuit.
1626 2466 1832 2520 Dehinc

215 2550 400 2622 elegit
432 2552 746 2622 apostolos,
773 2551 1090 2621 praedicavit
1121 2553 1499 2623 Evangelium,
1541 2553 1834 2610 cruciﬁxus

214 2649 320 2706 est,
361 2641 514 2695 dans
544 2640 702 2695 nobis
739 2640 1052 2709 exemplum
1084 2641 1398 2697 humilitatis
1448 2651 1501 2696 et
1538 2643 1828 2713 patientiae,

216 2737 388 2792 tertia
418 2737 516 2792 die
546 2737 865 2801 resurrexit,
897 2737 953 2790 in
982 2752 1090 2808 quo
1137 2739 1387 2792 membra
1431 2754 1530 2793 sua
1578 2756 1829 2795 resurre-

218 2825 431 2880 ctionis
457 2842 574 2880 sum
604 2841 702 2895 spe
733 2824 1072 2880 conﬁrmavit
1126 2827 1370 2896 proxime
1417 2827 1586 2882 cmlos
1641 2845 1835 2881 ascen-

221 2929 418 2977 surus,
452 2913 761 2984 discipulos
790 2915 920 2986 quid
950 2931 1117 2987 agere
1139 2916 1403 2970 deberent
1433 2916 1731 2982 admonuit,
1753 2918 1833 2971 di-

220 3027 361 3066 cens
395 3028 410 3063 :
452 3033 476 3058 α
516 3010 617 3077 Ite,
648 3010 840 3065 docete
869 3026 1061 3065 omnes
1091 3019 1305 3082 gentes,
1337 3012 1631 3082 prmdicate
1685 3013 1833 3067 omni

224 3106 529 3154 creaturae.
562 3097 667 3167 Qui
695 3099 990 3153 crediderit
1019 3108 1072 3153 et
1103 3100 1406 3168 baptizatus
1436 3099 1608 3165 fuerit,
1655 3102 1833 3154 salvus

225 3187 328 3242 erit
362 3189 561 3254 (Marc.
592 3186 726 3252 xvr).
758 3209 779 3237 ι
815 3187 914 3242 llic
942 3188 1130 3257 paucis
1161 3189 1338 3242 verbis
1361 3189 1622 3244 docemur
1642 3205 1830 3243 sacer-

228 3285 395 3340 dotes
421 3283 641 3339 Domini
663 3284 1034 3354 apostolorum
1053 3301 1402 3340 successores
1420 3295 1472 3340 et
1495 3287 1628 3340 νὶοεη
1645 3287 1744 3350 ius,
1765 3287 1833 3340 de

225 3374 441 3444 quibus
473 3373 711 3429 dicitur:
748 3397 771 3420 α
809 3374 912 3426 Pro
961 3374 1209 3442 patribus
1258 3375 1363 3427 tuis
1411 3376 1520 3427 nati
1569 3384 1694 3428 sunt
1739 3375 1834 3428 tibi

231 3460 329 3516 ﬁlii
358 3463 558 3528 (Paul.
593 3463 735 3531 κων)
770 3479 782 3517 :
821 3484 842 3510 υ
879 3462 1114 3533 qualiter
1143 3463 1381 3517 d--beant
1413 3463 1574 3517 rudes
1604 3463 1834 3534 p0pulos

232 3560 447 3614 terreni
483 3559 717 3613 hominis
746 3559 1039 3629 imaginem
1070 3560 1253 3615 adhuc
1286 3567 1566 3630 portantes
1598 3561 1834 3616 cateclii-

225 3664 375 3715 zare,
410 3648 721 3720 qualiterin
743 3649 1036 3703 novitatem
1063 3657 1114 3701 et
1162 3649 1364 3703 Christi
1399 3649 1833 3705 conformitatem

229 3735 466 3793 lavacro
495 3753 648 3807 aqua;
668 3737 723 3790 in
745 3738 916 3792 verbo
934 3737 1340 3792 transformare.
1365 3739 1480 3793 Hoc
1521 3738 1591 3792 ita
1635 3739 1833 3794 factum

224 3842 310 3888 est
354 3835 698 3904 temporibus
747 3835 1120 3903 apostolorum
1171 3843 1226 3890 et
1275 3845 1593 3905 martyrum,
1645 3837 1737 3907 qui
1779 3837 1831 3890 in

223 3923 436 3978 Iudaeis
466 3932 519 3978 et
549 3923 802 3992 gentibus
831 3923 1188 3994 Evangelium
1218 3924 1355 3992 juris
1403 3925 1836 3993 inteLigentibus

227 4021 282 4066 et
311 4013 734 4082 quibuscunque
763 4012 1014 4082 personis
1047 4015 1204 4068 verbi
1234 4013 1335 4068 Dei
1383 4013 1680 4084 capacibus
1732 4031 1832 4068 an-

233 4103 652 4156 nuntiaverunt.

1939 1736 2039 1790 bus
2089 1739 2209 1805 ejus
2255 1754 2267 1792 :

1940 1825 2058 1880 bac.
2094 1827 2200 1896 Ill).
2247 1849 2267 1872 ο

2013 1941 2129 1996 Hoc
2159 1957 2290 2008 ergo
2311 1941 2470 2014 signo
2492 1940 2806 1995 muniuntur
2829 1941 2993 1996 totius
3017 1938 3266 2010 corporis
3310 1954 3526 2003 sensus,

1940 2029 2098 2096 Cujus
2131 2031 2328 2084 virtute
2357 2039 2409 2084 et
2441 2029 2620 2085 omnia
2656 2038 2840 2085 nostra
2872 2036 3207 2083 sacramenta
3247 2026 3531 2098 complen-

1939 2125 2046 2182 tur,
2081 2127 2130 2172 et
2163 2119 2346 2173 omnia
2393 2119 2599 2173 diaboli
2650 2117 2913 2190 ﬁgmenta
2961 2118 3330 2182 frustrantur;
3393 2116 3532 2170 sicut

1939 2233 2064 2272 cum
2105 2217 2468 2287 primogenita
2495 2217 2810 2271 delerentur
2857 2216 3091 2286 Egypti,
3143 2214 3376 2284 populus
3426 2215 3532 2268 He-

1939 2305 2207 2360 braeorum
2243 2306 2469 2378 signatis
2498 2305 2745 2375 postibus
2791 2305 3076 2360 domorum
3137 2318 3348 2357 suarum
3403 2317 3531 2356 san-

1940 2393 2105 2464 guine
2137 2393 2265 2463 agni
2297 2393 2592 2464 paschalis,
2626 2393 2678 2446 in
2712 2401 2840 2463 typo
2892 2391 3190 2448 Dominicae
3235 2389 3527 2462 passionis,

1939 2491 2182 2545 salvatus
2213 2499 2314 2554 est,
2344 2499 2396 2544 et
2427 2490 2664 2561 populus
2695 2489 2974 2562 Egyptius
2998 2489 3088 2561 qui
3119 2489 3222 2544 hoc
3252 2488 3411 2560 signo
3431 2502 3532 2543 ca-

1940 2579 2064 2643 ruit,
2098 2580 2150 2632 in
2197 2579 2574 2649 primogenitis
2622 2579 2737 2632 suis
2785 2578 3028 2650 graviter
3073 2592 3368 2649 percussus
3411 2582 3522 2632 est.

1941 2667 2088 2723 Sicut
2115 2668 2258 2737 apud
2310 2668 2652 2722 Ezecliielem
2703 2666 3048 2721 Hierusalem
3103 2666 3172 2720 ab
3215 2665 3532 2719 imminente

1939 2766 2095 2821 clade
2135 2766 2418 2820 liberanda
2457 2781 2580 2820 esse
2619 2765 2970 2836 promittitur,
3005 2765 3050 2819 si
3093 2772 3346 2835 tanquam
3393 2763 3532 2836 ﬁgu-

1940 2871 2058 2909 ram
2091 2855 2266 2909 crucis
2298 2855 2608 2924 exprimens
2641 2855 2971 2923 gementium
3005 2862 3166 2925 atque
3211 2852 3528 2916 dolentium,

1937 2943 1992 2998 id
2025 2951 2105 2996 est
2137 2943 2517 3012 pmnitentium
2551 2943 2877 3013 signaretur.
2911 2944 3105 2996 Postea
3135 2942 3297 2995 datur
3325 2939 3404 2993 sal
3435 2940 3536 2994 be-

1940 3040 2232 3094 mcdictum
2278 3040 2332 3092 in
2381 3057 2444 3094 os
2494 3040 2665 3110 pueri,
2713 3047 2768 3093 ut
2820 3056 2916 3109 per
2963 3038 3206 3108 typicum
3254 3036 3535 3108 sapientia

1940 3128 2107 3182 salem
2140 3128 2407 3191 conditus,
2447 3127 2619 3182 fetore
2649 3137 2831 3182 careat
2852 3125 3166 3198 iniquitatis,
3191 3141 3257 3178 ne
3278 3141 3306 3178 a
3328 3124 3533 3181 vermi-

1863 3248 1912 3309 C
1945 3217 2044 3270 bus
2075 3216 2320 3270 vitiorum
2352 3216 2487 3270 ultra
2520 3215 2791 3285 putreﬁat,
2827 3217 2921 3269 sed
2955 3215 3302 3284 incorruptus
3342 3228 3530 3266 serve-

1943 3321 2031 3367 tur
2059 3313 2125 3367 ad
2157 3313 2558 3383 percipiendam
2591 3313 2787 3367 Christi
2819 3311 3068 3383 gratiam,
3102 3327 3279 3382 neque
3330 3311 3465 3364 ultra
3498 3328 3533 3364 υ.

1943 3403 2288 3457 condimento
2319 3401 2600 3471 sapientia:
2628 3401 2876 3471 desipiat,
2911 3416 3088 3470 neque
3121 3409 3266 3454 retro
3305 3398 3534 3468 aspiciat

1943 3491 2081 3545 sicut
2113 3506 2247 3545 uxor
2279 3491 2435 3545 Loth.
2478 3489 2806 3544 Exsuﬁlatur
2835 3499 3020 3561 postea
3052 3488 3325 3560 malignus
3355 3487 3526 3542 foras.

1943 3588 2076 3657 Qum
2104 3587 2365 3659 mysteria
2397 3603 2555 3642 sacra
2587 3585 2903 3656 signiﬁcant
2937 3587 3082 3658 quod
3126 3602 3231 3640 non
3281 3584 3535 3655 parvulus

1943 3677 2301 3743 exorcizatur,
2336 3685 2387 3732 et
2415 3676 2746 3743 exsuﬁlatur,
2777 3675 2870 3729 sed
2906 3674 2998 3729 ille
3025 3674 3125 3728 sub
3158 3690 3264 3744 quo
3291 3682 3412 3727 sunt
3442 3673 3532 3745 qui

1943 3767 2046 3820 sub
2076 3775 2301 3836 peccato
2331 3774 2642 3829 nascuntur,
2681 3774 2729 3818 et
2763 3764 3002 3819 nondum
3035 3779 3133 3833 per
3162 3777 3378 3816 sacrum
3428 3762 3531 3816 ba-

1941 3863 2136 3934 ptisma
2168 3862 2340 3916 renati
2372 3871 2517 3924 sunt,
2551 3863 2651 3917 sed
2675 3863 2787 3930 jam
2841 3878 2939 3932 per
2986 3861 3198 3933 signum
3249 3859 3429 3916 crucis
3479 3859 3535 3913 in

1940 3960 2099 4006 utero
2133 3950 2322 4005 matris
2346 3951 2611 4006 Ecclesia:
2645 3952 2893 4021 concepti
2933 3958 3074 4005 sunt.
3134 3949 3332 4004 Omnia
3388 3948 3533 4003 enim

1943 4041 2271 4096 charismata
2301 4039 2652 4096 sacerdotalis
2689 4040 2971 4095 ministerii
3003 4039 3178 4094 crucis
3211 4037 3383 4102 ﬁgura
3402 4054 3533 4108 per-

1941 4138 2228 4208 cipiuntur.
2259 4138 2454 4194 Omnia
2486 4147 2665 4193 autem
2697 4147 3034 4194 sacramenta
3083 4153 3201 4209 quae
3240 4145 3364 4192 acta
3411 4143 3535 4191 sunt

1944 4235 1997 4283 et
2019 4244 2140 4299 qua)
2160 4236 2404 4298 aguntur
2427 4227 3141 4294 exorcismis,orationibus,
3166 4224 3536 4280 insuﬁlationi-

1944 4316 2066 4381 bus,
2102 4315 2256 4387 quasi
2287 4332 2410 4372 esca
2443 4324 2565 4370 sunt
2596 4333 2718 4387 quas
2748 4316 3007 4387 parvulos
3038 4313 3284 4370 reﬁciunt
3315 4313 3370 4367 in
3411 4321 3533 4369 ute-

232 4425 288 4480 ίη
330 4430 611 4502 gentibus.
655 4446 754 4484 nec
795 4429 935 4483 ίηιει-
974 4429 1161 4485 ﬁdeles
1201 4439 1449 4500 repertus
1499 4411 1836 4502 iesl‘aliquis
1946 4429 2024 4478 ro,
2058 4420 2118 4468 ut
2151 4423 2362 4468 renatos
2411 4430 2550 4485 aqua
2603 4414 2792 4468 salutis
2839 4413 3037 4468 hilares
3085 4421 3258 4468 mater
3293 4411 3536 4468 Ecclesia

232 4518 443 4574 adulta:
481 4517 606 4572 ﬁdei
638 4534 742 4572 non
776 4517 971 4583 ﬁdelis,
1005 4535 1073 4573 ne
1113 4519 1325 4589 parvuli
1376 4535 1568 4574 eorum
1618 4519 1686 4574 de
1737 4520 1834 4575 hac

1947 4502 2457 4557 exhibeatChristo.
2484 4504 2679 4558 Postea
2703 4512 2996 4574 tanguntur
3025 4502 3073 4557 ei
3105 4518 3260 4556 aures
3290 4511 3343 4555 ct
3371 4516 3536 4556 nares

233 4615 346 4669 vita
378 4623 508 4671 ante
539 4616 886 4670 rationabiles
915 4631 1088 4671 annos
1118 4588 1378 4670 exeuntes
1431 4616 1594 4671 alieni
1646 4632 1832 4671 rema-
1867 4605 1916 4664 D
1944 4607 2069 4646 cum
2100 4591 2290 4645 Μηνὶ
2326 4591 2508 4647 saliva
2539 4591 2740 4662 quippe
2771 4608 2800 4645 ⁸
2831 4595 3008 4660 capite
3039 4589 3320 4644 descendit
3370 4588 3422 4642 in
3472 4604 3536 4644 os

921 4239 1132 4279 DIVISIO
1145 4265 1158 4280 ο

312 4342 611 4412 Postquam
652 4338 903 4396 Ecclesia
934 4339 1158 4395 dilatata
1189 4349 1269 4396 est
1301 4349 1353 4396 et
1382 4350 1722 4413 congregata
1754 4349 1837 4396 est

235 4714 432 4760 nerent
469 4721 498 4758 a
527 4706 803 4760 consortio
825 4704 1044 4771 Christi,
1068 4706 1295 4774 provisa
1317 4715 1398 4760 est
1420 4705 1525 4759 illis
1544 4707 1701 4760 etiam
1727 4723 1838 4761 me-

235 4791 424 4847 dicina
452 4793 662 4857 salutis,
697 4803 750 4847 ut
777 4794 830 4847 in
862 4802 1334 4849 sacramentorum
1356 4811 1561 4865 genere
1598 4795 1683 4849 vel
1734 4795 1840 4850 lidc

237 4890 304 4944 ad
328 4890 746 4947 catechirandos
767 4891 1053 4962 parvulos,
1077 4893 1495 4958 exorcizandos,
1520 4892 1836 4958 initiandos,

240 4987 292 5032 et
322 4981 552 5036 demum
583 4980 949 5049 baptizandos.
985 4982 1046 5034 In
1077 4981 1275 5052 quibus
1306 4997 1405 5050 pro
1435 4981 1658 5050 parvulo
1692 4981 1839 5036 audit

245 5067 518 5136 Ecclesia,
552 5077 605 5123 et
637 5069 704 5122 ad
733 5069 1071 5139 interrogata
1101 5070 1414 5139 respondet,
1446 5070 1621 5125 donec
1642 5085 1844 5140 parvu-

241 5162 327 5220 lus
357 5165 430 5221 ad
460 5165 831 5237 intelligibiles
861 5180 1035 5220 annos
1064 5167 1370 5232 perveniat,
1404 5175 1457 5221 et
1497 5174 1840 5222 sacramenta

243 5251 391 5319 ﬁdei,
427 5253 708 5309 charitatis
741 5261 792 5308 et
822 5256 936 5324 spei
970 5254 1073 5308 sibi
1103 5255 1350 5326 imposita
1379 5272 1480 5325 per
1528 5271 1588 5310 se
1637 5255 1835 5310 intelli-

241 5345 358 5407 gat.
395 5340 474 5393 De
504 5338 702 5409 quibus
732 5354 947 5409 quoque
969 5341 1330 5394 sacramentis
1353 5341 1480 5410 quid
1506 5339 1834 5412 significent,

239 5447 403 5506 prout
453 5436 714 5491 Dominus
753 5436 986 5491 voluerit
1044 5437 1308 5508 inspirare
1349 5437 1598 5492 charitati
1638 5446 1839 5492 vestrae

242 5525 446 5597 aliquid
481 5525 668 5580 dicere
699 5524 1106 5596 proposuimus,
1144 5535 1197 5580 ut
1228 5535 1280 5580 et
1313 5527 1413 5596 ipsi
1457 5527 1717 5581 virtutem
1754 5541 1841 5581 sa-

247 5621 646 5670 cramentorum
679 5613 1016 5684 intelligetis,
1049 5622 1102 5668 et
1151 5614 1429 5670 auditores
1478 5621 1690 5669 vestros
1736 5615 1839 5670 do-

249 5728 372 5768 cere
405 5711 690 5767 studentis.
725 5710 1031 5765 Notandum
1067 5727 1198 5781 ergo
1243 5719 1326 5765 est
1370 5711 1520 5780 prius
1567 5711 1843 5781 quomodo

242 5798 600 5874 baptizandus
632 5798 683 5852 in
715 5807 867 5854 utero
928 5799 1117 5852 matris
1167 5800 1424 5855 Ecclesia:
1472 5814 1604 5868 puer
1651 5799 1839 5854 conci-

241 5889 446 5959 piatur,
483 5886 684 5960 quibus
709 5884 981 5942 alimentis
1008 5902 1181 5958 usque
1217 5887 1290 5944 ad
1325 5886 1660 5944 nativitatem
1714 5887 1839 5943 novi

1947 4703 2242 4758 supernam
2295 4686 2614 4759 signiﬁcans
2671 4687 3014 4757 sapientiam,
3073 4686 3232 4756 cujus
3290 4693 3431 4741 tactu
3482 4693 3536 4742 et

1947 4792 2111 4831 aures
2148 4775 2332 4830 cordis
2372 4775 2687 4847 aperiuntur
2733 4776 2803 4830 ad
2851 4775 3262 4847 intelligendum
3307 4774 3537 4828 verbum

1947 4865 2067 4931 Dei,
2110 4873 2161 4920 et
2200 4881 2360 4920 nares
2400 4866 2468 4920 ad
2528 4865 2902 4934 repellendum
2965 4865 3196 4920 fetorem
3252 4863 3534 4919 noxiarum

1947 4962 2335 5035 cogitationum
2367 4971 2419 5018 et
2449 4962 2887 5020 delectationum.
2910 4961 3063 5019 Unde
3083 4961 3158 5016 ait
3180 4962 3372 5016 beatus
3400 4963 3536 5016 Am-

1948 5051 2164 5106 brosius
2194 5049 2247 5104 in
2278 5050 2440 5105 libro.
2477 5051 2556 5105 De
2587 5050 2939 5106 sacramentis
2971 5067 2987 5104 :
3037 5072 3058 5099 n
3111 5049 3271 5120 Quod
3321 5048 3535 5120 egimus

1948 5161 2143 5216 nempe
2169 5144 2378 5216 apertio
2409 5153 2513 5210 est,
2548 5145 2678 5216 quia
2707 5151 3045 5201 sacramenta
3074 5151 3197 5198 sunt
3243 5141 3538 5214 apertionis

1950 5243 2164 5315 quando
2195 5257 2354 5298 aures
2385 5242 2506 5313 ejus
2536 5242 2711 5313 tetigit
2739 5247 2796 5297 et
2845 5257 3026 5297 nares.
3067 5241 3224 5310 Quod
3265 5238 3538 5313 signiﬁcat

1950 5333 2004 5386 in
2026 5332 2327 5403 Evangelio
2353 5331 2610 5386 Dominus
2631 5339 2819 5386 noster
2840 5331 3001 5386 Jesus
3039 5329 3289 5386 Christus
3327 5344 3455 5385 cum
3488 5327 3538 5383 ei

1949 5421 2165 5476 oblatus
2205 5428 2350 5475 esset
2381 5419 2572 5473 surdus
2603 5429 2655 5474 et
2705 5429 2904 5487 mutus,
2953 5420 3115 5490 cujus
3161 5435 3224 5474 os
3269 5418 3444 5490 tetigit
3489 5425 3540 5472 et

1950 5533 2108 5574 aures
2137 5518 2262 5590 quia
2293 5518 2489 5573 surdus
2519 5526 2637 5572 erat
2671 5532 2685 5587 ;
2717 5533 2782 5573 os
2811 5519 2934 5588 quia
2965 5525 3152 5572 mutus
3183 5524 3316 5582 erat,
3341 5524 3390 5572 et
3420 5514 3491 5570 ait
3525 5533 3539 5573 :

1953 5629 1976 5654 υ
2015 5607 2355 5677 Ephphetha,
2385 5607 2528 5676 quod
2559 5615 2642 5662 est
2671 5606 2984 5678 adaperire.
3030 5631 3051 5652 ιο

2022 5712 2235 5768 Deinde
2274 5713 2426 5768 venit
2463 5713 2718 5769 sacerdos
2775 5712 2842 5768 ad
2903 5712 3127 5778 fontem,
3187 5718 3547 5768 consecratur

1950 5801 2076 5856 fons
2107 5802 2159 5855 in
2195 5802 2416 5857 nomine
2440 5803 2610 5857 Patris
2631 5812 2682 5857 et
2707 5802 2820 5857 Filii
2841 5801 3138 5872 etSpiritus
3167 5801 3339 5858 sancti
3364 5816 3378 5871 ;
3419 5800 3543 5872 qui-

1951 5889 2054 5945 bus
2084 5889 2271 5947 verbis
2300 5889 2346 5946 si
2375 5905 2520 5962 squs
2554 5891 2746 5948 salutis
2775 5900 3144 5960 enascentur,
3173 5904 3277 5946 nec
3323 5903 3356 5945 ι
3401 5888 3544 5945 bono
