3972 6418
418 366 558 425 1115

1559 378 1902 438 WERNEBI
1940 381 2227 441 ABBATIS
2266 382 2330 439 S.
2366 382 2587 440 BLASll

3584 387 3726 443 1116

416 507 523 583 nec
548 508 585 551 a
612 495 760 554 malo
789 498 945 570 pejus
973 499 1240 574 accipitur
1257 502 1584 576 baptismus.
1635 505 1794 563 Unde
1831 509 2013 580 Augu-
2041 509 2102 573 Α
2128 508 2400 565 bulemus.
2433 509 2492 568 Si
2519 508 2666 566 enim
2693 510 3048 583 complautati
3074 510 3203 568 facti
3230 527 3421 568 sumus
3461 511 3724 569 similitu-

417 581 595 639 stinus
621 584 674 640 in
705 585 845 643 libro
874 590 1033 646 tertio
1061 592 1144 648 De
1172 592 1333 649 unico
1363 592 1637 665 baptismo
1668 611 1682 651 :
1721 618 1744 644 α
1778 597 1903 652 Non
1934 605 2020 652 est

418 687 559 745 aqua
589 675 837 745 profana,
870 694 973 735 nec
1002 681 1253 736 adultera
1284 698 1450 753 super
1482 699 1647 755 quam
1679 701 1878 741 nomen
1919 687 2019 741 Dei

420 760 728 832 invocatur,
759 766 861 821 etsi
891 782 923 822 a
951 769 1201 839 profanis
1230 779 1285 826 et
1313 772 1381 826 ab
1410 771 1673 828 adulteris
1712 774 2017 844 invocetur,

422 850 549 923 quia
585 867 689 908 nec
723 852 843 925 ipsa
873 866 1147 923 creatura,
1186 875 1291 916 nec
1336 860 1513 931 ipsum
1561 878 1760 917 nomen
1809 864 2021 919 adulte-

422 954 542 993 rum
570 948 676 996 est.
713 964 733 991 η
784 943 1039 1001 Traditur
1088 948 1252 1002 etiam
1299 965 1455 1005 novas
1502 951 1633 1006 vitae
1680 951 2023 1008 auditoribus

420 1027 728 1098 symbolum
760 1030 887 1087 fidei
920 1051 935 1087 :
967 1036 1110 1107 quod
1143 1052 1242 1107 per
1271 1038 1559 1094 duodecim
1591 1041 1871 1111 apostolos
1921 1057 2019 1096 or-

422 1116 667 1172 dinatum
699 1127 803 1188 est,
837 1129 890 1177 et
919 1123 1141 1179 totidem
1193 1127 1480 1183 sententiis
1524 1131 2010 1201 comprehensum.

417 1205 700 1263 Postremo
753 1211 1015 1280 parvulus
1060 1214 1128 1268 ad
1179 1214 1513 1286 baptismum
1558 1218 1938 1291 interrogatur
1987 1236 2020 1275 a

420 1295 709 1352 sacerdote
744 1316 755 1352 :
797 1320 819 1347 «
842 1299 1226 1358 Abrenuntias
1255 1304 1473 1361 Satanas
1494 1314 1547 1361 et
1568 1308 1820 1363 omnibus
1835 1308 2020 1379 Operi-

419 1381 521 1439 bus
549 1384 696 1455 ejus,
725 1394 778 1440 et
804 1388 1058 1444 omnibus
1089 1393 1314 1464 pompis
1336 1394 1503 1464 ejus?
1532 1418 1552 1443 ο
1583 1403 1641 1450 ιιι
1671 1397 1907 1467 primum
1931 1413 2018 1452 re-

418 1479 575 1542 spuat
605 1489 873 1543 errorem,
907 1486 959 1533 et
987 1481 1332 1550 approximet
1360 1483 1427 1538 ad
1461 1484 1762 1551 veritatem,
1799 1492 1856 1540 ut
1884 1502 2018 1557 pos-

417 1559 504 1629 sit,
532 1560 698 1631 juxta
727 1567 1072 1636 Apostolum,
1117 1569 1397 1641 deponere.
1448 1580 1691 1629 veterem
1739 1575 2017 1631 hominem

416 1663 538 1704 cum
569 1652 779 1707 actibus
810 1655 947 1719 suis,
975 1656 1180 1714 scilicet
1210 1660 1499 1729 pristinam
1522 1663 2016 1732 conversationem,

415 1737 700 1812 abnegans
726 1742 1059 1814 impietatem
1091 1756 1144 1802 et
1173 1749 1462 1805 saecularia
1489 1750 1760 1806 desideria
1794 1753 2014 1825 (Ephes.

2125 599 2239 654 dini
2278 598 2471 656 mortis
2510 599 2652 670 ejus,
2694 600 2856 657 simul
2911 610 2967 657 et
3029 601 3450 658 resurrectionis
3511 602 3721 658 erimus

2127 691 2310 758 (Rom.
2351 691 2453 760 v1).
2498 712 2519 738 ι
2554 690 2693 746 Hinc
2721 688 2879 746 etiam
2911 690 3105 747 beatus
3146 690 3465 746 Ambrosius
3492 691 3624 747 dicit
3665 691 3724 747 in

2126 778 2266 834 libro
2306 779 2386 834 De
2426 779 2789 835 sacramentis
2823 797 2837 835 :
2893 802 2915 828 υ
2951 780 3368 852 Interrogatus:
3414 780 3605 836 Credis
3664 780 3721 836 in

2128 868 2298 922 Deum
2334 869 2549 924 Patrem
2596 869 3026 940 omnipotentem
3056 869 3084 923 τ
3129 868 3359 926 dixisti:
3410 869 3611 935 Credo,
3664 878 3721 925 et

2125 972 2343 1012 mersus
2367 973 2449 1023 es,
2480 957 2534 1012 id
2566 966 2649 1012 est
2675 958 2926 1026 sepultus
2975 974 3059 1013 es.
3104 960 3305 1012 Iterum
3352 958 3723 1031 interrogatus

2126 1062 2187 1101 es
2219 1064 2233 1101 :
2267 1046 2455 1101 Credis
2482 1056 2537 1101 et
2564 1046 2618 1100 in
2650 1045 2838 1102 Jesum
2884 1048 3158 1102 Christum
3202 1046 3492 1103 Dominum
3536 1056 3725 1102 natum

2126 1143 2180 1191 et
2210 1151 2434 1207 passum
2460 1136 2489 1189 τ’
2517 1135 2697 1190 dixisti
2730 1154 2742 1190 :
2777 1136 2955 1191 Credo
2989 1155 3004 1203 ;
3036 1145 3089 1191 et
3120 1152 3337 1191 mersus
3387 1152 3467 1204 es,
3527 1135 3580 1190 id
3637 1144 3724 1191 est

2128 1225 2348 1280 Christo
2376 1224 2732 1295 consepultus
2763 1241 2848 1280 es.
2888 1223 2992 1295 Qui
3041 1233 3221 1280 autem
3268 1224 3483 1280 Christo
3521 1240 3720 1280 conse-

2126 1313 2342 1385 pelitur,
2376 1330 2501 1369 cum
2532 1313 2750 1369 Christo
2793 1322 3069 1386 resurget.
3118 1313 3301 1369 Tertio
3347 1312 3723 1385 interrogatus

2125 1419 2186 1458 es
2220 1423 2232 1458 :
2267 1403 2459 1458 Credis
2489 1411 2541 1457 et
2566 1403 2621 1457 in
2652 1403 2913 1474 Spiritum
2945 1404 3240 1458 sanctum?
3260 1401 3439 1457 dixisti
3465 1420 3478 1457 :
3503 1402 3717 1465 Credo;

2126 1498 2185 1547 et
2218 1508 2439 1547 mersus
2470 1508 2531 1547 es
2562 1491 2744 1559 tertio,
2776 1501 2833 1546 ut
2862 1490 3217 1562 multiplicem
3246 1490 3457 1563 lapsum
3502 1490 3719 1563 cogita-

2124 1582 2303 1649 tionis,
2337 1581 2648 1643 locutionis,
2685 1580 3024 1652 operationis
3055 1580 3301 1636 aboleret
3330 1580 3468 1635 trina
3498 1579 3722 1636 cOnfes-

2124 1671 2233 1725 sio.
2276 1693 2297 1719 η
2335 1671 2487 1726 Hanc
2516 1671 2661 1726 sacri
2693 1669 3038 1740 baptismatis
3067 1668 3506 1725 emundationem
3537 1669 3590 1723 in
3638 1669 3718 1723 si-

2125 1758 2486 1813 militudinem
2519 1758 2712 1812 mortis
2740 1758 2944 1813 Christi
2972 1757 3313 1812 celebratam
3334 1757 3723 1829 praeﬁgurabat

414 1825 511 1899 tv).
544 1827 861 1929 {Rapon-det
891 1834 1156 1929 parvulus
1177 1854 1277 1907 per
1295 1853 1394 1894 ora
1410 1840 1758 1912 gestantium.
1789 1864 1808 1889 α
1836 1843 2013 1897 Abre-
2050 1870 2099 1929 Β
2127 1863 2270 1920 aqua
2309 1846 2644 1917 aspersionis
2681 1846 2736 1901 in
2774 1845 2946 1901 veteri
2985 1846 3128 1917 lege,
3171 1862 3274 1917 qua
3327 1825 3723 1901 emundabatur

416 1916 630 1974 nuntio.
666 1940 690 1968 υ
724 1920 884 1977 Unde
912 1924 1251 1995 Augustinus
1279 1938 1469 1983 contra
1495 1930 1771 1986 lulianum
1803 1932 1858 1986 in
1907 1932 2008 1984 lib.

416 2020 473 2059 iv
507 2024 519 2061 :
559 2028 581 2057 ιι
617 2005 881 2081 Quisquis
912 2023 1079 2085 negat
1109 2031 1208 2085 per
1235 2031 1337 2072 ora
1381 2020 1714 2091 gestantium
1758 2020 2021 2091 parvulos

416 2094 803 2155 abrenuntiare
822 2106 878 2155 et
906 2104 1154 2173 credere,
1188 2112 1243 2160 et
1271 2115 1439 2179 neget
1460 2122 1556 2163 eos
1577 2110 1831 2180 accipere
1851 2109 2021 2180 bapti-

418 2198 618 2253 smum,
651 2186 781 2257 quia
807 2187 864 2244 in
909 2191 1161 2248 manibus
1206 2197 1539 2265 gestautium
1589 2198 1947 2254 reluctantur.
1990 2221 2013 2248 ι

417 2270 555 2327 Item
581 2271 638 2327 in
664 2272 808 2335 libro
834 2276 916 2332 De
945 2279 1265 2348 paenitentia
1297 2299 1311 2337 :
1346 2307 1369 2330 ο
1409 2285 1653 2340 Parvulis
1680 2286 1764 2347 ad
1811 2302 2016 2343 conse—

419 2360 717 2418 crationem
757 2372 815 2419 et
851 2367 1235 2425 remissionem
1274 2371 1568 2445 originalis
1622 2376 1833 2444 peccati
1882 2391 2016 2446 pro-

418 2447 543 2507 dest
579 2467 766 2508 eorum
796 2452 937 2510 ﬁdes
960 2471 991 2510 a
1022 2458 1220 2530 quibus
1247 2459 1573 2530 oﬂ‘eruntur,
1626 2471 1684 2518 ut
1735 2480 2015 2535 quascun—

419 2554 527 2610 que
565 2540 810 2598 maculas
849 2543 1174 2603 delictorum
1214 2565 1319 2619 per
1355 2550 1519 2617 alios,
1559 2567 1593 2607 a
1631 2552 1831 2625 quibus
1903 2553 2018 2608 nati

419 2635 557 2682 sunt
592 2638 1009 2700 contraxerunt,
1039 2636 1278 2691 aliorum
1309 2638 1470 2694 etiam
1498 2639 1924 2714 interrogatione
1963 2650 2017 2699 et

417 2717 780 2786 responsione
810 2731 1136 2795 purgentur.
1167 2748 1190 2772 η
1221 2726 1346 2782 Post
1366 2728 1895 2786 abrenuntiationem
1918 2749 2015 2786 un-

417 2803 570 2876 gitur
599 2807 1025 2866 catechumenus
1053 2811 1176 2869 oleo
1204 2830 1367 2872 sacro
1396 2816 1449 2871 in
1480 2826 1723 2889 pectore,
1755 2826 2015 2893 tanquam

419 2893 702 2950 muniatur
729 2896 999 2955 adversus
1030 2900 1245 2958 hostem
1294 2904 1643 2973 invisibilem,
1694 2924 1762 2964 ne
1810 2909 1859 2964 ei
1907 2909 2013 2964 im-

417 2982 623 3071 munda
663 2992 717 3039 et
781 2987 941 3043 noxia
1006 2992 1335 3061 persuadeat
1402 2995 1705 3051 desideria.
1779 2998 2014 3071 Ungitur

417 3078 470 3126 et
498 3070 642 3127 inter
670 3076 942 3147 scapulas,
974 3078 1066 3134 ubi
1097 3088 1180 3136 est
1212 3082 1372 3155 vigor
1400 3086 1652 3155 portandi
1699 3087 1905 3153 oneris,
1955 3097 2014 3143 ut

417 3156 797 3219 fortitudinem
824 3166 1058 3238 accipiat
1087 3170 1153 3224 ad
1186 3173 1513 3238 portandum
1543 3175 1758 3247 pondus
1805 3176 1913 3232 diei
1961 3186 2013 3234 et

415 3258 600 3317 aestus,
634 3251 774 3309 sicut
804 3253 981 3310 bonus
1009 3257 1238 3315 athleta.

481 3365 689 3425 Exinde
712 3370 1019 3443 exquiritur
1050 3374 1119 3429 ab
1149 3391 1217 3432 eo
1248 3376 1295 3432 si
1333 3379 1522 3435 credat
1569 3380 1627 3436 in
1677 3382 1854 3439 Deum
1905 3384 2013 3440 Pa-

414 3460 556 3511 trem
593 3458 1049 3531 omnipotentem,
1091 3472 1146 3520 et
1183 3466 1237 3521 in
1271 3467 1456 3524 Jesum
1510 3470 1781 3527 Christum
1823 3473 2015 3529 Filium

416 3541 539 3613 ejus
572 3547 795 3605 unicum
833 3549 1134 3608 Dominum
1181 3564 1429 3613 nostrum
1462 3600 1477 3625 ,
1536 3568 1588 3615 et
1642 3560 1696 3615 in
1756 3561 2015 3633 Spiritum

416 3642 666 3690 sanctum
698 3679 714 3702 ,
765 3654 930 3694 unum
961 3641 1137 3697 Deum
1169 3645 1221 3699 in
1263 3644 1528 3705 Trinitate
1555 3690 1575 3714 ,
1628 3657 1682 3704 et
1720 3651 1922 3707 trinum
1958 3652 2016 3708 in

415 3722 621 3780 unitate
653 3742 668 3793 ;
701 3726 752 3782 si
780 3728 1110 3786 confiteatur
1145 3749 1309 3788 unam
1349 3752 1475 3793 esse
1513 3748 1756 3795 sanctam
1816 3741 2013 3798 Eccle-

414 3810 553 3867 siam
582 3812 939 3885 Catholicam,
973 3826 1030 3875 et
1059 3820 1106 3875 si
1136 3823 1327 3878 credat
1376 3826 1759 3883 remissionem
1810 3845 2015 3901 pecca-

413 3906 593 3956 torum
623 3910 680 3957 et
710 3904 874 3961 vitam
891 3915 1177 3965 aeternam.
1222 3912 1350 3969 Hec
1370 3915 1553 3971 omnia
1595 3916 1644 3971 si
1694 3919 2014 3988 profiteatur

414 4004 475 4045 se
501 3990 746 4081 credere,
770 3995 887 4064 jam
917 3995 1105 4069 incipit
1134 3998 1187 4053 in
1221 4016 1290 4056 eo
1321 4003 1459 4059 mori
1488 4013 1647 4061 vetus
1692 4007 1877 4079 homo,
1919 4010 2012 4081 qui

413 4080 714 4135 secundum
744 4082 917 4139 Deum
946 4096 1159 4143 creatus
1187 4099 1268 4144 est
1296 4090 1349 4144 in
1376 4093 1580 4157 justitia
1628 4103 1678 4149 et
1726 4080 2012 4154 sanctitate

415 4168 662 4257 veritatis
688 4171 893 4244 (ibid.).
922 4176 978 4229 lu
1028 4176 1500 4238 abrenuntiatione
1553 4183 1750 4254 prioris
1796 4203 2016 4257 posses-

414 4256 576 4326 soris,
605 4261 870 4349 suadente
901 4263 1188 4335 charitate,
1212 4267 1328 4338 jam
1380 4271 1493 4325 vult
1538 4272 1593 4327 in
1638 4274 1728 4343 jus
1777 4256 2013 4349 legitimi

410 4347 756 4416 possessoris
794 4351 1069 4409 transire:
1127 4355 1182 4410 in
1238 4374 1400 4430 quem
1447 4360 1564 4430 jam
1621 4347 1904 4433 profitetur
1949 4383 2011 4422 se

411 4433 643 4490 credere
680 4445 733 4492 et
770 4438 840 4493 ab
879 4456 946 4496 eo
983 4451 1190 4499 aeterna
1226 4449 1450 4517 praemia
1490 4462 1839 4523 exspectare.
1887 4456 2010 4511 Jam

412 4533 771 4597 expurgatum
809 4537 897 4584 est
935 4539 1090 4587 vetus
1129 4531 1474 4605 fermentum,
1516 4541 1615 4596 sed
1654 4543 1895 4598 nondum
1928 4553 2013 4600 est

415 4620 933 4701 nova‘conspersio,
974 4621 1065 4677 ubi
1104 4625 1244 4679 sacri
1285 4625 1448 4682 fontis
1496 4640 1760 4701 sequatur
1805 4632 2009 4689 ablutio

416 4699 622 4791 (IrCor.
662 4704 744 4776 v).
786 4706 903 4762 Sub
939 4712 1300 4781 responsione
1354 4716 1509 4773 trinae
1566 4699 2010 4791 interrogationis

416 4790 556 4847 trina
593 4794 872 4853 mersione
907 4801 1335 4858 catechumenus
1373 4820 1406 4859 a
1465 4806 1720 4864 sordibus
1775 4790 2010 4866 vetustis

414 4878 674 4951 abluitur,
742 4892 797 4940 et
849 4901 1053 4943 novum
1109 4890 1386 4948 hominem
1447 4893 1689 4964 indutus,
1745 4898 2009 4956 triduana:

413 4966 633 5060 Domini
668 4973 962 5044 sepulturae
1023 4980 1419 5052 consepelitur.
1496 4984 1652 5042 Unde
1716 4988 2010 5060 Apostolus

413 5055 532 5115 ait:
575 5082 601 5109 ι
643 5060 961 5135 Cousepulti
999 5067 1142 5123 enim
1182 5085 1373 5126 sumus
1412 5089 1514 5145 per
1568 5055 1897 5149 baptismum
1954 5078 2009 5134 in

419 5155 670 5216 mortem,
702 5158 761 5206 ut
788 5156 1066 5224 quomodo
1114 5160 1366 5215 surrexit
1412 5162 1662 5221 Christus
1703 5182 1735 5221 a
1783 5168 2008 5224 mortuis

417 5249 518 5307 per
542 5236 787 5310 gloriam
810 5242 1009 5317 Patris,
1039 5245 1115 5302 ita
1143 5256 1199 5303 et
1226 5264 1330 5305 nos
1369 5250 1424 5306 in
1453 5253 1694 5311 novitate
1723 5255 1848 5313 vitae
1885 5272 2010 5313 am-

2038 4599 2090 4660 D

2130 1937 2222 2008 qui
2252 1943 2523 1991 mortuum
2557 1935 2835 2008 tetigerat,
2868 1942 2925 1989 ut
2976 1935 3031 1988 in
3077 1943 3255 1991 castra
3311 1941 3716 1990 reverteretur:

2129 2026 2217 2082 cui
2246 2025 2516 2081 immistus
2564 2032 2681 2080 erat
2731 2024 2872 2079 cinis
2920 2023 3105 2079 vitulze
3152 2022 3286 2080 rufae
3330 2034 3481 2080 extra
3536 2031 3721 2080 castra.

2127 2112 2447 2176 combustae,
2480 2111 2751 2181 hyssopus
2781 2124 2999 2181 quoque
3020 2123 3219 2165 coccus
3248 2112 3304 2164 et
3336 2108 3561 2165 cedrus.
3622 2107 3721 2164 Vi-

2126 2201 2240 2256 tula
2269 2198 2579 2271 quippeilla
2599 2214 2724 2270 quae
2740 2197 3007 2252 femineus
3027 2203 3111 2253 est
3144 2213 3307 2252 sexus
3343 2195 3715 2270 fragilitatem,

2125 2289 2180 2345 id
2211 2297 2295 2344 est
2326 2287 2743 2359 passibilitatem
2775 2285 2963 2341 carnis
3008 2285 3211 2341 Christi
3258 2284 3547 2358 signiﬁcat,
3596 2284 3720 2341 rufa

2126 2385 2349 2449 propter
2379 2376 2665 2449 sanguinis
2698 2374 3049 2430 eﬁ'usionem.
3088 2374 3224 2445 Qum
3250 2375 3414 2430 etiam
3440 2381 3591 2430 extra
3623 2389 3719 2431 ca-

2124 2476 2238 2523 stra
2267 2466 2448 2536 ejecta
2477 2473 2580 2521 est.
2616 2466 2674 2520 In
2702 2479 2812 2535 quo
2844 2462 3190 2536 ﬁgurabatur
3216 2463 3363 2535 quod
3383 2470 3436 2520 et
3454 2462 3720 2520 Dominus

2125 2571 2387 2626 passurus
2417 2564 2570 2611 extra
2607 2553 2880 2610 civitatem
2926 2551 3125 2609 ductus
3181 2560 3282 2609 est.
3343 2551 3502 2622 Quod
3554 2552 3718 2607 etiam

2124 2645 2389 2717 sanguine
2434 2644 2681 2713 ejusdem
2726 2642 2911 2698 vitula
2951 2642 3344 2713 aspergebatur
3390 2640 3592 2713 septies
3640 2648 3717 2696 ta-

2123 2734 2499 2800 bernaculum,
2532 2741 2586 2789 et
2614 2731 2807 2788 omnia
2839 2747 2970 2787 vasa
2998 2730 3359 2797 tabernaculi,
3390 2730 3609 2801 plenam
3638 2729 3719 2784 ai—

2122 2822 2343 2898 gniﬁcat
2371 2822 2815 2879 emundationem
2843 2836 3014 2893 quam
3043 2820 3196 2875 intus
3214 2827 3270 2876 et
3297 2827 3448 2875 extra
3494 2819 3717 2877 contulit

2122 2912 2356 2985 sanguis
2383 2910 2605 2968 Christi.
2636 2909 2831 2966 Anima
2851 2909 2997 2964 enim
3016 2916 3232 2965 constat
3257 2908 3454 2980 triplici
3498 2907 3715 2976 virtute,

2121 3018 2319 3075 corpus
2362 3016 2492 3058 vero
2544 3006 2813 3072 quaterna
2863 2998 3258 3055 elementorum
3321 2995 3714 3065 complexione,

2121 3092 2252 3164 quia
2288 3098 2517 3163 uterque
2555 3089 2815 3146 mundata
2853 3094 2937 3143 est
2987 3087 3189 3143 Christi
3240 3086 3526 3159 sanguinis
3575 3082 3716 3142 επα-

2121 3181 2304 3236 sione.

2196 3294 2354 3365 Quod
2394 3310 2524 3352 vero
2561 3309 2756 3352 carnes
2794 3292 3046 3366 ejusdem
3085 3288 3272 3346 vitula:
3309 3297 3363 3346 et
3397 3288 3607 3346 corium
3660 3295 3717 3345 et

2123 3393 2370 3441 stercora
2397 3384 2856 3441 comburebantur
2884 3382 2991 3439 hoc
3037 3378 3406 3453 signiﬁcatum
3447 3386 3530 3435 est
3582 3375 3716 3450 quia

2128 3483 2234 3530 tota
2272 3474 2550 3529 humilitas
2588 3482 2641 3529 et
2677 3471 2980 3544 ignominia
3016 3469 3288 3542 passionis
3326 3482 3486 3524 versa
3533 3474 3616 3523 est
3662 3466 3712 3522 in

2123 3564 2358 3638 gloriam
2389 3562 2827 3619 resurrectionis.
2860 3560 3020 3627 Quod
3072 3558 3215 3614 bene
3259 3556 3405 3629 ignis
3449 3553 3717 3629 signiﬁcat

2125 3653 2224 3725 qui
2254 3668 2478 3724 semper
2507 3652 2576 3707 ad
2605 3650 2890 3722 superiora
2920 3648 3116 3715 tendit,
3148 3654 3203 3704 et
3231 3645 3378 3717 quod
3403 3644 3637 3701 absumit
3659 3644 3715 3700 in

2124 3759 2185 3798 se
2212 3742 2507 3799 convertit.
2545 3741 2704 3810 Quod
2736 3749 2916 3795 autem
2950 3740 3224 3811 hyssopus
3252 3735 3377 3791 huic
3411 3734 3715 3807 aspersioni

2122 3832 2480 3897 admiscetur,
2505 3830 2613 3887 hoc
2634 3827 2906 3903 signiﬁcat
2924 3827 3072 3901 quod
3091 3828 3144 3881 in
3177 3825 3292 3881 ﬁde
3328 3824 3521 3881 mortis
3553 3823 3712 3880 Chri-

2122 3921 2195 3976 sti
2224 3929 2452 3992 peccata
2476 3918 2831 3975 mundantur.
2863 3917 3021 3975 Unde
3047 3916 3125 3971 ait
3149 3912 3483 3986 Apostolus:
3535 3936 3558 3963 «ι
3585 3912 3712 3970 Fide

2120 4010 2392 4066 mundana
2429 4008 2600 4066 corda
2640 4023 2835 4064 eorum
2898 4006 3121 4081 (Ephcs.
3189 4006 3271 4075 v).
3347 4024 3371 4051 ιι
3432 4003 3713 4074 Hyssopus

2123 4099 2323 4171 quippe
2352 4099 2477 4154 ideo
2511 4096 2675 4152 ﬁdem
2712 4094 3003 4168 signiﬁcat,
3036 4094 3182 4167 quod
3226 4107 3352 4149 cum
3413 4091 3488 4148 sit
3540 4091 3712 4147 herba

2122 4189 2362 4253 humilis,
2394 4186 2623 4243 firmiter
2653 4188 2823 4244 haeret
2873 4184 2931 4239 in
2987 4192 3162 4256 petra.
3230 4182 3441 4239 Coccus
3496 4196 3710 4253 quoque

2122 4278 2248 4334 huic
2276 4277 2574 4333 adhibetur
2602 4273 3000 4340 emundationi,
3051 4289 3173 4345 quae
3218 4272 3474 4327 ﬂammeo
3530 4269 3710 4327 colore

2119 4368 2435 4424 charitatem
2466 4365 2739 4439 significat
2769 4364 2888 4419 sine
2917 4377 3027 4436 qua
3081 4370 3356 4417 mortuum
3412 4367 3497 4416 est
3552 4358 3709 4432 quid-

2120 4456 2249 4530 quid
2278 4454 2416 4511 ﬁdes
2445 4463 2728 4526 operatur.
2778 4452 2988 4509 Cedrus
3034 4452 3200 4507 etiam
3247 4450 3370 4507 huic
3423 4447 3711 4521 opitulatur

2120 4543 2479 4610 mundationi,
2508 4559 2629 4616 quae
2660 4540 3011 4614 imputrihilis
3057 4541 3226 4596 arbor
3277 4538 3494 4607 dicitur,
3547 4545 3599 4593 et
3652 4537 3707 4592 iu

2119 4633 2353 4690 excelsis
2382 4632 2660 4688 montibus
2691 4631 2918 4699 radicat,
2951 4638 3006 4685 et
3032 4628 3159 4685 ideo
3177 4643 3331 4699 spem
3352 4624 3709 4696 incorruptio-

2121 4723 2207 4778 nis
2236 4731 2290 4778 et
2315 4736 2571 4792 supernas
2599 4720 2793 4794 glorias
2850 4718 3146 4791 signiﬁcat.
3204 4718 3412 4773 Horum
3467 4714 3704 4771 omnium

2120 4811 2503 4881 conjunctione
2532 4825 2675 4881 aqua
2705 4808 3048 4881 aspersiouis
3094 4813 3465 4870 consecratur,
3516 4812 3569 4860 et
3615 4803 3706 4876 qui

2117 4909 2391 4957 mortuum
2431 4899 2705 4971 tetigerat,
2763 4907 2821 4953 ut
2875 4897 3081 4954 dictum
3124 4903 3234 4963 est,
3292 4893 3704 4960 emundabatnr,

2119 4990 2246 5063 quia
2274 4990 2367 5062 qui
2395 4987 2658 5060 operibus
2686 4987 2940 5054 mortuis,
2972 4985 3032 5041 id
3061 4994 3148 5041 est
3175 4983 3414 5056 peccatis
3458 4982 3706 5055 origina-

2117 5079 2263 5134 libua
2291 5077 2697 5150 coinquinatur,
2755 5076 3022 5132 liberatur
3075 5073 3401 5147 baptismate
3438 5086 3598 5129 sacro
3650 5070 3707 5125 in

2118 5167 2225 5224 ﬁde
2254 5167 2447 5224 mortis
2471 5166 2673 5224 Christi
2703 5174 2760 5222 et
2788 5164 3199 5222 resurrectionis
3243 5178 3372 5221 cum
3415 5159 3706 5234 sponsione

2117 5256 2396 5314 charitatis
2424 5264 2480 5313 et
2508 5255 2629 5328 spei
2659 5254 3066 5328 baptizabatur.

1190 5503 1806 5611 DOMINICA
1884 5509 2358 5613 DECIMA
2432 5508 2941 5614 TERTIA.

1697 5712 2099 5779 Secundum
2152 5714 2431 5779 Lucam.

496 5881 650 5943 Beati
680 5885 845 5954 oculi,
907 5888 1001 5961 qui
1041 5890 1228 5949 vident
1268 5908 1391 5966 qua:
1443 5909 1548 5952 vos
1600 5896 1825 5954 videtis.
1885 5897 2021 5957 Dico

2129 5906 2312 5957 autem
2332 5900 2670 5975 vobis,quod
2691 5898 2844 5958 multi
2864 5915 3026 5976 reges
3047 5906 3100 5957 et
3120 5896 3403 5972 propheta
3421 5892 3611 5950 videre
3632 5908 3717 5950 voc
3742 5920 3745 5925 -
