3956 6440
86 424 189 476 225

1280 420 1644 478 MOBALIUM
1684 423 1751 477 IN
1790 421 2098 480 GENESIN
2137 424 2269 480 LIB.
2309 424 2451 480 VIII.

3523 434 3626 485 226

90 553 278 608 tionis.
328 552 648 623 Nephthali
700 566 951 623 namque
1002 550 1233 622 dicitur,
1285 552 1543 608 dilatavit
1581 570 1676 619 me,
1711 554 1797 610 vel
1836 558 1879 612 A
1914 555 2089 611 habes
2134 555 2452 612 devotionis
2495 555 2766 612 afl‘ectum
2814 556 2887 612 ad
2932 558 3357 629 contemplandi
3402 564 3618 620 exerci-

90 645 439 711 comparacit
487 659 591 696 me.
651 641 842 697 Solent
890 640 1046 697 enim
1106 640 1359 697 solitarie
1406 642 1666 699 viventes
1731 645 1803 699 ad

94 729 322 801 publice
376 730 818 800 praedicandum
859 730 1146 797 accedere,
1193 736 1249 786 et
1276 730 1489 787 exinde
1533 732 1805 802 gloriolas

90 819 345 889 exigere.
394 822 745 889 Comparata
792 818 991 889 itaque
1020 818 1323 874 actualiter
1369 818 1677 876 diffamatis
1708 821 1803 875 in-

91 907 346 964 valuisse
387 922 451 963 se
500 907 657 975 dicit,
704 907 845 963 dum
893 906 1050 977 quod
1096 906 1266 975 valet,
1304 908 1580 979 quodque
1622 917 1804 979 potest

91 996 409 1053 efﬁcaciter
440 996 632 1067 palam
662 996 928 1052 ostendit.

161 1084 338 1141 Vnus.
394 1088 452 1153 9,
503 1087 583 1153 10,
635 1088 717 1139 tl.
760 1115 829 1124 —
871 1085 1118 1141 Sentiens
1158 1086 1262 1139 Lia
1292 1086 1437 1155 quod
1478 1102 1677 1156 parere
1717 1087 1806 1141 de-

90 1177 268 1240 sisset,
330 1176 548 1241 Zelfam
586 1175 847 1229 ancillam
902 1189 1060 1229 suam
1102 1178 1299 1230 marito
1358 1176 1614 1230 tradidit.
1688 1177 1805 1243 Qua

86 1269 574 1334 post~conceptum
614 1264 797 1319 edente
850 1269 993 1319 IIS
1041 1267 1213 1333 fetum
1265 1266 1412 1319 dixit
1455 1282 1468 1320 :
1524 1267 1801 1335 Feliciter,

92 1356 303 1407 vocavit
349 1369 473 1423 qum
501 1370 692 1409 nomen
717 1352 834 1424 ejus
869 1353 1012 1409 Gad.
1052 1354 1159 1410 Per
1189 1362 1500 1425 utramque
1532 1355 1805 1411 feminam

93 1442 532 1499 demonstratur
562 1443 715 1514 quod
749 1444 805 1498 in
837 1449 1089 1513 utraque
1119 1443 1237 1499 vita
1275 1444 1489 1507 agitur.
1524 1444 1803 1511 Actualis,

97 1528 149 1583 id
193 1535 279 1584 est
313 1528 418 1584 Lia
460 1542 663 1600 parere
715 1528 942 1596 desinit,
991 1543 1126 1584 cum
1158 1529 1309 1585 bona
1357 1529 1620 1595 intentio,
1673 1545 1805 1600 quae

94 1617 260 1687 quasi
321 1624 639 1687 conceptus
686 1617 774 1672 vis
811 1624 914 1684 est,
964 1616 1024 1671 in
1064 1625 1253 1673 mente
1293 1617 1502 1685 deﬁcit,
1554 1632 1674 1688 qua
1701 1619 1806 1674 de-

95 1708 329 1763 sistente
379 1707 553 1775 Zelfa,
595 1707 651 1762 id
699 1713 781 1762 est
826 1706 1017 1761 inanis
1058 1706 1247 1777 gloria
1286 1707 1631 1774 adhibetur;
1682 1708 1806 1777 ipsa

95 1795 246 1851 enim
294 1810 355 1850 os
390 1798 528 1863 iens,
565 1802 630 1852 ut
660 1810 839 1866 supra
883 1796 1100 1851 dictum
1135 1803 1237 1862 est,
1288 1796 1718 1866 interpretatur,
1752 1804 1807 1852 et

100 1884 431 1955 ingenuitas
461 1884 701 1955 spiritus
738 1884 1000 1941 ancillari
1033 1884 1299 1941 societate
1336 1885 1604 1942 findatur.
1655 1887 1807 1942 Con—

98 1981 254 2042 cepta
284 1974 555 2044 nequitia
578 1988 725 2044 opus
751 1973 958 2030 emittit
980 1986 1246 2043 pravum,
1283 1973 1627 2029 transitoriaa
1655 1974 1808 2030 vide-

96 2061 221 2118 licet
249 2063 656 2132 prosperitatis
699 2069 992 2119 eventum.
1037 2062 1183 2118 Dicit
1212 2077 1349 2134 ergo
1377 2064 1629 2131 feliciter,
1671 2078 1805 2119 cum

98 2151 386 2207 bonorum
437 2152 606 2223 copia
654 2151 931 2218 arriserit,
982 2151 1076 2207 sed
1109 2166 1223 2207 non
1270 2150 1458 2221 potest
1488 2151 1802 2220 sinceriter,

100 2240 234 2311 quia
262 2241 451 2297 solam
482 2241 678 2297 saaculi
708 2241 918 2296 cariem
950 2240 1177 2311 quaerit.
1213 2239 1332 2296 Gad
1363 2248 1557 2297 autem
1581 2244 1810 2308 fortuna

100 2328 328 2399 dicitur,
362 2335 421 2385 et
469 2328 701 2385 fortuna
730 2343 907 2399 quam
942 2343 1171 2398 semper
1216 2328 1394 2385 dubia
1424 2330 1495 2385 sit
1534 2336 1589 2385 et
1623 2331 1809 2386 insta-

101 2416 226 2473 bilis
271 2431 306 2473 a
338 2415 508 2473 nullo
561 2418 831 2475 nescitur.
884 2417 991 2485 Qui
1029 2432 1165 2490 ergo
1216 2418 1329 2474 ﬁlio
1375 2419 1620 2475 fortunae
1668 2434 1808 2490 pro-

104 2505 346 2561 creanda
423 2513 480 2562 et
546 2506 748 2563 alendo
811 2506 1005 2575 instat,
1079 2507 1136 2562 in
1201 2507 1320 2563 salo
1395 2507 1808 2566 interminabili

108 2594 367 2651 ﬂuctuat.
405 2595 607 2667 (Vens.
645 2600 729 2665 t2,
766 2598 877 2667 13.)
920 2596 1076 2652 Parit
1104 2598 1257 2663 Zel/‘a
1287 2598 1518 2652 alterum
1558 2598 1668 2654 sub
1700 2613 1809 2655 no—

108 2685 253 2740 mine
284 2686 420 2751 Liz,
456 2693 512 2741 et
541 2692 687 2741 Aser
708 2694 894 2754 vocat,
928 2701 1060 2741 cum
1092 2686 1363 2741 humanae
1395 2686 1584 2743 laudis
1616 2686 1810 2743 inten-

107 2772 177 2828 tio
225 2774 337 2830 sub
387 2775 742 2831 actualitatis
785 2775 1034 2847 tegmine
1077 2774 1343 2832 eﬂ‘ectum
1392 2776 1591 2846 gloriae
1641 2776 1809 2847 quasi

106 2861 281 2917 ﬁlium
309 2863 668 2933 assequitur,
698 2862 856 2933 quod
878 2862 1251 2919 beatitudinis
1275 2863 1491 2920 honore
1514 2864 1806 2933 praedicat,

106 2949 160 3004 in
189 2966 303 3022 quo
331 2952 477 3009 illud
512 2952 707 3017 gloriae
736 2966 921 3024 genus
950 2951 1308 3023 intelligitur,
1346 2968 1477 3023 quae
1502 2961 1634 3025 post
1667 2968 1811 3009 mor-

106 3045 209 3094 tem
241 3042 315 3097 ad
363 3040 706 3097 memoriam
748 3040 1106 3111 providetur,
1148 3048 1211 3096 ut
1255 3048 1392 3097 sunt
1433 3042 1809 3098 aediﬁciorum

109 3127 371 3199 insignia,
409 3130 779 3200 pyramidum
812 3129 1164 3198 discrimina,
1204 3130 1473 3185 nobilitas
1504 3130 1805 3200 librorum,
1849 3153 1890 3210 ο

107 3225 156 3273 et
179 3218 463 3287 carmina,
501 3234 634 3290 quae
672 3218 855 3275 solent
882 3232 1004 3275 esse
1033 3225 1397 3275 mortuorum
1430 3220 1804 3287 monimenta,

107 3314 156 3361 et
205 3308 326 3364 haec
373 3316 517 3364 sunt
569 3308 730 3375 Aser,
776 3308 831 3363 id
880 3315 965 3364 est
1015 3308 1310 3365 beatitudo
1370 3309 1523 3379 apud
1575 3308 1809 3365 insanos

110 3398 375 3453 maxima.
430 3397 575 3454 Aser
604 3412 741 3454 sane
780 3398 965 3452 beatus
993 3397 1238 3463 dicitur;
1288 3399 1441 3454 unde
1470 3405 1525 3455 et
1569 3398 1663 3453 Lia
1691 3412 1808 3455 non

109 3500 257 3556 vera,
303 3487 403 3543 sed
452 3487 796 3558 imaginaria
844 3488 1068 3543 beatam
1100 3501 1158 3543 se
1206 3487 1420 3558 gaudet
1465 3487 1576 3543 dici
1609 3502 1725 3543 non
1774 3501 1809 3543 a

110 3569 262 3645 viris,
296 3577 396 3634 sed
437 3576 802 3643 mulieribus,
853 3576 993 3647 quia
1033 3576 1247 3633 levium
1279 3584 1333 3633 et
1364 3576 1808 3634 indiscretorum

114 3665 407 3722 hominum
441 3668 737 3722 animatur
767 3664 1081 3722 favoribus.

179 3755 338 3812 Vens.
377 3755 462 3810 14.
499 3785 570 3795 -
619 3757 879 3823 Egressus
930 3759 1109 3809 autem
1149 3754 1342 3809 Ruben
1391 3760 1625 3826 tempore
1670 3770 1807 3811 mes-

115 3846 184 3898 sis
229 3848 454 3899 triticeas
526 3846 587 3898 in
647 3860 842 3912 agrum
906 3846 1108 3914 reperit
1173 3844 1596 3912 mandragoras,
1670 3861 1807 3915 quas

115 3936 273 3988 matri
299 3936 413 3989 Lia:
443 3934 659 3988 detulit.
702 3933 889 3989 Ruben
916 3934 990 3989 ab
1030 3947 1095 3989 eo
1126 3933 1283 4004 quod
1315 3933 1470 3990 videt
1508 3934 1566 3989 in
1599 3934 1805 4002 medio,

118 4021 167 4077 id
195 4031 274 4079 est
310 4024 613 4079 communi
657 4022 918 4093 providet
943 4020 1097 4078 bono
1142 4029 1399 4090 vocatus,
1443 4024 1550 4093 piae
1596 4022 1810 4080 scilicet

118 4113 533 4181 procurationis
586 4110 858 4181 affectus,
929 4116 1163 4181 tempore
1227 4114 1414 4166 messis
1468 4114 1691 4167 triticea
1751 4115 1810 4167 in

116 4217 298 4268 agrum
326 4202 643 4273 egreditur,
685 4215 819 4257 cum
850 4200 1260 4271 praevolatione
1290 4201 1496 4258 mentis
1527 4201 1601 4257 ad
1636 4200 1808 4258 ﬁnem

116 4290 299 4346 saaculi
328 4306 430 4361 per
454 4291 817 4347 conscientiae
862 4289 1330 4346 exercitationem
1364 4290 1613 4361 rapitur.
1664 4291 1811 4347 Mes-

117 4379 185 4434 sis
228 4381 378 4436 enim
434 4379 658 4437 triticea
722 4386 1054 4436 sanctorum
1108 4379 1182 4435 ad
1245 4379 1470 4436 caeleste
1528 4380 1808 4436 horreum

118 4468 494 4526 collectionem
544 4468 830 4540 signiﬁcat
874 4468 1092 4539 (Matth.
1142 4483 1264 4532 xm,
1300 4469 1409 4539 39).
1458 4469 1618 4526 Unde
1662 4477 1717 4526 et
1747 4469 1808 4526 in
1845 4462 1890 4517 Ι)

118 4556 445 4629 Apocalypsi
487 4557 732 4629 angelus
759 4558 868 4613 hac
895 4564 1318 4615 maturescente
1348 4557 1550 4614 falcem
1583 4558 1809 4616 mittere

117 4647 382 4704 suadetur
430 4648 619 4718 (Apoc.
677 4661 792 4715 xw,
848 4647 967 4715 15).
1018 4647 1173 4718 Ager
1227 4662 1366 4703 vero
1423 4647 1654 4704 animus
1700 4656 1804 4717 est,

119 4750 279 4805 quem
312 4750 623 4807 nunquam
648 4736 851 4791 melius
878 4735 1139 4805 colimus,
1173 4750 1351 4808 quam
1381 4750 1513 4793 cum
1534 4744 1808 4794 extremae

121 4833 314 4881 nostra:
358 4825 531 4882 sortis
578 4823 1041 4893 reminiscimur,
1093 4825 1149 4880 in
1201 4840 1375 4896 quem
1439 4826 1803 4896 egredimur,

123 4928 244 4970 cum
265 4929 298 4969 a
328 4915 527 4986 pravis
555 4913 804 4984 expediti
841 4913 1083 4985 negotiis
1113 4914 1184 4970 ad
1217 4914 1343 4985 ejus
1373 4928 1574 4971 curam
1606 4929 1807 4972 rever-

122 5001 302 5059 timur.
354 5004 465 5061 Ubi
498 5002 898 5073 mandragoras
931 5002 1154 5071 Ruben,
1193 5002 1247 5058 id
1280 5010 1364 5058 est
1406 5005 1661 5074 prudens
1689 5003 1807 5060 sol-

124 5088 340 5150 licitudo
388 5092 618 5164 reperit,
669 5099 725 5148 et
764 5094 936 5146 matri
982 5094 1094 5147 Liae
1148 5091 1347 5160 defert,
1414 5106 1545 5149 cum
1596 5092 1807 5149 divinae

127 5179 501 5250 inspirationis
564 5181 638 5237 ab
722 5180 962 5237 internis
1026 5181 1258 5237 odorem
1317 5188 1676 5238 contractum
1733 5181 1806 5238 ad

126 5267 418 5327 efﬁcaciam
475 5277 689 5326 sanctae
743 5269 1120 5337 actualitatis,
1170 5284 1304 5342 quae
1359 5268 1534 5325 totius
1581 5269 1807 5340 pietatis

129 5360 358 5427 genitrix
386 5368 493 5428 est,
543 5358 833 5415 transfert.
867 5359 1253 5429 Mandragora
1281 5372 1487 5428 nempe
1538 5358 1807 5429 pigmen-

128 5449 259 5504 taria
287 5450 464 5507 herba
502 5456 606 5505 est.
642 5450 889 5516 Dicitque
930 5448 1129 5504 Rachel
1160 5464 1173 5502 :
1202 5449 1292 5502 I)‘a
1322 5448 1460 5501 mihi
1486 5453 1702 5519 partem
1741 5447 1808 5502 de

130 5538 490 5608 mandragoris
514 5539 627 5610 ﬁlii
668 5539 769 5592 tui.
798 5538 881 5593 Ac
914 5536 960 5592 si
997 5536 1259 5592 rediviva
1284 5535 1405 5606 jam
1436 5536 1524 5591 vis
1552 5543 1803 5592 contem-

130 5624 371 5694 plationis
417 5634 586 5684 tacta
631 5625 909 5682 divinitus
956 5625 1165 5682 actioni
1216 5625 1444 5681 inferat.
1498 5623 1677 5691 Quem
1727 5625 1804 5696 pii

133 5718 294 5782 operis
354 5716 614 5787 recepisti
673 5715 1030 5783 instinctum,
1092 5714 1374 5785 participa
1429 5728 1562 5770 eum
1630 5727 1805 5784 quem

1912 644 2078 700 tium.
2114 644 2220 700 Illa
2251 644 2544 715 respondit
2574 660 2586 698 :
2622 645 2819 714 (Vens.
2857 646 2969 717 15.)
3012 647 3287 703 Parumne
3332 650 3436 704 tibi
3462 652 3617 705 vide-

1912 738 2039 804 tur,‘
2070 734 2215 803 quod
2262 736 2619 804 praeripueris
2678 738 2936 790 maritum
2987 738 3144 804 mihi,
3194 740 3306 792 nisi
3352 741 3518 795 etiam
3568 747 3618 796 et

1910 823 2311 891 mandragoras
2352 825 2460 892 filii
2494 826 2601 878 mei
2645 825 2875 879 tuleris?
2921 823 3079 892 Quod
3131 834 3216 882 est
3259 827 3445 884 dicere
3480 845 3493 884 :
3529 830 3620 886 In-

1913 911 2223 978 tellectum,
2257 926 2291 967 a
2321 926 2437 983 quo
2469 912 2715 969 maritali
2752 921 2947 970 tenore
2976 929 3163 987 regor,
3192 918 3617 988 contemplandi

1911 1000 2258 1071 egregieque
2306 1001 2535 1057 vivendi
2585 1004 2792 1074 gratia,
2829 1004 3120 1060 dimovisti
3168 1006 3239 1061 ab
3278 1008 3489 1063 actuali
3534 1009 3615 1065 ol-

1914 1088 2058 1145 ﬁcio.
2105 1087 2269 1155 Quod
2310 1090 2451 1145 mihi
2494 1092 2680 1162 magis
2711 1092 2963 1163 suppetit
3006 1108 3073 1149 ac
3102 1094 3346 1165 adjaeet,
3393 1096 3619 1168 hocque

1913 1192 2120 1248 parum
2187 1180 2454 1247 aestimas,
2532 1180 2641 1237 nisi
2708 1182 2880 1237 etiam
2944 1182 3095 1239 hanc
3153 1192 3616 1243 momentaneam

1913 1268 2152 1337 superni
2181 1268 2456 1325 odoratus
2493 1270 2903 1336 visitationem,
2936 1272 3008 1327 ad
3040 1272 3216 1329 solius
3255 1273 3620 1345 cogitationis

1911 1357 2381 1413 exercitationem
2431 1360 2787 1415 contrahas?
2841 1362 3081 1414 Dormiat
3129 1366 3319 1429 tecum,
3386 1363 3616 1434 inquit,

1914 1445 2016 1499 hac
2041 1449 2190 1499 nocte
2229 1462 2330 1514 pro
2359 1447 2746 1515 mandragoris
2770 1447 2885 1519 ﬁlii
2910 1450 3013 1515 tui,
3048 1448 3101 1504 id
3136 1456 3221 1505 est
3246 1452 3621 1522 conquiescat

1916 1539 2104 1589 tecum
2155 1532 2214 1588 in
2259 1534 2369 1590 hac
2411 1535 2773 1606 negotiorum
2817 1536 3194 1606 turbulentia,
3243 1553 3377 1610 quae
3417 1542 3618 1597 activae

1913 1629 1998 1677 est
2043 1622 2176 1677 vitae
2221 1621 2445 1689 infesta,
2494 1632 2722 1680 tantum
2771 1632 2835 1681 ut
2878 1625 2950 1681 ad
3004 1627 3246 1685 internae
3296 1629 3621 1686 dulcedinis

1915 1711 2220 1781 respirem,
2272 1711 2344 1767 ad
2392 1713 2576 1769 Deum
2629 1727 2809 1784 quam
2859 1713 3044 1770 dulcis
3090 1722 3210 1783 est,
3262 1718 3619 1788 gustandum

1916 1798 2284 1873 fragrantias.

1985 1934 2155 1991 Vens.
2217 1937 2300 1989 16.
2354 1964 2428 1976 -
2469 1936 2841 2007 Redeuntique
2897 1938 2972 1991 ad
3021 1953 3302 2008 vesperam
3359 1939 3425 1994 de
3484 1956 3620 2009 agro

1913 2025 2099 2092 Iacob,
2141 2040 2357 2093 egressa
2389 2030 2468 2079 est
2510 2028 2570 2079 in
2611 2041 2889 2081 occursum
2928 2028 3045 2096 ejus
3093 2030 3214 2083 Lia.
3262 2028 3357 2084 Ad
3383 2045 3484 2099 me,
3530 2033 3619 2085 in-

1916 2117 2056 2184 quit,
2088 2114 2343 2181 intrabis,
2395 2118 2529 2183 quia
2556 2116 2795 2170 mercede
2840 2117 3081 2171 conduxi
3120 2122 3169 2171 te
3208 2133 3308 2187 pro
3354 2120 3620 2174 mandra-

1915 2206 2063 2271 goris
2100 2203 2212 2273 ﬁlii
2248 2206 2377 2257 mei.
2428 2204 2526 2257 Ad
2567 2220 2846 2274 vesperam
2885 2206 3137 2260 redeunti
3177 2208 3243 2261 de
3282 2223 3415 2275 agro
3455 2209 3619 2263 Iacob

1918 2293 2024 2347 Lia
2051 2295 2112 2346 in
2140 2307 2417 2347 occursum
2445 2293 2760 2363 egreditur,
2794 2308 2926 2350 cum
2966 2295 3386 2351 defervescente
3431 2297 3620 2353 inanis

1918 2380 2114 2451 gloriae
2156 2388 2301 2437 aestu
2350 2381 2419 2437 de
2448 2381 2721 2437 exercitio
2756 2382 3036 2449 interiori,
3086 2384 3318 2453 spiritui
3346 2399 3482 2441 vero
3525 2386 3622 2441 vi-

1872 2480 1879 2487 ‘
1917 2470 2129 2526 tiorum
2175 2469 2601 2541 supplantatori
2661 2471 2734 2526 ad
2779 2471 2881 2526 Dei
2928 2472 3302 2529 intentionem
3357 2474 3621 2532 redeunti

1919 2559 2033 2626 Lia,
2082 2558 2137 2615 id
2187 2566 2271 2614 est
2314 2558 2719 2629 opportunitas
2749 2560 2934 2617 sancti
2984 2561 3201 2617 laboris
3246 2564 3515 2632 occurrit,
3568 2570 3623 2620 et

1918 2647 2219 2703 introitum
2261 2649 2623 2704 conscientiae
2655 2656 2943 2718 patentem
2994 2650 3273 2721 suggerit,
3317 2651 3457 2721 quia
3486 2652 3622 2709 odo-

1916 2743 2180 2792 ramenta
2244 2750 2405 2806 pum
2449 2736 2771 2792 dilectionis
2818 2752 2949 2808 qua:
3000 2739 3095 2808 pia
3150 2739 3475 2797 sollicitudo
3520 2756 3622 2796 ac-

1918 2826 2198 2881 tualitatis
2244 2825 2465 2881 devotas
2509 2826 2695 2896 proles
2736 2826 2845 2881 sibi
2895 2826 3109 2894 intulit,
3153 2828 3406 2896 Racheli,
3438 2830 3495 2885 id
3538 2838 3623 2886 est

1916 2914 2382 2984 contemplationi
2432 2924 2496 2971 ut
2540 2915 2611 2970 ad
2650 2916 2832 2971 Deum
2874 2930 3062 2987 usque
3100 2917 3413 2974 videndum
3459 2933 3623 2975 amor

1917 3004 2038 3075 ipse
2085 3004 2390 3072 redundet,
2440 3003 2846 3060 actionalitatis
2886 3005 3079 3076 dignae
3109 3006 3297 3077 gratia
3337 3008 3616 3077 praestitit.

1924 3094 2196 3147 Dormivit
2225 3108 2343 3146 cum
2384 3108 2447 3146 ea
2474 3098 2626 3147 nocte
2660 3093 2775 3147 illa.
2822 3093 3017 3164 (erns.
3058 3097 3145 3162 i7,
3182 3097 3295 3164 18.)
3325 3096 3406 3150 Et
3446 3113 3619 3152 exau-

1917 3182 2060 3236 divit
2095 3196 2281 3251 preces
2329 3180 2445 3251 ejus
2485 3184 2642 3250 Deus,
2692 3186 3056 3253 concepitque,
3097 3189 3148 3237 et
3187 3187 3400 3253 peperit
3443 3187 3622 3256 ﬁlium

1917 3272 2205 3340 quintum,
2255 3270 2492 3326 dicens:
2529 3271 2686 3325 Dedit
2734 3271 3026 3325 mercedem
3077 3275 3218 3326 Deus
3264 3274 3438 3339 mihi,
3487 3278 3622 3345 quia

1919 3359 2046 3413 dedi
2078 3358 2338 3414 ancillam
2367 3376 2539 3413 meum
2563 3362 2681 3413 viro
2709 3376 2840 3414 meo.
2877 3362 3309 3431 Appellavitque
3336 3379 3456 3417 eum
3484 3365 3615 3418 Isa-

1917 3448 2068 3502 char.
2128 3446 2303 3502 Iacob
2368 3460 2501 3502 cum
2562 3447 2661 3502 Lia
2705 3453 2855 3502 nocte
2903 3449 3145 3517 dormit,
3197 3464 3329 3506 cum
3381 3452 3621 3522 spiritus

1918 3543 2109 3591 noster
2156 3535 2214 3590 in
2247 3535 2382 3591 boni
2411 3535 2599 3605 operis
2630 3536 2822 3593 labore
2851 3537 3021 3592 etiam
3054 3537 3205 3594 inter
3241 3539 3620 3598 obscuritates

1921 3625 2302 3681 tentationum
2332 3625 2676 3695 acquiescit;
2699 3626 2779 3680 sic
2807 3627 2960 3681 enim
2980 3627 3131 3682 Deus
3152 3641 3346 3697 preces
3375 3643 3618 3688 suorum

1918 3714 2209 3784 praecipue
2273 3714 2559 3770 exaudit:
2593 3716 2835 3784 concepit
2882 3713 3129 3785 aﬂ‘ectu,
3186 3720 3398 3787 peperit
3447 3734 3618 3790 opere

1917 3805 2112 3873 ﬁlium,
2161 3816 2275 3858 non
2309 3810 2607 3873 quartum,
2643 3803 2697 3858 id
2726 3811 2808 3858 est
2848 3818 2949 3873 per
2979 3807 3316 3875 temporalia
3345 3807 3613 3865 difﬂuen-

1918 3901 2070 3960 tem;
2122 3898 2377 3963 quatuor
2421 3892 2575 3947 enim
2623 3899 2760 3948 sunt
2789 3900 3067 3962 tempora,
3112 3895 3211 3950 sed
3257 3899 3527 3967 quintum,
3562 3899 3619 3955 id

1917 3989 2001 4039 est
2025 3981 2284 4037 animum
2309 3980 2589 4052 singulari
2612 3981 2948 4037 auctoritate
2974 3981 3097 4038 huic
3116 3982 3312 4038 omnia
3332 3992 3622 4042 transcen-

1918 4071 2160 4127 dentem.
2207 4069 2523 4136 Quinarius
2569 4083 2824 4141 namque
2863 4084 2935 4126 ex
2967 4077 3241 4141 quatuor,
3288 4080 3344 4128 et
3374 4075 3618 4130 monade

1918 4173 1985 4215 ac
2032 4159 2079 4214 si
2128 4159 2369 4229 praeside
2413 4162 2651 4216 constat.
2702 4159 2757 4215 Is
2806 4175 3003 4214 merces
3043 4159 3293 4229 dicitur;
3345 4162 3427 4218 sic
3462 4164 3619 4220 enim

1917 4248 2153 4304 Isachar
2191 4248 2623 4318 interpretatur,
2671 4249 2797 4320 ejus
2828 4248 3041 4305 scilicet
3087 4249 3191 4318 rei,
3224 4250 3380 4321 quod
3429 4252 3620 4308 ancil-

1917 4336 2031 4392 lam
2079 4337 2255 4393 totius
2299 4338 2592 4407 spurcitiae
2633 4338 2784 4394 fetus
2826 4337 3171 4408 parientem,
3216 4341 3371 4407 viro,
3428 4340 3481 4396 id
3532 4350 3618 4398 est

1917 4426 2231 4483 intellectui
2288 4426 2663 4483 coercendam
2704 4427 3037 4499 subjecerit.
3104 4430 3250 4485 Cum
3297 4429 3451 4486 enim
3506 4432 3618 4487 Deo

1916 4532 2022 4575 nos
2050 4517 2377 4585 subdimus,
2428 4524 2568 4572 tunc
2588 4515 2711 4587 jam
2741 4530 2809 4572 ac
2852 4516 2900 4572 si
2929 4531 3003 4572 ex
3044 4516 3234 4574 debito
3278 4518 3443 4575 nobis
3473 4520 3615 4577 vitia

1916 4606 2151 4678 subjicit
2182 4606 2355 4662 Deus.

1986 4737 2160 4795 Vnus.
2212 4738 2295 4804 19,
2346 4737 2432 4791 20.
2483 4765 2553 4775 —
2608 4736 2854 4789 Rursum
2893 4736 2997 4790 Lia
3052 4738 3356 4805 concipiens
3402 4740 3616 4807 peperit

1915 4830 2129 4878 sextum
2157 4824 2353 4893 ﬁlium,
2385 4827 2435 4878 et
2481 4826 2601 4876 ait:
2640 4822 2852 4876 Ditavit
2895 4837 2977 4876 me
3008 4824 3264 4878 Dominus
3311 4824 3432 4879 dote
3477 4825 3616 4880 bona

1916 4916 2082 4968 etiam
2128 4915 2229 4968 hac
2275 4915 2406 4967 vice.
2461 4914 2667 4967 Mecum
2717 4912 2822 4966 erit
2867 4913 3100 4966 maritus
3157 4928 3306 4968 meus
3366 4929 3423 4969 eo
3472 4915 3619 4985 quod

1915 5005 2191 5072 genuerim
2229 5005 2279 5056 ei
2323 5017 2420 5057 sea:
2464 5004 2635 5071 filios;
2684 5006 2734 5056 et
2783 5000 2900 5055 ideo
2940 5003 3246 5072 appellavit
3282 5020 3403 5058 eum
3434 5005 3614 5060 Zabu-

1918 5092 2025 5147 ton.
2076 5092 2231 5147 Parit
2280 5090 2379 5147 Lia
2420 5096 2634 5146 sextum
2672 5089 2870 5162 filium,
2923 5105 3057 5147 cum
3105 5091 3329 5163 integre
3370 5107 3440 5150 ac
3483 5109 3618 5165 per-

1913 5181 2055 5237 fecte
2102 5181 2432 5251 assequitur
2480 5179 2831 5250 operationis
2874 5179 3143 5252 gradum.
3193 5181 3365 5238 Sexta
3402 5184 3616 5256 quippe

1914 5270 2007 5327 die
2048 5270 2201 5325 Deus
2230 5268 2462 5340 perfecit
2508 5284 2682 5339 opera
2713 5284 2820 5325 sua
2851 5270 3001 5340 (Gen.
3045 5285 3107 5338 ιι,
3158 5272 3234 5341 2).
3272 5272 3522 5328 Ditatam
3558 5287 3617 5329 se

1915 5360 2051 5416 dicit
2088 5359 2217 5414 dote
2266 5359 2436 5426 bona,
2468 5373 2584 5415 non
2634 5357 2825 5415 solum
2864 5358 2925 5414 in
2956 5359 3329 5416 conversione
3377 5375 3511 5417 cum
3541 5362 3616 5418 ad

1916 5448 2011 5504 Dei
2046 5447 2305 5518 pervenit
2336 5448 2617 5517 timorem,
2650 5448 2748 5505 sed
2778 5449 2950 5505 etiam
2980 5448 3272 5519 praecipue
3301 5464 3431 5507 cum
3469 5455 3618 5508 uo

1917 5538 1991 5594 ad
2045 5551 2235 5607 neque
2282 5545 2498 5606 morte,
2542 5552 2733 5608 neque
2778 5538 2900 5594 vita
2945 5537 3326 5608 separabilem
3375 5538 3618 5597 eﬁ'ertur

1915 5639 2189 5681 amorem.
2240 5624 2383 5682 Cum
2415 5624 2489 5681 ad
2519 5624 2761 5691 homini,
2797 5624 3007 5697 inquit,
3052 5626 3376 5696 possibilem
3411 5626 3616 5683 deveni

1916 5713 2339 5785 perfectionem,
2387 5713 2442 5769 id
2472 5720 2559 5769 est
2585 5720 2891 5785 postquam
2932 5723 3157 5771 sextam
3190 5715 3343 5771 edidi
3375 5714 3613 5786 prolem,
