3972 6398
247 408 388 465 1117

1325 410 1916 469 DEFLORATIONES
1973 409 2070 466 SS.
2117 409 2422 466 PATRUII.
2466 440 2531 449 —-
2572 411 2698 466 LIB.
2741 410 2810 466 II.

3425 403 3558 461 1118

245 530 466 588 luerunt
507 551 643 607 qum
662 535 876 603 videtis,
908 545 960 593 et
990 553 1098 593 non
1131 535 1401 603 viderunt,
1435 545 1489 591 et
1517 536 1710 591 audire
1740 553 1860 605 quae
1888 536 1942 596 A
1972 534 2025 589 in
2059 536 2233 590 Deum
2265 541 2347 590 est
2375 534 2535 606 origo
2563 534 2865 591 dilectionis
2898 533 2951 590 in
2982 533 3309 604 proximum,
3350 538 3404 586 et
3431 529 3562 585 dile-

243 621 476 690 auditis,
524 632 584 678 et
624 639 732 680 non
765 627 1048 681 audierunt
1079 629 1236 694 (Luc.
1267 629 1411 694 xm).
1443 649 1464 673 -
1521 626 1643 680 Illos
1674 625 1861 679 oculos

243 709 378 765 dicit
447 715 654 768 beatos
694 714 786 785 qui
826 724 1171 771 sacramenta
1237 715 1436 769 Christi
1490 721 1851 785 cognoscunt.

242 808 554 878 Pmphetze
591 819 645 865 et
679 812 812 881 justi
859 815 994 868 sicut
1025 813 1191 866 Isaias
1231 822 1281 867 et
1306 813 1578 865 Abraham
1609 811 1861 864 viderunt

240 896 297 949 in
336 897 649 970 aenigmate
690 909 743 953 et
783 916 886 955 non
928 901 980 954 in
1025 901 1227 970 specie.
1262 900 1553 954 Abraham
1578 901 1860 953 exsultavit

240 993 301 1038 ut
345 985 580 1042 videret
619 988 764 1042 diem
805 990 1043 1044 Christi:
1088 997 1139 1044 et
1206 990 1335 1043 vidit
1387 997 1437 1042 et
1468 989 1690 1058 gavisus
1755 996 1856 1042 est.

241 1081 424 1137 Isaias
468 1093 532 1138 et
573 1085 666 1139 alii
707 1088 983 1157 prOphetze
1024 1088 1275 1141 viderunt
1313 1088 1542 1159 gloriam
1583 1087 1801 1140 Domini
1844 1105 1854 1140 :

241 1171 395 1226 unde
430 1181 491 1226 et
528 1173 778 1228 videntes
808 1184 935 1228 sunt
964 1176 1218 1245 appellati
1245 1194 1258 1240 ;
1295 1177 1386 1229 sed
1405 1176 1692 1244 aenigmate
1718 1175 1860 1229 vide-

237 1268 390 1326 runt,
429 1276 546 1316 non
579 1263 631 1315 in
664 1264 1100 1333 praesentiarum,
1135 1273 1188 1317 ut
1220 1264 1472 1334 apostoli,
1516 1265 1604 1335 qui
1648 1279 1860 1333 nequa-

239 1371 418 1426 quam
454 1374 560 1430 per
587 1361 814 1431 angelos
845 1369 901 1414 ut
960 1363 1140 1416 varias
1171 1361 1438 1416 visionum
1471 1363 1682 1430 species
1721 1378 1859 1431 opus

238 1445 540 1502 habebant
569 1449 773 1502 doceri.
810 1448 960 1517 Quos
992 1451 1161 1504 Lucas
1209 1467 1370 1522 reges
1397 1451 1546 1516 dicit,
1580 1452 1859 1504 Mattbzeus

235 1533 438 1604 justos
465 1536 693 1604 (Matth.
727 1551 846 1605 xm)
875 1539 1132 1608 appellat,
1168 1540 1291 1610 quia
1325 1540 1512 1608 magni
1544 1554 1704 1608 reges
1735 1547 1858 1592 sunt

238 1632 336 1702 qui
372 1634 745 1688 tentationum
777 1651 999 1689 suarum
1043 1638 1277 1690 motibus
1317 1637 1558 1706 regendo
1621 1653 1855 1706 prmesse

237 1731 552 1789 noverunt,
596 1739 703 1777 non
737 1726 1116 1780 succumbere.
1154 1727 1293 1780 Nota
1337 1725 1461 1795 quia
1494 1727 1666 1779 minor
1686 1726 1857 1794 gratia

239 1810 555 1882 minorque
621 1822 1089 1867 sacramentorum
1166 1814 1364 1868 Christi
1406 1815 1591 1867 notitia
1665 1815 1762 1867 fuit
1801 1814 1852 1867 in

1969 624 2075 678 ctio
2104 624 2156 677 in
2189 623 2496 694 proximum
2527 624 2770 694 cognitio
2799 631 2882 677 est
2928 623 3236 678 dilectionis
3265 622 3317 675 in
3351 621 3550 674 Deum.

1970 715 2028 766 In
2060 713 2237 767 tribus
2276 713 2440 767 rebus
2497 713 2716 768 dilectio
2784 711 2884 767 Dei
2924 713 3263 781 exprimitur,
3332 717 3390 764 ut
3427 707 3560 763 nihil

1969 819 2247 865 remaneat
2275 811 2326 864 in
2355 810 2572 864 homine
2603 810 2742 881 quod
2776 826 2881 863 non
2906 809 3102 863 divinae
3132 807 3407 863 dilectioni
3439 806 3562 859 sub-

1968 899 2147 952 datur.
2187 901 2320 952 Nam
2361 901 2488 953 dum
2528 899 2722 953 dzcitur
2783 915 2796 952 :
2847 922 2867 945 ιι
2907 897 3087 967 Dilige
3146 898 3314 951 Deum
3349 912 3414 949 ex
3448 902 3560 949 toto

1964 989 2131 1043 corde
2161 997 2271 1052 tuo,
2312 1011 2333 1036 η
2380 1004 2572 1042 omnes
2624 987 2975 1058 cogitationes
3017 985 3069 1039 in
3102 987 3272 1039 Deum
3307 983 3558 1038 referen-

1967 1085 2064 1139 das
2105 1086 2388 1155 praecepit.
2431 1087 2566 1139 Dum
2599 1102 2730 1140 vero
2760 1085 2957 1140 dicitur
2995 1108 3016 1132 α
3046 1101 3109 1138 ex
3146 1092 3254 1138 tota
3284 1082 3484 1144 anima,
3531 1104 3553 1130 ε»

1967 1189 2157 1229 Omnes
2215 1174 2530 1229 affectiones
2570 1175 2768 1229 animae
2805 1175 2871 1228 ad
2925 1175 3094 1228 Deum
3149 1172 3343 1227 referri
3376 1170 3559 1239 jussit.

1969 1263 2106 1316 Dum
2147 1279 2277 1318 vero
2307 1264 2504 1331 adjecit
2539 1288 2560 1310 α
2597 1281 2661 1317 ex
2702 1273 2813 1318 tota
2855 1271 3033 1317 mente
3069 1286 3090 1310 ιι
3134 1277 3350 1317 omnem
3390 1260 3560 1314 ratio-

1969 1374 2090 1411 nem
2123 1358 2325 1413 indicat
2364 1360 2677 1422 humanam,
2712 1374 2818 1429 qua
2879 1357 3230 1427 intelligimus
3259 1365 3315 1411 et
3347 1355 3562 1410 discer-

1969 1448 2143 1499 nimus
2174 1448 2227 1500 in
2261 1447 2428 1501 rebus
2459 1447 2655 1500 divinis
2678 1463 2800 1502 esse
2822 1445 3227 1516 occupandam.
3259 1445 3360 1501 Ubi
3379 1452 3560 1497 autem

1967 1536 2095 1589 dicit
2133 1560 2153 1582 «ι
2189 1553 2259 1589 ex
2292 1545 2395 1590 tota
2448 1536 2644 1591 virtute
2697 1559 2719 1583 ι
2757 1536 2951 1590 bonum
3013 1533 3444 1606 perseverantia:
3473 1531 3562 1586 in-

1960 1633 2165 1704 jungit.
2213 1635 2340 1688 Item
2384 1635 2493 1686 duo
2545 1643 2666 1686 sunt
2725 1651 2856 1704 erga
2916 1632 3148 1703 proximi
3214 1629 3562 1685 dilectionem

1966 1723 2255 1786 servanda,
2301 1731 2354 1775 ut
2415 1731 2464 1776 et
2500 1721 2748 1777 beneﬁcii
2798 1722 3137 1792 impensione
3169 1720 3431 1783 foveatur,
3509 1724 3563 1772 et

1965 1811 2108 1864 nulla
2142 1811 2348 1865 malitia
2378 1810 2634 1866 laedatur.
2673 1813 2786 1866 Hoc
2813 1819 2894 1865 est
2929 1827 2940 1865 :
2981 1834 3001 1858 «
3032 1809 3186 1878 Quod
3218 1808 3315 1862 tibi
3345 1822 3454 1861 non
3480 1805 3561 1860 vis

238 1909 549 1977 prephetis
591 1925 750 1980 quam
780 1910 833 1962 in
866 1911 1150 1980 apostolis,
1186 1912 1272 1980 qui
1305 1911 1603 1980 praesertim
1635 1919 1859 1980 accepto
1889 1891 1940 1950 Β
1972 1906 2250 1972 ﬁeri,aliis
2281 1925 2350 1961 ne
2382 1907 2576 1962 feceris
2600 1909 2862 1974 (Τοίην),
2894 1931 2914 1954 ιι
2939 1915 3027 1961 et:
3057 1929 3078 1953 α
3107 1903 3299 1960 Omnia
3318 1917 3565 1974 quaecun-

240 1997 464 2066 Spiritu
505 2007 703 2052 saneto
741 2001 999 2052 mundum
1045 2001 1214 2054 etiam
1269 2001 1697 2054 illustraverunt.
1749 2001 1856 2054 Ve-

241 2094 577 2140 rumtamen
616 2085 784 2157 aliqui
817 2089 1228 2158 prophetarum,
1261 2097 1318 2143 et
1372 2089 1664 2160 aliquando
1695 2104 1858 2155 supra

238 2183 538 2237 hominem
573 2184 732 2253 rapti,
767 2184 883 2239 sine
913 2185 1204 2256 aanigmate
1234 2187 1584 2257 contemplati
1616 2195 1741 2240 sunt
1768 2186 1856 2240 in-

239 2271 557 2327 tellectuali
591 2272 820 2337 visione,
853 2282 906 2328 ut
939 2275 1235 2344 Apostolus
1265 2277 1338 2345 (ΙΙ
1372 2277 1496 2331 Cor.
1538 2279 1652 2344 χιι).
1705 2275 1859 2330 Unde

240 2361 528 2415 Dominus
560 2361 612 2414 in
636 2360 780 2416 libro
809 2363 1032 2418 Numeri
1070 2382 1081 2418 :
1123 2364 1218 2418 «Si
1250 2364 1369 2433 quis
1401 2364 1560 2418 fuerit
1589 2367 1729 2418 inter
1761 2380 1857 2417 vos

242 2459 532 2530 propheta
572 2458 810 2524 Domini,
845 2459 898 2513 in
940 2461 1146 2515 visione
1185 2462 1468 2532 apparebo
1507 2463 1577 2526 ei,
1619 2461 1704 2516 vel
1757 2477 1858 2531 per

248 2548 544 2602 somnium
577 2547 770 2618 loquar
797 2552 864 2602 ad
895 2549 1068 2602 illum.
1111 2553 1178 2604 At
1207 2566 1314 2605 non
1347 2551 1466 2605 talis
1494 2567 1681 2605 servus
1705 2566 1858 2604 meus

247 2637 500 2706 Moyses.
544 2635 656 2691 Ore
697 2636 842 2691 enim
895 2638 962 2690 ad
1001 2654 1064 2693 os
1103 2638 1293 2710 loquor
1331 2639 1379 2694 ei
1418 2648 1470 2694 et
1510 2655 1614 2692 non
1655 2639 1854 2709 palam,

247 2749 367 2788 non
400 2750 504 2804 per
531 2734 826 2806 aenigmata
857 2743 906 2788 et
937 2734 1144 2806 ﬁguras
1174 2737 1459 2790 Dominum
1492 2737 1635 2790 videt
1667 2736 1850 2803 (Num.

249 2826 392 2891 xu).
439 2845 462 2871 ι
497 2823 752 2894 Sequitur
780 2837 791 2875 :
829 2845 852 2869 α
884 2825 945 2877 Ει
973 2839 1102 2879 ecce
1133 2826 1350 2896 quidam
1374 2825 1720 2897 legisperitns
1745 2842 1858 2878 sur-

251 2912 398 2966 rexit
429 2919 655 2968 tentans
684 2911 857 2977 illum,
890 2912 1080 2967 dicens
1114 2932 1124 2967 :
1160 2914 1436 2985 Magister,
1460 2915 1584 2984 quid
1607 2914 1857 2967 faciendo

249 3001 426 3055 vitam
455 3008 720 3054 aeternam
750 3001 1049 3070 possidebo
1078 3002 1105 3055 Ὺ
1137 3003 1394 3056 Phariszei
1428 3003 1679 3057 videntes
1733 3002 1857 3072 quia

251 3097 532 3152 silentium
589 3097 941 3165 imposuisset
983 3099 1318 3167 Sadducieis,
1360 3107 1729 3154 convenerunt
1803 3099 1855 3152 in

250 3202 460 3241 unum.
489 3186 554 3242 Et
580 3186 811 3240 accessit
835 3203 972 3241 unus
993 3188 1060 3242 de
1093 3189 1317 3254 Scribis,
1343 3189 1483 3259 legis
1504 3189 1710 3256 doctor,
1746 3195 1857 3242 ten-

253 3290 383 3338 tans
413 3299 558 3351 eum,
594 3292 649 3339 et
677 3284 870 3339 dicens
903 3302 916 3338 :
948 3287 1224 3357 Magister,
1260 3287 1402 3357 quod
1436 3295 1516 3340 est
1544 3287 1852 3340 mandatum

252 3389 525 3445 magnum
557 3373 613 3426 in
647 3373 771 3444 lege
799 3373 827 3427 τ
863 3397 884 3420 ιι
920 3374 1183 3430 Videlicet
1213 3375 1470 3430 Pharistei
1494 3385 1545 3429 et
1567 3374 1854 3430 Sadducaai

252 3462 407 3517 inter
434 3476 497 3516 se
525 3461 788 3516 contrarii
819 3472 1022 3530 essent,
1057 3471 1237 3517 tamen
1271 3466 1388 3534 pari
1421 3474 1599 3518 mente
1632 3479 1857 3518 consen-

253 3566 452 3614 serunt
479 3559 547 3612 ad
579 3558 869 3613 Dominum
901 3560 1244 3615 tentandum.
1293 3561 1448 3630 Quod
1507 3559 1739 3632 legimus
1772 3561 1855 3614 fe-

252 3647 404 3704 cisse
435 3647 721 3702 Ilaerodem
762 3655 816 3702 et
855 3647 1083 3702 Pilatum
1123 3650 1174 3703 in
1217 3667 1352 3705 nece
1390 3650 1633 3704 Domini.
1672 3650 1858 3702 Phari-

254 3736 393 3791 saeis
421 3752 569 3806 stepe
608 3736 916 3803 confutatis,
980 3737 1181 3792 malitia
1212 3748 1264 3793 et
1316 3739 1453 3793 livor
1482 3738 1642 3793 nutrit
1671 3738 1853 3808 impu-

254 3833 525 3890 dentiam.
561 3833 754 3904 Itaque
785 3834 912 3888 nudi
943 3850 972 3888 a
994 3834 1220 3890 veritate
1242 3835 1588 3891 multitudine
1612 3852 1670 3890 se
1687 3851 1856 3890 arma-

255 3929 459 3978 verunt
514 3921 762 3977 dicentes
827 3923 971 3993 apud
1009 3939 1118 3978 se:
1181 3925 1386 3979 Omnes
1439 3925 1724 3996 loquamur
1761 3941 1857 3995 per

256 4027 450 4077 unum,
492 4017 548 4064 ut
587 4011 632 4065 si
666 4010 830 4065 fuerit
857 4011 1051 4077 victus,
1093 4013 1343 4068 videatur
1367 4013 1644 4068 confusus.
1681 4016 1852 4085 Magi-

257 4117 430 4162 strum
478 4116 650 4176 vocat,
693 4109 848 4178 cujus
887 4125 992 4163 non
1024 4109 1137 4164 vult
1184 4127 1307 4164 esse
1337 4111 1659 4180 discipulus.
1708 4110 1853 4163 Sim-

257 4196 590 4266 plicissimus
619 4196 982 4268 interrogator
1010 4207 1061 4252 et
1107 4199 1531 4270 malignissimus
1561 4199 1855 4253 insidiator

258 4287 329 4340 de
360 4299 564 4357 magno
594 4287 852 4340 mandato
877 4287 1174 4357 interrogat
1204 4297 1293 4358 qui
1326 4305 1424 4343 nec
1454 4288 1732 4342 minimum
1756 4289 1853 4342 ob-

262 4390 466 4436 servat.
506 4381 599 4436 Ille
629 4383 772 4436 enim
804 4383 1318 4456 debetinterrogare
1338 4386 1406 4439 de
1438 4385 1855 4455 majorijustitia

261 4471 350 4542 qui
383 4471 642 4526 minorem
665 4471 985 4542 complevit.

1886 3246 1935 3309 Ο

1967 2012 2072 2066 que
2103 1997 2424 2065 approbatis
2452 2005 2509 2049 ut
2544 1996 2739 2050 faciant
2767 1995 2921 2050 vobis
2941 1994 3208 2059 homines,
3241 1993 3357 2047 hac
3383 1999 3435 2045 et
3460 2005 3560 2046 vos

1966 2083 2130 2138 facite
2171 2085 2278 2138 illis
2319 2086 2546 2153 (Matth.
2594 2088 2710 2142 vn).
2749 2111 2772 2131 ιο
2816 2085 2962 2139 Licet
3001 2083 3166 2154 igitur
3195 2081 3420 2136 diversa
3449 2079 3560 2134 sint

1965 2188 2261 2251 praecepta,
2301 2182 2497 2252 quibus
2537 2189 2631 2236 aut
2687 2180 2891 2235 utiliter
2919 2197 3042 2250 qua:
3089 2187 3212 2235 sunt
3249 2176 3559 2248 appetenda

1963 2271 2236 2339 cupimus,
2279 2279 2369 2324 aut
2407 2287 2525 2339 qua:
2563 2270 2786 2325 vitanda
2823 2278 2947 2324 sunt
2984 2269 3186 2322 utiliter
3250 2281 3558 2338 praecavea-

1963 2374 2104 2422 mus,
2149 2375 2312 2413 unum
2358 2367 2537 2413 tamen
2581 2367 2706 2412 sunt
2766 2359 2818 2411 in
2859 2358 3045 2412 radice
3087 2355 3384 2417 charitatis,
3430 2356 3560 2425 quia

1963 2457 2016 2511 in
2048 2457 2337 2513 dilectione
2369 2457 2464 2512 Dei
2491 2466 2541 2512 et
2572 2457 2805 2528 proximi
2834 2457 3016 2512 facere
3054 2455 3341 2510 debemus.
3389 2454 3558 2508 Recte

1964 2547 2141 2617 itaque
2172 2547 2298 2600 dicit
2330 2546 2506 2615 legem
2541 2554 2592 2601 et
2624 2547 2919 2616 prOphetas
2950 2544 3135 2598 referri
3166 2544 3233 2598 ad
3263 2543 3371 2598 duo
3403 2556 3557 2595 man-

1964 2635 2092 2688 data
2141 2634 2439 2698 charitatis,
2481 2634 2604 2705 quia
2645 2642 2783 2688 totus
2841 2631 3153 2703 Decalogus
3239 2640 3292 2686 et
3345 2628 3557 2684 monita

1964 2733 2352 2802 prophetarum
2385 2731 2457 2785 ibi
2490 2731 2689 2786 habent
2719 2729 2906 2785 ﬁnem.

2041 2861 2060 2884 α
2099 2838 2164 2891 Et
2195 2837 2266 2891 ait
2296 2838 2372 2891 illi
2404 2837 2595 2892 Scriba
2629 2853 2641 2892 :
2684 2839 2848 2903 Bene,
2911 2836 3186 2908 magister,
3239 2836 3292 2889 in
3329 2833 3558 2889 veritate

1963 2926 2168 2994 dixisti,
2250 2926 2374 2994 quia
2415 2942 2554 2979 unus
2593 2935 2674 2980 est
2719 2927 2887 2989 Deus,
2930 2932 2985 2979 et
3033 2941 3140 2979 non
3184 2923 3328 2978 alius
3359 2931 3558 2992 praeter

1964 3038 2108 3085 eum,
2142 3029 2196 3076 et
2226 3031 2283 3075 ut
2329 3023 2586 3094 diligatur
2615 3039 2677 3076 ex
2711 3031 2823 3077 toto
2852 3022 3038 3087 corde,
3070 3030 3120 3075 et
3153 3037 3221 3076 ex
3256 3028 3364 3074 toto
3393 3019 3557 3073 irtel-

1963 3111 2122 3174 lectu,
2179 3119 2231 3164 et
2286 3128 2348 3164 ex
2393 3120 2497 3164 tota
2538 3111 2741 3176 anima,
2775 3119 2827 3163 et
2859 3126 2926 3163 ex
2966 3119 3074 3163 tota
3105 3108 3421 3163 fortitudine
3456 3126 3466 3160 :
3501 3114 3562 3162 et

1963 3201 2194 3269 diligere
2242 3199 2540 3270 proximum
2600 3208 2852 3270 tanquam
2921 3199 3181 3268 seipsum,
3224 3197 3398 3263 majus
3471 3203 3560 3250 est

1963 3297 2217 3352 omnibus
2249 3297 2775 3351 holocautomatibus
2803 3305 2855 3351 et
2886 3295 3188 3350 sacriﬁciis.
3241 3319 3262 3342 η
3307 3292 3559 3349 Ostendit

1963 3401 2027 3440 ex
2058 3387 2158 3440 hac
2189 3386 2538 3455 responsione
2571 3386 2768 3440 Scriba
2794 3401 3015 3454 gravem
3064 3400 3210 3454 saepe
3239 3383 3381 3437 inter
3406 3381 3557 3437 Scri-

1963 3473 2060 3528 bas
2096 3482 2146 3527 et
2179 3473 2482 3527 Pharisaeos
2519 3474 2688 3529 fuisse
2766 3475 3129 3546 quaestionem
3196 3472 3339 3544 quod
3403 3477 3555 3526 esset

1963 3572 2278 3626 mandatum
2330 3572 2647 3637 maximum,
2710 3573 3035 3642 quibusdam
3066 3571 3271 3626 hostias
3302 3578 3354 3624 et
3385 3567 3558 3625 sacri-

1962 3661 2083 3715 ﬁcia
2114 3660 2481 3725 laudantibus,
2515 3662 2636 3715 aliis
2668 3662 2867 3716 fideiet
2887 3661 3202 3716 dilectionis
3218 3675 3384 3730 Opera
3413 3675 3555 3729 prse-

1963 3749 2281 3814 ferentibus,
2315 3766 2383 3805 eo
2414 3751 2556 3820 quod
2589 3750 2774 3820 plures
2798 3752 2983 3805 Patres
3003 3758 3128 3805 ante
3150 3749 3328 3820 legem
3346 3749 3558 3819 absque

1961 3848 2107 3902 omni
2139 3848 2485 3902 victimarum
2534 3855 2587 3902 et
2617 3847 3008 3904 sacrificiorum
3059 3845 3451 3902 consuetudine
3489 3860 3558 3900 ex

1962 3935 2068 3991 fide
2101 3944 2326 4002 tantum,
2359 3953 2480 4006 quae
2508 3952 2605 4006 per
2634 3937 2978 3992 dilectionem
3009 3943 3268 4006 operatur
3297 3933 3458 4001 (Gal.
3501 3939 3556 4004 ν)

1962 4025 2318 4095 placuissent,
2378 4041 2539 4080 nemo
2568 4033 2748 4080 autem
2808 4026 3015 4096 absque
3047 4024 3156 4078 fide
3187 4032 3239 4078 et
3261 4021 3554 4078 dilectione

1959 4139 2056 4191 per
2084 4122 2379 4178 sacriﬁcia.
2421 4121 2539 4176 Nos
2568 4130 2745 4176 autem
2779 4139 3034 4193 magnum
3059 4130 3109 4176 et
3141 4119 3370 4191 primum
3403 4134 3558 4174 man-

1959 4211 2144 4264 datum
2199 4211 2429 4265 dicimus
2468 4220 2722 4282 quantum
2776 4211 2844 4264 ad
2899 4210 3240 4283 dignitatem.
3293 4207 3552 4277 Alioquin

1961 4299 2162 4353 utilitas
2220 4300 2599 4354 mandatorum
2653 4299 2752 4353 Dei
2809 4316 2913 4354 una
2970 4308 3073 4366 est,
3115 4307 3167 4354 et
3219 4297 3300 4354 sic
3371 4295 3556 4353 omnia

1961 4396 2064 4450 sibi
2105 4396 2404 4459 cohzerent,
2457 4403 2512 4449 ut
2536 4395 2770 4450 alterum
2827 4413 2950 4451 esse
2981 4412 3087 4451 non
3125 4395 3296 4467 possit
3325 4394 3442 4449 sine
3466 4393 3552 4448 al-

1961 4492 2094 4548 tero,
2129 4490 2186 4537 ut
2217 4484 2628 4538 fundamentum
2658 4485 2892 4540 dicimus
2922 4484 3117 4540 melius
3148 4499 3296 4553 esse,
3319 4499 3440 4539 cum
3469 4490 3552 4536 ta-

339 4619 359 4640 ,
400 4595 490 4650 Ai,
522 4595 596 4649 mi
619 4596 782 4650 Jews
810 4614 821 4650 ε
854 4596 1089 4650 Primum
1120 4597 1358 4652 omnium
1389 4599 1699 4652 mandatum
1731 4608 1807 4653 es,
1837 4615 1847 4653 ε
1880 4600 1932 4660 D
1963 4589 2086 4628 men
2127 4587 2228 4628 nec
2285 4573 2692 4627 fundamentum
2725 4573 2842 4628 sine
2890 4573 3267 4638 aediﬁcatione,
3327 4587 3425 4627 nec
3457 4571 3556 4625 ista

260 4684 424 4748 Audi,
459 4683 650 4747 Israel,
683 4686 944 4740 Dominus
975 4687 1121 4740 Deus
1153 4695 1275 4740 tuus
1306 4688 1452 4741 Deus
1485 4703 1623 4741 unus
1651 4697 1754 4742 est.
1792 4688 1855 4742 Et

258 4774 460 4844 diliges
500 4773 794 4828 Dominum
827 4775 1003 4828 Deum
1047 4784 1192 4828 tuum
1226 4792 1289 4830 ex
1320 4783 1432 4832 toto
1461 4777 1628 4831 corde
1658 4786 1765 4841 tuo,
1803 4788 1857 4835 et

257 4879 326 4919 ex
354 4870 467 4918 tota
505 4862 690 4917 anima
719 4871 826 4928 tua,
870 4872 923 4919 et
951 4880 1015 4918 ex
1049 4873 1156 4919 tota
1189 4873 1372 4920 mente
1413 4874 1521 4932 tua,
1554 4874 1605 4920 et
1643 4882 1706 4920 ex
1748 4875 1854 4920 tota

257 4953 459 5006 virtute
492 4957 606 5006 tua.
645 4952 762 5008 Hoc
791 4959 873 5008 est
927 4952 1156 5023 primum
1206 4961 1258 5008 et
1287 4954 1583 5008 maximum
1623 4955 1854 5010 manda-

257 5057 392 5105 tum.
428 5048 735 5104 Secundum
765 5058 943 5106 autem
975 5050 1150 5106 simile
1179 5058 1264 5106 est
1291 5051 1418 5106 huic
1444 5068 1456 5104 :
1482 5051 1690 5122 Diliges
1727 5067 1852 5122 pro-

259 5137 464 5192 ximum
495 5145 641 5192 tuum
682 5137 822 5192 sicut
853 5138 1106 5210 teipsum.
1150 5141 1212 5194 In
1261 5138 1346 5194 his
1375 5140 1591 5195 duobus
1619 5141 1851 5195 manda-

259 5226 332 5281 tis
371 5226 628 5282 nniversa
665 5225 753 5281 lex
782 5228 987 5298 pendet
1016 5235 1066 5281 et
1120 5228 1424 5298 pr0phettn.
1470 5252 1490 5275 ιι
1523 5228 1762 5284 Primum
1795 5238 1849 5285 et

256 5323 550 5378 maximum
581 5330 664 5378 est
693 5324 1011 5379 mandatum
1067 5341 1231 5380 unum
1272 5327 1444 5380 Deum
1475 5343 1641 5397 super
1667 5328 1855 5384 omnia

257 5411 510 5483 diligere,
543 5420 596 5466 et
628 5414 730 5467 hoc
757 5420 882 5468 ante
920 5413 1099 5468 omnia
1129 5414 1393 5468 debemus
1445 5415 1598 5486 quasi
1629 5415 1848 5472 unicum

255 5500 472 5571 pietatis
505 5499 914 5556 fundamentum
947 5501 1149 5557 locare.
1187 5503 1312 5557 Ideo
1343 5518 1450 5557 non
1479 5503 1612 5558 dixit
1643 5520 1850 5576 cogno-

256 5614 398 5667 sces,
441 5599 540 5654 sed
613 5597 832 5669 diliges,
909 5599 1035 5670 quia
1073 5616 1413 5672 cognoscere
1449 5617 1616 5655 unum
1675 5603 1846 5657 Deum

256 5705 396 5758 pene
425 5686 708 5758 proprium
731 5696 813 5742 est
843 5688 1095 5743 humana:
1115 5696 1349 5755 naturae;
1382 5688 1616 5758 diligere
1641 5697 1842 5756 autem,

254 5777 494 5852 religiosi
552 5774 737 5830 cordis
775 5784 828 5831 et
867 5775 1027 5832 recti.
1075 5778 1211 5832 Huic
1249 5777 1430 5833 simile
1469 5785 1549 5830 est
1603 5779 1671 5832 de
1701 5777 1842 5833 dile-

251 5877 434 5935 ctione
459 5870 717 5960 proximi,
745 5872 871 5944 quia
901 5871 1085 5946 imago
1114 5875 1212 5930 Dei
1235 5883 1318 5931 est
1369 5873 1556 5931 homo.
1613 5874 1842 5932 Dilectio

1963 4671 2080 4724 sine
2113 4671 2206 4726 illo
2255 4687 2383 4726 esse
2413 4671 2606 4740 possit.
2654 4672 2775 4726 Non
2817 4671 2984 4744 igitur
3023 4671 3431 4725 fundamentum
3473 4677 3557 4724 est

1964 4759 2148 4814 utilius
2168 4759 2545 4826 aedificatione,
2580 4760 2677 4815 sed
2709 4760 2950 4832 dignius,
2981 4759 3120 4816 sicut
3146 4767 3312 4830 caput
3338 4758 3556 4831 dignius

1963 4857 2045 4904 est
2077 4849 2337 4904 membris
2370 4867 2383 4903 :

2039 4985 2060 5011 ιι
2093 4963 2253 5016 Jesus
2276 4970 2454 5016 autem
2486 4959 2677 5016 videns
2707 4961 2830 5033 quia
2862 4961 3136 5032 sapienter
3156 4959 3552 5032 respondisset,

1961 5049 2094 5105 dixit
2124 5049 2200 5104 illi
2233 5064 2246 5104 :
2287 5051 2407 5105 Non
2438 5065 2498 5105 es
2526 5049 2690 5122 longe
2720 5065 2754 5105 a
2783 5064 2954 5124 regno
2985 5049 3104 5105 Dei.
3137 5050 3302 5106 Recte
3325 5063 3555 5119 respon-

1960 5139 2085 5192 disti
2117 5154 2129 5193 :
2164 5139 2268 5194 hoc
2295 5137 2381 5194 fac
2409 5147 2461 5194 et
2491 5138 2662 5194 vives.
2687 5161 2708 5187 υ
2739 5137 2881 5208 Quia
2910 5138 3061 5194 salus
3090 5149 3274 5193 nostra
3306 5136 3554 5194 consistit

1957 5235 2013 5290 in
2046 5235 2354 5307 cognitione
2385 5235 2626 5291 veritatis
2682 5245 2736 5291 et
2766 5252 2952 5292 amore
2983 5236 3220 5302 virtutis,
3264 5234 3553 5291 Sadducaei

1960 5325 2122 5396 longe
2145 5333 2269 5380 sunt
2299 5340 2334 5380 a
2363 5340 2533 5398 regno
2567 5325 2690 5392 Dei,
2741 5342 2864 5382 cum
2905 5342 3006 5380 nec
3035 5325 3422 5398 cognoscenda
3451 5339 3551 5380 co-

1958 5423 2246 5486 gnoscant,
2269 5429 2372 5469 nec
2397 5413 2675 5486 diligenda
2696 5414 2942 5485 diligant.
2966 5414 3068 5471 Hic
3087 5421 3268 5469 autem
3285 5413 3553 5484 superbus

1958 5522 2192 5569 tentator
2221 5514 2401 5568 mirus
2432 5512 2597 5584 longe
2652 5517 2766 5568 erat
2798 5521 2953 5568 extra
3008 5529 3258 5586 regnum,
3287 5512 3416 5584 quia
3441 5514 3552 5581 jam

1959 5619 2055 5672 per
2127 5602 2419 5658 scientiam
2475 5601 2810 5673 evangelica:
2883 5601 3204 5672 perfectioni
3239 5602 3542 5658 consensit.

1955 5692 2118 5746 Esset
2147 5700 2325 5746 autem
2383 5691 2435 5744 in
2468 5708 2642 5763 regno
2672 5690 2770 5746 Dei
2801 5690 2845 5745 si
2875 5699 3170 5762 angeretur
3199 5690 3249 5747 ei
3305 5691 3550 5762 cognitio

1953 5791 2065 5845 veri
2096 5799 2147 5846 et
2177 5791 2397 5847 dilectio
2419 5791 2566 5855 boni,
2591 5799 2649 5846 ut
2668 5789 2936 5846 Christum
2973 5799 3081 5846 tam
3108 5791 3160 5846 in
3190 5791 3366 5847 Deum
3388 5805 3550 5862 quam

1951 5879 2005 5933 in
2036 5879 2340 5951 proximum
2370 5880 2698 5952 susciperet.
