  <div class='ocr_page' id='page_1' title='image "/cluster/home/n/w/nwhite01/storage/ocr_20150623/156-157/uc1.31175010662024/1201.png"; bbox 0 0 3972 6402; ppageno 0'>
   <div class='ocr_carea' id='block_1_1' title="bbox 457 386 596 444">
    <p class='ocr_par' dir='ltr' id='par_1_1' title="bbox 457 386 596 444">
     <span class='ocr_line' id='line_1_1' title="bbox 457 386 596 444; baseline 0.014 -2"><span class='ocrx_word' id='word_1_1' title='bbox 457 386 596 444; x_wconf 73' lang='grc'><strong>1119</strong></span> 
     </span>
    </p>
   </div>
   <div class='ocr_carea' id='block_1_2' title="bbox 517 506 2136 580">
    <p class='ocr_par' dir='ltr' id='par_1_2' title="bbox 517 506 2136 580">
     <span class='ocr_line' id='line_1_2' title="bbox 517 506 2136 580; baseline -0.001 -18"><span class='ocrx_word' id='word_1_2' title='bbox 517 535 541 562; x_wconf 73' lang='grc' dir='ltr'><strong>ι</strong></span> <span class='ocrx_word' id='word_1_3' title='bbox 577 511 673 568; x_wconf 83' lang='lat' dir='ltr'><strong>Ille</strong></span> <span class='ocrx_word' id='word_1_4' title='bbox 700 518 906 580; x_wconf 87' lang='lat' dir='ltr'><strong>autem,</strong></span> <span class='ocrx_word' id='word_1_5' title='bbox 939 511 1132 571; x_wconf 85' lang='lat' dir='ltr'><strong>volens</strong></span> <span class='ocrx_word' id='word_1_6' title='bbox 1157 508 1458 580; x_wconf 83' lang='lat' dir='ltr'><strong>justificare</strong></span> <span class='ocrx_word' id='word_1_7' title='bbox 1488 508 1754 578; x_wconf 88' lang='lat' dir='ltr'><strong>seipsum,</strong></span> <span class='ocrx_word' id='word_1_8' title='bbox 1813 507 1948 564; x_wconf 87' lang='lat' dir='ltr'><strong>dixit</strong></span> <span class='ocrx_word' id='word_1_9' title='bbox 1977 507 2047 562; x_wconf 86' lang='lat' dir='ltr'><strong>ad</strong></span> <span class='ocrx_word' id='word_1_10' title='bbox 2076 506 2136 568; x_wconf 81' lang='grc' dir='ltr'><strong>Α</strong></span> 
     </span>
    </p>
   </div>
   <div class='ocr_carea' id='block_1_3' title="bbox 445 597 2053 674">
    <p class='ocr_par' dir='ltr' id='par_1_3' title="bbox 445 597 2053 674">
     <span class='ocr_line' id='line_1_3' title="bbox 445 597 2053 674; baseline -0.003 -17"><span class='ocrx_word' id='word_1_11' title='bbox 445 603 631 659; x_wconf 75' lang='lat' dir='ltr'><strong>Iesum</strong></span> <span class='ocrx_word' id='word_1_12' title='bbox 665 618 678 657; x_wconf 91' lang='lat'><strong>:</strong></span> <span class='ocrx_word' id='word_1_13' title='bbox 713 604 778 657; x_wconf 87' lang='lat' dir='ltr'><strong>Et</strong></span> <span class='ocrx_word' id='word_1_14' title='bbox 809 604 934 674; x_wconf 84' lang='lat' dir='ltr'><strong>quis</strong></span> <span class='ocrx_word' id='word_1_15' title='bbox 973 610 1055 657; x_wconf 92' lang='lat' dir='ltr'><strong>est</strong></span> <span class='ocrx_word' id='word_1_16' title='bbox 1105 599 1392 672; x_wconf 67' lang='lat' dir='ltr'><strong>prosimus</strong></span> <span class='ocrx_word' id='word_1_17' title='bbox 1417 600 1446 654; x_wconf 84' lang='lat'><strong>?</strong></span> <span class='ocrx_word' id='word_1_18' title='bbox 1482 620 1502 646; x_wconf 78' lang='grc' dir='ltr'><strong>ι</strong></span> <span class='ocrx_word' id='word_1_19' title='bbox 1539 599 1721 654; x_wconf 88' lang='lat' dir='ltr'><strong>Nemo</strong></span> <span class='ocrx_word' id='word_1_20' title='bbox 1751 597 2053 668; x_wconf 86' lang='lat' dir='ltr'><strong>proximior</strong></span> 
     </span>
    </p>
   </div>
   <div class='ocr_carea' id='block_1_4' title="bbox 449 687 2053 764">
    <p class='ocr_par' dir='ltr' id='par_1_4' title="bbox 449 687 2053 764">
     <span class='ocr_line' id='line_1_4' title="bbox 449 687 2053 764; baseline -0.004 -17"><span class='ocrx_word' id='word_1_21' title='bbox 449 691 653 747; x_wconf 85' lang='lat' dir='ltr'>homini</span> <span class='ocrx_word' id='word_1_22' title='bbox 685 707 845 764; x_wconf 89' lang='lat' dir='ltr'><strong>quam</strong></span> <span class='ocrx_word' id='word_1_23' title='bbox 894 693 1062 757; x_wconf 90' lang='lat' dir='ltr'><strong>Deus,</strong></span> <span class='ocrx_word' id='word_1_24' title='bbox 1095 690 1185 762; x_wconf 86' lang='lat' dir='ltr'><strong>qui</strong></span> <span class='ocrx_word' id='word_1_25' title='bbox 1240 689 1576 743; x_wconf 92' lang='lat' dir='ltr'><strong>intrinsecus</strong></span> <span class='ocrx_word' id='word_1_26' title='bbox 1607 696 1661 743; x_wconf 89' lang='lat' dir='ltr'><strong>et</strong></span> <span class='ocrx_word' id='word_1_27' title='bbox 1699 687 2053 743; x_wconf 77' lang='lat' dir='ltr'><strong>extrinsecus</strong></span> 
     </span>
    </p>
   </div>
   <div class='ocr_carea' id='block_1_5' title="bbox 445 777 2052 850">
    <p class='ocr_par' dir='ltr' id='par_1_5' title="bbox 445 777 2052 850">
     <span class='ocr_line' id='line_1_5' title="bbox 445 777 2052 850; baseline -0.002 -13"><span class='ocrx_word' id='word_1_28' title='bbox 445 781 614 845; x_wconf 89' lang='lat' dir='ltr'><strong>novit,</strong></span> <span class='ocrx_word' id='word_1_29' title='bbox 649 789 698 834; x_wconf 85' lang='lat' dir='ltr'><strong>et</strong></span> <span class='ocrx_word' id='word_1_30' title='bbox 729 778 918 835; x_wconf 83' lang='lat' dir='ltr'><strong>omnia</strong></span> <span class='ocrx_word' id='word_1_31' title='bbox 947 795 1141 836; x_wconf 89' lang='lat' dir='ltr'><strong>curare</strong></span> <span class='ocrx_word' id='word_1_32' title='bbox 1172 782 1380 850; x_wconf 80' lang='lat' dir='ltr'><strong>potest.</strong></span> <span class='ocrx_word' id='word_1_33' title='bbox 1428 778 1535 833; x_wconf 88' lang='lat' dir='ltr'><strong>Sed</strong></span> <span class='ocrx_word' id='word_1_34' title='bbox 1583 777 1763 832; x_wconf 90' lang='lat' dir='ltr'><strong>omnis</strong></span> <span class='ocrx_word' id='word_1_35' title='bbox 1794 777 2052 833; x_wconf 90' lang='lat' dir='ltr'><strong>incredu-</strong></span> 
     </span>
    </p>
   </div>
   <div class='ocr_carea' id='block_1_6' title="bbox 446 874 2051 946">
    <p class='ocr_par' dir='ltr' id='par_1_6' title="bbox 446 874 2051 946">
     <span class='ocr_line' id='line_1_6' title="bbox 446 874 2051 946; baseline -0.002 -13"><span class='ocrx_word' id='word_1_36' title='bbox 446 878 528 933; x_wconf 91' lang='lat' dir='ltr'><strong>lus</strong></span> <span class='ocrx_word' id='word_1_37' title='bbox 559 878 642 933; x_wconf 88' lang='lat' dir='ltr'><strong>vel</strong></span> <span class='ocrx_word' id='word_1_38' title='bbox 673 886 912 931; x_wconf 77' lang='lat' dir='ltr'><strong>tentatOr</strong></span> <span class='ocrx_word' id='word_1_39' title='bbox 943 893 1047 932; x_wconf 79' lang='lat' dir='ltr'><strong>nec</strong></span> <span class='ocrx_word' id='word_1_40' title='bbox 1099 877 1274 931; x_wconf 89' lang='lat' dir='ltr'><strong>Deum</strong></span> <span class='ocrx_word' id='word_1_41' title='bbox 1307 892 1408 931; x_wconf 87' lang='lat' dir='ltr'><strong>nec</strong></span> <span class='ocrx_word' id='word_1_42' title='bbox 1439 874 1712 930; x_wconf 88' lang='lat' dir='ltr'><strong>hominem</strong></span> <span class='ocrx_word' id='word_1_43' title='bbox 1747 876 2051 946; x_wconf 85' lang='lat' dir='ltr'><strong>proximum</strong></span> 
     </span>
    </p>
   </div>
   <div class='ocr_carea' id='block_1_7' title="bbox 446 961 2049 1034">
    <p class='ocr_par' dir='ltr' id='par_1_7' title="bbox 446 961 2049 1034">
     <span class='ocr_line' id='line_1_7' title="bbox 446 961 2049 1034; baseline -0.002 -16"><span class='ocrx_word' id='word_1_44' title='bbox 446 964 628 1018; x_wconf 87' lang='lat' dir='ltr'><strong>habet.</strong></span> <span class='ocrx_word' id='word_1_45' title='bbox 675 961 1055 1034; x_wconf 79' lang='lat' dir='ltr'><strong>Legisperitus</strong></span> <span class='ocrx_word' id='word_1_46' title='bbox 1093 962 1164 1016; x_wconf 89' lang='lat' dir='ltr'><strong>ob</strong></span> <span class='ocrx_word' id='word_1_47' title='bbox 1206 961 1352 1032; x_wconf 83' lang='lat' dir='ltr'><strong>vulgi</strong></span> <span class='ocrx_word' id='word_1_48' title='bbox 1393 961 1641 1016; x_wconf 81' lang='lat' dir='ltr'><strong>favorem</strong></span> <span class='ocrx_word' id='word_1_49' title='bbox 1697 961 2049 1030; x_wconf 90' lang='lat' dir='ltr'><strong>captandam,</strong></span> 
     </span>
    </p>
   </div>
   <div class='ocr_carea' id='block_1_8' title="bbox 453 1050 2054 1124">
    <p class='ocr_par' dir='ltr' id='par_1_8' title="bbox 453 1050 2054 1124">
     <span class='ocr_line' id='line_1_8' title="bbox 453 1050 2054 1124; baseline -0.002 -17"><span class='ocrx_word' id='word_1_50' title='bbox 453 1052 600 1124; x_wconf 89' lang='lat' dir='ltr'><strong>quod</strong></span> <span class='ocrx_word' id='word_1_51' title='bbox 659 1051 938 1122; x_wconf 86' lang='lat' dir='ltr'><strong>sapienter</strong></span> <span class='ocrx_word' id='word_1_52' title='bbox 994 1050 1343 1121; x_wconf 79' lang='lat' dir='ltr'><strong>respondisse</strong></span> <span class='ocrx_word' id='word_1_53' title='bbox 1395 1051 1718 1120; x_wconf 86' lang='lat' dir='ltr'><strong>jactaretur,</strong></span> <span class='ocrx_word' id='word_1_54' title='bbox 1763 1051 2054 1120; x_wconf 82' lang='lat' dir='ltr'><strong>interrogat</strong></span> 
     </span>
    </p>
   </div>
   <div class='ocr_carea' id='block_1_9' title="bbox 447 1146 2053 1222">
    <p class='ocr_par' dir='ltr' id='par_1_9' title="bbox 447 1146 2053 1222">
     <span class='ocr_line' id='line_1_9' title="bbox 447 1146 2053 1222; baseline -0.001 -16"><span class='ocrx_word' id='word_1_55' title='bbox 447 1151 736 1206; x_wconf 89' lang='lat' dir='ltr'><strong>Dominum</strong></span> <span class='ocrx_word' id='word_1_56' title='bbox 771 1150 897 1222; x_wconf 89' lang='lat' dir='ltr'><strong>quid</strong></span> <span class='ocrx_word' id='word_1_57' title='bbox 933 1149 1160 1205; x_wconf 84' lang='lat' dir='ltr'><strong>faceret.</strong></span> <span class='ocrx_word' id='word_1_58' title='bbox 1193 1149 1300 1204; x_wconf 89' lang='lat' dir='ltr'><strong>Sed</strong></span> <span class='ocrx_word' id='word_1_59' title='bbox 1333 1149 1461 1220; x_wconf 85' lang='lat' dir='ltr'><strong>quia</strong></span> <span class='ocrx_word' id='word_1_60' title='bbox 1489 1149 1725 1219; x_wconf 90' lang='lat' dir='ltr'><strong>seipsum</strong></span> <span class='ocrx_word' id='word_1_61' title='bbox 1752 1146 2053 1217; x_wconf 88' lang='lat' dir='ltr'><strong>justiﬁcare</strong></span> 
     </span>
    </p>
   </div>
   <div class='ocr_carea' id='block_1_10' title="bbox 445 1247 2054 1317">
    <p class='ocr_par' dir='ltr' id='par_1_10' title="bbox 445 1247 2054 1317">
     <span class='ocr_line' id='line_1_10' title="bbox 445 1247 2054 1317; baseline -0.002 -14"><span class='ocrx_word' id='word_1_62' title='bbox 445 1247 738 1314; x_wconf 83' lang='lat' dir='ltr'><strong>desiderat,</strong></span> <span class='ocrx_word' id='word_1_63' title='bbox 818 1248 1084 1303; x_wconf 87' lang='lat' dir='ltr'><strong>Dominus</strong></span> <span class='ocrx_word' id='word_1_64' title='bbox 1143 1249 1472 1317; x_wconf 80' lang='lat' dir='ltr'><strong>temperavit</strong></span> <span class='ocrx_word' id='word_1_65' title='bbox 1529 1261 1851 1316; x_wconf 88' lang='lat' dir='ltr'><strong>responsum</strong></span> <span class='ocrx_word' id='word_1_66' title='bbox 1895 1261 2054 1300; x_wconf 89' lang='lat' dir='ltr'><strong>suum</strong></span> 
     </span>
    </p>
   </div>
   <div class='ocr_carea' id='block_1_11' title="bbox 445 1335 2053 1408">
    <p class='ocr_par' dir='ltr' id='par_1_11' title="bbox 445 1335 2053 1408">
     <span class='ocr_line' id='line_1_11' title="bbox 445 1335 2053 1408; baseline -0.001 -19"><span class='ocrx_word' id='word_1_67' title='bbox 445 1337 761 1407; x_wconf 86' lang='lat' dir='ltr'><strong>parabolice</strong></span> <span class='ocrx_word' id='word_1_68' title='bbox 786 1337 1017 1408; x_wconf 89' lang='lat' dir='ltr'><strong>loquens</strong></span> <span class='ocrx_word' id='word_1_69' title='bbox 1048 1336 1116 1400; x_wconf 85' lang='lat' dir='ltr'><strong>ei,</strong></span> <span class='ocrx_word' id='word_1_70' title='bbox 1137 1337 1213 1390; x_wconf 88' lang='lat' dir='ltr'><strong>ita</strong></span> <span class='ocrx_word' id='word_1_71' title='bbox 1243 1345 1300 1390; x_wconf 92' lang='lat' dir='ltr'><strong>ut</strong></span> <span class='ocrx_word' id='word_1_72' title='bbox 1330 1344 1384 1391; x_wconf 92' lang='lat' dir='ltr'><strong>et</strong></span> <span class='ocrx_word' id='word_1_73' title='bbox 1411 1336 1594 1390; x_wconf 90' lang='lat' dir='ltr'><strong>omnis</strong></span> <span class='ocrx_word' id='word_1_74' title='bbox 1621 1335 1713 1406; x_wconf 89' lang='lat' dir='ltr'><strong>qui</strong></span> <span class='ocrx_word' id='word_1_75' title='bbox 1745 1335 2053 1390; x_wconf 85' lang='lat' dir='ltr'><strong>misericor—</strong></span> 
     </span>
    </p>
   </div>
   <div class='ocr_carea' id='block_1_12' title="bbox 442 1425 2056 1498">
    <p class='ocr_par' dir='ltr' id='par_1_12' title="bbox 442 1425 2056 1498">
     <span class='ocr_line' id='line_1_12' title="bbox 442 1425 2056 1498; baseline -0.002 -16"><span class='ocrx_word' id='word_1_76' title='bbox 442 1425 594 1482; x_wconf 86' lang='lat' dir='ltr'><strong>diam</strong></span> <span class='ocrx_word' id='word_1_77' title='bbox 631 1425 758 1482; x_wconf 84' lang='lat' dir='ltr'><strong>facit</strong></span> <span class='ocrx_word' id='word_1_78' title='bbox 788 1427 1078 1497; x_wconf 89' lang='lat' dir='ltr'><strong>proximus</strong></span> <span class='ocrx_word' id='word_1_79' title='bbox 1109 1425 1470 1498; x_wconf 82' lang='lat' dir='ltr'><strong>intelligatur,</strong></span> <span class='ocrx_word' id='word_1_80' title='bbox 1515 1433 1567 1479; x_wconf 91' lang='lat' dir='ltr'><strong>et</strong></span> <span class='ocrx_word' id='word_1_81' title='bbox 1597 1425 1913 1496; x_wconf 84' lang='lat' dir='ltr'><strong>specialiter</strong></span> <span class='ocrx_word' id='word_1_82' title='bbox 1953 1425 2056 1480; x_wconf 90' lang='lat' dir='ltr'><strong>Dei</strong></span> 
     </span>
    </p>
   </div>
   <div class='ocr_carea' id='block_1_13' title="bbox 443 1525 2052 1599">
    <p class='ocr_par' dir='ltr' id='par_1_13' title="bbox 443 1525 2052 1599">
     <span class='ocr_line' id='line_1_13' title="bbox 443 1525 2052 1599; baseline 0 -18"><span class='ocrx_word' id='word_1_83' title='bbox 443 1526 628 1591; x_wconf 88' lang='lat' dir='ltr'><strong>Filius,</strong></span> <span class='ocrx_word' id='word_1_84' title='bbox 672 1526 766 1599; x_wconf 86' lang='lat' dir='ltr'><strong>qui</strong></span> <span class='ocrx_word' id='word_1_85' title='bbox 811 1527 970 1582; x_wconf 92' lang='lat' dir='ltr'><strong>nobis</strong></span> <span class='ocrx_word' id='word_1_86' title='bbox 1009 1543 1112 1598; x_wconf 88' lang='lat' dir='ltr'><strong>per</strong></span> <span class='ocrx_word' id='word_1_87' title='bbox 1177 1526 1571 1581; x_wconf 86' lang='lat' dir='ltr'><strong>humanitatem</strong></span> <span class='ocrx_word' id='word_1_88' title='bbox 1613 1525 1890 1596; x_wconf 83' lang='lat' dir='ltr'><strong>proximus</strong></span> <span class='ocrx_word' id='word_1_89' title='bbox 1966 1525 2052 1581; x_wconf 92' lang='lat' dir='ltr'><strong>fa-</strong></span> 
     </span>
    </p>
   </div>
   <div class='ocr_carea' id='block_1_14' title="bbox 445 1617 1075 1687">
    <p class='ocr_par' dir='ltr' id='par_1_14' title="bbox 445 1617 1075 1687">
     <span class='ocr_line' id='line_1_14' title="bbox 445 1617 1075 1687; baseline -0.002 -15"><span class='ocrx_word' id='word_1_90' title='bbox 445 1623 564 1672; x_wconf 89' lang='lat' dir='ltr'><strong>ctus</strong></span> <span class='ocrx_word' id='word_1_91' title='bbox 595 1625 699 1682; x_wconf 86' lang='lat' dir='ltr'><strong>est,</strong></span> <span class='ocrx_word' id='word_1_92' title='bbox 732 1617 1075 1687; x_wconf 81' lang='lat' dir='ltr'><strong>designetur.</strong></span> 
     </span>
    </p>
   </div>
   <div class='ocr_carea' id='block_1_15' title="bbox 521 1704 2056 1777">
    <p class='ocr_par' dir='ltr' id='par_1_15' title="bbox 521 1704 2056 1777">
     <span class='ocr_line' id='line_1_15' title="bbox 521 1704 2056 1777; baseline -0.001 -16"><span class='ocrx_word' id='word_1_93' title='bbox 521 1728 543 1752; x_wconf 81' lang='grc' dir='ltr'>α</span> <span class='ocrx_word' id='word_1_94' title='bbox 582 1705 902 1776; x_wconf 82' lang='lat' dir='ltr'><strong>Suscipiens</strong></span> <span class='ocrx_word' id='word_1_95' title='bbox 925 1715 1104 1762; x_wconf 91' lang='lat' dir='ltr'><strong>autem</strong></span> <span class='ocrx_word' id='word_1_96' title='bbox 1135 1707 1293 1760; x_wconf 86' lang='lat' dir='ltr'><strong>Jesus</strong></span> <span class='ocrx_word' id='word_1_97' title='bbox 1323 1705 1456 1760; x_wconf 85' lang='lat' dir='ltr'><strong>dixit</strong></span> <span class='ocrx_word' id='word_1_98' title='bbox 1480 1723 1492 1759; x_wconf 92' lang='lat'>:</span> <span class='ocrx_word' id='word_1_99' title='bbox 1519 1706 1692 1760; x_wconf 87' lang='lat' dir='ltr'><strong>Homo</strong></span> <span class='ocrx_word' id='word_1_100' title='bbox 1721 1705 1937 1777; x_wconf 88' lang='lat' dir='ltr'><strong>quidam</strong></span> <span class='ocrx_word' id='word_1_101' title='bbox 1961 1704 2056 1760; x_wconf 88' lang='lat' dir='ltr'><strong>de-</strong></span> 
     </span>
    </p>
   </div>
   <div class='ocr_carea' id='block_1_16' title="bbox 447 1803 2053 1870">
    <p class='ocr_par' dir='ltr' id='par_1_16' title="bbox 447 1803 2053 1870">
     <span class='ocr_line' id='line_1_16' title="bbox 447 1803 2053 1870; baseline -0.001 -12"><span class='ocrx_word' id='word_1_102' title='bbox 447 1803 742 1860; x_wconf 88' lang='lat' dir='ltr'><strong>scendebat</strong></span> <span class='ocrx_word' id='word_1_103' title='bbox 773 1803 843 1858; x_wconf 91' lang='lat' dir='ltr'><strong>ab</strong></span> <span class='ocrx_word' id='word_1_104' title='bbox 877 1804 1220 1859; x_wconf 84' lang='lat' dir='ltr'><strong>Hierusalem</strong></span> <span class='ocrx_word' id='word_1_105' title='bbox 1253 1804 1304 1857; x_wconf 90' lang='lat' dir='ltr'><strong>in</strong></span> <span class='ocrx_word' id='word_1_106' title='bbox 1331 1803 1574 1870; x_wconf 78' lang='lat' dir='ltr'><strong>Jericho,</strong></span> <span class='ocrx_word' id='word_1_107' title='bbox 1597 1811 1650 1858; x_wconf 91' lang='lat' dir='ltr'><strong>et</strong></span> <span class='ocrx_word' id='word_1_108' title='bbox 1678 1803 1864 1857; x_wconf 86' lang='lat' dir='ltr'><strong>incidit</strong></span> <span class='ocrx_word' id='word_1_109' title='bbox 1893 1803 1946 1857; x_wconf 92' lang='lat' dir='ltr'><strong>in</strong></span> <span class='ocrx_word' id='word_1_110' title='bbox 1971 1803 2053 1857; x_wconf 88' lang='lat' dir='ltr'><strong>la-</strong></span> 
     </span>
    </p>
   </div>
   <div class='ocr_carea' id='block_1_17' title="bbox 1612 379 2638 438">
    <p class='ocr_par' dir='ltr' id='par_1_17' title="bbox 1612 379 2638 438">
     <span class='ocr_line' id='line_1_17' title="bbox 1612 379 2638 438; baseline 0.002 -2"><span class='ocrx_word' id='word_1_111' title='bbox 1612 379 1949 437; x_wconf 80' lang='lat' dir='ltr'><strong>WERNERI</strong></span> <span class='ocrx_word' id='word_1_112' title='bbox 1988 379 2284 438; x_wconf 75' lang='lat' dir='ltr'><strong>ABBATIS</strong></span> <span class='ocrx_word' id='word_1_113' title='bbox 2321 381 2380 438; x_wconf 84' lang='lat' dir='ltr'><strong>S.</strong></span> <span class='ocrx_word' id='word_1_114' title='bbox 2421 380 2638 438; x_wconf 67' lang='lat' dir='ltr'><strong>BLASII</strong></span> 
     </span>
    </p>
   </div>
   <div class='ocr_carea' id='block_1_18' title="bbox 3611 386 3754 440">
    <p class='ocr_par' dir='ltr' id='par_1_18' title="bbox 3611 386 3754 440">
     <span class='ocr_line' id='line_1_18' title="bbox 3611 386 3754 440; baseline 0 -1"><span class='ocrx_word' id='word_1_115' title='bbox 3611 386 3754 440; x_wconf 75' lang='lat' dir='ltr'><strong>H20</strong></span> 
     </span>
    </p>
   </div>
   <div class='ocr_carea' id='block_1_19' title="bbox 2236 506 3751 581">
    <p class='ocr_par' dir='ltr' id='par_1_19' title="bbox 2236 506 3751 581">
     <span class='ocr_line' id='line_1_19' title="bbox 2236 506 3751 581; baseline 0.003 -19"><span class='ocrx_word' id='word_1_116' title='bbox 2236 530 2259 555; x_wconf 78' lang='grc' dir='ltr'><strong>ιι</strong></span> <span class='ocrx_word' id='word_1_117' title='bbox 2297 507 2362 562; x_wconf 86' lang='lat' dir='ltr'><strong>Et</strong></span> <span class='ocrx_word' id='word_1_118' title='bbox 2385 507 2746 579; x_wconf 89' lang='lat' dir='ltr'><strong>approprians</strong></span> <span class='ocrx_word' id='word_1_119' title='bbox 2765 506 3009 581; x_wconf 73' lang='lat' dir='ltr'><strong>alligavit</strong></span> <span class='ocrx_word' id='word_1_120' title='bbox 3035 507 3258 564; x_wconf 85' lang='lat' dir='ltr'><strong>vulnera</strong></span> <span class='ocrx_word' id='word_1_121' title='bbox 3287 507 3427 577; x_wconf 89' lang='lat' dir='ltr'><strong>ejus,</strong></span> <span class='ocrx_word' id='word_1_122' title='bbox 3459 507 3751 567; x_wconf 79' lang='lat' dir='ltr'><strong>infundens</strong></span> 
     </span>
    </p>
   </div>
   <div class='ocr_carea' id='block_1_20' title="bbox 2151 595 3750 668">
    <p class='ocr_par' dir='ltr' id='par_1_20' title="bbox 2151 595 3750 668">
     <span class='ocr_line' id='line_1_20' title="bbox 2151 595 3750 668; baseline 0.002 -17"><span class='ocrx_word' id='word_1_123' title='bbox 2151 595 2333 651; x_wconf 90' lang='lat' dir='ltr'><strong>oleum</strong></span> <span class='ocrx_word' id='word_1_124' title='bbox 2364 605 2415 650; x_wconf 91' lang='lat' dir='ltr'><strong>et</strong></span> <span class='ocrx_word' id='word_1_125' title='bbox 2447 596 2650 651; x_wconf 89' lang='lat' dir='ltr'><strong>vinum.</strong></span> <span class='ocrx_word' id='word_1_126' title='bbox 2687 619 2711 645; x_wconf 77' lang='grc' dir='ltr'><strong>ι»</strong></span> <span class='ocrx_word' id='word_1_127' title='bbox 2749 599 2980 652; x_wconf 88' lang='lat' dir='ltr'><strong>Peccata</strong></span> <span class='ocrx_word' id='word_1_128' title='bbox 3025 597 3172 653; x_wconf 88' lang='lat' dir='ltr'><strong>enim</strong></span> <span class='ocrx_word' id='word_1_129' title='bbox 3202 613 3322 668; x_wconf 68' lang='lat' dir='ltr'><strong>quae</strong></span> <span class='ocrx_word' id='word_1_130' title='bbox 3351 597 3408 652; x_wconf 91' lang='lat' dir='ltr'><strong>in</strong></span> <span class='ocrx_word' id='word_1_131' title='bbox 3440 597 3750 654; x_wconf 85' lang='lat' dir='ltr'><strong>hominibus</strong></span> 
     </span>
    </p>
   </div>
   <div class='ocr_carea' id='block_1_21' title="bbox 2151 685 3748 758">
    <p class='ocr_par' dir='ltr' id='par_1_21' title="bbox 2151 685 3748 758">
     <span class='ocr_line' id='line_1_21' title="bbox 2151 685 3748 758; baseline 0.001 -18"><span class='ocrx_word' id='word_1_132' title='bbox 2151 685 2356 741; x_wconf 80' lang='lat' dir='ltr'><strong>invenit</strong></span> <span class='ocrx_word' id='word_1_133' title='bbox 2412 685 2795 755; x_wconf 84' lang='lat' dir='ltr'><strong>redarguendo</strong></span> <span class='ocrx_word' id='word_1_134' title='bbox 2852 686 3113 752; x_wconf 85' lang='lat' dir='ltr'><strong>cohibuit,</strong></span> <span class='ocrx_word' id='word_1_135' title='bbox 3155 702 3308 756; x_wconf 78' lang='lat' dir='ltr'><strong>apem</strong></span> <span class='ocrx_word' id='word_1_136' title='bbox 3349 685 3522 742; x_wconf 68' lang='lat' dir='ltr'><strong>venias</strong></span> <span class='ocrx_word' id='word_1_137' title='bbox 3560 689 3748 758; x_wconf 61' lang='lat' dir='ltr'><strong>pain?-</strong></span> 
     </span>
    </p>
   </div>
   <div class='ocr_carea' id='block_1_22' title="bbox 2153 785 3746 855">
    <p class='ocr_par' dir='ltr' id='par_1_22' title="bbox 2153 785 3746 855">
     <span class='ocr_line' id='line_1_22' title="bbox 2153 785 3746 855; baseline 0 -17"><span class='ocrx_word' id='word_1_138' title='bbox 2153 786 2394 840; x_wconf 88' lang='lat' dir='ltr'><strong>tentibus</strong></span> <span class='ocrx_word' id='word_1_139' title='bbox 2444 785 2793 854; x_wconf 85' lang='lat' dir='ltr'><strong>promittens,</strong></span> <span class='ocrx_word' id='word_1_140' title='bbox 2835 792 3104 840; x_wconf 88' lang='lat' dir='ltr'><strong>terrorem</strong></span> <span class='ocrx_word' id='word_1_141' title='bbox 3143 799 3317 854; x_wconf 64' lang='lat' dir='ltr'><strong>poenae</strong></span> <span class='ocrx_word' id='word_1_142' title='bbox 3367 785 3615 855; x_wconf 90' lang='lat' dir='ltr'><strong>peccanti</strong></span> <span class='ocrx_word' id='word_1_143' title='bbox 3652 786 3746 840; x_wconf 87' lang='lat' dir='ltr'><strong>in-</strong></span> 
     </span>
    </p>
   </div>
   <div class='ocr_carea' id='block_1_23' title="bbox 2152 873 3749 944">
    <p class='ocr_par' dir='ltr' id='par_1_23' title="bbox 2152 873 3749 944">
     <span class='ocr_line' id='line_1_23' title="bbox 2152 873 3749 944; baseline 0.001 -16"><span class='ocrx_word' id='word_1_144' title='bbox 2152 874 2379 928; x_wconf 77' lang='lat' dir='ltr'><strong>cutiens.</strong></span> <span class='ocrx_word' id='word_1_145' title='bbox 2413 874 2612 944; x_wconf 83' lang='lat' dir='ltr'><strong>Alligat</strong></span> <span class='ocrx_word' id='word_1_146' title='bbox 2643 889 2782 944; x_wconf 82' lang='lat' dir='ltr'><strong>ergo</strong></span> <span class='ocrx_word' id='word_1_147' title='bbox 2812 873 3056 939; x_wconf 89' lang='lat' dir='ltr'><strong>vulnera,</strong></span> <span class='ocrx_word' id='word_1_148' title='bbox 3085 873 3214 928; x_wconf 92' lang='lat' dir='ltr'><strong>dum</strong></span> <span class='ocrx_word' id='word_1_149' title='bbox 3243 873 3488 944; x_wconf 61' lang='lat' dir='ltr'><strong>praecipit</strong></span> <span class='ocrx_word' id='word_1_150' title='bbox 3513 893 3524 928; x_wconf 93' lang='lat'><strong>:</strong></span> <span class='ocrx_word' id='word_1_151' title='bbox 3563 896 3585 922; x_wconf 87' lang='lat'><strong>«</strong></span> <span class='ocrx_word' id='word_1_152' title='bbox 3612 875 3749 930; x_wconf 76' lang='grc' dir='ltr'><strong>Ρω-</strong></span> 
     </span>
    </p>
   </div>
   <div class='ocr_carea' id='block_1_24' title="bbox 2153 962 3749 1034">
    <p class='ocr_par' dir='ltr' id='par_1_24' title="bbox 2153 962 3749 1034">
     <span class='ocr_line' id='line_1_24' title="bbox 2153 962 3749 1034; baseline 0 -16"><span class='ocrx_word' id='word_1_153' title='bbox 2153 963 2432 1018; x_wconf 87' lang='lat' dir='ltr'><strong>nitentiam</strong></span> <span class='ocrx_word' id='word_1_154' title='bbox 2463 963 2608 1034; x_wconf 80' lang='lat' dir='ltr'><strong>agite</strong></span> <span class='ocrx_word' id='word_1_155' title='bbox 2640 963 2867 1032; x_wconf 85' lang='lat' dir='ltr'><strong>(Matth.</strong></span> <span class='ocrx_word' id='word_1_156' title='bbox 2907 963 3009 1032; x_wconf 80' lang='lat' dir='ltr'><strong>tu).</strong></span> <span class='ocrx_word' id='word_1_157' title='bbox 3060 986 3082 1011; x_wconf 78' lang='grc' dir='ltr'><strong>ιο</strong></span> <span class='ocrx_word' id='word_1_158' title='bbox 3119 962 3354 1017; x_wconf 88' lang='lat' dir='ltr'><strong>[ufundit</strong></span> <span class='ocrx_word' id='word_1_159' title='bbox 3381 963 3578 1031; x_wconf 90' lang='lat' dir='ltr'><strong>oleum,</strong></span> <span class='ocrx_word' id='word_1_160' title='bbox 3617 963 3749 1019; x_wconf 92' lang='lat' dir='ltr'><strong>dum</strong></span> 
     </span>
    </p>
   </div>
   <div class='ocr_carea' id='block_1_25' title="bbox 2151 1059 3738 1133">
    <p class='ocr_par' dir='ltr' id='par_1_25' title="bbox 2151 1059 3738 1133">
     <span class='ocr_line' id='line_1_25' title="bbox 2151 1059 3738 1133; baseline 0.001 -17"><span class='ocrx_word' id='word_1_161' title='bbox 2151 1061 2302 1116; x_wconf 87' lang='lat' dir='ltr'><strong>addit</strong></span> <span class='ocrx_word' id='word_1_162' title='bbox 2334 1079 2345 1116; x_wconf 92' lang='lat'><strong>:</strong></span> <span class='ocrx_word' id='word_1_163' title='bbox 2385 1085 2408 1109; x_wconf 75' lang='grc' dir='ltr'><strong>«ι</strong></span> <span class='ocrx_word' id='word_1_164' title='bbox 2442 1060 2919 1133; x_wconf 79' lang='lat' dir='ltr'><strong>Appmpinquabit</strong></span> <span class='ocrx_word' id='word_1_165' title='bbox 2949 1077 3176 1133; x_wconf 82' lang='lat' dir='ltr'><strong>regnum</strong></span> <span class='ocrx_word' id='word_1_166' title='bbox 3207 1061 3465 1116; x_wconf 66' lang='lat' dir='ltr'><strong>caelorum</strong></span> <span class='ocrx_word' id='word_1_167' title='bbox 3495 1059 3686 1131; x_wconf 77' lang='lat' dir='ltr'><strong>(ibid.)</strong></span> <span class='ocrx_word' id='word_1_168' title='bbox 3715 1081 3738 1112; x_wconf 74' lang='grc' dir='ltr'><strong>ι</strong></span> 
     </span>
    </p>
   </div>
   <div class='ocr_carea' id='block_1_26' title="bbox 2155 1145 3748 1217">
    <p class='ocr_par' dir='ltr' id='par_1_26' title="bbox 2155 1145 3748 1217">
     <span class='ocr_line' id='line_1_26' title="bbox 2155 1145 3748 1217; baseline -0.001 -15"><span class='ocrx_word' id='word_1_169' title='bbox 2155 1146 2392 1202; x_wconf 88' lang='lat' dir='ltr'><strong>lnfundit</strong></span> <span class='ocrx_word' id='word_1_170' title='bbox 2421 1154 2475 1201; x_wconf 92' lang='lat' dir='ltr'><strong>et</strong></span> <span class='ocrx_word' id='word_1_171' title='bbox 2505 1146 2708 1211; x_wconf 89' lang='lat' dir='ltr'><strong>vinum,</strong></span> <span class='ocrx_word' id='word_1_172' title='bbox 2768 1146 2894 1200; x_wconf 91' lang='lat' dir='ltr'><strong>dum</strong></span> <span class='ocrx_word' id='word_1_173' title='bbox 2953 1145 3084 1201; x_wconf 87' lang='lat' dir='ltr'><strong>dicit</strong></span> <span class='ocrx_word' id='word_1_174' title='bbox 3117 1164 3129 1200; x_wconf 92' lang='lat'><strong>:</strong></span> <span class='ocrx_word' id='word_1_175' title='bbox 3167 1168 3188 1193; x_wconf 76' lang='grc' dir='ltr'><strong>α</strong></span> <span class='ocrx_word' id='word_1_176' title='bbox 3224 1145 3415 1201; x_wconf 86' lang='lat' dir='ltr'><strong>Omnis</strong></span> <span class='ocrx_word' id='word_1_177' title='bbox 3439 1145 3599 1202; x_wconf 90' lang='lat' dir='ltr'><strong>arbor</strong></span> <span class='ocrx_word' id='word_1_178' title='bbox 3627 1162 3748 1217; x_wconf 66' lang='lat' dir='ltr'><strong>quae</strong></span> 
     </span>
    </p>
   </div>
   <div class='ocr_carea' id='block_1_27' title="bbox 2153 1234 3749 1307">
    <p class='ocr_par' dir='ltr' id='par_1_27' title="bbox 2153 1234 3749 1307">
     <span class='ocr_line' id='line_1_27' title="bbox 2153 1234 3749 1307; baseline -0.001 -16"><span class='ocrx_word' id='word_1_179' title='bbox 2153 1253 2261 1292; x_wconf 91' lang='lat' dir='ltr'><strong>non</strong></span> <span class='ocrx_word' id='word_1_180' title='bbox 2296 1236 2420 1292; x_wconf 81' lang='lat' dir='ltr'><strong>facit</strong></span> <span class='ocrx_word' id='word_1_181' title='bbox 2477 1237 2710 1290; x_wconf 85' lang='lat' dir='ltr'><strong>fructum</strong></span> <span class='ocrx_word' id='word_1_182' title='bbox 2760 1235 2957 1290; x_wconf 91' lang='lat' dir='ltr'><strong>bonum</strong></span> <span class='ocrx_word' id='word_1_183' title='bbox 3018 1234 3315 1302; x_wconf 78' lang='lat' dir='ltr'><strong>excidatur,</strong></span> <span class='ocrx_word' id='word_1_184' title='bbox 3375 1234 3508 1290; x_wconf 88' lang='lat' dir='ltr'><strong>etin</strong></span> <span class='ocrx_word' id='word_1_185' title='bbox 3564 1234 3749 1307; x_wconf 81' lang='lat' dir='ltr'><strong>ignem</strong></span> 
     </span>
    </p>
   </div>
   <div class='ocr_carea' id='block_1_28' title="bbox 2154 1334 3744 1406">
    <p class='ocr_par' dir='ltr' id='par_1_28' title="bbox 2154 1334 3744 1406">
     <span class='ocr_line' id='line_1_28' title="bbox 2154 1334 3744 1406; baseline 0.001 -15"><span class='ocrx_word' id='word_1_186' title='bbox 2154 1336 2393 1392; x_wconf 90' lang='lat' dir='ltr'><strong>mittetur</strong></span> <span class='ocrx_word' id='word_1_187' title='bbox 2447 1336 2584 1403; x_wconf 78' lang='lat' dir='ltr'><strong>(ibid</strong></span> <span class='ocrx_word' id='word_1_188' title='bbox 2597 1337 2664 1405; x_wconf 92' lang='lat'><strong>.).</strong></span> <span class='ocrx_word' id='word_1_189' title='bbox 2701 1358 2722 1383; x_wconf 80' lang='grc' dir='ltr'><strong>υ</strong></span> <span class='ocrx_word' id='word_1_190' title='bbox 2759 1334 2856 1390; x_wconf 84' lang='lat' dir='ltr'><strong>Vel</strong></span> <span class='ocrx_word' id='word_1_191' title='bbox 2885 1334 3075 1406; x_wconf 83' lang='lat' dir='ltr'><strong>alligat</strong></span> <span class='ocrx_word' id='word_1_192' title='bbox 3106 1334 3326 1390; x_wconf 89' lang='lat' dir='ltr'><strong>vulnera</strong></span> <span class='ocrx_word' id='word_1_193' title='bbox 3346 1334 3404 1389; x_wconf 93' lang='lat' dir='ltr'><strong>in</strong></span> <span class='ocrx_word' id='word_1_194' title='bbox 3458 1334 3744 1405; x_wconf 85' lang='lat' dir='ltr'><strong>baptismo,</strong></span> 
     </span>
    </p>
   </div>
   <div class='ocr_carea' id='block_1_29' title="bbox 2154 1423 3750 1496">
    <p class='ocr_par' dir='ltr' id='par_1_29' title="bbox 2154 1423 3750 1496">
     <span class='ocr_line' id='line_1_29' title="bbox 2154 1423 3750 1496; baseline -0.002 -15"><span class='ocrx_word' id='word_1_195' title='bbox 2154 1426 2390 1481; x_wconf 86' lang='lat' dir='ltr'><strong>infundit</strong></span> <span class='ocrx_word' id='word_1_196' title='bbox 2415 1427 2597 1482; x_wconf 88' lang='lat' dir='ltr'><strong>oleum</strong></span> <span class='ocrx_word' id='word_1_197' title='bbox 2628 1432 2682 1479; x_wconf 89' lang='lat' dir='ltr'><strong>et</strong></span> <span class='ocrx_word' id='word_1_198' title='bbox 2710 1424 2913 1492; x_wconf 91' lang='lat' dir='ltr'><strong>vinum,</strong></span> <span class='ocrx_word' id='word_1_199' title='bbox 2955 1423 3011 1479; x_wconf 90' lang='lat' dir='ltr'><strong>id</strong></span> <span class='ocrx_word' id='word_1_200' title='bbox 3049 1432 3132 1478; x_wconf 91' lang='lat' dir='ltr'><strong>est</strong></span> <span class='ocrx_word' id='word_1_201' title='bbox 3161 1424 3396 1480; x_wconf 86' lang='lat' dir='ltr'><strong>chrisma</strong></span> <span class='ocrx_word' id='word_1_202' title='bbox 3427 1424 3598 1481; x_wconf 85' lang='lat' dir='ltr'><strong>sancti</strong></span> <span class='ocrx_word' id='word_1_203' title='bbox 3629 1424 3750 1496; x_wconf 89' lang='lat' dir='ltr'><strong>Spi-</strong></span> 
     </span>
    </p>
   </div>
   <div class='ocr_carea' id='block_1_30' title="bbox 2154 1513 3089 1584">
    <p class='ocr_par' dir='ltr' id='par_1_30' title="bbox 2154 1513 3089 1584">
     <span class='ocr_line' id='line_1_30' title="bbox 2154 1513 3089 1584; baseline -0.003 -13"><span class='ocrx_word' id='word_1_204' title='bbox 2154 1517 2292 1572; x_wconf 88' lang='lat' dir='ltr'><strong>ritus</strong></span> <span class='ocrx_word' id='word_1_205' title='bbox 2325 1524 2378 1570; x_wconf 80' lang='lat' dir='ltr'><strong>et</strong></span> <span class='ocrx_word' id='word_1_206' title='bbox 2407 1514 2634 1570; x_wconf 87' lang='lat' dir='ltr'><strong>calicem</strong></span> <span class='ocrx_word' id='word_1_207' title='bbox 2665 1513 2935 1584; x_wconf 87' lang='lat' dir='ltr'><strong>passionis</strong></span> <span class='ocrx_word' id='word_1_208' title='bbox 2955 1528 3089 1570; x_wconf 57' lang='lat' dir='ltr'><strong>sua}.</strong></span> 
     </span>
    </p>
   </div>
   <div class='ocr_carea' id='block_1_31' title="bbox 2231 1611 3748 1685">
    <p class='ocr_par' dir='ltr' id='par_1_31' title="bbox 2231 1611 3748 1685">
     <span class='ocr_line' id='line_1_31' title="bbox 2231 1611 3748 1685; baseline -0.002 -15"><span class='ocrx_word' id='word_1_209' title='bbox 2231 1638 2252 1663; x_wconf 77' lang='grc' dir='ltr'><strong><em>α</em></strong></span> <span class='ocrx_word' id='word_1_210' title='bbox 2286 1616 2350 1670; x_wconf 84' lang='lat' dir='ltr'><strong>Et.</strong></span> <span class='ocrx_word' id='word_1_211' title='bbox 2378 1629 2590 1685; x_wconf 89' lang='lat' dir='ltr'><strong>ponens</strong></span> <span class='ocrx_word' id='word_1_212' title='bbox 2619 1613 2770 1667; x_wconf 93' lang='lat' dir='ltr'><strong>illum</strong></span> <span class='ocrx_word' id='word_1_213' title='bbox 2827 1612 2879 1667; x_wconf 91' lang='lat' dir='ltr'><strong>in</strong></span> <span class='ocrx_word' id='word_1_214' title='bbox 2932 1615 3241 1679; x_wconf 90' lang='lat' dir='ltr'><strong>jumentum</strong></span> <span class='ocrx_word' id='word_1_215' title='bbox 3269 1629 3448 1679; x_wconf 92' lang='lat' dir='ltr'><strong>suum,</strong></span> <span class='ocrx_word' id='word_1_216' title='bbox 3499 1611 3647 1668; x_wconf 84' lang='lat' dir='ltr'><strong>duxit</strong></span> <span class='ocrx_word' id='word_1_217' title='bbox 3691 1611 3748 1667; x_wconf 86' lang='lat' dir='ltr'><strong>in</strong></span> 
     </span>
    </p>
   </div>
   <div class='ocr_carea' id='block_1_32' title="bbox 2155 1701 3747 1774">
    <p class='ocr_par' dir='ltr' id='par_1_32' title="bbox 2155 1701 3747 1774">
     <span class='ocr_line' id='line_1_32' title="bbox 2155 1701 3747 1774; baseline -0.003 -15"><span class='ocrx_word' id='word_1_218' title='bbox 2155 1704 2458 1769; x_wconf 86' lang='lat' dir='ltr'><strong>stabulum,</strong></span> <span class='ocrx_word' id='word_1_219' title='bbox 2491 1711 2545 1758; x_wconf 90' lang='lat' dir='ltr'><strong>et</strong></span> <span class='ocrx_word' id='word_1_220' title='bbox 2573 1719 2763 1759; x_wconf 87' lang='lat' dir='ltr'><strong>curam</strong></span> <span class='ocrx_word' id='word_1_221' title='bbox 2791 1702 2912 1772; x_wconf 87' lang='lat' dir='ltr'><strong>ejus</strong></span> <span class='ocrx_word' id='word_1_222' title='bbox 2945 1702 3080 1774; x_wconf 80' lang='lat' dir='ltr'><strong>egit.</strong></span> <span class='ocrx_word' id='word_1_223' title='bbox 3101 1726 3122 1750; x_wconf 76' lang='grc' dir='ltr'><strong>ι»</strong></span> <span class='ocrx_word' id='word_1_224' title='bbox 3147 1703 3460 1757; x_wconf 84' lang='lat' dir='ltr'><strong>Jumentum</strong></span> <span class='ocrx_word' id='word_1_225' title='bbox 3483 1717 3615 1758; x_wconf 86' lang='lat' dir='ltr'><strong>caro</strong></span> <span class='ocrx_word' id='word_1_226' title='bbox 3632 1701 3747 1770; x_wconf 88' lang='lat' dir='ltr'><strong>ejus</strong></span> 
     </span>
    </p>
   </div>
   <div class='ocr_carea' id='block_1_33' title="bbox 2153 1791 3746 1864">
    <p class='ocr_par' dir='ltr' id='par_1_33' title="bbox 2153 1791 3746 1864">
     <span class='ocr_line' id='line_1_33' title="bbox 2153 1791 3746 1864; baseline -0.001 -16"><span class='ocrx_word' id='word_1_227' title='bbox 2153 1802 2237 1848; x_wconf 91' lang='lat' dir='ltr'><strong>est</strong></span> <span class='ocrx_word' id='word_1_228' title='bbox 2266 1794 2320 1848; x_wconf 91' lang='lat' dir='ltr'><strong>in</strong></span> <span class='ocrx_word' id='word_1_229' title='bbox 2351 1809 2459 1864; x_wconf 88' lang='lat' dir='ltr'><strong>qua</strong></span> <span class='ocrx_word' id='word_1_230' title='bbox 2487 1801 2708 1864; x_wconf 86' lang='lat' dir='ltr'><strong>peccata</strong></span> <span class='ocrx_word' id='word_1_231' title='bbox 2739 1800 2920 1847; x_wconf 88' lang='lat' dir='ltr'><strong>nostra</strong></span> <span class='ocrx_word' id='word_1_232' title='bbox 2952 1791 3186 1863; x_wconf 89' lang='lat' dir='ltr'><strong>portavit</strong></span> <span class='ocrx_word' id='word_1_233' title='bbox 3215 1808 3380 1861; x_wconf 90' lang='lat' dir='ltr'><strong>super</strong></span> <span class='ocrx_word' id='word_1_234' title='bbox 3409 1791 3633 1864; x_wconf 80' lang='lat' dir='ltr'><strong>lignum,</strong></span> <span class='ocrx_word' id='word_1_235' title='bbox 3689 1797 3746 1846; x_wconf 89' lang='lat' dir='ltr'><strong>et</strong></span> 
     </span>
    </p>
   </div>
   <div class='ocr_carea' id='block_1_34' title="bbox 445 1872 3747 1965">
    <p class='ocr_par' dir='ltr' id='par_1_34' title="bbox 445 1872 3747 1965">
     <span class='ocr_line' id='line_1_34' title="bbox 445 1872 3747 1965; baseline -0.001 -18"><span class='ocrx_word' id='word_1_236' title='bbox 445 1901 655 1948; x_wconf 91' lang='lat' dir='ltr'><strong>trones.</strong></span> <span class='ocrx_word' id='word_1_237' title='bbox 674 1916 695 1940; x_wconf 83' lang='grc' dir='ltr'><strong>ιι</strong></span> <span class='ocrx_word' id='word_1_238' title='bbox 725 1893 900 1948; x_wconf 90' lang='lat' dir='ltr'><strong>Homo</strong></span> <span class='ocrx_word' id='word_1_239' title='bbox 921 1893 1020 1948; x_wconf 91' lang='lat' dir='ltr'><strong>iste</strong></span> <span class='ocrx_word' id='word_1_240' title='bbox 1045 1893 1213 1947; x_wconf 86' lang='lat' dir='ltr'><strong>Adam</strong></span> <span class='ocrx_word' id='word_1_241' title='bbox 1237 1893 1584 1965; x_wconf 81' lang='lat' dir='ltr'><strong>intelligitur;</strong></span> <span class='ocrx_word' id='word_1_242' title='bbox 1607 1891 1948 1947; x_wconf 83' lang='lat' dir='ltr'><strong>Hierusalem</strong></span> <span class='ocrx_word' id='word_1_243' title='bbox 1969 1891 2044 1948; x_wconf 90' lang='lat' dir='ltr'><strong>ci-</strong></span> <span class='ocrx_word' id='word_1_244' title='bbox 2072 1872 2128 1933; x_wconf 84' lang='grc' dir='ltr'>Β</span> <span class='ocrx_word' id='word_1_245' title='bbox 2153 1895 2302 1963; x_wconf 83' lang='lat' dir='ltr'><strong>juxta</strong></span> <span class='ocrx_word' id='word_1_246' title='bbox 2332 1892 2492 1947; x_wconf 89' lang='lat' dir='ltr'><strong>aliam</strong></span> <span class='ocrx_word' id='word_1_247' title='bbox 2523 1891 2864 1963; x_wconf 88' lang='lat' dir='ltr'><strong>parabolam,</strong></span> <span class='ocrx_word' id='word_1_248' title='bbox 2899 1907 3060 1946; x_wconf 90' lang='lat' dir='ltr'><strong>ovem</strong></span> <span class='ocrx_word' id='word_1_249' title='bbox 3117 1906 3404 1947; x_wconf 85' lang='lat' dir='ltr'><strong>erroneam</strong></span> <span class='ocrx_word' id='word_1_250' title='bbox 3456 1887 3747 1961; x_wconf 80' lang='lat' dir='ltr'><strong>reportavit</strong></span> 
     </span>
    </p>
   </div>
   <div class='ocr_carea' id='block_1_35' title="bbox 444 1981 2048 2052">
    <p class='ocr_par' dir='ltr' id='par_1_35' title="bbox 444 1981 2048 2052">
     <span class='ocr_line' id='line_1_35' title="bbox 444 1981 2048 2052; baseline 0.001 -15"><span class='ocrx_word' id='word_1_251' title='bbox 444 1982 586 2037; x_wconf 83' lang='lat' dir='ltr'><strong>vitas</strong></span> <span class='ocrx_word' id='word_1_252' title='bbox 619 1982 879 2049; x_wconf 75' lang='lat' dir='ltr'><strong>cmlestis,</strong></span> <span class='ocrx_word' id='word_1_253' title='bbox 909 1998 938 2036; x_wconf 89' lang='lat' dir='ltr'><strong>a</strong></span> <span class='ocrx_word' id='word_1_254' title='bbox 970 1983 1122 2052; x_wconf 88' lang='lat' dir='ltr'><strong>cujus</strong></span> <span class='ocrx_word' id='word_1_255' title='bbox 1153 1981 1483 2037; x_wconf 88' lang='lat' dir='ltr'><strong>beatitudine</strong></span> <span class='ocrx_word' id='word_1_256' title='bbox 1498 1981 1684 2052; x_wconf 88' lang='lat' dir='ltr'><strong>lapsus</strong></span> <span class='ocrx_word' id='word_1_257' title='bbox 1705 1989 1787 2036; x_wconf 91' lang='lat' dir='ltr'><strong>est</strong></span> <span class='ocrx_word' id='word_1_258' title='bbox 1819 1982 1872 2035; x_wconf 89' lang='lat' dir='ltr'><strong>in</strong></span> <span class='ocrx_word' id='word_1_259' title='bbox 1904 1983 2048 2038; x_wconf 89' lang='lat' dir='ltr'><strong>hanc</strong></span> 
     </span>
    </p>
   </div>
   <div class='ocr_carea' id='block_1_36' title="bbox 448 2078 2047 2150">
    <p class='ocr_par' dir='ltr' id='par_1_36' title="bbox 448 2078 2047 2150">
     <span class='ocr_line' id='line_1_36' title="bbox 448 2078 2047 2150; baseline -0.003 -14"><span class='ocrx_word' id='word_1_260' title='bbox 448 2078 613 2136; x_wconf 86' lang='lat' dir='ltr'><strong>vitam</strong></span> <span class='ocrx_word' id='word_1_261' title='bbox 646 2079 1136 2149; x_wconf 80' lang='lat' dir='ltr'><strong>mortalem.Quod</strong></span> <span class='ocrx_word' id='word_1_262' title='bbox 1156 2079 1294 2135; x_wconf 91' lang='lat' dir='ltr'><strong>bene</strong></span> <span class='ocrx_word' id='word_1_263' title='bbox 1321 2079 1563 2144; x_wconf 84' lang='lat' dir='ltr'><strong>Jericho,</strong></span> <span class='ocrx_word' id='word_1_264' title='bbox 1594 2095 1716 2150; x_wconf 61' lang='lat' dir='ltr'><strong>quas</strong></span> <span class='ocrx_word' id='word_1_265' title='bbox 1738 2079 2047 2134; x_wconf 86' lang='lat' dir='ltr'><strong>lunainter-</strong></span> 
     </span>
    </p>
   </div>
   <div class='ocr_carea' id='block_1_37' title="bbox 445 2167 2048 2241">
    <p class='ocr_par' dir='ltr' id='par_1_37' title="bbox 445 2167 2048 2241">
     <span class='ocr_line' id='line_1_37' title="bbox 445 2167 2048 2241; baseline 0 -19"><span class='ocrx_word' id='word_1_266' title='bbox 445 2177 710 2241; x_wconf 85' lang='lat' dir='ltr'><strong>pretatur,</strong></span> <span class='ocrx_word' id='word_1_267' title='bbox 755 2169 1026 2241; x_wconf 81' lang='lat' dir='ltr'><strong>signiﬁcat</strong></span> <span class='ocrx_word' id='word_1_268' title='bbox 1057 2169 1225 2224; x_wconf 80' lang='lat' dir='ltr'><strong>variis</strong></span> <span class='ocrx_word' id='word_1_269' title='bbox 1256 2167 1542 2224; x_wconf 74' lang='lat' dir='ltr'><strong>effectibus</strong></span> <span class='ocrx_word' id='word_1_270' title='bbox 1581 2167 1818 2222; x_wconf 85' lang='lat' dir='ltr'><strong>incerta.</strong></span> <span class='ocrx_word' id='word_1_271' title='bbox 1851 2170 2048 2223; x_wconf 56' lang='lat' dir='ltr'><strong>Latmo</strong></span> 
     </span>
    </p>
   </div>
   <div class='ocr_carea' id='block_1_38' title="bbox 441 2257 2047 2330">
    <p class='ocr_par' dir='ltr' id='par_1_38' title="bbox 441 2257 2047 2330">
     <span class='ocr_line' id='line_1_38' title="bbox 441 2257 2047 2330; baseline 0 -18"><span class='ocrx_word' id='word_1_272' title='bbox 441 2273 540 2313; x_wconf 89' lang='lat' dir='ltr'><strong>nes</strong></span> <span class='ocrx_word' id='word_1_273' title='bbox 571 2257 815 2330; x_wconf 91' lang='lat' dir='ltr'><strong>intellige</strong></span> <span class='ocrx_word' id='word_1_274' title='bbox 853 2257 1130 2313; x_wconf 88' lang='lat' dir='ltr'><strong>diabolum</strong></span> <span class='ocrx_word' id='word_1_275' title='bbox 1165 2266 1218 2314; x_wconf 91' lang='lat' dir='ltr'><strong>et</strong></span> <span class='ocrx_word' id='word_1_276' title='bbox 1245 2258 1476 2330; x_wconf 87' lang='lat' dir='ltr'><strong>angelos</strong></span> <span class='ocrx_word' id='word_1_277' title='bbox 1507 2258 1644 2327; x_wconf 88' lang='lat' dir='ltr'><strong>ejus,</strong></span> <span class='ocrx_word' id='word_1_278' title='bbox 1688 2257 1740 2311; x_wconf 91' lang='lat' dir='ltr'><strong>in</strong></span> <span class='ocrx_word' id='word_1_279' title='bbox 1773 2273 1914 2328; x_wconf 90' lang='lat' dir='ltr'><strong>quos</strong></span> <span class='ocrx_word' id='word_1_280' title='bbox 1938 2273 2047 2312; x_wconf 89' lang='lat' dir='ltr'><strong>non</strong></span> 
     </span>
    </p>
   </div>
   <div class='ocr_carea' id='block_1_39' title="bbox 441 2355 2043 2427">
    <p class='ocr_par' dir='ltr' id='par_1_39' title="bbox 441 2355 2043 2427">
     <span class='ocr_line' id='line_1_39' title="bbox 441 2355 2043 2427; baseline -0.002 -15"><span class='ocrx_word' id='word_1_281' title='bbox 441 2355 705 2413; x_wconf 87' lang='lat' dir='ltr'><strong>incideret</strong></span> <span class='ocrx_word' id='word_1_282' title='bbox 736 2357 839 2412; x_wconf 89' lang='lat' dir='ltr'><strong>nisi</strong></span> <span class='ocrx_word' id='word_1_283' title='bbox 874 2357 1024 2427; x_wconf 91' lang='lat' dir='ltr'><strong>prius</strong></span> <span class='ocrx_word' id='word_1_284' title='bbox 1056 2356 1198 2412; x_wconf 88' lang='lat' dir='ltr'><strong>vitiis</strong></span> <span class='ocrx_word' id='word_1_285' title='bbox 1229 2355 1533 2411; x_wconf 90' lang='lat' dir='ltr'><strong>tumuisset.</strong></span> <span class='ocrx_word' id='word_1_286' title='bbox 1588 2356 1730 2411; x_wconf 86' lang='lat' dir='ltr'><strong>Vera</strong></span> <span class='ocrx_word' id='word_1_287' title='bbox 1760 2362 1843 2410; x_wconf 90' lang='lat' dir='ltr'><strong>est</strong></span> <span class='ocrx_word' id='word_1_288' title='bbox 1901 2355 2043 2410; x_wconf 90' lang='lat' dir='ltr'><strong>enim</strong></span> 
     </span>
    </p>
   </div>
   <div class='ocr_carea' id='block_1_40' title="bbox 446 2445 2048 2502">
    <p class='ocr_par' dir='ltr' id='par_1_40' title="bbox 446 2445 2048 2502">
     <span class='ocr_line' id='line_1_40' title="bbox 446 2445 2048 2502; baseline -0.002 -1"><span class='ocrx_word' id='word_1_289' title='bbox 446 2448 715 2502; x_wconf 77' lang='lat' dir='ltr'><strong>sententia</strong></span> <span class='ocrx_word' id='word_1_290' title='bbox 774 2447 1014 2502; x_wconf 88' lang='lat' dir='ltr'><strong>dicens:</strong></span> <span class='ocrx_word' id='word_1_291' title='bbox 1063 2470 1082 2494; x_wconf 83' lang='lat'><strong>-</strong></span> <span class='ocrx_word' id='word_1_292' title='bbox 1131 2448 1278 2502; x_wconf 84' lang='lat' dir='ltr'><strong>Ante</strong></span> <span class='ocrx_word' id='word_1_293' title='bbox 1312 2445 1522 2500; x_wconf 89' lang='lat' dir='ltr'><strong>ruinam</strong></span> <span class='ocrx_word' id='word_1_294' title='bbox 1564 2445 1889 2502; x_wconf 89' lang='lat' dir='ltr'><strong>exaltabitur</strong></span> <span class='ocrx_word' id='word_1_295' title='bbox 1946 2461 2048 2502; x_wconf 90' lang='lat' dir='ltr'><strong>cor</strong></span> 
     </span>
    </p>
   </div>
   <div class='ocr_carea' id='block_1_41' title="bbox 443 2537 869 2606">
    <p class='ocr_par' dir='ltr' id='par_1_41' title="bbox 443 2537 869 2606">
     <span class='ocr_line' id='line_1_41' title="bbox 443 2537 869 2606; baseline -0.014 -15"><span class='ocrx_word' id='word_1_296' title='bbox 443 2537 630 2606; x_wconf 86' lang='lat' dir='ltr'><strong>(Prov.</strong></span> <span class='ocrx_word' id='word_1_297' title='bbox 664 2537 802 2606; x_wconf 82' lang='lat' dir='ltr'><strong>xu).</strong></span> <span class='ocrx_word' id='word_1_298' title='bbox 848 2558 869 2585; x_wconf 80' lang='grc' dir='ltr'><strong>ι)</strong></span> 
     </span>
    </p>
   </div>
   <div class='ocr_carea' id='block_1_42' title="bbox 520 2631 2050 2706">
    <p class='ocr_par' dir='ltr' id='par_1_42' title="bbox 520 2631 2050 2706">
     <span class='ocr_line' id='line_1_42' title="bbox 520 2631 2050 2706; baseline -0.001 -18"><span class='ocrx_word' id='word_1_299' title='bbox 520 2657 542 2682; x_wconf 80' lang='grc' dir='ltr'><strong>ι</strong></span> <span class='ocrx_word' id='word_1_300' title='bbox 579 2632 684 2703; x_wconf 88' lang='lat' dir='ltr'><strong>Qui</strong></span> <span class='ocrx_word' id='word_1_301' title='bbox 715 2634 878 2688; x_wconf 92' lang='lat' dir='ltr'><strong>etiam</strong></span> <span class='ocrx_word' id='word_1_302' title='bbox 908 2633 1354 2703; x_wconf 88' lang='lat' dir='ltr'><strong>despoliaverunt</strong></span> <span class='ocrx_word' id='word_1_303' title='bbox 1381 2641 1597 2698; x_wconf 89' lang='lat' dir='ltr'><strong>enm,et</strong></span> <span class='ocrx_word' id='word_1_304' title='bbox 1623 2632 1803 2706; x_wconf 78' lang='lat' dir='ltr'><strong>plagis</strong></span> <span class='ocrx_word' id='word_1_305' title='bbox 1824 2631 2050 2703; x_wconf 86' lang='lat' dir='ltr'><strong>imposi-</strong></span> 
     </span>
    </p>
   </div>
   <div class='ocr_carea' id='block_1_43' title="bbox 448 2722 2046 2792">
    <p class='ocr_par' dir='ltr' id='par_1_43' title="bbox 448 2722 2046 2792">
     <span class='ocr_line' id='line_1_43' title="bbox 448 2722 2046 2792; baseline 0.001 -16"><span class='ocrx_word' id='word_1_306' title='bbox 448 2723 538 2786; x_wconf 87' lang='lat' dir='ltr'><strong>tis,</strong></span> <span class='ocrx_word' id='word_1_307' title='bbox 573 2723 850 2786; x_wconf 83' lang='lat' dir='ltr'><strong>abierunt,</strong></span> <span class='ocrx_word' id='word_1_308' title='bbox 876 2723 1139 2777; x_wconf 87' lang='lat' dir='ltr'><strong>semivivo</strong></span> <span class='ocrx_word' id='word_1_309' title='bbox 1170 2723 1422 2779; x_wconf 74' lang='lat' dir='ltr'><strong>relicto.-</strong></span> <span class='ocrx_word' id='word_1_310' title='bbox 1449 2722 1901 2792; x_wconf 89' lang='lat' dir='ltr'><strong>Despoliavernnt</strong></span> <span class='ocrx_word' id='word_1_311' title='bbox 1921 2739 2046 2778; x_wconf 92' lang='lat' dir='ltr'><strong>eum</strong></span> 
     </span>
    </p>
   </div>
   <div class='ocr_carea' id='block_1_44' title="bbox 446 2811 2047 2884">
    <p class='ocr_par' dir='ltr' id='par_1_44' title="bbox 446 2811 2047 2884">
     <span class='ocr_line' id='line_1_44' title="bbox 446 2811 2047 2884; baseline 0 -18"><span class='ocrx_word' id='word_1_312' title='bbox 446 2811 622 2882; x_wconf 83' lang='lat' dir='ltr'><strong>gloria</strong></span> <span class='ocrx_word' id='word_1_313' title='bbox 680 2811 1105 2866; x_wconf 88' lang='lat' dir='ltr'><strong>immortalitatis</strong></span> <span class='ocrx_word' id='word_1_314' title='bbox 1157 2819 1211 2867; x_wconf 87' lang='lat' dir='ltr'><strong>et</strong></span> <span class='ocrx_word' id='word_1_315' title='bbox 1267 2821 1418 2866; x_wconf 88' lang='lat' dir='ltr'><strong>veste</strong></span> <span class='ocrx_word' id='word_1_316' title='bbox 1460 2811 1806 2868; x_wconf 72' lang='lat' dir='ltr'><strong>innocentize.</strong></span> <span class='ocrx_word' id='word_1_317' title='bbox 1865 2812 2047 2884; x_wconf 57' lang='lat' dir='ltr'><strong>Plagae</strong></span> 
     </span>
    </p>
   </div>
   <div class='ocr_carea' id='block_1_45' title="bbox 447 2909 2046 2981">
    <p class='ocr_par' dir='ltr' id='par_1_45' title="bbox 447 2909 2046 2981">
     <span class='ocr_line' id='line_1_45' title="bbox 447 2909 2046 2981; baseline 0.001 -18"><span class='ocrx_word' id='word_1_318' title='bbox 447 2916 670 2980; x_wconf 89' lang='lat' dir='ltr'><strong>peccata</strong></span> <span class='ocrx_word' id='word_1_319' title='bbox 701 2917 828 2963; x_wconf 90' lang='lat' dir='ltr'><strong>sunt</strong></span> <span class='ocrx_word' id='word_1_320' title='bbox 859 2909 1056 2980; x_wconf 87' lang='lat' dir='ltr'><strong>quibus</strong></span> <span class='ocrx_word' id='word_1_321' title='bbox 1094 2917 1299 2964; x_wconf 64' lang='lat' dir='ltr'><strong>naturae</strong></span> <span class='ocrx_word' id='word_1_322' title='bbox 1329 2910 1580 2964; x_wconf 87' lang='lat' dir='ltr'><strong>humanae</strong></span> <span class='ocrx_word' id='word_1_323' title='bbox 1608 2909 1894 2981; x_wconf 82' lang='lat' dir='ltr'><strong>integritas</strong></span> <span class='ocrx_word' id='word_1_324' title='bbox 1925 2911 2046 2965; x_wconf 89' lang='lat' dir='ltr'><strong>vio-</strong></span> 
     </span>
    </p>
   </div>
   <div class='ocr_carea' id='block_1_46' title="bbox 444 2996 2045 3070">
    <p class='ocr_par' dir='ltr' id='par_1_46' title="bbox 444 2996 2045 3070">
     <span class='ocr_line' id='line_1_46' title="bbox 444 2996 2045 3070; baseline 0.002 -19"><span class='ocrx_word' id='word_1_325' title='bbox 444 2996 556 3052; x_wconf 87' lang='lat' dir='ltr'><strong>lata</strong></span> <span class='ocrx_word' id='word_1_326' title='bbox 588 2997 712 3052; x_wconf 86' lang='lat' dir='ltr'><strong>fuit.</strong></span> <span class='ocrx_word' id='word_1_327' title='bbox 764 2997 1032 3052; x_wconf 79' lang='lat' dir='ltr'><strong>Abierant</strong></span> <span class='ocrx_word' id='word_1_328' title='bbox 1090 3006 1274 3052; x_wconf 89' lang='lat' dir='ltr'><strong>autem</strong></span> <span class='ocrx_word' id='word_1_329' title='bbox 1307 3015 1414 3052; x_wconf 78' lang='lat' dir='ltr'><strong>non</strong></span> <span class='ocrx_word' id='word_1_330' title='bbox 1446 2998 1516 3052; x_wconf 90' lang='lat' dir='ltr'><strong>ab</strong></span> <span class='ocrx_word' id='word_1_331' title='bbox 1547 2999 1757 3054; x_wconf 86' lang='lat' dir='ltr'><strong>insidiis</strong></span> <span class='ocrx_word' id='word_1_332' title='bbox 1778 2999 2045 3070; x_wconf 88' lang='lat' dir='ltr'><strong>aliquate-</strong></span> 
     </span>
    </p>
   </div>
   <div class='ocr_carea' id='block_1_47' title="bbox 443 3087 2045 3152">
    <p class='ocr_par' dir='ltr' id='par_1_47' title="bbox 443 3087 2045 3152">
     <span class='ocr_line' id='line_1_47' title="bbox 443 3087 2045 3152; baseline 0.003 -12"><span class='ocrx_word' id='word_1_333' title='bbox 443 3102 544 3141; x_wconf 85' lang='lat' dir='ltr'><strong>nus</strong></span> <span class='ocrx_word' id='word_1_334' title='bbox 583 3088 873 3152; x_wconf 87' lang='lat' dir='ltr'><strong>cessando,</strong></span> <span class='ocrx_word' id='word_1_335' title='bbox 935 3087 1032 3142; x_wconf 89' lang='lat' dir='ltr'><strong>sed</strong></span> <span class='ocrx_word' id='word_1_336' title='bbox 1080 3089 1397 3144; x_wconf 85' lang='lat' dir='ltr'><strong>earumdem</strong></span> <span class='ocrx_word' id='word_1_337' title='bbox 1446 3089 1770 3144; x_wconf 90' lang='lat' dir='ltr'><strong>insidiarum</strong></span> <span class='ocrx_word' id='word_1_338' title='bbox 1830 3090 2045 3145; x_wconf 85' lang='lat' dir='ltr'><strong>fraudes</strong></span> 
     </span>
    </p>
   </div>
   <div class='ocr_carea' id='block_1_48' title="bbox 443 3185 2042 3258">
    <p class='ocr_par' dir='ltr' id='par_1_48' title="bbox 443 3185 2042 3258">
     <span class='ocr_line' id='line_1_48' title="bbox 443 3185 2042 3258; baseline 0.002 -18"><span class='ocrx_word' id='word_1_339' title='bbox 443 3185 791 3240; x_wconf 90' lang='lat' dir='ltr'><strong>occultando.</strong></span> <span class='ocrx_word' id='word_1_340' title='bbox 839 3185 1172 3241; x_wconf 90' lang='lat' dir='ltr'><strong>Semivivum</strong></span> <span class='ocrx_word' id='word_1_341' title='bbox 1205 3187 1564 3258; x_wconf 89' lang='lat' dir='ltr'><strong>reliquerunt,</strong></span> <span class='ocrx_word' id='word_1_342' title='bbox 1598 3187 1720 3257; x_wconf 87' lang='lat' dir='ltr'><strong>quia</strong></span> <span class='ocrx_word' id='word_1_343' title='bbox 1779 3188 2042 3243; x_wconf 89' lang='lat' dir='ltr'><strong>rationem</strong></span> 
     </span>
    </p>
   </div>
   <div class='ocr_carea' id='block_1_49' title="bbox 442 3272 2040 3348">
    <p class='ocr_par' dir='ltr' id='par_1_49' title="bbox 442 3272 2040 3348">
     <span class='ocr_line' id='line_1_49' title="bbox 442 3272 2040 3348; baseline 0.002 -20"><span class='ocrx_word' id='word_1_344' title='bbox 442 3272 564 3342; x_wconf 86' lang='lat' dir='ltr'><strong>ejus</strong></span> <span class='ocrx_word' id='word_1_345' title='bbox 593 3273 818 3329; x_wconf 90' lang='lat' dir='ltr'><strong>abolere</strong></span> <span class='ocrx_word' id='word_1_346' title='bbox 849 3290 957 3330; x_wconf 92' lang='lat' dir='ltr'><strong>non</strong></span> <span class='ocrx_word' id='word_1_347' title='bbox 990 3274 1286 3330; x_wconf 88' lang='lat' dir='ltr'><strong>valuerunt.</strong></span> <span class='ocrx_word' id='word_1_348' title='bbox 1324 3276 1400 3330; x_wconf 89' lang='lat' dir='ltr'><strong>Ex</strong></span> <span class='ocrx_word' id='word_1_349' title='bbox 1431 3293 1538 3348; x_wconf 88' lang='lat' dir='ltr'><strong>qua</strong></span> <span class='ocrx_word' id='word_1_350' title='bbox 1569 3276 1712 3332; x_wconf 91' lang='lat' dir='ltr'><strong>enim</strong></span> <span class='ocrx_word' id='word_1_351' title='bbox 1744 3286 1896 3346; x_wconf 91' lang='lat' dir='ltr'><strong>parte</strong></span> <span class='ocrx_word' id='word_1_352' title='bbox 1947 3294 2040 3331; x_wconf 90' lang='lat' dir='ltr'><strong>sa-</strong></span> 
     </span>
    </p>
   </div>
   <div class='ocr_carea' id='block_1_50' title="bbox 443 3365 2042 3437">
    <p class='ocr_par' dir='ltr' id='par_1_50' title="bbox 443 3365 2042 3437">
     <span class='ocr_line' id='line_1_50' title="bbox 443 3365 2042 3437; baseline 0.003 -20"><span class='ocrx_word' id='word_1_353' title='bbox 443 3371 644 3432; x_wconf 90' lang='lat' dir='ltr'><strong>pereet</strong></span> <span class='ocrx_word' id='word_1_354' title='bbox 673 3379 1013 3435; x_wconf 82' lang='lat' dir='ltr'><strong>cognoscere</strong></span> <span class='ocrx_word' id='word_1_355' title='bbox 1028 3365 1198 3420; x_wconf 90' lang='lat' dir='ltr'><strong>Deum</strong></span> <span class='ocrx_word' id='word_1_356' title='bbox 1223 3374 1419 3435; x_wconf 88' lang='lat' dir='ltr'><strong>potest,</strong></span> <span class='ocrx_word' id='word_1_357' title='bbox 1447 3365 1582 3420; x_wconf 89' lang='lat' dir='ltr'><strong>vivit</strong></span> <span class='ocrx_word' id='word_1_358' title='bbox 1613 3367 1774 3420; x_wconf 90' lang='lat' dir='ltr'><strong>homo</strong></span> <span class='ocrx_word' id='word_1_359' title='bbox 1801 3384 1814 3430; x_wconf 88' lang='lat'><strong>;</strong></span> <span class='ocrx_word' id='word_1_360' title='bbox 1849 3383 1913 3421; x_wconf 90' lang='lat' dir='ltr'><strong>ex</strong></span> <span class='ocrx_word' id='word_1_361' title='bbox 1935 3383 2042 3437; x_wconf 91' lang='lat' dir='ltr'><strong>qua</strong></span> 
     </span>
    </p>
   </div>
   <div class='ocr_carea' id='block_1_51' title="bbox 441 3461 2043 3534">
    <p class='ocr_par' dir='ltr' id='par_1_51' title="bbox 441 3461 2043 3534">
     <span class='ocr_line' id='line_1_51' title="bbox 441 3461 2043 3534; baseline 0.002 -18"><span class='ocrx_word' id='word_1_362' title='bbox 441 3475 572 3516; x_wconf 90' lang='lat' dir='ltr'><strong>vero</strong></span> <span class='ocrx_word' id='word_1_363' title='bbox 591 3461 838 3530; x_wconf 84' lang='lat' dir='ltr'><strong>peccatis</strong></span> <span class='ocrx_word' id='word_1_364' title='bbox 859 3461 1106 3530; x_wconf 76' lang='lat' dir='ltr'><strong>tabescit,</strong></span> <span class='ocrx_word' id='word_1_365' title='bbox 1127 3461 1382 3519; x_wconf 85' lang='lat' dir='ltr'><strong>lethifero</strong></span> <span class='ocrx_word' id='word_1_366' title='bbox 1406 3463 1632 3520; x_wconf 89' lang='lat' dir='ltr'><strong>vulnere</strong></span> <span class='ocrx_word' id='word_1_367' title='bbox 1651 3464 1883 3520; x_wconf 55' lang='lat' dir='ltr'><strong>foedatus</strong></span> <span class='ocrx_word' id='word_1_368' title='bbox 1897 3466 2043 3534; x_wconf 89' lang='lat' dir='ltr'><strong>jacet</strong></span> 
     </span>
    </p>
   </div>
   <div class='ocr_carea' id='block_1_52' title="bbox 443 3550 896 3620">
    <p class='ocr_par' dir='ltr' id='par_1_52' title="bbox 443 3550 896 3620">
     <span class='ocr_line' id='line_1_52' title="bbox 443 3550 896 3620; baseline 0.007 -17"><span class='ocrx_word' id='word_1_369' title='bbox 443 3550 597 3620; x_wconf 87' lang='lat' dir='ltr'><strong>quasi</strong></span> <span class='ocrx_word' id='word_1_370' title='bbox 628 3557 896 3606; x_wconf 87' lang='lat' dir='ltr'><strong>mortuus.</strong></span> 
     </span>
    </p>
   </div>
   <div class='ocr_carea' id='block_1_53' title="bbox 519 3657 2045 3731">
    <p class='ocr_par' dir='ltr' id='par_1_53' title="bbox 519 3657 2045 3731">
     <span class='ocr_line' id='line_1_53' title="bbox 519 3657 2045 3731; baseline 0.003 -19"><span class='ocrx_word' id='word_1_371' title='bbox 519 3680 544 3705; x_wconf 72' lang='grc' dir='ltr'><strong><em>κ</em></strong></span> <span class='ocrx_word' id='word_1_372' title='bbox 579 3657 786 3713; x_wconf 83' lang='lat' dir='ltr'><strong>Accidit</strong></span> <span class='ocrx_word' id='word_1_373' title='bbox 825 3667 1005 3713; x_wconf 90' lang='lat' dir='ltr'><strong>autem</strong></span> <span class='ocrx_word' id='word_1_374' title='bbox 1037 3667 1095 3714; x_wconf 89' lang='lat' dir='ltr'><strong>ut</strong></span> <span class='ocrx_word' id='word_1_375' title='bbox 1143 3658 1406 3715; x_wconf 86' lang='lat' dir='ltr'><strong>sacerdos</strong></span> <span class='ocrx_word' id='word_1_376' title='bbox 1433 3659 1650 3731; x_wconf 87' lang='lat' dir='ltr'><strong>quidam</strong></span> <span class='ocrx_word' id='word_1_377' title='bbox 1684 3661 2045 3718; x_wconf 89' lang='lat' dir='ltr'><strong>descenderet</strong></span> 
     </span>
    </p>
   </div>
   <div class='ocr_carea' id='block_1_54' title="bbox 446 3755 2044 3826">
    <p class='ocr_par' dir='ltr' id='par_1_54' title="bbox 446 3755 2044 3826">
     <span class='ocr_line' id='line_1_54' title="bbox 446 3755 2044 3826; baseline 0.003 -16"><span class='ocrx_word' id='word_1_378' title='bbox 446 3755 637 3810; x_wconf 86' lang='lat' dir='ltr'><strong>eadem</strong></span> <span class='ocrx_word' id='word_1_379' title='bbox 670 3756 779 3825; x_wconf 89' lang='lat' dir='ltr'><strong>via,</strong></span> <span class='ocrx_word' id='word_1_380' title='bbox 811 3765 863 3812; x_wconf 88' lang='lat' dir='ltr'><strong>et</strong></span> <span class='ocrx_word' id='word_1_381' title='bbox 895 3757 1014 3812; x_wconf 89' lang='lat' dir='ltr'><strong>viso</strong></span> <span class='ocrx_word' id='word_1_382' title='bbox 1044 3756 1138 3812; x_wconf 92' lang='lat' dir='ltr'><strong>illo</strong></span> <span class='ocrx_word' id='word_1_383' title='bbox 1175 3757 1490 3826; x_wconf 70' lang='lat' dir='ltr'><strong>praeterivit.</strong></span> <span class='ocrx_word' id='word_1_384' title='bbox 1523 3758 1786 3814; x_wconf 90' lang='lat' dir='ltr'><strong>Similiter</strong></span> <span class='ocrx_word' id='word_1_385' title='bbox 1803 3767 1857 3815; x_wconf 89' lang='lat' dir='ltr'><strong>et</strong></span> <span class='ocrx_word' id='word_1_386' title='bbox 1884 3760 2044 3815; x_wconf 89' lang='lat' dir='ltr'><strong>levita</strong></span> 
     </span>
    </p>
   </div>
   <div class='ocr_carea' id='block_1_55' title="bbox 443 3846 2040 3918">
    <p class='ocr_par' dir='ltr' id='par_1_55' title="bbox 443 3846 2040 3918">
     <span class='ocr_line' id='line_1_55' title="bbox 443 3846 2040 3918; baseline 0.002 -18"><span class='ocrx_word' id='word_1_387' title='bbox 443 3858 574 3900; x_wconf 90' lang='lat' dir='ltr'><strong>cum</strong></span> <span class='ocrx_word' id='word_1_388' title='bbox 605 3854 751 3900; x_wconf 83' lang='lat' dir='ltr'><strong>esset</strong></span> <span class='ocrx_word' id='word_1_389' title='bbox 782 3862 946 3900; x_wconf 89' lang='lat' dir='ltr'><strong>secus</strong></span> <span class='ocrx_word' id='word_1_390' title='bbox 975 3846 1154 3902; x_wconf 89' lang='lat' dir='ltr'><strong>locum</strong></span> <span class='ocrx_word' id='word_1_391' title='bbox 1172 3855 1225 3901; x_wconf 92' lang='lat' dir='ltr'><strong>et</strong></span> <span class='ocrx_word' id='word_1_392' title='bbox 1255 3846 1467 3902; x_wconf 87' lang='lat' dir='ltr'><strong>videret</strong></span> <span class='ocrx_word' id='word_1_393' title='bbox 1497 3863 1619 3902; x_wconf 91' lang='lat' dir='ltr'><strong>eum</strong></span> <span class='ocrx_word' id='word_1_394' title='bbox 1643 3847 2040 3918; x_wconf 82' lang='lat' dir='ltr'><strong>pertransivit.-</strong></span> 
     </span>
    </p>
   </div>
   <div class='ocr_carea' id='block_1_56' title="bbox 448 3932 2046 4006">
    <p class='ocr_par' dir='ltr' id='par_1_56' title="bbox 448 3932 2046 4006">
     <span class='ocr_line' id='line_1_56' title="bbox 448 3932 2046 4006; baseline 0.003 -18"><span class='ocrx_word' id='word_1_395' title='bbox 448 3932 722 3989; x_wconf 89' lang='lat' dir='ltr'><strong>Sacerdos</strong></span> <span class='ocrx_word' id='word_1_396' title='bbox 753 3943 802 3989; x_wconf 93' lang='lat' dir='ltr'><strong>et</strong></span> <span class='ocrx_word' id='word_1_397' title='bbox 835 3934 996 3988; x_wconf 88' lang='lat' dir='ltr'><strong>levita</strong></span> <span class='ocrx_word' id='word_1_398' title='bbox 1027 3935 1117 4006; x_wconf 91' lang='lat' dir='ltr'><strong>qui</strong></span> <span class='ocrx_word' id='word_1_399' title='bbox 1148 3935 1450 3990; x_wconf 80' lang='lat' dir='ltr'><strong>sauciatam</strong></span> <span class='ocrx_word' id='word_1_400' title='bbox 1479 3937 1827 4004; x_wconf 87' lang='lat' dir='ltr'><strong>transierunt,</strong></span> <span class='ocrx_word' id='word_1_401' title='bbox 1861 3953 2046 3994; x_wconf 89' lang='lat' dir='ltr'><strong>sacer-</strong></span> 
     </span>
    </p>
   </div>
   <div class='ocr_carea' id='block_1_57' title="bbox 446 4031 2044 4107">
    <p class='ocr_par' dir='ltr' id='par_1_57' title="bbox 446 4031 2044 4107">
     <span class='ocr_line' id='line_1_57' title="bbox 446 4031 2044 4107; baseline 0.003 -22"><span class='ocrx_word' id='word_1_402' title='bbox 446 4031 653 4086; x_wconf 89' lang='lat' dir='ltr'><strong>dotium</strong></span> <span class='ocrx_word' id='word_1_403' title='bbox 677 4039 730 4087; x_wconf 90' lang='lat' dir='ltr'><strong>et</strong></span> <span class='ocrx_word' id='word_1_404' title='bbox 764 4031 1130 4088; x_wconf 90' lang='lat' dir='ltr'><strong>ministerium</strong></span> <span class='ocrx_word' id='word_1_405' title='bbox 1186 4033 1402 4087; x_wconf 86' lang='lat' dir='ltr'><strong>Veteris</strong></span> <span class='ocrx_word' id='word_1_406' title='bbox 1452 4034 1783 4090; x_wconf 88' lang='lat' dir='ltr'><strong>Testamenti</strong></span> <span class='ocrx_word' id='word_1_407' title='bbox 1828 4035 2044 4107; x_wconf 82' lang='lat' dir='ltr'><strong>signiﬁ-</strong></span> 
     </span>
    </p>
   </div>
   <div class='ocr_carea' id='block_1_58' title="bbox 451 4121 2048 4196">
    <p class='ocr_par' dir='ltr' id='par_1_58' title="bbox 451 4121 2048 4196">
     <span class='ocr_line' id='line_1_58' title="bbox 451 4121 2048 4196; baseline 0.003 -20"><span class='ocrx_word' id='word_1_408' title='bbox 451 4129 575 4176; x_wconf 85' lang='lat' dir='ltr'><strong>cant</strong></span> <span class='ocrx_word' id='word_1_409' title='bbox 608 4121 698 4175; x_wconf 91' lang='lat' dir='ltr'><strong>nbi</strong></span> <span class='ocrx_word' id='word_1_410' title='bbox 729 4121 919 4176; x_wconf 90' lang='lat' dir='ltr'><strong>mundi</strong></span> <span class='ocrx_word' id='word_1_411' title='bbox 951 4121 1262 4194; x_wconf 86' lang='lat' dir='ltr'><strong>languentis</strong></span> <span class='ocrx_word' id='word_1_412' title='bbox 1291 4121 1512 4177; x_wconf 90' lang='lat' dir='ltr'><strong>vulnera</strong></span> <span class='ocrx_word' id='word_1_413' title='bbox 1573 4124 1862 4178; x_wconf 88' lang='lat' dir='ltr'><strong>monstrari</strong></span> <span class='ocrx_word' id='word_1_414' title='bbox 1893 4133 2048 4196; x_wconf 89' lang='lat' dir='ltr'><strong>pote-</strong></span> 
     </span>
    </p>
   </div>
   <div class='ocr_carea' id='block_1_59' title="bbox 451 4209 2049 4286">
    <p class='ocr_par' dir='ltr' id='par_1_59' title="bbox 451 4209 2049 4286">
     <span class='ocr_line' id='line_1_59' title="bbox 451 4209 2049 4286; baseline 0.003 -23"><span class='ocrx_word' id='word_1_415' title='bbox 451 4217 591 4273; x_wconf 87' lang='lat' dir='ltr'><strong>rant,</strong></span> <span class='ocrx_word' id='word_1_416' title='bbox 629 4225 738 4263; x_wconf 91' lang='lat' dir='ltr'><strong>non</strong></span> <span class='ocrx_word' id='word_1_417' title='bbox 769 4220 946 4264; x_wconf 88' lang='lat' dir='ltr'><strong>autem</strong></span> <span class='ocrx_word' id='word_1_418' title='bbox 976 4211 1179 4265; x_wconf 88' lang='lat' dir='ltr'><strong>curari.</strong></span> <span class='ocrx_word' id='word_1_419' title='bbox 1231 4210 1331 4264; x_wconf 87' lang='lat' dir='ltr'><strong>Ait</strong></span> <span class='ocrx_word' id='word_1_420' title='bbox 1358 4209 1505 4265; x_wconf 91' lang='lat' dir='ltr'><strong>enim</strong></span> <span class='ocrx_word' id='word_1_421' title='bbox 1565 4212 1881 4282; x_wconf 86' lang='lat' dir='ltr'><strong>Apostolus,</strong></span> <span class='ocrx_word' id='word_1_422' title='bbox 1919 4213 2049 4286; x_wconf 86' lang='lat' dir='ltr'><strong>quia</strong></span> 
     </span>
    </p>
   </div>
   <div class='ocr_carea' id='block_1_60' title="bbox 453 4305 2050 4383">
    <p class='ocr_par' dir='ltr' id='par_1_60' title="bbox 453 4305 2050 4383">
     <span class='ocr_line' id='line_1_60' title="bbox 453 4305 2050 4383; baseline 0.007 -26"><span class='ocrx_word' id='word_1_423' title='bbox 453 4305 836 4376; x_wconf 70' lang='lat' dir='ltr'><strong>«impossibile</strong></span> <span class='ocrx_word' id='word_1_424' title='bbox 867 4315 980 4362; x_wconf 90' lang='lat' dir='ltr'><strong>erat</strong></span> <span class='ocrx_word' id='word_1_425' title='bbox 1013 4307 1281 4380; x_wconf 88' lang='lat' dir='ltr'><strong>sanguine</strong></span> <span class='ocrx_word' id='word_1_426' title='bbox 1311 4309 1597 4365; x_wconf 91' lang='lat' dir='ltr'><strong>vitulorum</strong></span> <span class='ocrx_word' id='word_1_427' title='bbox 1625 4318 1677 4364; x_wconf 90' lang='lat' dir='ltr'><strong>et</strong></span> <span class='ocrx_word' id='word_1_428' title='bbox 1706 4327 1973 4383; x_wconf 86' lang='lat' dir='ltr'><strong>agnorum</strong></span> <span class='ocrx_word' id='word_1_429' title='bbox 1997 4320 2050 4368; x_wconf 92' lang='lat' dir='ltr'><strong>et</strong></span> 
     </span>
    </p>
   </div>
   <div class='ocr_carea' id='block_1_61' title="bbox 448 4395 2049 4470">
    <p class='ocr_par' dir='ltr' id='par_1_61' title="bbox 448 4395 2049 4470">
     <span class='ocr_line' id='line_1_61' title="bbox 448 4395 2049 4470; baseline 0.004 -20"><span class='ocrx_word' id='word_1_430' title='bbox 448 4395 730 4450; x_wconf 89' lang='lat' dir='ltr'><strong>hircorum</strong></span> <span class='ocrx_word' id='word_1_431' title='bbox 761 4395 961 4451; x_wconf 85' lang='lat' dir='ltr'><strong>auferri</strong></span> <span class='ocrx_word' id='word_1_432' title='bbox 989 4406 1208 4467; x_wconf 89' lang='lat' dir='ltr'><strong>peccata</strong></span> <span class='ocrx_word' id='word_1_433' title='bbox 1239 4398 1436 4468; x_wconf 82' lang='lat' dir='ltr'><strong>(Hebr.</strong></span> <span class='ocrx_word' id='word_1_434' title='bbox 1464 4401 1548 4468; x_wconf 94' lang='lat' dir='ltr'><strong>x).</strong></span> <span class='ocrx_word' id='word_1_435' title='bbox 1591 4421 1612 4448; x_wconf 73' lang='grc' dir='ltr'><strong>ιι</strong></span> <span class='ocrx_word' id='word_1_436' title='bbox 1650 4400 1836 4470; x_wconf 86' lang='lat' dir='ltr'><strong>Itaque</strong></span> <span class='ocrx_word' id='word_1_437' title='bbox 1866 4416 2049 4456; x_wconf 88' lang='lat' dir='ltr'><strong>sacer-</strong></span> 
     </span>
    </p>
   </div>
   <div class='ocr_carea' id='block_1_62' title="bbox 447 4484 2044 4563">
    <p class='ocr_par' dir='ltr' id='par_1_62' title="bbox 447 4484 2044 4563">
     <span class='ocr_line' id='line_1_62' title="bbox 447 4484 2044 4563; baseline 0.004 -24"><span class='ocrx_word' id='word_1_438' title='bbox 447 4484 550 4540; x_wconf 87' lang='lat' dir='ltr'><strong>dos</strong></span> <span class='ocrx_word' id='word_1_439' title='bbox 580 4484 703 4555; x_wconf 90' lang='lat' dir='ltr'><strong>Dei,</strong></span> <span class='ocrx_word' id='word_1_440' title='bbox 736 4484 858 4556; x_wconf 88' lang='lat' dir='ltr'><strong>lege</strong></span> <span class='ocrx_word' id='word_1_441' title='bbox 891 4485 944 4540; x_wconf 91' lang='lat' dir='ltr'><strong>in</strong></span> <span class='ocrx_word' id='word_1_442' title='bbox 975 4487 1235 4541; x_wconf 90' lang='lat' dir='ltr'><strong>mundum</strong></span> <span class='ocrx_word' id='word_1_443' title='bbox 1267 4488 1642 4545; x_wconf 90' lang='lat' dir='ltr'><strong>descendente</strong></span> <span class='ocrx_word' id='word_1_444' title='bbox 1673 4505 1770 4560; x_wconf 90' lang='lat' dir='ltr'><strong>per</strong></span> <span class='ocrx_word' id='word_1_445' title='bbox 1801 4491 2044 4563; x_wconf 84' lang='lat' dir='ltr'><strong>Moysen,</strong></span> 
     </span>
    </p>
   </div>
   <div class='ocr_carea' id='block_1_63' title="bbox 450 4582 2126 4659">
    <p class='ocr_par' dir='ltr' id='par_1_63' title="bbox 450 4582 2126 4659">
     <span class='ocr_line' id='line_1_63' title="bbox 450 4582 2126 4659; baseline 0.004 -23"><span class='ocrx_word' id='word_1_446' title='bbox 450 4582 658 4636; x_wconf 87' lang='lat' dir='ltr'><strong>nullam</strong></span> <span class='ocrx_word' id='word_1_447' title='bbox 691 4583 977 4638; x_wconf 87' lang='lat' dir='ltr'><strong>sanitatem</strong></span> <span class='ocrx_word' id='word_1_448' title='bbox 1036 4584 1262 4640; x_wconf 90' lang='lat' dir='ltr'><strong>contulit</strong></span> <span class='ocrx_word' id='word_1_449' title='bbox 1291 4585 1516 4640; x_wconf 91' lang='lat' dir='ltr'><strong>homini.</strong></span> <span class='ocrx_word' id='word_1_450' title='bbox 1574 4585 1665 4642; x_wconf 93' lang='lat' dir='ltr'><strong>Sic</strong></span> <span class='ocrx_word' id='word_1_451' title='bbox 1718 4594 1771 4640; x_wconf 91' lang='lat' dir='ltr'><strong>et</strong></span> <span class='ocrx_word' id='word_1_452' title='bbox 1800 4587 2040 4643; x_wconf 88' lang='lat' dir='ltr'><strong>descen-</strong></span> <span class='ocrx_word' id='word_1_453' title='bbox 2072 4598 2126 4659; x_wconf 87' lang='lat' dir='ltr'><strong>D</strong></span> 
     </span>
    </p>
   </div>
   <div class='ocr_carea' id='block_1_64' title="bbox 2073 3231 2122 3294">
    <p class='ocr_par' dir='ltr' id='par_1_64' title="bbox 2073 3231 2122 3294">
     <span class='ocr_line' id='line_1_64' title="bbox 2073 3231 2122 3294; baseline 0 0"><span class='ocrx_word' id='word_1_454' title='bbox 2073 3231 2122 3294; x_wconf 92' lang='lat' dir='ltr'><strong>C</strong></span> 
     </span>
    </p>
   </div>
   <div class='ocr_carea' id='block_1_65' title="bbox 2156 1978 3745 2055">
    <p class='ocr_par' dir='ltr' id='par_1_65' title="bbox 2156 1978 3745 2055">
     <span class='ocr_line' id='line_1_65' title="bbox 2156 1978 3745 2055; baseline -0.003 -17"><span class='ocrx_word' id='word_1_455' title='bbox 2156 1984 2224 2038; x_wconf 89' lang='lat' dir='ltr'><strong>ad</strong></span> <span class='ocrx_word' id='word_1_456' title='bbox 2277 1999 2532 2055; x_wconf 83' lang='lat' dir='ltr'><strong>gregem.</strong></span> <span class='ocrx_word' id='word_1_457' title='bbox 2565 1983 2754 2054; x_wconf 86' lang='lat' dir='ltr'><strong>Itaque</strong></span> <span class='ocrx_word' id='word_1_458' title='bbox 2781 1981 2985 2053; x_wconf 91' lang='lat' dir='ltr'><strong>imponi</strong></span> <span class='ocrx_word' id='word_1_459' title='bbox 3011 1981 3256 2050; x_wconf 88' lang='lat' dir='ltr'><strong>jumento</strong></span> <span class='ocrx_word' id='word_1_460' title='bbox 3287 1983 3370 2036; x_wconf 87' lang='lat' dir='ltr'><strong>est</strong></span> <span class='ocrx_word' id='word_1_461' title='bbox 3415 1978 3745 2036; x_wconf 87' lang='lat' dir='ltr'><strong>incarnatio-</strong></span> 
     </span>
    </p>
   </div>
   <div class='ocr_carea' id='block_1_66' title="bbox 2159 2067 3744 2143">
    <p class='ocr_par' dir='ltr' id='par_1_66' title="bbox 2159 2067 3744 2143">
     <span class='ocr_line' id='line_1_66' title="bbox 2159 2067 3744 2143; baseline -0.004 -15"><span class='ocrx_word' id='word_1_462' title='bbox 2159 2089 2282 2128; x_wconf 91' lang='lat' dir='ltr'><strong>nem</strong></span> <span class='ocrx_word' id='word_1_463' title='bbox 2317 2071 2519 2128; x_wconf 88' lang='lat' dir='ltr'><strong>Christi</strong></span> <span class='ocrx_word' id='word_1_464' title='bbox 2556 2072 2801 2138; x_wconf 84' lang='lat' dir='ltr'><strong>credere,</strong></span> <span class='ocrx_word' id='word_1_465' title='bbox 2871 2071 3098 2143; x_wconf 88' lang='lat' dir='ltr'><strong>ejusque</strong></span> <span class='ocrx_word' id='word_1_466' title='bbox 3135 2069 3409 2142; x_wconf 80' lang='lat' dir='ltr'><strong>mysteriis</strong></span> <span class='ocrx_word' id='word_1_467' title='bbox 3461 2067 3618 2124; x_wconf 88' lang='lat' dir='ltr'><strong>tutari</strong></span> <span class='ocrx_word' id='word_1_468' title='bbox 3672 2067 3744 2122; x_wconf 81' lang='lat' dir='ltr'><strong>ab</strong></span> 
     </span>
    </p>
   </div>
   <div class='ocr_carea' id='block_1_67' title="bbox 2156 2167 3740 2237">
    <p class='ocr_par' dir='ltr' id='par_1_67' title="bbox 2156 2167 3740 2237">
     <span class='ocr_line' id='line_1_67' title="bbox 2156 2167 3740 2237; baseline -0.004 -11"><span class='ocrx_word' id='word_1_469' title='bbox 2156 2170 2344 2226; x_wconf 89' lang='lat' dir='ltr'><strong>hostili</strong></span> <span class='ocrx_word' id='word_1_470' title='bbox 2375 2169 2707 2226; x_wconf 87' lang='lat' dir='ltr'><strong>incursione.</strong></span> <span class='ocrx_word' id='word_1_471' title='bbox 2749 2167 3032 2225; x_wconf 86' lang='lat' dir='ltr'><strong>Stabulum</strong></span> <span class='ocrx_word' id='word_1_472' title='bbox 3086 2175 3170 2224; x_wconf 90' lang='lat' dir='ltr'><strong>est</strong></span> <span class='ocrx_word' id='word_1_473' title='bbox 3210 2167 3454 2224; x_wconf 86' lang='lat' dir='ltr'><strong>Ecclesia</strong></span> <span class='ocrx_word' id='word_1_474' title='bbox 3482 2180 3740 2237; x_wconf 52' lang='lat' dir='ltr'><strong>praesens,</strong></span> 
     </span>
    </p>
   </div>
   <div class='ocr_carea' id='block_1_68' title="bbox 2155 2255 3743 2331">
    <p class='ocr_par' dir='ltr' id='par_1_68' title="bbox 2155 2255 3743 2331">
     <span class='ocr_line' id='line_1_68' title="bbox 2155 2255 3743 2331; baseline -0.004 -16"><span class='ocrx_word' id='word_1_475' title='bbox 2155 2260 2246 2316; x_wconf 88' lang='lat' dir='ltr'><strong>ubi</strong></span> <span class='ocrx_word' id='word_1_476' title='bbox 2278 2260 2554 2331; x_wconf 84' lang='lat' dir='ltr'><strong>sperando</strong></span> <span class='ocrx_word' id='word_1_477' title='bbox 2610 2257 2923 2314; x_wconf 73' lang='lat' dir='ltr'><strong>reficiuntur</strong></span> <span class='ocrx_word' id='word_1_478' title='bbox 2967 2257 3218 2323; x_wconf 87' lang='lat' dir='ltr'><strong>viatores,</strong></span> <span class='ocrx_word' id='word_1_479' title='bbox 3274 2265 3540 2312; x_wconf 71' lang='lat' dir='ltr'><strong>aeternam</strong></span> <span class='ocrx_word' id='word_1_480' title='bbox 3583 2255 3743 2310; x_wconf 87' lang='lat' dir='ltr'><strong>vitam</strong></span> 
     </span>
    </p>
   </div>
   <div class='ocr_carea' id='block_1_69' title="bbox 2156 2343 3745 2414">
    <p class='ocr_par' dir='ltr' id='par_1_69' title="bbox 2156 2343 3745 2414">
     <span class='ocr_line' id='line_1_69' title="bbox 2156 2343 3745 2414; baseline -0.005 -8"><span class='ocrx_word' id='word_1_481' title='bbox 2156 2351 2475 2408; x_wconf 89' lang='lat' dir='ltr'><strong>redeuntes.</strong></span> <span class='ocrx_word' id='word_1_482' title='bbox 2515 2348 2721 2404; x_wconf 83' lang='lat' dir='ltr'><strong>Stabuli</strong></span> <span class='ocrx_word' id='word_1_483' title='bbox 2747 2347 2972 2403; x_wconf 92' lang='lat' dir='ltr'><strong>nomine</strong></span> <span class='ocrx_word' id='word_1_484' title='bbox 2999 2346 3246 2402; x_wconf 89' lang='lat' dir='ltr'><strong>miserias</strong></span> <span class='ocrx_word' id='word_1_485' title='bbox 3277 2353 3330 2402; x_wconf 91' lang='lat' dir='ltr'><strong>et</strong></span> <span class='ocrx_word' id='word_1_486' title='bbox 3359 2345 3558 2400; x_wconf 86' lang='lat' dir='ltr'><strong>fetores</strong></span> <span class='ocrx_word' id='word_1_487' title='bbox 3587 2343 3745 2414; x_wconf 86' lang='lat' dir='ltr'><strong>hujus</strong></span> 
     </span>
    </p>
   </div>
   <div class='ocr_carea' id='block_1_70' title="bbox 2157 2441 3744 2518">
    <p class='ocr_par' dir='ltr' id='par_1_70' title="bbox 2157 2441 3744 2518">
     <span class='ocr_line' id='line_1_70' title="bbox 2157 2441 3744 2518; baseline -0.005 -16"><span class='ocrx_word' id='word_1_488' title='bbox 2157 2447 2280 2504; x_wconf 62' lang='lat' dir='ltr'><strong>vita</strong></span> <span class='ocrx_word' id='word_1_489' title='bbox 2310 2447 2593 2518; x_wconf 86' lang='lat' dir='ltr'><strong>signanter</strong></span> <span class='ocrx_word' id='word_1_490' title='bbox 2613 2445 2870 2508; x_wconf 87' lang='lat' dir='ltr'><strong>insinuat,</strong></span> <span class='ocrx_word' id='word_1_491' title='bbox 2902 2461 2970 2499; x_wconf 88' lang='lat' dir='ltr'><strong>ne</strong></span> <span class='ocrx_word' id='word_1_492' title='bbox 2999 2445 3165 2499; x_wconf 89' lang='lat' dir='ltr'><strong>homo</strong></span> <span class='ocrx_word' id='word_1_493' title='bbox 3203 2443 3257 2497; x_wconf 91' lang='lat' dir='ltr'><strong>in</strong></span> <span class='ocrx_word' id='word_1_494' title='bbox 3285 2443 3388 2499; x_wconf 89' lang='lat' dir='ltr'><strong>hoc</strong></span> <span class='ocrx_word' id='word_1_495' title='bbox 3408 2441 3595 2498; x_wconf 84' lang='lat' dir='ltr'><strong>exsilio</strong></span> <span class='ocrx_word' id='word_1_496' title='bbox 3623 2449 3744 2495; x_wconf 91' lang='lat' dir='ltr'><strong>tan-</strong></span> 
     </span>
    </p>
   </div>
   <div class='ocr_carea' id='block_1_71' title="bbox 2155 2530 3749 2610">
    <p class='ocr_par' dir='ltr' id='par_1_71' title="bbox 2155 2530 3749 2610">
     <span class='ocr_line' id='line_1_71' title="bbox 2155 2530 3749 2610; baseline -0.006 -17"><span class='ocrx_word' id='word_1_497' title='bbox 2155 2553 2327 2610; x_wconf 86' lang='lat' dir='ltr'><strong>quam</strong></span> <span class='ocrx_word' id='word_1_498' title='bbox 2356 2538 2409 2592; x_wconf 88' lang='lat' dir='ltr'><strong>in</strong></span> <span class='ocrx_word' id='word_1_499' title='bbox 2441 2536 2620 2608; x_wconf 86' lang='lat' dir='ltr'><strong>patria</strong></span> <span class='ocrx_word' id='word_1_500' title='bbox 2648 2535 3126 2608; x_wconf 86' lang='lat' dir='ltr'><strong>gaudeat.Curam</strong></span> <span class='ocrx_word' id='word_1_501' title='bbox 3155 2533 3287 2604; x_wconf 83' lang='lat' dir='ltr'><strong>egit,</strong></span> <span class='ocrx_word' id='word_1_502' title='bbox 3310 2548 3379 2587; x_wconf 90' lang='lat' dir='ltr'><strong>ne</strong></span> <span class='ocrx_word' id='word_1_503' title='bbox 3405 2547 3560 2600; x_wconf 70' lang='lat' dir='ltr'><strong>aeger</strong></span> <span class='ocrx_word' id='word_1_504' title='bbox 3584 2530 3640 2584; x_wconf 91' lang='lat' dir='ltr'><strong>in</strong></span> <span class='ocrx_word' id='word_1_505' title='bbox 3653 2530 3749 2585; x_wconf 87' lang='lat' dir='ltr'><strong>Ec-</strong></span> 
     </span>
    </p>
   </div>
   <div class='ocr_carea' id='block_1_72' title="bbox 2156 2619 3741 2696">
    <p class='ocr_par' dir='ltr' id='par_1_72' title="bbox 2156 2619 3741 2696">
     <span class='ocr_line' id='line_1_72' title="bbox 2156 2619 3741 2696; baseline -0.006 -13"><span class='ocrx_word' id='word_1_506' title='bbox 2156 2627 2378 2684; x_wconf 90' lang='lat' dir='ltr'><strong>clesiam</strong></span> <span class='ocrx_word' id='word_1_507' title='bbox 2410 2628 2630 2691; x_wconf 90' lang='lat' dir='ltr'><strong>ductus,</strong></span> <span class='ocrx_word' id='word_1_508' title='bbox 2663 2632 2939 2696; x_wconf 67' lang='lat' dir='ltr'><strong>praecepta</strong></span> <span class='ocrx_word' id='word_1_509' title='bbox 2972 2639 3094 2696; x_wconf 62' lang='lat' dir='ltr'><strong>qum</strong></span> <span class='ocrx_word' id='word_1_510' title='bbox 3122 2629 3411 2693; x_wconf 87' lang='lat' dir='ltr'><strong>acceperat</strong></span> <span class='ocrx_word' id='word_1_511' title='bbox 3434 2619 3741 2676; x_wconf 87' lang='lat' dir='ltr'><strong>dimitteret.</strong></span> 
     </span>
    </p>
   </div>
   <div class='ocr_carea' id='block_1_73' title="bbox 2231 2717 3746 2795">
    <p class='ocr_par' dir='ltr' id='par_1_73' title="bbox 2231 2717 3746 2795">
     <span class='ocr_line' id='line_1_73' title="bbox 2231 2717 3746 2795; baseline -0.005 -17"><span class='ocrx_word' id='word_1_512' title='bbox 2231 2749 2254 2778; x_wconf 78' lang='grc' dir='ltr'><strong>ι</strong></span> <span class='ocrx_word' id='word_1_513' title='bbox 2291 2729 2356 2782; x_wconf 83' lang='lat' dir='ltr'><strong>Et</strong></span> <span class='ocrx_word' id='word_1_514' title='bbox 2387 2727 2558 2782; x_wconf 87' lang='lat' dir='ltr'><strong>altera</strong></span> <span class='ocrx_word' id='word_1_515' title='bbox 2596 2725 2684 2780; x_wconf 90' lang='lat' dir='ltr'><strong>die</strong></span> <span class='ocrx_word' id='word_1_516' title='bbox 2729 2723 2951 2795; x_wconf 90' lang='lat' dir='ltr'><strong>protulit</strong></span> <span class='ocrx_word' id='word_1_517' title='bbox 3005 2723 3147 2778; x_wconf 89' lang='lat' dir='ltr'><strong>duos</strong></span> <span class='ocrx_word' id='word_1_518' title='bbox 3175 2721 3449 2785; x_wconf 88' lang='lat' dir='ltr'><strong>denarios,</strong></span> <span class='ocrx_word' id='word_1_519' title='bbox 3509 2728 3562 2775; x_wconf 90' lang='lat' dir='ltr'><strong>et</strong></span> <span class='ocrx_word' id='word_1_520' title='bbox 3599 2717 3746 2775; x_wconf 89' lang='lat' dir='ltr'><strong>dedit</strong></span> 
     </span>
    </p>
   </div>
   <div class='ocr_carea' id='block_1_74' title="bbox 2157 2807 3746 2880">
    <p class='ocr_par' dir='ltr' id='par_1_74' title="bbox 2157 2807 3746 2880">
     <span class='ocr_line' id='line_1_74' title="bbox 2157 2807 3746 2880; baseline -0.006 -8"><span class='ocrx_word' id='word_1_521' title='bbox 2157 2816 2472 2872; x_wconf 89' lang='lat' dir='ltr'><strong>stabellario</strong></span> <span class='ocrx_word' id='word_1_522' title='bbox 2501 2823 2555 2870; x_wconf 88' lang='lat' dir='ltr'><strong>et</strong></span> <span class='ocrx_word' id='word_1_523' title='bbox 2585 2814 2696 2870; x_wconf 88' lang='lat' dir='ltr'><strong>ait:</strong></span> <span class='ocrx_word' id='word_1_524' title='bbox 2731 2815 2924 2868; x_wconf 84' lang='lat' dir='ltr'><strong>Curam</strong></span> <span class='ocrx_word' id='word_1_525' title='bbox 2952 2813 3096 2868; x_wconf 91' lang='lat' dir='ltr'><strong>illius</strong></span> <span class='ocrx_word' id='word_1_526' title='bbox 3145 2812 3306 2876; x_wconf 88' lang='lat' dir='ltr'><strong>habe,</strong></span> <span class='ocrx_word' id='word_1_527' title='bbox 3348 2819 3404 2865; x_wconf 93' lang='lat' dir='ltr'><strong>et</strong></span> <span class='ocrx_word' id='word_1_528' title='bbox 3463 2807 3746 2880; x_wconf 80' lang='lat' dir='ltr'><strong>quodcun-</strong></span> 
     </span>
    </p>
   </div>
   <div class='ocr_carea' id='block_1_75' title="bbox 2157 2896 3746 2978">
    <p class='ocr_par' dir='ltr' id='par_1_75' title="bbox 2157 2896 3746 2978">
     <span class='ocr_line' id='line_1_75' title="bbox 2157 2896 3746 2978; baseline -0.004 -21"><span class='ocrx_word' id='word_1_529' title='bbox 2157 2923 2261 2978; x_wconf 85' lang='lat' dir='ltr'><strong>que</strong></span> <span class='ocrx_word' id='word_1_530' title='bbox 2290 2903 2800 2977; x_wconf 82' lang='lat' dir='ltr'><strong>supererOgaveris,</strong></span> <span class='ocrx_word' id='word_1_531' title='bbox 2842 2917 2968 2973; x_wconf 85' lang='lat' dir='ltr'><strong>ego,</strong></span> <span class='ocrx_word' id='word_1_532' title='bbox 3045 2917 3170 2958; x_wconf 90' lang='lat' dir='ltr'><strong>cum</strong></span> <span class='ocrx_word' id='word_1_533' title='bbox 3208 2901 3445 2964; x_wconf 88' lang='lat' dir='ltr'><strong>rediero,</strong></span> <span class='ocrx_word' id='word_1_534' title='bbox 3521 2896 3746 2954; x_wconf 86' lang='lat' dir='ltr'><strong>reddam</strong></span> 
     </span>
    </p>
   </div>
   <div class='ocr_carea' id='block_1_76' title="bbox 2155 2996 3747 3070">
    <p class='ocr_par' dir='ltr' id='par_1_76' title="bbox 2155 2996 3747 3070">
     <span class='ocr_line' id='line_1_76' title="bbox 2155 2996 3747 3070; baseline -0.005 -12"><span class='ocrx_word' id='word_1_535' title='bbox 2155 3005 2276 3060; x_wconf 89' lang='lat' dir='ltr'><strong>tibi.</strong></span> <span class='ocrx_word' id='word_1_536' title='bbox 2293 3028 2314 3052; x_wconf 75' lang='grc' dir='ltr'><strong>η</strong></span> <span class='ocrx_word' id='word_1_537' title='bbox 2344 3004 2524 3058; x_wconf 84' lang='lat' dir='ltr'><strong>Altera</strong></span> <span class='ocrx_word' id='word_1_538' title='bbox 2546 3003 2666 3057; x_wconf 91' lang='lat' dir='ltr'><strong>dies</strong></span> <span class='ocrx_word' id='word_1_539' title='bbox 2677 3009 2761 3056; x_wconf 92' lang='lat' dir='ltr'><strong>est</strong></span> <span class='ocrx_word' id='word_1_540' title='bbox 2773 3008 2894 3070; x_wconf 91' lang='lat' dir='ltr'><strong>post</strong></span> <span class='ocrx_word' id='word_1_541' title='bbox 2909 2999 3126 3054; x_wconf 90' lang='lat' dir='ltr'><strong>Domini</strong></span> <span class='ocrx_word' id='word_1_542' title='bbox 3139 2996 3614 3060; x_wconf 81' lang='lat' dir='ltr'><strong>resurrectionem,</strong></span> <span class='ocrx_word' id='word_1_543' title='bbox 3629 3010 3747 3064; x_wconf 70' lang='lat' dir='ltr'><strong>quae</strong></span> 
     </span>
    </p>
   </div>
   <div class='ocr_carea' id='block_1_77' title="bbox 2155 3083 3746 3165">
    <p class='ocr_par' dir='ltr' id='par_1_77' title="bbox 2155 3083 3746 3165">
     <span class='ocr_line' id='line_1_77' title="bbox 2155 3083 3746 3165; baseline -0.006 -17"><span class='ocrx_word' id='word_1_544' title='bbox 2155 3095 2338 3165; x_wconf 89' lang='lat' dir='ltr'><strong>magis</strong></span> <span class='ocrx_word' id='word_1_545' title='bbox 2377 3091 2630 3162; x_wconf 86' lang='lat' dir='ltr'><strong>splendet</strong></span> <span class='ocrx_word' id='word_1_546' title='bbox 2649 3106 2808 3160; x_wconf 90' lang='lat' dir='ltr'><strong>quam</strong></span> <span class='ocrx_word' id='word_1_547' title='bbox 2842 3098 3056 3159; x_wconf 89' lang='lat' dir='ltr'><strong>tempus</strong></span> <span class='ocrx_word' id='word_1_548' title='bbox 3094 3087 3441 3159; x_wconf 84' lang='lat' dir='ltr'><strong>praecedens.</strong></span> <span class='ocrx_word' id='word_1_549' title='bbox 3492 3084 3616 3140; x_wconf 90' lang='lat' dir='ltr'><strong>Duo</strong></span> <span class='ocrx_word' id='word_1_550' title='bbox 3652 3083 3746 3138; x_wconf 81' lang='lat' dir='ltr'><strong>de-</strong></span> 
     </span>
    </p>
   </div>
   <div class='ocr_carea' id='block_1_78' title="bbox 2154 3171 3746 3250">
    <p class='ocr_par' dir='ltr' id='par_1_78' title="bbox 2154 3171 3746 3250">
     <span class='ocr_line' id='line_1_78' title="bbox 2154 3171 3746 3250; baseline -0.009 -10"><span class='ocrx_word' id='word_1_551' title='bbox 2154 3184 2292 3240; x_wconf 88' lang='lat' dir='ltr'><strong>narii</strong></span> <span class='ocrx_word' id='word_1_552' title='bbox 2312 3183 2421 3238; x_wconf 93' lang='lat' dir='ltr'><strong>duo</strong></span> <span class='ocrx_word' id='word_1_553' title='bbox 2454 3189 2578 3236; x_wconf 89' lang='lat' dir='ltr'><strong>sunt</strong></span> <span class='ocrx_word' id='word_1_554' title='bbox 2605 3182 2977 3244; x_wconf 88' lang='lat' dir='ltr'><strong>Testamenta,</strong></span> <span class='ocrx_word' id='word_1_555' title='bbox 3007 3177 3061 3234; x_wconf 92' lang='lat' dir='ltr'><strong>in</strong></span> <span class='ocrx_word' id='word_1_556' title='bbox 3090 3177 3290 3250; x_wconf 85' lang='lat' dir='ltr'><strong>quibus</strong></span> <span class='ocrx_word' id='word_1_557' title='bbox 3333 3175 3527 3233; x_wconf 59' lang='lat' dir='ltr'><strong>aeterni</strong></span> <span class='ocrx_word' id='word_1_558' title='bbox 3578 3171 3746 3246; x_wconf 78' lang='lat' dir='ltr'><strong>Regis</strong></span> 
     </span>
    </p>
   </div>
   <div class='ocr_carea' id='block_1_79' title="bbox 2150 3271 3748 3352">
    <p class='ocr_par' dir='ltr' id='par_1_79' title="bbox 2150 3271 3748 3352">
     <span class='ocr_line' id='line_1_79' title="bbox 2150 3271 3748 3352; baseline -0.009 -13"><span class='ocrx_word' id='word_1_559' title='bbox 2150 3299 2348 3340; x_wconf 89' lang='lat' dir='ltr'><strong>nomen</strong></span> <span class='ocrx_word' id='word_1_560' title='bbox 2381 3288 2434 3336; x_wconf 90' lang='lat' dir='ltr'><strong>et</strong></span> <span class='ocrx_word' id='word_1_561' title='bbox 2461 3279 2647 3352; x_wconf 89' lang='lat' dir='ltr'><strong>imago</strong></span> <span class='ocrx_word' id='word_1_562' title='bbox 2675 3277 3040 3335; x_wconf 91' lang='lat' dir='ltr'><strong>continentur.</strong></span> <span class='ocrx_word' id='word_1_563' title='bbox 3063 3275 3409 3332; x_wconf 90' lang='lat' dir='ltr'><strong>Stabularius</strong></span> <span class='ocrx_word' id='word_1_564' title='bbox 3437 3281 3521 3329; x_wconf 90' lang='lat' dir='ltr'><strong>est</strong></span> <span class='ocrx_word' id='word_1_565' title='bbox 3543 3271 3748 3327; x_wconf 82' lang='lat' dir='ltr'><strong>chorus</strong></span> 
     </span>
    </p>
   </div>
   <div class='ocr_carea' id='block_1_80' title="bbox 2149 3360 3747 3441">
    <p class='ocr_par' dir='ltr' id='par_1_80' title="bbox 2149 3360 3747 3441">
     <span class='ocr_line' id='line_1_80' title="bbox 2149 3360 3747 3441; baseline -0.007 -14"><span class='ocrx_word' id='word_1_566' title='bbox 2149 3371 2562 3441; x_wconf 89' lang='lat' dir='ltr'><strong>discipulorum,</strong></span> <span class='ocrx_word' id='word_1_567' title='bbox 2603 3367 2800 3439; x_wconf 83' lang='lat' dir='ltr'><strong>quibus</strong></span> <span class='ocrx_word' id='word_1_568' title='bbox 2827 3365 3042 3437; x_wconf 89' lang='lat' dir='ltr'><strong>aperuit</strong></span> <span class='ocrx_word' id='word_1_569' title='bbox 3089 3381 3315 3421; x_wconf 90' lang='lat' dir='ltr'><strong>sensum</strong></span> <span class='ocrx_word' id='word_1_570' title='bbox 3360 3372 3418 3420; x_wconf 92' lang='lat' dir='ltr'><strong>ut</strong></span> <span class='ocrx_word' id='word_1_571' title='bbox 3473 3360 3747 3434; x_wconf 88' lang='lat' dir='ltr'><strong>intellige-</strong></span> 
     </span>
    </p>
   </div>
   <div class='ocr_carea' id='block_1_81' title="bbox 2150 3455 3751 3531">
    <p class='ocr_par' dir='ltr' id='par_1_81' title="bbox 2150 3455 3751 3531">
     <span class='ocr_line' id='line_1_81' title="bbox 2150 3455 3751 3531; baseline -0.004 -12"><span class='ocrx_word' id='word_1_572' title='bbox 2150 3470 2272 3519; x_wconf 90' lang='lat' dir='ltr'><strong>rent</strong></span> <span class='ocrx_word' id='word_1_573' title='bbox 2298 3459 2606 3531; x_wconf 87' lang='lat' dir='ltr'><strong>Scripturas</strong></span> <span class='ocrx_word' id='word_1_574' title='bbox 2651 3474 2752 3529; x_wconf 90' lang='lat' dir='ltr'><strong>per</strong></span> <span class='ocrx_word' id='word_1_575' title='bbox 2799 3457 3056 3528; x_wconf 90' lang='lat' dir='ltr'><strong>Spiritum</strong></span> <span class='ocrx_word' id='word_1_576' title='bbox 3085 3463 3351 3512; x_wconf 88' lang='lat' dir='ltr'><strong>sanctum.</strong></span> <span class='ocrx_word' id='word_1_577' title='bbox 3381 3455 3751 3525; x_wconf 76' lang='lat' dir='ltr'><strong>Supererogat</strong></span> 
     </span>
    </p>
   </div>
   <div class='ocr_carea' id='block_1_82' title="bbox 2151 3551 3742 3628">
    <p class='ocr_par' dir='ltr' id='par_1_82' title="bbox 2151 3551 3742 3628">
     <span class='ocr_line' id='line_1_82' title="bbox 2151 3551 3742 3628; baseline -0.008 -11"><span class='ocrx_word' id='word_1_578' title='bbox 2151 3559 2514 3625; x_wconf 85' lang='lat' dir='ltr'><strong>stabellarius,</strong></span> <span class='ocrx_word' id='word_1_579' title='bbox 2546 3557 2691 3628; x_wconf 90' lang='lat' dir='ltr'><strong>quod</strong></span> <span class='ocrx_word' id='word_1_580' title='bbox 2722 3557 2775 3610; x_wconf 91' lang='lat' dir='ltr'><strong>in</strong></span> <span class='ocrx_word' id='word_1_581' title='bbox 2835 3555 3048 3611; x_wconf 91' lang='lat' dir='ltr'><strong>duobus</strong></span> <span class='ocrx_word' id='word_1_582' title='bbox 3105 3551 3348 3608; x_wconf 88' lang='lat' dir='ltr'><strong>denariis</strong></span> <span class='ocrx_word' id='word_1_583' title='bbox 3379 3567 3488 3608; x_wconf 90' lang='lat' dir='ltr'><strong>non</strong></span> <span class='ocrx_word' id='word_1_584' title='bbox 3516 3551 3742 3620; x_wconf 87' lang='lat' dir='ltr'><strong>accepit,</strong></span> 
     </span>
    </p>
   </div>
   <div class='ocr_carea' id='block_1_83' title="bbox 2151 3641 3746 3715">
    <p class='ocr_par' dir='ltr' id='par_1_83' title="bbox 2151 3641 3746 3715">
     <span class='ocr_line' id='line_1_83' title="bbox 2151 3641 3746 3715; baseline -0.007 -9"><span class='ocrx_word' id='word_1_585' title='bbox 2151 3667 2272 3707; x_wconf 91' lang='lat' dir='ltr'><strong>cum</strong></span> <span class='ocrx_word' id='word_1_586' title='bbox 2295 3649 2496 3705; x_wconf 86' lang='lat' dir='ltr'><strong>Paulus</strong></span> <span class='ocrx_word' id='word_1_587' title='bbox 2526 3647 2655 3703; x_wconf 89' lang='lat' dir='ltr'><strong>dicit</strong></span> <span class='ocrx_word' id='word_1_588' title='bbox 2688 3664 2700 3699; x_wconf 91' lang='lat'><strong>:</strong></span> <span class='ocrx_word' id='word_1_589' title='bbox 2730 3669 2753 3694; x_wconf 77' lang='grc' dir='ltr'><strong>ιι</strong></span> <span class='ocrx_word' id='word_1_590' title='bbox 2790 3646 2870 3700; x_wconf 92' lang='lat' dir='ltr'><strong>De</strong></span> <span class='ocrx_word' id='word_1_591' title='bbox 2901 3643 3212 3715; x_wconf 85' lang='lat' dir='ltr'><strong>virginibus</strong></span> <span class='ocrx_word' id='word_1_592' title='bbox 3259 3650 3590 3713; x_wconf 58' lang='lat' dir='ltr'><strong>praeceptum</strong></span> <span class='ocrx_word' id='word_1_593' title='bbox 3633 3641 3746 3696; x_wconf 82' lang='lat' dir='ltr'><strong>Do-</strong></span> 
     </span>
    </p>
   </div>
   <div class='ocr_carea' id='block_1_84' title="bbox 2154 3731 3740 3802">
    <p class='ocr_par' dir='ltr' id='par_1_84' title="bbox 2154 3731 3740 3802">
     <span class='ocr_line' id='line_1_84' title="bbox 2154 3731 3740 3802; baseline -0.007 -7"><span class='ocrx_word' id='word_1_594' title='bbox 2154 3740 2283 3795; x_wconf 90' lang='lat' dir='ltr'><strong>mini</strong></span> <span class='ocrx_word' id='word_1_595' title='bbox 2311 3755 2418 3794; x_wconf 90' lang='lat' dir='ltr'><strong>non</strong></span> <span class='ocrx_word' id='word_1_596' title='bbox 2451 3738 2645 3802; x_wconf 85' lang='lat' dir='ltr'><strong>habeo,</strong></span> <span class='ocrx_word' id='word_1_597' title='bbox 2674 3735 2960 3791; x_wconf 86' lang='lat' dir='ltr'><strong>consilium</strong></span> <span class='ocrx_word' id='word_1_598' title='bbox 2989 3742 3171 3789; x_wconf 90' lang='lat' dir='ltr'><strong>autem</strong></span> <span class='ocrx_word' id='word_1_599' title='bbox 3201 3731 3274 3789; x_wconf 94' lang='lat' dir='ltr'><strong>do</strong></span> <span class='ocrx_word' id='word_1_600' title='bbox 3315 3732 3374 3801; x_wconf 88' lang='grc' dir='ltr'><strong>(Ι</strong></span> <span class='ocrx_word' id='word_1_601' title='bbox 3401 3732 3522 3790; x_wconf 85' lang='lat' dir='ltr'><strong>Cor.</strong></span> <span class='ocrx_word' id='word_1_602' title='bbox 3562 3735 3679 3797; x_wconf 88' lang='lat' dir='ltr'><strong>vn).</strong></span> <span class='ocrx_word' id='word_1_603' title='bbox 3719 3753 3740 3776; x_wconf 78' lang='grc' dir='ltr'><strong>ιι</strong></span> 
     </span>
    </p>
   </div>
   <div class='ocr_carea' id='block_1_85' title="bbox 2156 3825 3746 3908">
    <p class='ocr_par' dir='ltr' id='par_1_85' title="bbox 2156 3825 3746 3908">
     <span class='ocr_line' id='line_1_85' title="bbox 2156 3825 3746 3908; baseline -0.008 -14"><span class='ocrx_word' id='word_1_604' title='bbox 2156 3840 2400 3908; x_wconf 91' lang='lat' dir='ltr'><strong>Itemque</strong></span> <span class='ocrx_word' id='word_1_605' title='bbox 2431 3839 2799 3905; x_wconf 81' lang='lat' dir='ltr'><strong>supererogat</strong></span> <span class='ocrx_word' id='word_1_606' title='bbox 2839 3847 2967 3887; x_wconf 92' lang='lat' dir='ltr'><strong>cum</strong></span> <span class='ocrx_word' id='word_1_607' title='bbox 3013 3829 3144 3886; x_wconf 90' lang='lat' dir='ltr'><strong>dicit</strong></span> <span class='ocrx_word' id='word_1_608' title='bbox 3181 3847 3193 3885; x_wconf 88' lang='lat'><strong>:</strong></span> <span class='ocrx_word' id='word_1_609' title='bbox 3244 3851 3266 3878; x_wconf 75' lang='grc' dir='ltr'><strong><em>α</em></strong></span> <span class='ocrx_word' id='word_1_610' title='bbox 3303 3827 3568 3884; x_wconf 89' lang='lat' dir='ltr'><strong>Dominus</strong></span> <span class='ocrx_word' id='word_1_611' title='bbox 3593 3825 3746 3882; x_wconf 90' lang='lat' dir='ltr'><strong>ordi-</strong></span> 
     </span>
    </p>
   </div>
   <div class='ocr_carea' id='block_1_86' title="bbox 2154 3915 3745 3995">
    <p class='ocr_par' dir='ltr' id='par_1_86' title="bbox 2154 3915 3745 3995">
     <span class='ocr_line' id='line_1_86' title="bbox 2154 3915 3745 3995; baseline -0.009 -12"><span class='ocrx_word' id='word_1_612' title='bbox 2154 3925 2300 3982; x_wconf 82' lang='lat' dir='ltr'><strong>navit</strong></span> <span class='ocrx_word' id='word_1_613' title='bbox 2329 3926 2416 3980; x_wconf 88' lang='lat' dir='ltr'><strong>his</strong></span> <span class='ocrx_word' id='word_1_614' title='bbox 2447 3923 2540 3995; x_wconf 92' lang='lat' dir='ltr'><strong>qui</strong></span> <span class='ocrx_word' id='word_1_615' title='bbox 2561 3920 2925 3994; x_wconf 85' lang='lat' dir='ltr'><strong>Evangelium</strong></span> <span class='ocrx_word' id='word_1_616' title='bbox 2953 3919 3280 3976; x_wconf 85' lang='lat' dir='ltr'><strong>annuntiant</strong></span> <span class='ocrx_word' id='word_1_617' title='bbox 3315 3935 3329 3972; x_wconf 90' lang='lat'><strong>:</strong></span> <span class='ocrx_word' id='word_1_618' title='bbox 3361 3917 3431 3974; x_wconf 92' lang='lat' dir='ltr'><strong>de</strong></span> <span class='ocrx_word' id='word_1_619' title='bbox 3451 3915 3745 3987; x_wconf 85' lang='lat' dir='ltr'><strong>Evangelio</strong></span> 
     </span>
    </p>
   </div>
   <div class='ocr_carea' id='block_1_87' title="bbox 2156 4008 3747 4079">
    <p class='ocr_par' dir='ltr' id='par_1_87' title="bbox 2156 4008 3747 4079">
     <span class='ocr_line' id='line_1_87' title="bbox 2156 4008 3747 4079; baseline -0.008 -7"><span class='ocrx_word' id='word_1_620' title='bbox 2156 4016 2359 4079; x_wconf 82' lang='lat' dir='ltr'><strong>virere,</strong></span> <span class='ocrx_word' id='word_1_621' title='bbox 2439 4012 2536 4068; x_wconf 90' lang='lat' dir='ltr'><strong>sed</strong></span> <span class='ocrx_word' id='word_1_622' title='bbox 2574 4027 2676 4068; x_wconf 90' lang='lat' dir='ltr'><strong>nos</strong></span> <span class='ocrx_word' id='word_1_623' title='bbox 2714 4025 2824 4066; x_wconf 90' lang='lat' dir='ltr'><strong>non</strong></span> <span class='ocrx_word' id='word_1_624' title='bbox 2870 4009 2954 4064; x_wconf 90' lang='lat' dir='ltr'><strong>usi</strong></span> <span class='ocrx_word' id='word_1_625' title='bbox 3003 4024 3194 4064; x_wconf 85' lang='lat' dir='ltr'><strong>sumus</strong></span> <span class='ocrx_word' id='word_1_626' title='bbox 3235 4008 3338 4063; x_wconf 88' lang='lat' dir='ltr'><strong>hac</strong></span> <span class='ocrx_word' id='word_1_627' title='bbox 3368 4013 3650 4078; x_wconf 89' lang='lat' dir='ltr'><strong>potestate,</strong></span> <span class='ocrx_word' id='word_1_628' title='bbox 3679 4019 3747 4060; x_wconf 90' lang='lat' dir='ltr'><strong>ne</strong></span> 
     </span>
    </p>
   </div>
   <div class='ocr_carea' id='block_1_88' title="bbox 2155 4103 3742 4188">
    <p class='ocr_par' dir='ltr' id='par_1_88' title="bbox 2155 4103 3742 4188">
     <span class='ocr_line' id='line_1_88' title="bbox 2155 4103 3742 4188; baseline -0.009 -18"><span class='ocrx_word' id='word_1_629' title='bbox 2155 4129 2314 4188; x_wconf 89' lang='lat' dir='ltr'><strong>quem</strong></span> <span class='ocrx_word' id='word_1_630' title='bbox 2358 4119 2601 4167; x_wconf 90' lang='lat' dir='ltr'><strong>vestrum</strong></span> <span class='ocrx_word' id='word_1_631' title='bbox 2632 4123 2986 4181; x_wconf 80' lang='lat' dir='ltr'><strong>gravaremus</strong></span> <span class='ocrx_word' id='word_1_632' title='bbox 3042 4107 3096 4176; x_wconf 89' lang='grc'><strong>(1</strong></span> <span class='ocrx_word' id='word_1_633' title='bbox 3141 4107 3268 4163; x_wconf 88' lang='lat' dir='ltr'><strong>Cor.</strong></span> <span class='ocrx_word' id='word_1_634' title='bbox 3304 4121 3404 4169; x_wconf 81' lang='lat' dir='ltr'><strong>ix;</strong></span> <span class='ocrx_word' id='word_1_635' title='bbox 3445 4103 3509 4160; x_wconf 89' lang='lat' dir='ltr'><em>II</em></span> <span class='ocrx_word' id='word_1_636' title='bbox 3566 4103 3742 4160; x_wconf 75' lang='lat' dir='ltr'><strong>Thess.</strong></span> 
     </span>
    </p>
   </div>
   <div class='ocr_carea' id='block_1_89' title="bbox 2156 4191 3743 4272">
    <p class='ocr_par' dir='ltr' id='par_1_89' title="bbox 2156 4191 3743 4272">
     <span class='ocr_line' id='line_1_89' title="bbox 2156 4191 3743 4272; baseline -0.009 -13"><span class='ocrx_word' id='word_1_637' title='bbox 2156 4206 2258 4272; x_wconf 79' lang='lat' dir='ltr'><strong>tu).</strong></span> <span class='ocrx_word' id='word_1_638' title='bbox 2301 4224 2322 4253; x_wconf 73' lang='grc' dir='ltr'><strong>ι</strong></span> <span class='ocrx_word' id='word_1_639' title='bbox 2359 4200 2585 4257; x_wconf 88' lang='lat' dir='ltr'><strong>Debitor</strong></span> <span class='ocrx_word' id='word_1_640' title='bbox 2636 4198 2858 4254; x_wconf 90' lang='lat' dir='ltr'><strong>rediens</strong></span> <span class='ocrx_word' id='word_1_641' title='bbox 2904 4196 3096 4252; x_wconf 88' lang='lat' dir='ltr'><strong>reddet</strong></span> <span class='ocrx_word' id='word_1_642' title='bbox 3134 4195 3280 4267; x_wconf 89' lang='lat' dir='ltr'><strong>quod</strong></span> <span class='ocrx_word' id='word_1_643' title='bbox 3318 4191 3587 4264; x_wconf 91' lang='lat' dir='ltr'><strong>promisit,</strong></span> <span class='ocrx_word' id='word_1_644' title='bbox 3625 4207 3743 4247; x_wconf 90' lang='lat' dir='ltr'><strong>cum</strong></span> 
     </span>
    </p>
   </div>
   <div class='ocr_carea' id='block_1_90' title="bbox 2156 4279 3747 4359">
    <p class='ocr_par' dir='ltr' id='par_1_90' title="bbox 2156 4279 3747 4359">
     <span class='ocr_line' id='line_1_90' title="bbox 2156 4279 3747 4359; baseline -0.009 -10"><span class='ocrx_word' id='word_1_645' title='bbox 2156 4292 2423 4349; x_wconf 87' lang='lat' dir='ltr'><strong>Dominus</strong></span> <span class='ocrx_word' id='word_1_646' title='bbox 2451 4289 2507 4344; x_wconf 92' lang='lat' dir='ltr'><strong>in</strong></span> <span class='ocrx_word' id='word_1_647' title='bbox 2535 4288 2742 4359; x_wconf 83' lang='lat' dir='ltr'><strong>judicio</strong></span> <span class='ocrx_word' id='word_1_648' title='bbox 2772 4287 2914 4343; x_wconf 90' lang='lat' dir='ltr'><strong>dicet</strong></span> <span class='ocrx_word' id='word_1_649' title='bbox 2945 4301 2957 4337; x_wconf 92' lang='lat'>:</span> <span class='ocrx_word' id='word_1_650' title='bbox 2995 4306 3018 4336; x_wconf 76' lang='grc' dir='ltr'><strong><em>α</em></strong></span> <span class='ocrx_word' id='word_1_651' title='bbox 3053 4284 3201 4354; x_wconf 86' lang='lat' dir='ltr'><strong>Quia</strong></span> <span class='ocrx_word' id='word_1_652' title='bbox 3229 4298 3397 4354; x_wconf 88' lang='lat' dir='ltr'><strong>super</strong></span> <span class='ocrx_word' id='word_1_653' title='bbox 3422 4279 3747 4353; x_wconf 84' lang='lat' dir='ltr'><strong>paucat&#39;uisti</strong></span> 
     </span>
    </p>
   </div>
   <div class='ocr_carea' id='block_1_91' title="bbox 2158 4379 3745 4458">
    <p class='ocr_par' dir='ltr' id='par_1_91' title="bbox 2158 4379 3745 4458">
     <span class='ocr_line' id='line_1_91' title="bbox 2158 4379 3745 4458; baseline -0.008 -13"><span class='ocrx_word' id='word_1_654' title='bbox 2158 4390 2354 4457; x_wconf 82' lang='lat' dir='ltr'><strong>ﬁdelis,</strong></span> <span class='ocrx_word' id='word_1_655' title='bbox 2388 4404 2562 4458; x_wconf 88' lang='lat' dir='ltr'><strong>super</strong></span> <span class='ocrx_word' id='word_1_656' title='bbox 2591 4385 2756 4442; x_wconf 91' lang='lat' dir='ltr'><strong>multa</strong></span> <span class='ocrx_word' id='word_1_657' title='bbox 2787 4393 2840 4440; x_wconf 91' lang='lat' dir='ltr'><strong>te</strong></span> <span class='ocrx_word' id='word_1_658' title='bbox 2868 4383 3192 4440; x_wconf 88' lang='lat' dir='ltr'><strong>constituam</strong></span> <span class='ocrx_word' id='word_1_659' title='bbox 3228 4397 3242 4453; x_wconf 89' lang='lat'><strong>;</strong></span> <span class='ocrx_word' id='word_1_660' title='bbox 3270 4381 3414 4436; x_wconf 89' lang='lat' dir='ltr'><strong>intra</strong></span> <span class='ocrx_word' id='word_1_661' title='bbox 3437 4379 3492 4436; x_wconf 92' lang='lat' dir='ltr'><strong>in</strong></span> <span class='ocrx_word' id='word_1_662' title='bbox 3524 4394 3745 4451; x_wconf 86' lang='lat' dir='ltr'><strong>regnum</strong></span> 
     </span>
    </p>
   </div>
   <div class='ocr_carea' id='block_1_92' title="bbox 2157 4477 2982 4544">
    <p class='ocr_par' dir='ltr' id='par_1_92' title="bbox 2157 4477 2982 4544">
     <span class='ocr_line' id='line_1_92' title="bbox 2157 4477 2982 4544; baseline -0.016 -8"><span class='ocrx_word' id='word_1_663' title='bbox 2157 4479 2380 4536; x_wconf 90' lang='lat' dir='ltr'><strong>Domini</strong></span> <span class='ocrx_word' id='word_1_664' title='bbox 2407 4478 2484 4532; x_wconf 93' lang='lat' dir='ltr'><strong>tui</strong></span> <span class='ocrx_word' id='word_1_665' title='bbox 2515 4477 2739 4543; x_wconf 85' lang='lat' dir='ltr'><strong>(Matth.</strong></span> <span class='ocrx_word' id='word_1_666' title='bbox 2773 4477 2931 4544; x_wconf 87' lang='lat' dir='ltr'><strong>xxv).</strong></span> <span class='ocrx_word' id='word_1_667' title='bbox 2961 4497 2982 4522; x_wconf 78' lang='grc' dir='ltr'><strong>ι</strong></span> 
     </span>
    </p>
   </div>
   <div class='ocr_carea' id='block_1_93' title="bbox 2234 4556 3743 4639">
    <p class='ocr_par' dir='ltr' id='par_1_93' title="bbox 2234 4556 3743 4639">
     <span class='ocr_line' id='line_1_93' title="bbox 2234 4556 3743 4639; baseline -0.005 -20"><span class='ocrx_word' id='word_1_668' title='bbox 2234 4591 2256 4619; x_wconf 75' lang='grc' dir='ltr'>ι</span> <span class='ocrx_word' id='word_1_669' title='bbox 2292 4567 2428 4639; x_wconf 85' lang='lat' dir='ltr'><strong>Quis</strong></span> <span class='ocrx_word' id='word_1_670' title='bbox 2459 4567 2652 4622; x_wconf 84' lang='lat' dir='ltr'><strong>horum</strong></span> <span class='ocrx_word' id='word_1_671' title='bbox 2686 4565 2842 4619; x_wconf 89' lang='lat' dir='ltr'><strong>trium</strong></span> <span class='ocrx_word' id='word_1_672' title='bbox 2902 4563 3116 4618; x_wconf 88' lang='lat' dir='ltr'><strong>videtur</strong></span> <span class='ocrx_word' id='word_1_673' title='bbox 3146 4560 3241 4616; x_wconf 92' lang='lat' dir='ltr'><strong>tibi</strong></span> <span class='ocrx_word' id='word_1_674' title='bbox 3270 4557 3554 4631; x_wconf 81' lang='lat' dir='ltr'><strong>proximus</strong></span> <span class='ocrx_word' id='word_1_675' title='bbox 3582 4556 3743 4612; x_wconf 86' lang='lat' dir='ltr'><strong>fuisse</strong></span> 
     </span>
    </p>
   </div>
   <div class='ocr_carea' id='block_1_94' title="bbox 449 4653 3744 4745">
    <p class='ocr_par' dir='ltr' id='par_1_94' title="bbox 449 4653 3744 4745">
     <span class='ocr_line' id='line_1_94' title="bbox 449 4653 3744 4745; baseline -0.005 -19"><span class='ocrx_word' id='word_1_676' title='bbox 449 4688 542 4726; x_wconf 89' lang='lat' dir='ltr'><strong>sus</strong></span> <span class='ocrx_word' id='word_1_677' title='bbox 573 4671 748 4727; x_wconf 66' lang='lat' dir='ltr'><strong>levitas</strong></span> <span class='ocrx_word' id='word_1_678' title='bbox 779 4672 870 4742; x_wconf 91' lang='lat' dir='ltr'><strong>qui</strong></span> <span class='ocrx_word' id='word_1_679' title='bbox 901 4681 1086 4744; x_wconf 79' lang='lat' dir='ltr'><strong>typum</strong></span> <span class='ocrx_word' id='word_1_680' title='bbox 1135 4673 1372 4728; x_wconf 90' lang='lat' dir='ltr'><strong>ostendit</strong></span> <span class='ocrx_word' id='word_1_681' title='bbox 1403 4675 1810 4745; x_wconf 81' lang='lat' dir='ltr'><strong>prophetarum,</strong></span> <span class='ocrx_word' id='word_1_682' title='bbox 1846 4677 2052 4732; x_wconf 84' lang='lat' dir='ltr'><strong>nullum</strong></span> <span class='ocrx_word' id='word_1_683' title='bbox 2073 4653 2116 4659; x_wconf 64' lang='lat'><strong><em>—</em></strong></span> <span class='ocrx_word' id='word_1_684' title='bbox 2159 4667 2236 4723; x_wconf 91' lang='lat' dir='ltr'><strong>illi</strong></span> <span class='ocrx_word' id='word_1_685' title='bbox 2266 4666 2355 4740; x_wconf 91' lang='lat' dir='ltr'><strong>qui</strong></span> <span class='ocrx_word' id='word_1_686' title='bbox 2394 4664 2582 4721; x_wconf 90' lang='lat' dir='ltr'><strong>incidit</strong></span> <span class='ocrx_word' id='word_1_687' title='bbox 2615 4663 2668 4718; x_wconf 91' lang='lat' dir='ltr'><strong>in</strong></span> <span class='ocrx_word' id='word_1_688' title='bbox 2699 4663 2938 4717; x_wconf 88' lang='lat' dir='ltr'><strong>latrones</strong></span> <span class='ocrx_word' id='word_1_689' title='bbox 2965 4661 2994 4715; x_wconf 84' lang='lat'><strong>?</strong></span> <span class='ocrx_word' id='word_1_690' title='bbox 3024 4664 3089 4716; x_wconf 82' lang='lat' dir='ltr'><strong>At</strong></span> <span class='ocrx_word' id='word_1_691' title='bbox 3129 4658 3223 4716; x_wconf 90' lang='lat' dir='ltr'><strong>ille</strong></span> <span class='ocrx_word' id='word_1_692' title='bbox 3262 4658 3396 4714; x_wconf 86' lang='lat' dir='ltr'><strong>dixit</strong></span> <span class='ocrx_word' id='word_1_693' title='bbox 3429 4671 3441 4711; x_wconf 95' lang='lat'>:</span> <span class='ocrx_word' id='word_1_694' title='bbox 3483 4654 3588 4726; x_wconf 91' lang='lat' dir='ltr'><strong>Qui</strong></span> <span class='ocrx_word' id='word_1_695' title='bbox 3625 4653 3744 4711; x_wconf 90' lang='lat' dir='ltr'><strong>fecit</strong></span> 
     </span>
    </p>
   </div>
   <div class='ocr_carea' id='block_1_95' title="bbox 448 4761 2051 4837">
    <p class='ocr_par' dir='ltr' id='par_1_95' title="bbox 448 4761 2051 4837">
     <span class='ocr_line' id='line_1_95' title="bbox 448 4761 2051 4837; baseline 0.004 -22"><span class='ocrx_word' id='word_1_696' title='bbox 448 4769 608 4816; x_wconf 86' lang='lat' dir='ltr'><strong>sanat</strong></span> <span class='ocrx_word' id='word_1_697' title='bbox 642 4781 656 4828; x_wconf 88' lang='lat'><strong>;</strong></span> <span class='ocrx_word' id='word_1_698' title='bbox 713 4761 809 4816; x_wconf 90' lang='lat' dir='ltr'><strong>sed</strong></span> <span class='ocrx_word' id='word_1_699' title='bbox 842 4779 966 4817; x_wconf 91' lang='lat' dir='ltr'><strong>cum</strong></span> <span class='ocrx_word' id='word_1_700' title='bbox 995 4771 1220 4833; x_wconf 85' lang='lat' dir='ltr'><strong>peccata</strong></span> <span class='ocrx_word' id='word_1_701' title='bbox 1248 4763 1431 4835; x_wconf 90' lang='lat' dir='ltr'><strong>arguit</strong></span> <span class='ocrx_word' id='word_1_702' title='bbox 1460 4764 1778 4835; x_wconf 86' lang='lat' dir='ltr'><strong>pertransit,</strong></span> <span class='ocrx_word' id='word_1_703' title='bbox 1806 4763 1934 4837; x_wconf 89' lang='lat' dir='ltr'><strong>quia</strong></span> <span class='ocrx_word' id='word_1_704' title='bbox 1961 4765 2051 4822; x_wconf 89' lang='lat' dir='ltr'><strong>in-</strong></span> 
     </span>
    </p>
   </div>
   <div class='ocr_carea' id='block_1_96' title="bbox 448 4857 1216 4933">
    <p class='ocr_par' dir='ltr' id='par_1_96' title="bbox 448 4857 1216 4933">
     <span class='ocr_line' id='line_1_96' title="bbox 448 4857 1216 4933; baseline 0.001 -20"><span class='ocrx_word' id='word_1_705' title='bbox 448 4857 784 4931; x_wconf 86' lang='lat' dir='ltr'><strong>dulgentiam</strong></span> <span class='ocrx_word' id='word_1_706' title='bbox 817 4875 922 4914; x_wconf 92' lang='lat' dir='ltr'><strong>non</strong></span> <span class='ocrx_word' id='word_1_707' title='bbox 955 4859 1216 4933; x_wconf 86' lang='lat' dir='ltr'><strong>largitur.</strong></span> 
     </span>
    </p>
   </div>
   <div class='ocr_carea' id='block_1_97' title="bbox 524 4982 2054 5057">
    <p class='ocr_par' dir='ltr' id='par_1_97' title="bbox 524 4982 2054 5057">
     <span class='ocr_line' id='line_1_97' title="bbox 524 4982 2054 5057; baseline 0.002 -17"><span class='ocrx_word' id='word_1_708' title='bbox 524 5005 546 5030; x_wconf 79' lang='grc' dir='ltr'><strong>ιι</strong></span> <span class='ocrx_word' id='word_1_709' title='bbox 579 4982 950 5040; x_wconf 85' lang='lat' dir='ltr'><strong>Samaritanus</strong></span> <span class='ocrx_word' id='word_1_710' title='bbox 1011 4993 1190 5039; x_wconf 87' lang='lat' dir='ltr'><strong>autem</strong></span> <span class='ocrx_word' id='word_1_711' title='bbox 1231 4984 1450 5057; x_wconf 90' lang='lat' dir='ltr'><strong>quidam</strong></span> <span class='ocrx_word' id='word_1_712' title='bbox 1508 4985 1614 5040; x_wconf 90' lang='lat' dir='ltr'><strong>iter</strong></span> <span class='ocrx_word' id='word_1_713' title='bbox 1665 4984 1872 5042; x_wconf 80' lang='lat' dir='ltr'><strong>faciens</strong></span> <span class='ocrx_word' id='word_1_714' title='bbox 1901 4987 2054 5043; x_wconf 89' lang='lat' dir='ltr'><strong>venit</strong></span> 
     </span>
    </p>
   </div>
   <div class='ocr_carea' id='block_1_98' title="bbox 445 5073 2048 5139">
    <p class='ocr_par' dir='ltr' id='par_1_98' title="bbox 445 5073 2048 5139">
     <span class='ocr_line' id='line_1_98' title="bbox 445 5073 2048 5139; baseline 0.001 -12"><span class='ocrx_word' id='word_1_715' title='bbox 445 5087 606 5129; x_wconf 87' lang='lat' dir='ltr'><strong>secus</strong></span> <span class='ocrx_word' id='word_1_716' title='bbox 645 5089 788 5139; x_wconf 91' lang='lat' dir='ltr'><strong>eum,</strong></span> <span class='ocrx_word' id='word_1_717' title='bbox 823 5081 875 5129; x_wconf 90' lang='lat' dir='ltr'><strong>et</strong></span> <span class='ocrx_word' id='word_1_718' title='bbox 902 5073 1095 5129; x_wconf 89' lang='lat' dir='ltr'><strong>videns</strong></span> <span class='ocrx_word' id='word_1_719' title='bbox 1125 5089 1248 5129; x_wconf 91' lang='lat' dir='ltr'><strong>eum</strong></span> <span class='ocrx_word' id='word_1_720' title='bbox 1282 5074 1660 5131; x_wconf 90' lang='lat' dir='ltr'><strong>misericordia</strong></span> <span class='ocrx_word' id='word_1_721' title='bbox 1683 5084 1864 5131; x_wconf 87' lang='lat' dir='ltr'><strong>motus</strong></span> <span class='ocrx_word' id='word_1_722' title='bbox 1895 5085 2004 5134; x_wconf 89' lang='lat' dir='ltr'><strong>est.</strong></span> <span class='ocrx_word' id='word_1_723' title='bbox 2024 5097 2048 5129; x_wconf 71' lang='grc' dir='ltr'><strong>ι</strong></span> 
     </span>
    </p>
   </div>
   <div class='ocr_carea' id='block_1_99' title="bbox 461 5171 2053 5244">
    <p class='ocr_par' dir='ltr' id='par_1_99' title="bbox 461 5171 2053 5244">
     <span class='ocr_line' id='line_1_99' title="bbox 461 5171 2053 5244; baseline 0.002 -18"><span class='ocrx_word' id='word_1_724' title='bbox 461 5171 842 5226; x_wconf 88' lang='lat' dir='ltr'><strong>Samaritanus</strong></span> <span class='ocrx_word' id='word_1_725' title='bbox 882 5173 972 5242; x_wconf 89' lang='lat' dir='ltr'><strong>qui</strong></span> <span class='ocrx_word' id='word_1_726' title='bbox 1013 5176 1204 5228; x_wconf 76' lang='lat' dir='ltr'><strong>custos</strong></span> <span class='ocrx_word' id='word_1_727' title='bbox 1233 5172 1618 5244; x_wconf 83' lang='lat' dir='ltr'><strong>interpretatur</strong></span> <span class='ocrx_word' id='word_1_728' title='bbox 1652 5173 1943 5229; x_wconf 92' lang='lat' dir='ltr'><strong>Dominum</strong></span> <span class='ocrx_word' id='word_1_729' title='bbox 1973 5174 2053 5229; x_wconf 86' lang='lat' dir='ltr'><strong>si-</strong></span> 
     </span>
    </p>
   </div>
   <div class='ocr_carea' id='block_1_100' title="bbox 451 5259 2053 5334">
    <p class='ocr_par' dir='ltr' id='par_1_100' title="bbox 451 5259 2053 5334">
     <span class='ocr_line' id='line_1_100' title="bbox 451 5259 2053 5334; baseline 0.002 -18"><span class='ocrx_word' id='word_1_730' title='bbox 451 5259 700 5334; x_wconf 77' lang='lat' dir='ltr'><strong>gnificat,</strong></span> <span class='ocrx_word' id='word_1_731' title='bbox 731 5261 817 5317; x_wconf 90' lang='lat' dir='ltr'><strong>cui</strong></span> <span class='ocrx_word' id='word_1_732' title='bbox 849 5262 1119 5332; x_wconf 85' lang='lat' dir='ltr'><strong>Propheta</strong></span> <span class='ocrx_word' id='word_1_733' title='bbox 1151 5269 1345 5317; x_wconf 90' lang='lat' dir='ltr'><strong>contra</strong></span> <span class='ocrx_word' id='word_1_734' title='bbox 1375 5261 1616 5319; x_wconf 90' lang='lat' dir='ltr'><strong>latrones</strong></span> <span class='ocrx_word' id='word_1_735' title='bbox 1645 5263 1782 5320; x_wconf 81' lang='lat' dir='ltr'><strong>istos</strong></span> <span class='ocrx_word' id='word_1_736' title='bbox 1813 5263 1888 5318; x_wconf 91' lang='lat' dir='ltr'><strong>ita</strong></span> <span class='ocrx_word' id='word_1_737' title='bbox 1916 5279 2053 5334; x_wconf 91' lang='lat' dir='ltr'><strong>sup-</strong></span> 
     </span>
    </p>
   </div>
   <div class='ocr_carea' id='block_1_101' title="bbox 447 5349 2056 5424">
    <p class='ocr_par' dir='ltr' id='par_1_101' title="bbox 447 5349 2056 5424">
     <span class='ocr_line' id='line_1_101' title="bbox 447 5349 2056 5424; baseline 0.001 -19"><span class='ocrx_word' id='word_1_738' title='bbox 447 5349 641 5420; x_wconf 88' lang='lat' dir='ltr'><strong>plicat.</strong></span> <span class='ocrx_word' id='word_1_739' title='bbox 694 5374 717 5397; x_wconf 75' lang='grc' dir='ltr'>α</span> <span class='ocrx_word' id='word_1_740' title='bbox 795 5351 1019 5406; x_wconf 87' lang='lat' dir='ltr'><strong>Custodi</strong></span> <span class='ocrx_word' id='word_1_741' title='bbox 1071 5366 1159 5407; x_wconf 90' lang='lat' dir='ltr'><strong>me</strong></span> <span class='ocrx_word' id='word_1_742' title='bbox 1196 5367 1225 5406; x_wconf 89' lang='lat' dir='ltr'><strong>a</strong></span> <span class='ocrx_word' id='word_1_743' title='bbox 1277 5351 1471 5423; x_wconf 88' lang='lat' dir='ltr'><strong>laqueo</strong></span> <span class='ocrx_word' id='word_1_744' title='bbox 1528 5369 1688 5424; x_wconf 85' lang='lat' dir='ltr'><strong>quem</strong></span> <span class='ocrx_word' id='word_1_745' title='bbox 1753 5359 2056 5408; x_wconf 88' lang='lat' dir='ltr'><strong>statuerunt</strong></span> 
     </span>
    </p>
   </div>
   <div class='ocr_carea' id='block_1_102' title="bbox 453 5448 2052 5522">
    <p class='ocr_par' dir='ltr' id='par_1_102' title="bbox 453 5448 2052 5522">
     <span class='ocr_line' id='line_1_102' title="bbox 453 5448 2052 5522; baseline 0.003 -21"><span class='ocrx_word' id='word_1_746' title='bbox 453 5448 606 5515; x_wconf 90' lang='lat' dir='ltr'><strong>mihi,</strong></span> <span class='ocrx_word' id='word_1_747' title='bbox 645 5456 697 5504; x_wconf 87' lang='lat' dir='ltr'><strong>et</strong></span> <span class='ocrx_word' id='word_1_748' title='bbox 723 5464 754 5502; x_wconf 90' lang='lat' dir='ltr'><strong>a</strong></span> <span class='ocrx_word' id='word_1_749' title='bbox 785 5448 1066 5504; x_wconf 88' lang='lat' dir='ltr'><strong>scandalis</strong></span> <span class='ocrx_word' id='word_1_750' title='bbox 1097 5449 1445 5520; x_wconf 86' lang='lat' dir='ltr'><strong>operantium</strong></span> <span class='ocrx_word' id='word_1_751' title='bbox 1476 5449 1818 5522; x_wconf 89' lang='lat' dir='ltr'><strong>iniquitatem</strong></span> <span class='ocrx_word' id='word_1_752' title='bbox 1875 5451 2052 5520; x_wconf 74' lang='lat' dir='ltr'><strong>(Psal.</strong></span> 
     </span>
    </p>
   </div>
   <div class='ocr_carea' id='block_1_103' title="bbox 450 5537 2054 5610">
    <p class='ocr_par' dir='ltr' id='par_1_103' title="bbox 450 5537 2054 5610">
     <span class='ocr_line' id='line_1_103' title="bbox 450 5537 2054 5610; baseline 0.003 -20"><span class='ocrx_word' id='word_1_753' title='bbox 450 5539 578 5606; x_wconf 77' lang='lat' dir='ltr'><strong>cxi.)</strong></span> <span class='ocrx_word' id='word_1_754' title='bbox 639 5559 661 5584; x_wconf 79' lang='grc' dir='ltr'><strong>ιο</strong></span> <span class='ocrx_word' id='word_1_755' title='bbox 697 5537 822 5607; x_wconf 88' lang='lat' dir='ltr'><strong>Ipse</strong></span> <span class='ocrx_word' id='word_1_756' title='bbox 874 5537 1141 5593; x_wconf 89' lang='lat' dir='ltr'><strong>Dominus</strong></span> <span class='ocrx_word' id='word_1_757' title='bbox 1171 5539 1336 5594; x_wconf 89' lang='lat' dir='ltr'><strong>homo</strong></span> <span class='ocrx_word' id='word_1_758' title='bbox 1391 5538 1568 5595; x_wconf 89' lang='lat' dir='ltr'><strong>factus</strong></span> <span class='ocrx_word' id='word_1_759' title='bbox 1608 5540 1732 5596; x_wconf 68' lang='lat' dir='ltr'><strong>vitae</strong></span> <span class='ocrx_word' id='word_1_760' title='bbox 1762 5539 2054 5610; x_wconf 62' lang='lat' dir='ltr'><strong>praesentis</strong></span> 
     </span>
    </p>
   </div>
   <div class='ocr_carea' id='block_1_104' title="bbox 448 5623 2055 5700">
    <p class='ocr_par' dir='ltr' id='par_1_104' title="bbox 448 5623 2055 5700">
     <span class='ocr_line' id='line_1_104' title="bbox 448 5623 2055 5700; baseline 0.004 -20"><span class='ocrx_word' id='word_1_761' title='bbox 448 5623 552 5680; x_wconf 91' lang='lat' dir='ltr'><strong>iter</strong></span> <span class='ocrx_word' id='word_1_762' title='bbox 581 5625 824 5697; x_wconf 87' lang='lat' dir='ltr'><strong>arripuit,</strong></span> <span class='ocrx_word' id='word_1_763' title='bbox 857 5634 912 5682; x_wconf 92' lang='lat' dir='ltr'><strong>et</strong></span> <span class='ocrx_word' id='word_1_764' title='bbox 941 5627 1090 5682; x_wconf 89' lang='lat' dir='ltr'><strong>venit</strong></span> <span class='ocrx_word' id='word_1_765' title='bbox 1119 5642 1278 5684; x_wconf 90' lang='lat' dir='ltr'><strong>secus</strong></span> <span class='ocrx_word' id='word_1_766' title='bbox 1322 5627 1686 5694; x_wconf 85' lang='lat' dir='ltr'><strong>vulneratum,</strong></span> <span class='ocrx_word' id='word_1_767' title='bbox 1721 5630 2055 5700; x_wconf 86' lang='lat' dir='ltr'><strong>compassio-</strong></span> 
     </span>
    </p>
   </div>
   <div class='ocr_carea' id='block_1_105' title="bbox 446 5721 2052 5784">
    <p class='ocr_par' dir='ltr' id='par_1_105' title="bbox 446 5721 2052 5784">
     <span class='ocr_line' id='line_1_105' title="bbox 446 5721 2052 5784; baseline 0.006 -10"><span class='ocrx_word' id='word_1_768' title='bbox 446 5721 530 5778; x_wconf 88' lang='lat' dir='ltr'><strong>nis</strong></span> <span class='ocrx_word' id='word_1_769' title='bbox 560 5733 762 5779; x_wconf 69' lang='lat' dir='ltr'><strong>nostrae</strong></span> <span class='ocrx_word' id='word_1_770' title='bbox 794 5723 1053 5778; x_wconf 82' lang='lat' dir='ltr'><strong>ﬁnitimus</strong></span> <span class='ocrx_word' id='word_1_771' title='bbox 1108 5734 1164 5780; x_wconf 92' lang='lat' dir='ltr'><strong>et</strong></span> <span class='ocrx_word' id='word_1_772' title='bbox 1195 5724 1586 5782; x_wconf 66' lang='lat' dir='ltr'><strong>misericordia</strong></span> <span class='ocrx_word' id='word_1_773' title='bbox 1617 5727 1910 5784; x_wconf 88' lang='lat' dir='ltr'><strong>collatione</strong></span> <span class='ocrx_word' id='word_1_774' title='bbox 1964 5727 2052 5784; x_wconf 90' lang='lat' dir='ltr'><strong>vi-</strong></span> 
     </span>
    </p>
   </div>
   <div class='ocr_carea' id='block_1_106' title="bbox 447 5809 2051 5885">
    <p class='ocr_par' dir='ltr' id='par_1_106' title="bbox 447 5809 2051 5885">
     <span class='ocr_line' id='line_1_106' title="bbox 447 5809 2051 5885; baseline 0.004 -19"><span class='ocrx_word' id='word_1_775' title='bbox 447 5809 628 5866; x_wconf 88' lang='lat' dir='ltr'><strong>cinus.</strong></span> <span class='ocrx_word' id='word_1_776' title='bbox 692 5812 800 5867; x_wconf 89' lang='lat' dir='ltr'><strong>Lex</strong></span> <span class='ocrx_word' id='word_1_777' title='bbox 839 5820 1019 5866; x_wconf 88' lang='lat' dir='ltr'><strong>autem</strong></span> <span class='ocrx_word' id='word_1_778' title='bbox 1095 5828 1204 5868; x_wconf 89' lang='lat' dir='ltr'><strong>non</strong></span> <span class='ocrx_word' id='word_1_779' title='bbox 1234 5813 1426 5869; x_wconf 87' lang='lat' dir='ltr'><strong>habuit</strong></span> <span class='ocrx_word' id='word_1_780' title='bbox 1463 5815 1922 5885; x_wconf 88' lang='lat' dir='ltr'><strong>misericordiam,</strong></span> <span class='ocrx_word' id='word_1_781' title='bbox 1956 5818 2051 5873; x_wconf 91' lang='lat' dir='ltr'><strong>sed</strong></span> 
     </span>
    </p>
   </div>
   <div class='ocr_carea' id='block_1_107' title="bbox 438 5897 1135 5967">
    <p class='ocr_par' dir='ltr' id='par_1_107' title="bbox 438 5897 1135 5967">
     <span class='ocr_line' id='line_1_107' title="bbox 438 5897 1135 5967; baseline 0 -14"><span class='ocrx_word' id='word_1_782' title='bbox 438 5897 701 5967; x_wconf 90' lang='lat' dir='ltr'><strong>judicium</strong></span> <span class='ocrx_word' id='word_1_783' title='bbox 733 5908 788 5955; x_wconf 87' lang='lat' dir='ltr'><strong>et</strong></span> <span class='ocrx_word' id='word_1_784' title='bbox 815 5899 1135 5956; x_wconf 82' lang='lat' dir='ltr'><strong>vindictam.</strong></span> 
     </span>
    </p>
   </div>
   <div class='ocr_carea' id='block_1_108' title="bbox 2153 4748 3743 4818">
    <p class='ocr_par' dir='ltr' id='par_1_108' title="bbox 2153 4748 3743 4818">
     <span class='ocr_line' id='line_1_108' title="bbox 2153 4748 3743 4818; baseline -0.008 0"><span class='ocrx_word' id='word_1_785' title='bbox 2153 4761 2593 4818; x_wconf 87' lang='lat' dir='ltr'><strong>misericordiam</strong></span> <span class='ocrx_word' id='word_1_786' title='bbox 2625 4760 2680 4814; x_wconf 92' lang='lat' dir='ltr'><strong>in</strong></span> <span class='ocrx_word' id='word_1_787' title='bbox 2720 4757 2891 4813; x_wconf 90' lang='lat' dir='ltr'><strong>illum.</strong></span> <span class='ocrx_word' id='word_1_788' title='bbox 2936 4757 2999 4811; x_wconf 93' lang='lat' dir='ltr'><strong>Et</strong></span> <span class='ocrx_word' id='word_1_789' title='bbox 3028 4756 3100 4812; x_wconf 89' lang='lat' dir='ltr'><strong>ait</strong></span> <span class='ocrx_word' id='word_1_790' title='bbox 3138 4753 3213 4810; x_wconf 92' lang='lat' dir='ltr'><strong>illi</strong></span> <span class='ocrx_word' id='word_1_791' title='bbox 3246 4773 3264 4810; x_wconf 89' lang='lat'><strong><em>:</em></strong></span> <span class='ocrx_word' id='word_1_792' title='bbox 3303 4751 3473 4818; x_wconf 82' lang='lat' dir='ltr'><strong>Vade,</strong></span> <span class='ocrx_word' id='word_1_793' title='bbox 3506 4758 3558 4806; x_wconf 91' lang='lat' dir='ltr'><strong>et</strong></span> <span class='ocrx_word' id='word_1_794' title='bbox 3587 4758 3644 4804; x_wconf 93' lang='lat' dir='ltr'><strong>tu</strong></span> <span class='ocrx_word' id='word_1_795' title='bbox 3667 4748 3743 4805; x_wconf 84' lang='lat' dir='ltr'><strong>fac</strong></span> 
     </span>
    </p>
   </div>
   <div class='ocr_carea' id='block_1_109' title="bbox 2154 4841 3740 4919">
    <p class='ocr_par' dir='ltr' id='par_1_109' title="bbox 2154 4841 3740 4919">
     <span class='ocr_line' id='line_1_109' title="bbox 2154 4841 3740 4919; baseline -0.011 -10"><span class='ocrx_word' id='word_1_796' title='bbox 2154 4852 2422 4909; x_wconf 91' lang='lat' dir='ltr'><strong>similiter.</strong></span> <span class='ocrx_word' id='word_1_797' title='bbox 2465 4874 2487 4899; x_wconf 72' lang='grc' dir='ltr'><em>ω</em></span> <span class='ocrx_word' id='word_1_798' title='bbox 2516 4850 2692 4905; x_wconf 80' lang='lat' dir='ltr'><strong>Nemo</strong></span> <span class='ocrx_word' id='word_1_799' title='bbox 2732 4846 2889 4904; x_wconf 90' lang='lat' dir='ltr'><strong>nobis</strong></span> <span class='ocrx_word' id='word_1_800' title='bbox 2927 4844 3107 4919; x_wconf 86' lang='lat' dir='ltr'><strong>magis</strong></span> <span class='ocrx_word' id='word_1_801' title='bbox 3155 4849 3237 4899; x_wconf 92' lang='lat' dir='ltr'><strong>est</strong></span> <span class='ocrx_word' id='word_1_802' title='bbox 3284 4841 3560 4914; x_wconf 88' lang='lat' dir='ltr'><strong>proximus</strong></span> <span class='ocrx_word' id='word_1_803' title='bbox 3587 4853 3740 4910; x_wconf 87' lang='lat' dir='ltr'><strong>quam</strong></span> 
     </span>
    </p>
   </div>
   <div class='ocr_carea' id='block_1_110' title="bbox 2153 4933 3742 5020">
    <p class='ocr_par' dir='ltr' id='par_1_110' title="bbox 2153 4933 3742 5020">
     <span class='ocr_line' id='line_1_110' title="bbox 2153 4933 3742 5020; baseline -0.009 -18"><span class='ocrx_word' id='word_1_804' title='bbox 2153 4947 2245 5020; x_wconf 89' lang='lat' dir='ltr'><strong>qui</strong></span> <span class='ocrx_word' id='word_1_805' title='bbox 2273 4947 2499 5003; x_wconf 85' lang='lat' dir='ltr'><strong>vulnera</strong></span> <span class='ocrx_word' id='word_1_806' title='bbox 2544 4951 2727 5000; x_wconf 90' lang='lat' dir='ltr'><strong>nostra</strong></span> <span class='ocrx_word' id='word_1_807' title='bbox 2782 4942 3012 5008; x_wconf 88' lang='lat' dir='ltr'><strong>curavit,</strong></span> <span class='ocrx_word' id='word_1_808' title='bbox 3054 4955 3216 5012; x_wconf 89' lang='lat' dir='ltr'><strong>quam</strong></span> <span class='ocrx_word' id='word_1_809' title='bbox 3273 4945 3436 5009; x_wconf 83' lang='lat' dir='ltr'><strong>caput</strong></span> <span class='ocrx_word' id='word_1_810' title='bbox 3489 4933 3742 4992; x_wconf 88' lang='lat' dir='ltr'><strong>membris</strong></span> 
     </span>
    </p>
   </div>
   <div class='ocr_carea' id='block_1_111' title="bbox 2152 5031 3742 5119">
    <p class='ocr_par' dir='ltr' id='par_1_111' title="bbox 2152 5031 3742 5119">
     <span class='ocr_line' id='line_1_111' title="bbox 2152 5031 3742 5119; baseline -0.01 -18"><span class='ocrx_word' id='word_1_811' title='bbox 2152 5045 2464 5119; x_wconf 81' lang='lat' dir='ltr'><strong>Diligamus</strong></span> <span class='ocrx_word' id='word_1_812' title='bbox 2492 5058 2627 5114; x_wconf 89' lang='lat' dir='ltr'><strong>ergo</strong></span> <span class='ocrx_word' id='word_1_813' title='bbox 2657 5057 2781 5098; x_wconf 91' lang='lat' dir='ltr'><strong>eum</strong></span> <span class='ocrx_word' id='word_1_814' title='bbox 2806 5049 2864 5095; x_wconf 92' lang='lat' dir='ltr'><strong>ut</strong></span> <span class='ocrx_word' id='word_1_815' title='bbox 2894 5040 3068 5095; x_wconf 90' lang='lat' dir='ltr'><strong>Deum</strong></span> <span class='ocrx_word' id='word_1_816' title='bbox 3098 5044 3150 5094; x_wconf 91' lang='lat' dir='ltr'><strong>et</strong></span> <span class='ocrx_word' id='word_1_817' title='bbox 3181 5036 3491 5102; x_wconf 90' lang='lat' dir='ltr'><strong>Dominum,</strong></span> <span class='ocrx_word' id='word_1_818' title='bbox 3546 5031 3742 5105; x_wconf 85' lang='lat' dir='ltr'><strong>diliga-</strong></span> 
     </span>
    </p>
   </div>
   <div class='ocr_carea' id='block_1_112' title="bbox 2153 5121 3738 5206">
    <p class='ocr_par' dir='ltr' id='par_1_112' title="bbox 2153 5121 3738 5206">
     <span class='ocr_line' id='line_1_112' title="bbox 2153 5121 3738 5206; baseline -0.009 -15"><span class='ocrx_word' id='word_1_819' title='bbox 2153 5152 2283 5192; x_wconf 91' lang='lat' dir='ltr'><strong>mus</strong></span> <span class='ocrx_word' id='word_1_820' title='bbox 2313 5132 2472 5206; x_wconf 90' lang='lat' dir='ltr'><strong>qnasi</strong></span> <span class='ocrx_word' id='word_1_821' title='bbox 2501 5132 2827 5204; x_wconf 87' lang='lat' dir='ltr'><strong>proximum,</strong></span> <span class='ocrx_word' id='word_1_822' title='bbox 2861 5128 3160 5201; x_wconf 86' lang='lat' dir='ltr'><strong>diligamus</strong></span> <span class='ocrx_word' id='word_1_823' title='bbox 3199 5133 3251 5182; x_wconf 93' lang='lat' dir='ltr'><strong>et</strong></span> <span class='ocrx_word' id='word_1_824' title='bbox 3280 5141 3470 5181; x_wconf 89' lang='lat' dir='ltr'><strong>omnes</strong></span> <span class='ocrx_word' id='word_1_825' title='bbox 3501 5121 3738 5178; x_wconf 85' lang='lat' dir='ltr'><strong>imitato-</strong></span> 
     </span>
    </p>
   </div>
   <div class='ocr_carea' id='block_1_113' title="bbox 2151 5221 3736 5300">
    <p class='ocr_par' dir='ltr' id='par_1_113' title="bbox 2151 5221 3736 5300">
     <span class='ocr_line' id='line_1_113' title="bbox 2151 5221 3736 5300; baseline -0.009 -9"><span class='ocrx_word' id='word_1_826' title='bbox 2151 5251 2244 5291; x_wconf 87' lang='lat' dir='ltr'><strong>res</strong></span> <span class='ocrx_word' id='word_1_827' title='bbox 2265 5232 2490 5290; x_wconf 90' lang='lat' dir='ltr'><strong>Christi.</strong></span> <span class='ocrx_word' id='word_1_828' title='bbox 2523 5230 2683 5300; x_wconf 90' lang='lat' dir='ltr'><strong>Quod</strong></span> <span class='ocrx_word' id='word_1_829' title='bbox 2710 5228 2783 5284; x_wconf 91' lang='lat' dir='ltr'><strong>ait</strong></span> <span class='ocrx_word' id='word_1_830' title='bbox 2835 5247 2872 5283; x_wconf 76' lang='grc' dir='ltr'><strong>ει</strong></span> <span class='ocrx_word' id='word_1_831' title='bbox 2895 5227 3005 5284; x_wconf 87' lang='lat' dir='ltr'><strong>Fac</strong></span> <span class='ocrx_word' id='word_1_832' title='bbox 3024 5234 3078 5283; x_wconf 88' lang='lat' dir='ltr'><strong>et</strong></span> <span class='ocrx_word' id='word_1_833' title='bbox 3111 5233 3164 5281; x_wconf 89' lang='lat' dir='ltr'><strong>tu</strong></span> <span class='ocrx_word' id='word_1_834' title='bbox 3181 5223 3448 5289; x_wconf 86' lang='lat' dir='ltr'><strong>similiter,</strong></span> <span class='ocrx_word' id='word_1_835' title='bbox 3471 5245 3494 5271; x_wconf 81' lang='grc' dir='ltr'><strong>ιι</strong></span> <span class='ocrx_word' id='word_1_836' title='bbox 3519 5221 3628 5278; x_wconf 81' lang='lat' dir='ltr'><strong>tale</strong></span> <span class='ocrx_word' id='word_1_837' title='bbox 3644 5227 3736 5276; x_wconf 88' lang='lat' dir='ltr'><strong>est.</strong></span> 
     </span>
    </p>
   </div>
   <div class='ocr_carea' id='block_1_114' title="bbox 2153 5308 3738 5396">
    <p class='ocr_par' dir='ltr' id='par_1_114' title="bbox 2153 5308 3738 5396">
     <span class='ocr_line' id='line_1_114' title="bbox 2153 5308 3738 5396; baseline -0.009 -17"><span class='ocrx_word' id='word_1_838' title='bbox 2153 5322 2431 5396; x_wconf 86' lang='lat' dir='ltr'><strong>Quidquid</strong></span> <span class='ocrx_word' id='word_1_839' title='bbox 2450 5320 2604 5377; x_wconf 90' lang='lat' dir='ltr'><strong>vales</strong></span> <span class='ocrx_word' id='word_1_840' title='bbox 2623 5319 2676 5374; x_wconf 93' lang='lat' dir='ltr'><strong>in</strong></span> <span class='ocrx_word' id='word_1_841' title='bbox 2702 5317 2931 5389; x_wconf 87' lang='lat' dir='ltr'><strong>proximi</strong></span> <span class='ocrx_word' id='word_1_842' title='bbox 2955 5316 3284 5374; x_wconf 86' lang='lat' dir='ltr'><strong>necessitate</strong></span> <span class='ocrx_word' id='word_1_843' title='bbox 3305 5311 3644 5370; x_wconf 84' lang='lat' dir='ltr'><strong>sublevanda</strong></span> <span class='ocrx_word' id='word_1_844' title='bbox 3660 5308 3738 5365; x_wconf 85' lang='lat' dir='ltr'><strong>vel</strong></span> 
     </span>
    </p>
   </div>
   <div class='ocr_carea' id='block_1_115' title="bbox 2153 5398 3739 5484">
    <p class='ocr_par' dir='ltr' id='par_1_115' title="bbox 2153 5398 3739 5484">
     <span class='ocr_line' id='line_1_115' title="bbox 2153 5398 3739 5484; baseline -0.009 -14"><span class='ocrx_word' id='word_1_845' title='bbox 2153 5411 2445 5484; x_wconf 74' lang='lat' dir='ltr'><strong>corporali,</strong></span> <span class='ocrx_word' id='word_1_846' title='bbox 2464 5409 2552 5467; x_wconf 90' lang='lat' dir='ltr'><strong>vel</strong></span> <span class='ocrx_word' id='word_1_847' title='bbox 2585 5407 2872 5480; x_wconf 86' lang='lat' dir='ltr'><strong>spirituali,</strong></span> <span class='ocrx_word' id='word_1_848' title='bbox 2895 5406 3124 5462; x_wconf 87' lang='lat' dir='ltr'><strong>devotus</strong></span> <span class='ocrx_word' id='word_1_849' title='bbox 3171 5418 3420 5476; x_wconf 86' lang='lat' dir='ltr'><strong>operare,</strong></span> <span class='ocrx_word' id='word_1_850' title='bbox 3441 5408 3498 5457; x_wconf 89' lang='lat' dir='ltr'><strong>ut</strong></span> <span class='ocrx_word' id='word_1_851' title='bbox 3518 5398 3739 5456; x_wconf 88' lang='lat' dir='ltr'><strong>manife-</strong></span> 
     </span>
    </p>
   </div>
   <div class='ocr_carea' id='block_1_116' title="bbox 2154 5497 3737 5578">
    <p class='ocr_par' dir='ltr' id='par_1_116' title="bbox 2154 5497 3737 5578">
     <span class='ocr_line' id='line_1_116' title="bbox 2154 5497 3737 5578; baseline -0.009 -14"><span class='ocrx_word' id='word_1_852' title='bbox 2154 5509 2314 5564; x_wconf 88' lang='lat' dir='ltr'><strong>steris</strong></span> <span class='ocrx_word' id='word_1_853' title='bbox 2345 5523 2468 5564; x_wconf 90' lang='lat' dir='ltr'><strong>esse</strong></span> <span class='ocrx_word' id='word_1_854' title='bbox 2498 5505 2799 5578; x_wconf 87' lang='lat' dir='ltr'><strong>proximus.</strong></span> <span class='ocrx_word' id='word_1_855' title='bbox 2833 5506 3000 5560; x_wconf 82' lang='lat' dir='ltr'><strong>Recte</strong></span> <span class='ocrx_word' id='word_1_856' title='bbox 3029 5499 3405 5558; x_wconf 86' lang='lat' dir='ltr'><strong>misericordia</strong></span> <span class='ocrx_word' id='word_1_857' title='bbox 3445 5497 3737 5569; x_wconf 85' lang='lat' dir='ltr'><strong>proximum</strong></span> 
     </span>
    </p>
   </div>
   <div class='ocr_carea' id='block_1_117' title="bbox 2155 5583 3737 5670">
    <p class='ocr_par' dir='ltr' id='par_1_117' title="bbox 2155 5583 3737 5670">
     <span class='ocr_line' id='line_1_117' title="bbox 2155 5583 3737 5670; baseline -0.009 -15"><span class='ocrx_word' id='word_1_858' title='bbox 2155 5599 2306 5661; x_wconf 86' lang='lat' dir='ltr'><strong>facit,</strong></span> <span class='ocrx_word' id='word_1_859' title='bbox 2337 5596 2460 5670; x_wconf 90' lang='lat' dir='ltr'><strong>quia</strong></span> <span class='ocrx_word' id='word_1_860' title='bbox 2509 5603 2593 5652; x_wconf 89' lang='lat' dir='ltr'><strong>est</strong></span> <span class='ocrx_word' id='word_1_861' title='bbox 2611 5583 2924 5652; x_wconf 71' lang='lat' dir='ltr'><strong>secundum</strong></span> <span class='ocrx_word' id='word_1_862' title='bbox 2972 5601 3249 5648; x_wconf 87' lang='lat' dir='ltr'><strong>naturam.</strong></span> <span class='ocrx_word' id='word_1_863' title='bbox 3301 5588 3453 5646; x_wconf 88' lang='lat' dir='ltr'><strong>Nihil</strong></span> <span class='ocrx_word' id='word_1_864' title='bbox 3483 5587 3622 5644; x_wconf 85' lang='lat' dir='ltr'><strong>enim</strong></span> <span class='ocrx_word' id='word_1_865' title='bbox 3653 5603 3737 5642; x_wconf 90' lang='lat' dir='ltr'><strong>se-</strong></span> 
     </span>
    </p>
   </div>
   <div class='ocr_carea' id='block_1_118' title="bbox 2153 5681 3734 5757">
    <p class='ocr_par' dir='ltr' id='par_1_118' title="bbox 2153 5681 3734 5757">
     <span class='ocr_line' id='line_1_118' title="bbox 2153 5681 3734 5757; baseline -0.009 -12"><span class='ocrx_word' id='word_1_866' title='bbox 2153 5687 2391 5746; x_wconf 89' lang='lat' dir='ltr'><strong>cundum</strong></span> <span class='ocrx_word' id='word_1_867' title='bbox 2415 5693 2682 5752; x_wconf 89' lang='lat' dir='ltr'><strong>naturam,</strong></span> <span class='ocrx_word' id='word_1_868' title='bbox 2713 5699 2876 5757; x_wconf 86' lang='lat' dir='ltr'><strong>quam</strong></span> <span class='ocrx_word' id='word_1_869' title='bbox 2909 5691 3160 5738; x_wconf 88' lang='lat' dir='ltr'><strong>naturam</strong></span> <span class='ocrx_word' id='word_1_870' title='bbox 3185 5681 3378 5752; x_wconf 86' lang='lat' dir='ltr'><strong>juvare</strong></span> <span class='ocrx_word' id='word_1_871' title='bbox 3419 5684 3734 5736; x_wconf 86' lang='lat' dir='ltr'><strong>consortem.</strong></span> 
     </span>
    </p>
   </div>
   <div class='ocr_carea' id='block_1_119' title="bbox 2545 5793 3356 5869">
    <p class='ocr_par' dir='ltr' id='par_1_119' title="bbox 2545 5793 3356 5869">
     <span class='ocr_line' id='line_1_119' title="bbox 2545 5793 3356 5869; baseline -0.007 -16"><span class='ocrx_word' id='word_1_872' title='bbox 2545 5797 2688 5854; x_wconf 73' lang='lat' dir='ltr'><strong>Item</strong></span> <span class='ocrx_word' id='word_1_873' title='bbox 2727 5793 3008 5869; x_wconf 78' lang='lat' dir='ltr'><strong>expositio</strong></span> <span class='ocrx_word' id='word_1_874' title='bbox 3042 5794 3110 5851; x_wconf 78' lang='lat' dir='ltr'><strong>de</strong></span> <span class='ocrx_word' id='word_1_875' title='bbox 3147 5793 3356 5852; x_wconf 74' lang='lat' dir='ltr'><strong>eodem.</strong></span> 
     </span>
    </p>
   </div>
   <div class='ocr_carea' id='block_1_120' title="bbox 2229 5897 3736 5977">
    <p class='ocr_par' dir='ltr' id='par_1_120' title="bbox 2229 5897 3736 5977">
     <span class='ocr_line' id='line_1_120' title="bbox 2229 5897 3736 5977; baseline -0.005 -18"><span class='ocrx_word' id='word_1_876' title='bbox 2229 5929 2251 5954; x_wconf 74' lang='grc' dir='ltr'>α</span> <span class='ocrx_word' id='word_1_877' title='bbox 2287 5905 2492 5962; x_wconf 82' lang='lat' dir='ltr'><strong>Beatus</strong></span> <span class='ocrx_word' id='word_1_878' title='bbox 2517 5905 2605 5962; x_wconf 90' lang='lat' dir='ltr'><strong>vir</strong></span> <span class='ocrx_word' id='word_1_879' title='bbox 2630 5904 2726 5977; x_wconf 88' lang='lat' dir='ltr'><strong>qui</strong></span> <span class='ocrx_word' id='word_1_880' title='bbox 2755 5920 2863 5960; x_wconf 91' lang='lat' dir='ltr'><strong>non</strong></span> <span class='ocrx_word' id='word_1_881' title='bbox 2912 5902 3044 5960; x_wconf 78' lang='lat' dir='ltr'><strong>abiit</strong></span> <span class='ocrx_word' id='word_1_882' title='bbox 3087 5901 3152 5959; x_wconf 77' lang='lat' dir='ltr'><strong>in</strong></span> <span class='ocrx_word' id='word_1_883' title='bbox 3181 5899 3412 5960; x_wconf 83' lang='lat' dir='ltr'><strong>consilio</strong></span> <span class='ocrx_word' id='word_1_884' title='bbox 3459 5897 3736 5972; x_wconf 84' lang='lat' dir='ltr'><strong>impiorum</strong></span> 
     </span>
    </p>
   </div>
  </div>
