3972 6406
228 435 256 490 1
269 429 384 490 {ﬂ

1218 427 1795 490 θεηοιιΑτιοΝεε
1823 429 1920 486 SS.
1970 427 2286 487 PATRUM.
2323 460 2392 472 --
2420 431 2554 486 LIB.
2592 429 2663 486 ll.

3451 436 3588 492 “22

229 559 410 614 Ρεαι.
482 561 558 627 ι).
624 581 648 607 ι
711 557 880 614 Adam
933 557 1119 612 infelix
1171 558 1258 610 vir
1304 557 1421 622 fuit,
1464 557 1554 626 qui
1585 572 1682 625 per
1706 555 1889 610 consi-
1919 554 1975 613 A
2002 553 2407 610 circumdatum.
2440 555 2614 624 Super
2658 571 2722 609 eo
2753 563 3000 610 movetur
3045 557 3434 627 misericordia,
3467 560 3592 628 quia

227 647 383 701 lium
452 647 772 719 impiorum
829 646 895 700 de
950 646 1120 717 patria
1172 646 1404 715 paradisi
1462 645 1610 711 abiit,
1662 653 1713 698 et
1759 659 1883 699 om-

229 761 344 798 nes
409 752 692 816 posteros
731 759 854 797 suos
908 743 962 797 in
1023 745 1123 798 hoc
1180 743 1424 798 exsilium
1483 741 1736 796 traduxit.
1774 742 1888 796 Nec

229 832 294 887 in
329 833 438 888 via
505 841 861 904 peccatorum
910 833 1068 896 stetit,
1125 832 1250 902 quia
1307 832 1360 884 in
1417 831 1647 901 peccatis
1686 830 1890 884 stabilis

234 924 504 978 mansit.
584 927 644 978 In
702 923 955 979 cathedra
1014 920 1328 992 pestilentia:
1379 921 1536 986 sedit,
1587 921 1713 989 quia
1754 936 1888 988 pec-

234 1019 377 1066 cata
416 1012 582 1068 alios
612 1028 710 1084 per
739 1013 881 1066 mala
937 1011 1187 1080 exempla
1244 1009 1442 1063 docuit.
1502 1009 1740 1063 Christus
1788 1025 1888 1062 au-

238 1107 366 1154 tem
403 1100 626 1156 beatus
655 1101 737 1155 vir
767 1099 986 1164 exstitit,
1048 1099 1137 1168 qui
1196 1098 1419 1152 consilio
1477 1097 1644 1151 Patris
1672 1097 1740 1151 de
1769 1097 1890 1150 aula

237 1189 384 1245 caeli
453 1189 524 1243 in
585 1205 855 1244 carcerem
905 1195 1025 1257 post
1073 1187 1336 1257 perditum
1396 1203 1607 1239 servum
1647 1185 1798 1251 abiit,
1837 1185 1890 1238 in

238 1277 517 1334 consilio
567 1293 696 1333 vero
745 1276 1030 1348 impiorum
1077 1290 1183 1329 non
1221 1273 1370 1342 abiit,
1405 1273 1618 1343 quando
1647 1272 1894 1327 diabolus

239 1367 470 1422 omnia
504 1381 681 1439 regna
723 1365 908 1420 mundi
937 1371 989 1419 et
1033 1363 1263 1435 gloriam
1293 1379 1477 1418 eorum
1507 1362 1555 1416 ei
1585 1362 1889 1429 ostendens,

242 1471 313 1510 se
350 1455 616 1510 adorare
643 1454 906 1526 persuasit
955 1453 1171 1520 (Matth.
1221 1452 1323 1519 ιν).
1358 1453 1420 1504 In
1439 1451 1526 1506 via
1554 1457 1892 1520 peccatorum

245 1566 378 1606 non
445 1551 626 1620 stetit,
676 1551 802 1621 quia
858 1557 1136 1620 peccatum
1199 1563 1305 1603 non
1356 1547 1499 1602 fecit.
1556 1549 1615 1602 In
1643 1547 1894 1602 cathedra

245 1647 620 1718 pestilentiae
666 1663 774 1702 non
802 1647 958 1711 sedit,
991 1647 1115 1716 quia
1145 1662 1242 1700 nec
1275 1644 1440 1700 verbo
1471 1661 1569 1699 nec
1601 1644 1743 1698 facto
1771 1658 1893 1698 ma-

252 1737 389 1791 lum
425 1737 644 1792 docuit.
677 1737 742 1790 Et
770 1735 892 1790 ideo
922 1735 1058 1789 sicut
1089 1734 1178 1788 ille
1208 1733 1394 1787 infelix
1420 1749 1628 1788 ommes
1655 1732 1894 1787 carnales

253 1824 432 1880 ﬁlios
466 1826 526 1879 in
555 1832 784 1881 mortem
826 1824 1059 1888 attraxit,
1121 1823 1192 1877 ita
1218 1822 1316 1876 iste
1354 1822 1543 1876 beatus
1573 1822 1654 1874 vir
1676 1827 1894 1875 cunctos

1993 658 2182 698 omnes
2207 643 2422 698 dolores
2450 659 2546 714 pro
2576 658 2641 698 eo
2689 645 2966 715 experitur
2993 654 3045 700 et
3074 648 3428 719 apprOprians
3465 649 3588 703 vul-

1995 747 2123 786 nera
2152 731 2268 801 ejus
2297 731 2557 804 alligavit,
2589 732 2715 785 dum
2773 733 2935 788 vitam
2993 742 3250 789 aeternam
3282 737 3532 791 nuntians
3559 754 3592 791 a

1993 828 2226 896 peccatis
2257 844 2463 882 cessare
2493 828 2822 897 praedicavit.
2874 830 2975 883 Per
3001 829 3134 884 duas
3163 840 3341 902 partes
3369 833 3590 905 ligami-

1998 917 2079 970 nis
2106 917 2325 971 vulnera
2353 917 2687 982 constrinxit,
2747 917 2873 970 dum
2906 934 3002 988 per
3045 919 3180 974 duos
3208 921 3430 975 timores
3459 937 3593 992 pec-

1997 1012 2114 1059 cata
2144 1006 2492 1076 compescuit.
2532 1005 2752 1060 Servilis
2771 1005 2916 1060 enim
2951 1007 3110 1061 timor
3139 1025 3327 1078 pinnas
3373 1026 3406 1064 a
3454 1027 3589 1081 pec-

1997 1102 2128 1155 catis
2161 1102 2410 1172 prohibet
2438 1116 2451 1169 ;
2483 1101 2659 1156 ﬁlialis
2688 1110 2864 1156 autem
2913 1111 3125 1158 sanctus
3156 1105 3224 1158 ad
3254 1107 3396 1161 bona
3425 1123 3593 1176 opera

2000 1198 2200 1244 monet.
2260 1189 2574 1244 lnferiorem
2629 1200 2837 1260 partem
2901 1192 3173 1263 ligaminis
3220 1195 3404 1260 traxit,
3463 1196 3592 1251 dum

1999 1279 2262 1349 gehennae
2317 1279 2566 1333 timorem
2621 1280 2699 1334 sic
2753 1279 3003 1334 cordibus
3032 1281 3308 1337 hominum
3339 1283 3583 1340 incussit.

2005 1389 2028 1414 ιι
2072 1366 2296 1433 Vermis,
2355 1366 2544 1436 inquit,
2603 1383 2787 1422 eorum
2845 1384 2952 1424 non
2981 1369 3206 1424 moritur
3233 1377 3288 1425 et
3315 1371 3456 1444 ignis
3485 1389 3593 1429 non

2001 1455 2373 1525 exstinguitur.
2410 1478 2433 1503 ι
2465 1455 2662 1528 (Marc.
2726 1458 2825 1526 ix).
2860 1457 3202 1528 Superiorem
3241 1468 3448 1528 partem
3481 1469 3592 1517 tra-

2003 1543 2099 1608 xit,
2131 1542 2258 1596 dum
2323 1543 2452 1598 boni
2501 1544 2656 1598 studii
2690 1545 2933 1600 timorem
2963 1545 3228 1601 instruxit.
3265 1570 3288 1595 α
3340 1549 3458 1603 Filii
3514 1550 3596 1605 in-

2003 1631 2135 1700 quit,
2167 1631 2320 1702 regni
2350 1631 2632 1700 ejicientur
2658 1632 2712 1686 in
2743 1632 2988 1688 tenebras
3017 1636 3342 1705 exteriores;
3391 1637 3466 1692 ibi
3495 1639 3596 1693 erit

2004 1718 2157 1774 ﬂetus
2184 1727 2236 1773 et
2263 1719 2459 1775 stridor
2503 1721 2743 1775 dentium
2803 1721 3022 1790 (Matlh.
3055 1727 3193 1793 vni).
3232 1746 3254 1771 ιι
3316 1725 3509 1780 Vinum
3541 1735 3595 1782 et

2002 1807 2179 1862 oleum
2211 1808 2422 1874 infudit,
2463 1809 2590 1863 dum
2638 1809 3006 1878 penitentiam
3048 1819 3101 1866 et
3129 1812 3342 1868 veniam
3389 1813 3590 1871 docuit.

258 1921 434 1978 ﬁlios
497 1922 764 1993 spiritales
818 1921 871 1975 in
928 1922 1094 1978 vitam
1152 1920 1376 1974 revexit.
1429 1919 1578 1974 Sicut
1605 1918 1747 1972 enim
1780 1917 1893 1986 ipse
1923 1918 1975 1978 Β
2007 1904 2107 1993 Per
2135 1905 2318 1958 vinum
2349 1905 2550 1976 quippe
2587 1907 2802 1975 putrida
2847 1915 3254 1979 expurgantur;
3288 1926 3385 1980 per
3415 1911 3592 1967 oleum

263 2012 475 2066 refert
520 2011 577 2064 in
627 2010 942 2082 Evangelio,
995 2010 1159 2064 homo
1215 2009 1434 2078 quidam
1493 2006 1768 2062 descendit
1827 2005 1896 2060 ab

267 2099 644 2155 Hierusalem
703 2099 757 2152 in
812 2098 1042 2163 Iericho,
1093 2097 1147 2150 in
1192 2113 1349 2166 quem
1380 2096 1613 2150 latmnes
1640 2096 1898 2149 irruentes

270 2199 747 2263 vulneraverunt,
838 2212 900 2250 ac
982 2194 1343 2265 despoliantes
1413 2209 1558 2258 eum,
1619 2192 1887 2246 abierunt.

270 2287 472 2342 Porro
529 2284 778 2340 sacerdos
828 2283 1075 2338 eamdem
1108 2284 1247 2338 viam
1281 2298 1529 2353 pergens,
1579 2297 1641 2335 ac
1673 2281 1894 2336 semivi-

273 2392 429 2429 vum
493 2374 699 2438 videns,
757 2373 1079 2442 pertransiit.
1131 2371 1388 2426 Similiter
1443 2371 1602 2424 levita
1656 2370 1754 2423 iter
1809 2369 1897 2422 fa-

274 2464 470 2531 ciens,
527 2463 644 2517 viso
695 2477 759 2516 eo
817 2461 1124 2532 praterivit.
1184 2460 1550 2514 Samaritanus
1596 2467 1773 2513 autem
1803 2474 1899 2528 per

276 2560 554 2616 eamdem
611 2559 955 2630 protendens,
1015 2558 1195 2612 miseri
1243 2557 1542 2621 miseretur,
1602 2573 1664 2610 ac
1720 2555 1899 2627 ligatis

279 2649 639 2713 vulneribus,
699 2647 826 2702 vino
879 2655 933 2701 et
986 2647 1108 2701 oleo
1167 2646 1428 2711 medetur,
1481 2645 1898 2715 impositumque

278 2738 551 2808 jumento
571 2737 626 2790 in
655 2736 923 2791 stabulum
981 2735 1138 2789 duxit
1170 2749 1183 2803 ;
1217 2735 1384 2790 altera
1430 2734 1517 2788 die
1545 2734 1678 2788 duos
1723 2733 1895 2787 dena-

283 2836 413 2891 rios
471 2834 760 2889 stahulario
817 2834 1053 2905 protulit,
1104 2849 1286 2888 curam
1350 2833 1491 2886 illius
1526 2848 1714 2904 gerere
1746 2832 1894 2903 petit,

285 2925 339 2978 si
377 2924 510 2994 quid
557 2924 624 2979 de
653 2939 753 2978 suo
809 2923 1292 2994 supererogaverit,
1325 2923 1378 2975 in
1409 2921 1716 2976 reversione
1762 2937 1820 2976 se
1846 2919 1893 2975 ei

287 3013 634 3068 redditurum
691 3011 952 3083 promittit
997 3013 1154 3081 (Luc.
1215 3011 1294 3081 x).
1348 3012 1522 3065 Homo
1580 3010 1778 3080 quippe
1828 3008 1896 3063 ab

285 3110 635 3166 Hierusalem
685 3110 739 3162 in
788 3109 998 3164 Iericho
1048 3108 1340 3174 descendit,
1395 3107 1524 3160 dum
1556 3107 1763 3176 primus
1792 3121 1892 3175 pa-

289 3216 428 3254 rens
456 3198 524 3252 de
579 3198 791 3270 gaudiis
838 3198 1071 3267 paradisi
1102 3198 1169 3251 ad
1200 3197 1467 3252 defectum
1515 3195 1701 3250 mortis
1729 3195 1892 3250 venit.

2004 1992 2116 2047 fota
2144 2007 2412 2048 curantur.
2449 1994 2643 2048 Vinum
2700 1995 2896 2048 infudit
2949 1996 3076 2050 dum
3135 1997 3308 2052 dixit:
3347 2022 3367 2046 ι
3407 2000 3593 2055 Ρωιιὶ-

2002 2091 2219 2146 tentiam
2251 2092 2394 2162 agite
2419 2092 2642 2160 (Matth.
2676 2094 2776 2161 ill).
2814 2112 2834 2143 ι
2888 2091 3078 2148 Oleum
3126 2095 3275 2149 addit
3301 2095 3428 2151 dum
3458 2099 3593 2154 sub—

1996 2178 2221 2248 junxit:
2287 2201 2305 2226 ι
2344 2181 2810 2250 Appropinquabit
2867 2181 3009 2236 enim
3057 2199 3284 2254 regnum
3333 2186 3593 2242 caelorum

2003 2267 2205 2337 (ibid.),
2244 2290 2262 2315 ι
2300 2270 2360 2322 In
2385 2269 2688 2336 jumentum
2720 2269 2914 2340 posuit,
2965 2269 3091 2324 dum
3142 2280 3361 2341 peccata
3389 2272 3446 2328 in
3475 2291 3593 2330 cor-

2002 2381 2132 2434 pore
2162 2381 2257 2419 suo
2287 2382 2446 2434 super
2495 2366 2700 2438 lignum
2759 2367 2929 2422 crucis
2957 2369 3192 2437 pertulit.
3225 2371 3284 2423 in
3323 2371 3591 2428 stabulum

2003 2453 2172 2522 duxit,
2203 2453 2329 2508 dum
2361 2471 2483 2508 eum
2511 2471 2755 2526 supernae
2788 2456 3038 2511 Ecclesiae
3066 2458 3364 2528 conjunxit.
3400 2459 3593 2516 Stabu-

2004 2542 2113 2596 lum
2145 2559 2249 2612 quo
2279 2543 2534 2598 animalia
2591 2543 2645 2597 in
2701 2552 2855 2599 nocte
2907 2554 3322 2617 congregantur,
3351 2555 3430 2602 est
3458 2565 3596 2620 pre-

2002 2655 2130 2694 sens
2157 2639 2393 2694 Ecclesia
2423 2639 2478 2694 in
2507 2656 2613 2709 qua
2637 2641 2762 2708 justi
2793 2640 2846 2694 in
2885 2641 3116 2713 caligine
3149 2642 3307 2712 hujus
3334 2645 3457 2700 vitae
3483 2653 3592 2701 sta-

2003 2729 2274 2794 bulantur,
2305 2729 2477 2784 donec
2505 2729 2704 2800 aspiret
2747 2729 2862 2784 dies
2907 2731 3219 2785 aeternitatis
3242 2740 3293 2787 et
3321 2733 3592 2790 inclinen-

2004 2824 2089 2871 tur
2110 2817 2314 2872 umhrae
2339 2817 2693 2872 mortalitatis.
2727 2818 2907 2872 Altera
2950 2818 3035 2872 die
3083 2821 3302 2888 protulit
3331 2821 3464 2877 duos
3493 2821 3594 2879 de-

2001 2915 2200 2970 narios.
2233 2915 2350 2970 Una
2369 2914 2484 2969 dies
2512 2921 2626 2970 erat
2653 2915 2858 2981 mortis,
2901 2916 3067 2970 altera
3112 2917 3254 2973 vita.
3287 2919 3417 2974 Dies
3444 2936 3594 2976 mor-

2005 3003 2069 3056 tis
2095 3002 2260 3071 coepit
2286 3002 2354 3055 ab
2384 3003 2553 3057 Adam
2599 3003 2654 3056 in
2712 3019 2818 3073 quo
2875 3019 3062 3058 omnes
3103 3007 3402 3061 moriuntur
3432 3023 3445 3077 ;
3479 3009 3594 3064 dies

2002 3091 2125 3145 vitae
2155 3090 2424 3145 inchoavit
2453 3108 2486 3145 a
2517 3090 2722 3146 Christo
2755 3091 2808 3144 in
2867 3109 2972 3161 quo
3002 3109 3190 3148 omnes
3231 3093 3591 3150 viviﬁcabun-

2003 3187 2104 3234 tur.
2153 3183 2286 3233 Ante
2342 3179 2535 3233 Christi
2602 3180 3045 3234 resurrectionem
3104 3197 3293 3236 omnes
3346 3183 3594 3239 homines

291 3289 516 3343 Iericho
546 3266 778 3357 namque
836 3266 978 3356 quod
1035 3287 1159 3341 luna
1200 3293 1371 3353 sonat,
1406 3285 1672 3340 defectum
1704 3293 1897 3340 nostrae
1928 3269 1976 3332 C
2008 3268 2075 3323 ad
2106 3275 2332 3322 mortem
2397 3266 2686 3322 tendebam
2716 3283 2728 3335 ;
2791 3276 2907 3338 P0St
2936 3285 3087 3323 suam
3145 3271 3591 3327 Γθευττθοῑὶοηθηὶ

294 3386 642 3441 mortalitatis
669 3385 934 3457 designat.
969 3384 1072 3453 Qui
1126 3385 1356 3439 latrones
1414 3384 1616 3452 incidit,
1641 3369 1766 3452 quia
1795 3400 1896 3436 ex-

295 3476 474 3530 sulem
508 3475 747 3546 protinus
793 3475 947 3528 turba
1001 3475 1307 3529 daemonum
1354 3473 1727 3528 circumdedit.
1795 3471 1897 3540 Qui

301 3573 469 3629 etiam
522 3588 645 3628 eum
691 3571 1142 3643 despoliaverunt,
1193 3571 1319 3641 quia
1356 3587 1462 3626 non
1491 3571 1663 3626 solum
1694 3569 1899 3624 deliciis

302 3661 561 3734 paradisi,
594 3661 688 3716 sed
736 3667 789 3714 et
826 3667 971 3715 veste
1019 3660 1433 3716 immortalitatis
1461 3659 1888 3714 denudaverunt.

303 3751 504 3822 Plagas
559 3751 949 3820 imposuerunt,
1007 3749 1133 3819 quia
1187 3749 1236 3803 ei
1294 3757 1514 3818 peccata
1558 3748 1888 3803 indixerunt.

304 3847 642 3904 Semivivum
682 3846 1033 3916 reliquerunt,
1079 3846 1206 3916 quia
1235 3846 1288 3900 in
1319 3845 1500 3900 anima
1545 3854 1813 3901 mortuum
1843 3846 1897 3900 in

304 3951 532 4007 corpore
569 3950 700 3991 vero
748 3951 846 4006 per
892 3935 992 3990 Dei
1017 3935 1267 4006 mysteria
1313 3935 1700 3990 circumdatum
1731 3934 1896 3988 dimi-

302 4032 507 4080 serunt.
543 4025 644 4080 Per
672 4023 920 4079 eamdem
975 4025 1121 4079 viam
1166 4024 1416 4079 sacerdos
1444 4023 1738 4091 descendit,
1769 4023 1898 4077 dum

305 4113 728 4185 patriarcharum
794 4112 929 4168 ordo
1000 4114 1200 4184 pariter
1253 4112 1588 4168 mortalitatis
1643 4111 1889 4167 tetendit.

306 4201 412 4271 Qui
467 4202 802 4258 vulneratum
859 4203 1182 4270 pertransiit,
1229 4202 1354 4271 quia
1406 4201 1590 4274 generi
1664 4202 1898 4256 humano

305 4306 469 4360 opem
499 4290 640 4345 ferre
671 4305 778 4346 non
807 4291 992 4357 valuit,
1054 4290 1182 4345 dum
1230 4307 1287 4346 se
1317 4291 1478 4345 etiam
1514 4290 1747 4362 peccatis
1775 4306 1898 4362 gra-

304 4389 445 4446 viter
469 4387 764 4443 sauciatum
786 4387 973 4444 doluit.
1008 4389 1193 4444 Levita
1235 4404 1446 4458 quoque
1478 4388 1621 4444 idem
1652 4389 1752 4444 iter
1777 4404 1897 4444 car-

307 4475 494 4549 pebat,
525 4477 652 4546 quia
676 4476 808 4532 ordo
838 4476 1171 4548 praphetalis
1198 4477 1360 4531 etiam
1393 4493 1489 4548 per
1525 4477 1715 4532 callem
1747 4493 1898 4533 mor-

306 4566 374 4621 tis
401 4565 673 4620 tendebat.
725 4564 827 4634 Qui
883 4567 1123 4621 saucium
1186 4567 1496 4635 prieterivit,
1539 4566 1664 4636 quia
1692 4567 1900 4637 perdito

2003 3379 2192 3419 omnes
2220 3364 2404 3418 ﬁdeles
2430 3364 2498 3420 ad
2545 3365 2710 3419 vitam
2758 3367 3074 3438 surgebant.
3139 3369 3320 3423 Altera
3348 3385 3476 3425 vero
3504 3371 3593 3426 die

2005 3453 2138 3508 duos
2193 3453 2444 3508 denarios
2497 3455 2736 3523 protulit,
2795 3455 2922 3509 dum
2979 3465 3098 3527 post
3151 3459 3593 3516 resurrectionem

2003 3558 2156 3597 suam
2185 3541 2291 3596 duo
2321 3543 2662 3597 Testamenta
2717 3558 2816 3613 per
2870 3543 2976 3598 duo
3004 3553 3276 3617 pracepta
3321 3547 3595 3603 charitatis

2005 3639 2216 3711 impleri
2246 3639 2446 3696 docuit.
2508 3639 2811 3696 Stabulario
2859 3641 3110 3698 denarios
3154 3643 3318 3711 dedit,
3351 3645 3479 3699 dum
3510 3661 3596 3701 or-

2006 3728 2117 3782 dini
2148 3727 2425 3784 doctorum
2457 3729 2604 3801 leges
2623 3730 2750 3786 vitae
2769 3730 3037 3786 docendas
3057 3732 3342 3786 commisit.
3373 3735 3596 3806 Egrum

2005 3826 2259 3898 precepit
2283 3826 2474 3891 curari,
2509 3825 2632 3896 quia
2679 3842 2851 3898 genus
2897 3828 3188 3882 humanum
3213 3828 3373 3897 jussit
3401 3846 3434 3884 a
3461 3847 3595 3901 pec-

2005 3915 2134 3970 catis
2159 3915 2373 3969 salvari.
2407 3914 2580 3982 Quem
2636 3931 2844 3986 aegrum
2877 3915 3013 3970 fetor
3059 3915 3124 3970 de
3188 3917 3399 3972 stabulo
3447 3919 3596 3975 exire

2005 4003 2299 4075 compellit,
2357 4003 2482 4074 quia
2534 4003 2708 4074 justos
2747 4003 3043 4059 adversitas
3092 4005 3252 4075 hujus
3308 4006 3495 4062 mundi
3523 4007 3594 4062 ad

2006 4101 2242 4156 coelestia
2271 4100 2575 4172 appetenda
2604 4101 2852 4172 impellit.
2884 4101 3003 4156 Duo
3033 4101 3194 4156 etiam
3254 4101 3458 4158 denarii
3488 4111 3595 4160 sta-

2004 4191 2211 4247 bulario
2279 4190 2490 4258 dantur,
2548 4189 2676 4244 dum
2715 4190 2960 4245 doctores
3014 4191 3235 4246 scientia
3290 4192 3594 4264 Scriptura-

2003 4297 2122 4335 rum
2179 4287 2230 4334 et
2279 4281 2481 4334 honore
2529 4278 2863 4334 saecularium
2914 4280 3284 4336 sublimantur.
3345 4281 3401 4336 Si
3469 4282 3597 4353 quid

2005 4378 2107 4450 ipsi
2161 4376 2680 4449 supererogaverint,
2767 4377 2855 4431 ille
2913 4377 3102 4432 reddet
3174 4394 3296 4433 cum
3359 4380 3595 4449 redierit,

2007 4467 2131 4538 quia
2159 4467 2202 4521 si
2231 4466 2375 4522 bona
2400 4483 2521 4536 qua:
2550 4465 2764 4537 populis
2791 4467 3102 4537 praedicant,
3137 4468 3390 4537 operibus
3417 4485 3600 4524 exem-

2009 4556 2263 4628 pliticant,
2323 4571 2442 4609 cum
2492 4571 2650 4610 verus
2703 4554 3072 4610 Samaritanus
3117 4555 3184 4610 ad
3208 4556 3472 4624 judicium
3503 4574 3596 4614 re-

303 4662 510 4719 homini
540 4661 866 4731 adjutorium
901 4662 1043 4718 ferre
1073 4678 1183 4717 non
1214 4663 1409 4734 potuit,
1441 4624 1574 4717 (Iuni
1600 4679 1656 4719 se
1687 4624 1900 4734 quoque
1927 4624 1980 4687 D
2009 4645 2182 4703 dierit.
2215 4652 2268 4698 et
2295 4644 2423 4698 olim
2481 4644 2716 4700 saucium
2777 4650 2900 4697 tunc
2949 4644 3065 4712 jam
3116 4651 3360 4698 sanatum
3389 4646 3455 4700 de
3486 4653 3599 4701 sta-

306 4752 545 4823 peccatis
565 4751 900 4806 vulneratum
927 4751 1216 4824 ingemuit.

380 4860 427 4913 Α
486 4857 828 4914 Samaritano
905 4865 1082 4914 autem
1140 4858 1434 4915 semivivus
1486 4866 1714 4929 curatur,
1776 4859 1902 4930 quia

306 4948 473 5003 homo
502 4945 750 5002 seductus
778 4962 874 5018 per
927 4947 1192 5003 Christum
1240 4955 1474 5003 sanatur.
1518 4947 1763 5004 Samaria
1790 4956 1902 5004 erat

310 5044 502 5101 civitas
528 5051 690 5115 caput
736 5045 890 5116 regni
939 5045 1235 5114 lsraelitici,
1267 5047 1419 5116 cujus
1445 5047 1642 5117 captivi
1681 5046 1750 5102 ad
1778 5047 1900 5103 ido-

308 5133 576 5189 lolatriam
634 5134 689 5187 in
741 5133 934 5190 Ninive
985 5142 1137 5189 erant
1179 5136 1451 5206 captivati,
1485 5143 1537 5190 et
1575 5135 1804 5208 gentiles
1846 5136 1902 5191 in

312 5249 377 5289 ea
405 5233 586 5288 locati.
619 5231 858 5300 Quorum
879 5234 1146 5289 consortia
1174 5233 1229 5288 in
1260 5242 1462 5290 tantum
1499 5234 1672 5290 Judaai
1700 5237 1894 5290 exhor-

311 5337 549 5395 ruerunt,
586 5337 643 5384 ut
672 5331 793 5385 illos
849 5331 1130 5402 participio
1187 5348 1375 5387 eorum
1425 5332 1737 5389 addicerent
1777 5334 1897 5402 qui-

310 5418 414 5474 bus
442 5419 762 5474 maledicere
791 5421 1092 5474 voluerunt.
1141 5421 1293 5476 Unde
1321 5430 1374 5478 et
1404 5422 1695 5477 Dominurn
1724 5423 1902 5478 male-

311 5517 540 5572 dicendo
571 5517 968 5573 Samaritanum
1024 5527 1370 5572 vocaverunt.
1422 5521 1543 5588 Ipse
1572 5519 1716 5574 enim
1747 5536 1904 5574 verus

312 5614 678 5670 Samaritanus
725 5621 856 5678 erat,
915 5614 1057 5683 quod
1113 5623 1290 5670 custos
1336 5616 1546 5682 dicitur,
1584 5617 1708 5685 quia
1739 5616 1806 5672 ab
1835 5633 1903 5674 eo

314 5719 489 5775 genus
517 5705 813 5757 humanum
870 5702 1179 5757 custoditur.
1241 5703 1342 5758 Hic
1369 5704 1470 5758 iter
1496 5703 1642 5770 fecit,
1675 5704 1804 5758 dum
1834 5706 1903 5761 de

313 5800 463 5857 caelis
490 5800 547 5855 in
564 5802 708 5855 hunc
735 5799 994 5854 mundum
1023 5799 1194 5855 venit.
1233 5801 1506 5858 Viatorem
1535 5800 1669 5857 vidit
1704 5800 1904 5873 plaga-

316 5904 445 5969 tum,
495 5898 622 5970 quia
672 5897 944 5952 hominem
1001 5897 1262 5965 conspicit
1315 5899 1547 5970 peccatis
1575 5905 1629 5953 et
1673 5898 1906 5955 miseriis

2009 4743 2137 4798 bulo
2167 4741 2220 4795 in
2250 4742 2464 4796 caeleste
2495 4740 2752 4813 palatium
2803 4740 3087 4808 induxerit,
3149 4741 3391 4797 sollicitis
3435 4759 3594 4798 cura-

2010 4832 2212 4888 toribus
2239 4831 2563 4902 sempiterna
2591 4829 2814 4900 praemia
2843 4828 3292 4899 recompensabit.

2011 5012 2087 5068 De
2109 5011 2320 5067 verbis:
2359 5034 2380 5058 «
2420 5005 2786 5082 Egredimini,
2818 5008 2954 5078 ﬁlia
2987 5007 3139 5074 Sion,
3174 5027 3196 5059 ο
3233 5010 3290 5063 et
3320 5005 3387 5064 de
3418 5007 3598 5066 tribus

2521 5097 2829 5154 visionibus
2862 5098 3091 5154 Christi.

2083 5285 2106 5311 α
2150 5259 2502 5333 Egredimini,
2534 5257 2659 5313 ﬁlia:
2689 5258 2842 5324 Sion,
2865 5265 2919 5314 et
2947 5257 3122 5312 videte
3149 5273 3334 5329 regem
3358 5257 3603 5315 Salomo-

2009 5368 2131 5407 nem
2163 5352 2217 5405 in
2268 5349 2571 5404 diademate
2626 5364 2733 5417 quo
2785 5348 3058 5403 coronavit
3117 5363 3239 5402 eum
3284 5354 3456 5402 mater
3481 5364 3598 5405 sua.

2009 5442 2200 5511 (Cant.
2234 5441 2336 5510 ιιι).
2355 5460 2379 5490 ι
2413 5436 2664 5493 Delicatis
2694 5444 2747 5492 et
2773 5435 2999 5491 inﬁrmis
3025 5436 3338 5507 proponitur
3360 5437 3478 5492 haec
3505 5453 3598 5494 ex-

2010 5537 2239 5592 hortatio
2271 5552 2367 5609 per
2387 5533 2643 5605 Spiritum
2691 5540 2960 5587 sanctum.
3024 5532 3247 5586 Delicati
3278 5541 3400 5588 sunt
3426 5535 3517 5604 qui
3546 5537 3602 5592 in

2007 5627 2239 5698 Egypto
2269 5625 2403 5679 etin
2460 5621 2730 5692 Babylone
2785 5621 2972 5676 volunt
3000 5621 3336 5692 prosperari:
3382 5622 3437 5678 hi
3468 5639 3602 5694 pro-

2011 5723 2129 5786 pter
2179 5712 2546 5768 inﬁrmitatem
2601 5727 2753 5766 suam
2812 5709 3046 5765 femineo
3101 5727 3236 5765 sexu
3265 5711 3606 5782 appellantur

2011 5802 2155 5871 ﬁliae,
2188 5802 2428 5858 nondum
2482 5799 2706 5871 perfecti
2752 5798 2986 5856 ﬁliorum
3013 5799 3233 5855 nomine
3279 5801 3602 5858 honorandi.

2011 5900 2092 5956 De
2143 5897 2400 5970 perfectis
2451 5898 2596 5954 enim
2653 5896 2844 5955 dicitur
2901 5915 2914 5952 :
2977 5917 3002 5949 ι
3061 5895 3184 5954 Filii
3232 5895 3365 5954 Sion
3418 5895 3604 5971 inclyti
