3972 6402
455 395 593 448 Hi3

1554 378 1907 440 WEBNERI
1958 377 2257 436 ABBATIS
2293 381 2352 437 S.
2407 376 2663 439 BLAS".

3616 390 3755 447 113‘

451 519 692 589 (τιινεη,
730 513 810 583 ιν)
845 536 867 560 ιι
904 511 1036 568 Tres
1063 508 1243 581 itaque
1270 517 1397 565 sunt
1426 509 1659 565 visiones
1685 506 1835 579 regis
1852 506 2051 562 nostri:
2084 509 2144 567 A
2176 506 2374 574 eundo,
2405 507 2474 561 de
2507 507 2835 579 cognatione
2866 516 2972 579 tua,
2995 510 3050 565 id
3078 518 3159 567 est
3185 510 3255 569 de
3281 513 3684 571 conversatione
3710 520 3757 569 et

454 607 635 663 Prima
688 604 747 659 in
800 603 905 657 hoc
958 601 1180 669 mundo,
1211 599 1450 656 secunda
1479 598 1535 653 in
1564 595 1793 667 judicio,
1826 595 1979 650 tertia
2007 595 2062 649 in

451 710 644 769 regno.
675 694 755 750 De
782 690 960 764 prima
988 689 1184 746 dicitur
1213 708 1226 744 :
1267 712 1289 737 α
1335 687 1487 743 Multi
1516 688 1796 757 prophetae
1826 693 1879 741 et
1906 700 2064 757 reges

456 785 740 844 voluerunt
781 780 965 836 videre
1010 794 1131 850 quae
1161 792 1258 834 vos
1286 776 1480 834 videtis
1509 783 1556 831 et
1589 790 1699 831 non
1726 773 1994 828 viderunt.
2033 794 2055 821 ν»

460 885 618 956 (Luc.
650 883 731 953 x).
765 880 830 935 Et
860 878 992 933 illud
1028 893 1042 933 :
1079 900 1101 927 «ι
1136 876 1285 932 Beati
1316 875 1457 932 oculi
1478 873 1569 945 qui
1598 873 1784 931 vident
1812 888 1934 943 quae
1964 885 2063 927 vos

453 980 647 1041 videtis
700 977 883 1048 (ibid.)
935 997 958 1025 ιδ
1022 977 1102 1031 De
1157 973 1394 1030 secunda
1453 992 1466 1028 :
1531 996 1553 1021 «
1626 970 1839 1027 Videbit
1880 970 2062 1025 omnis

452 1086 578 1130 caro
615 1068 845 1124 salutare
878 1065 997 1121 Dei.
1029 1066 1191 1137 (Luc.
1238 1065 1340 1133 ιιι).
1368 1085 1389 1112 ι»
1426 1063 1507 1118 De
1540 1061 1732 1117 tertia:
1773 1082 1795 1109 α
1829 1058 2058 1114 Videbi-

461 1186 582 1226 mus
602 1182 727 1223 eum
760 1163 919 1220 sicuti
947 1170 1041 1220 est.
1095 1162 1148 1233 (Ι
1167 1163 1330 1219 Joan.
1390 1161 1494 1230 ιιι).
1533 1181 1555 1208 υ
1594 1159 1771 1213 Prima
1799 1156 1935 1213 visio
1963 1156 2061 1211 du-

452 1267 536 1316 rat
577 1254 818 1328 quandiu
847 1260 929 1308 est
956 1251 1120 1308 hodie
1164 1250 1443 1323 praesentis
1470 1248 1622 1305 vitae.
1661 1248 1723 1302 In
1749 1249 1851 1302 hac
1880 1261 2055 1317 appa-

452 1357 559 1413 ruit
584 1353 805 1411 humilis
855 1358 910 1407 et
953 1348 1095 1421 pius,
1127 1348 1348 1404 dicens:
1387 1371 1409 1397 «
1472 1346 1661 1403 Venite
1690 1345 1759 1401 ad
1787 1360 1896 1413 me,
1929 1359 2055 1399 om-

450 1462 547 1503 nes
575 1445 667 1516 qui
697 1440 955 1498 laboratis
983 1437 1207 1511 (Matth.
1258 1441 1358 1508 x1).
1405 1459 1427 1485 ιι
1482 1437 1596 1491 Hoc
1625 1443 1676 1491 et
1705 1434 1866 1490 hodie
1896 1434 2055 1487 simi-

452 1537 572 1592 liter
601 1533 731 1588 dicit
760 1529 1088 1587 hominibus.
1117 1530 1179 1583 In
1218 1526 1453 1582 secunda
1496 1525 1778 1597 apparebit
1807 1522 2058 1578 terribilis

451 1631 714 1701 etjustus.
745 1626 903 1685 Unde
929 1625 1125 1680 dicitur
1156 1641 1170 1679 :
1200 1645 1222 1672 α
1254 1622 1524 1678 Judicabit
1553 1622 1785 1694 pepulos
1814 1622 1869 1675 in
1891 1621 2056 1692 arqui-

452 1728 576 1776 tate.
611 1718 789 1788 (Psal.
851 1716 1001 1784 xcv).
1060 1736 1083 1762 ιι
1137 1714 1198 1766 In
1256 1711 1410 1767 tertia
1463 1711 1735 1783 gloriosus
1763 1710 2052 1765 videbitur.

436 1808 605 1867 Unde
625 1806 870 1862 canitur:
904 1803 1182 1859 GlOI‘lOSUS
1212 1801 1357 1855 Deus
1385 1800 1441 1854 in
1469 1800 1669 1855 sanctis
1706 1799 1849 1864 suis;
1894 1798 2056 1854 mira-

2171 595 2413 651 moribus
2439 596 2690 667 vitiisque
2728 597 3015 668 prioribus,
3068 616 3190 670 quae
3221 601 3379 658 nobis
3419 618 3452 657 a
3492 603 3754 659 nativitate

2169 691 2351 740 nostra
2410 686 2734 742 cohaerentia
2760 686 2909 743 velut
2954 689 3187 759 quadam
3237 688 3491 747 afﬁnitate
3534 698 3755 763 cognata

2167 790 2309 838 sunt.
2342 783 2541 850 Tertio,
2583 806 2605 833 «
2640 782 2708 839 de
2737 783 2901 841 domo
2929 786 3097 857 patris
3126 787 3223 856 tui,
3258 810 3280 835 η
3311 788 3366 844 id
3384 796 3463 844 est
3486 789 3632 845 omni
3653 805 3757 844 me-

2168 872 2340 928 moria
2367 872 2554 927 mundi
2584 872 2762 942 hujus,
2784 873 2876 944 qui
2904 875 3074 930 oculis
3108 877 3359 933 occurrit.
3381 876 3539 947 Quod
3579 878 3652 934 ita
3678 876 3750 943 ﬁt,

2167 977 2291 1016 cum
2320 959 2622 1017 mortiﬁcati
2641 978 2765 1017 cum
2786 962 2993 1020 Christo
3008 963 3078 1019 ab
3095 965 3374 1020 elementis
3393 966 3551 1037 hujus
3572 966 3750 1021 mundi

2167 1058 2615 1129 contemplemur,
2635 1058 2929 1114 secundum
2948 1061 3270 1131 apostolum,
3285 1061 3402 1131 jam
3437 1077 3544 1118 non
3559 1079 3624 1118 ea
3641 1079 3756 1133 qua:

2167 1146 2435 1214 videntur,
2456 1146 2552 1202 sed
2582 1162 2703 1216 qua:
2720 1162 2828 1203 non
2846 1147 3114 1205 videntur.
3145 1172 3167 1198 ‹ι
3201 1149 3335 1219 Qum
3354 1150 3497 1206 enim
3519 1150 3760 1208 videntur

2167 1234 2485 1305 temporalia
2511 1241 2652 1301 sunt,
2678 1250 2797 1305 quae
2811 1243 2991 1291 autem
3036 1252 3148 1292 non
3187 1236 3435 1293 videntur
3463 1245 3662 1295 aeterna
3679 1238 3762 1310 (II

2170 1332 2292 1386 Cor.
2324 1332 2399 1401 v).
2430 1352 2453 1380 ιι
2481 1331 2548 1386 Et
2564 1331 3004 1403 exeunteszcorde
3033 1333 3101 1389 de
3122 1334 3222 1390 hac
3244 1335 3523 1405 temporali
3550 1352 3616 1392 ac
3642 1335 3758 1393 visi~

2163 1420 2260 1475 bili
2288 1420 2452 1476 domo
2472 1420 2528 1474 in
2548 1420 2695 1475 illam
2717 1420 2773 1474 in
2794 1437 2900 1491 qua
2916 1438 3101 1478 sumus
3115 1423 3323 1496 jugiter
3348 1425 3532 1480 oculos
3555 1433 3759 1480 nostros

2165 1517 2481 1580 mentesque
2509 1509 2816 1581 dirigimus.
2855 1509 3014 1579 Quod
3038 1520 3159 1567 tunc
3187 1512 3530 1584 implebimus
3554 1530 3674 1570 cum
3702 1514 3756 1569 in

2163 1624 2324 1664 carne
2353 1608 2692 1664 ambulantes
2720 1624 2828 1664 non
2856 1609 3153 1665 secundum
3176 1626 3393 1667 carnem
3414 1611 3641 1669 militare
3659 1613 3758 1669 Do‘

2164 1697 2314 1752 mino
2344 1697 2688 1767 coeperimus,
2706 1698 2859 1765 juxta
2877 1700 3007 1754 hoc:
3051 1705 3233 1756 noster
3267 1708 3445 1755 autem
3465 1700 3756 1770 municipa-

2165 1793 2249 1839 tus
2275 1793 2356 1840 est
2381 1786 2438 1839 in
2463 1785 2633 1841 caelis.
2667 1786 2764 1841 His
2791 1786 2972 1857 itaque
2998 1787 3163 1843 tribus
3186 1788 3748 1855 abrenuntiationibus,

448 1906 575 1963 bilis
601 1906 657 1961 in
684 1902 967 1973 majestate
997 1915 1112 1954 sua.
1159 1900 1219 1953 In
1271 1898 1447 1953 Prima
1475 1898 1621 1953 visus
1650 1903 1727 1952 est
1759 1913 1790 1952 a
1818 1897 1975 1952 bonis
2000 1907 2042 1953 el

2166 1892 2221 1940 ut
2249 1884 2534 1955 praefatum
2570 1890 2667 1955 est,
2690 1885 3019 1942 conveniunt
3073 1887 3292 1958 proprie
3321 1894 3426 1944 tres
3456 1887 3578 1944 libri
3607 1888 3755 1946 Sale-

448 1995 626 2064 malis,
656 1992 751 2049 sed
781 2006 890 2046 non
919 1989 988 2046 ab
1019 1987 1271 2044 omnibus
1312 2002 1325 2056 ;
1360 1987 1413 2041 in
1460 1985 1693 2041 secunda
1722 1985 1993 2042 videbitur
2020 2003 2052 2040 a

445 2092 606 2149 bonis
633 2098 687 2147 et
723 2087 884 2144 malis
911 2084 1164 2142 omnibus
1202 2100 1217 2149 ;
1251 2083 1305 2138 in
1351 2084 1524 2152 tertia,
1557 2100 1590 2139 a
1616 2083 1774 2139 bonis
1821 2090 2047 2149 tantum,

458 2182 583 2253 quia
631 2194 741 2235 non
795 2176 1058 2233 videbunt
1100 2172 1231 2227 mali
1286 2173 1573 2228 essentiam
1621 2173 1866 2228 Deitatis.
1897 2172 2050 2229 Unde

452 2284 709 2356 scriptum
740 2287 854 2338 est:
883 2302 905 2329 σ
969 2277 1209 2333 Tollatur
1262 2275 1481 2346 impius,
1515 2292 1581 2332 ne
1611 2275 1792 2331 videat
1817 2276 2048 2348 gloriam

444 2383 570 2439 Dei.
615 2404 636 2431 υ
672 2381 734 2435 In
764 2379 939 2452 prima
984 2374 1065 2431 sui
1111 2372 1318 2429 visione
1344 2374 1608 2429 Dominus
1655 2378 1733 2427 est
1784 2380 2053 2428 corrector

448 2487 662 2528 morum
719 2468 904 2524 dicens
935 2485 947 2521 :
1015 2488 1037 2513 (ι
1072 2462 1271 2517 Discite
1326 2479 1357 2518 a
1385 2479 1473 2517 me
1505 2463 1632 2533 quia
1677 2461 1821 2516 mitis
1848 2478 1966 2516 sum
1998 2468 2052 2515 et

448 2568 669 2627 humilis
698 2565 859 2623 corde
888 2565 1109 2633 (Matth.
1144 2566 1219 2634 ιι)
1245 2575 1258 2629 ;
1288 2581 1310 2611 ι
1348 2568 1399 2615 et
1428 2560 1484 2615 in
1504 2561 1768 2632 propheta
1800 2575 1813 2615 ε
1853 2582 1875 2608 «ι
1911 2560 2052 2614 Con-

443 2657 714 2715 vertimini
736 2654 804 2711 ad
824 2670 931 2722 me,
951 2660 1001 2709 et
1021 2654 1152 2710 salvi
1178 2652 1323 2709 eritis
1343 2649 1473 2719 (Isa.
1497 2651 1647 2720 ην).
1687 2672 1709 2696 ιι
1734 2650 1794 2703 In
1815 2649 2051 2704 secunda

446 2755 707 2812 discretor
757 2750 1072 2808 meritorum
1135 2758 1235 2816 est,
1294 2749 1482 2804 dicens
1540 2745 1734 2802 bonis:
1778 2746 2044 2813 «Venite,

445 2843 717 2901 benedicti
745 2840 973 2913 (Matth.
1014 2853 1168 2902 xxw.
1206 2864 1228 2889 ιο
1252 2836 1409 2893 Malis
1433 2852 1561 2892 vero
1596 2854 1607 2890 :
1639 2857 1660 2885 «ε
1685 2838 1765 2891 Ite
1786 2835 1843 2889 in
1864 2835 2047 2908 ignem

454 2942 716 2990 aeternum
770 2929 980 3002 (ibid).
1018 2952 1040 2978 ι
1076 2930 1135 2983 In
1190 2927 1346 2983 tertia
1392 2925 1706 2980 distributor
1755 2925 1857 2980 erit
1902 2941 2047 2996 prae-

447 3033 680 3088 miorum
710 3045 807 3103 pro
845 3027 1156 3084 diversitate
1206 3042 1438 3090 morum,
1472 3023 1599 3094 quia
1628 3023 1782 3078 stella
1812 3021 1990 3078 differt
2016 3041 2049 3078 a

438 3121 597 3179 stella
625 3120 681 3175 in
703 3118 946 3175 claritate
973 3115 1032 3189 (Ι
1073 3115 1199 3173 Cor.
1233 3114 1348 3185 xv).
1384 3112 1652 3170 Omnibus
1676 3120 1855 3167 tamen
1887 3128 2045 3167 com-

441 3211 625 3268 munis
680 3207 867 3265 laetitia
920 3206 1040 3271 erit,
1073 3205 1170 3260 etsi
1227 3205 1411 3276 dispar
1454 3202 1787 3276 singulorum
1819 3203 1996 3274 gloria
2028 3221 2040 3257 :
2076 3227 2126 3290 Ο

440 3318 541 3357 nec
570 3299 670 3355 erit
697 3298 852 3353 labor
878 3296 935 3350 in
963 3293 1252 3361 desiderio,
1302 3309 1403 3349 nec
1458 3292 1511 3346 in
1577 3291 1851 3347 saturitate
1900 3291 2047 3346 fasti-

436 3399 608 3466 dium,
633 3396 759 3469 quia
792 3405 917 3452 tunc
936 3411 1046 3450 non
1076 3400 1217 3448 esset
1245 3392 1543 3463 perfectum
1572 3390 1803 3446 bonum.

504 3508 663 3562 Juxta
692 3507 790 3561 has
849 3511 954 3559 tres
1000 3502 1236 3558 visiones
1273 3499 1469 3554 dieitur
1509 3498 1654 3553 idem
1705 3498 1820 3552 Rex
1850 3505 1902 3553 et
1927 3498 2045 3554 Do-

436 3595 614 3653 minus
642 3602 825 3650 noster
878 3593 1030 3648 Jesus
1085 3590 1326 3646 Christus
1364 3588 1533 3642 tribus
1562 3587 1873 3642 nominibus
1920 3604 2044 3658 my-

441 3685 572 3740 stice
601 3680 900 3755 appellari:
937 3679 1218 3745 Salomon,
1259 3676 1629 3743 Ecclesiastes,
1677 3674 1851 3731 Idida.
1882 3675 2045 3731 Salo-

436 3799 586 3853 mon,
620 3783 675 3837 id
705 3789 784 3837 est
812 3776 1088 3850 paciﬁcus,
1121 3777 1248 3847 quia
1278 3775 1331 3830 in
1382 3773 1557 3846 prima
1603 3772 1808 3829 visione
1851 3789 2042 3844 pacem

435 3872 563 3929 fecit
592 3870 730 3926 inter
756 3870 932 3926 Deum
963 3874 1016 3922 et
1060 3865 1325 3935 homines,
1361 3864 1499 3919 inter
1526 3862 1752 3935 angelos
1795 3869 1849 3918 et
1872 3862 2045 3918 homi-

432 3978 557 4018 nes.
596 3960 750 4017 Unde
798 3957 930 4015 dicit
958 3954 1248 4028 Apostolus
1278 3973 1291 4009 :
1328 3976 1350 4001 ι
1406 3950 1698 4008 Paciﬁcans
1732 3968 1841 4007 non
1866 3952 2040 4031 solum

435 4067 557 4122 quin
600 4050 655 4104 in
707 4057 868 4115 terra,
914 4044 1011 4101 sed
1067 4045 1229 4100 etiam
1284 4058 1404 4114 qua;
1452 4041 1509 4096 in
1549 4040 1702 4097 caelis
1758 4049 1881 4096 sunt
1918 4042 2040 4111 (Co-

436 4141 566 4197 loss.
602 4140 663 4210 l).
700 4161 723 4187 ιι
774 4134 1144 4201 Ecclesiastes,
1193 4132 1249 4187 id
1296 4139 1377 4187 est
1419 4130 1788 4198 concionator,
1822 4131 1947 4202 quia
1984 4130 2041 4186 in

431 4227 667 4285 secunda
695 4226 777 4281 sui
808 4224 1014 4281 visione
1045 4222 1360 4279 concionem
1403 4227 1457 4276 et
1494 4219 1859 4276 diversitatem
1896 4237 2037 4293 gen-

433 4325 568 4382 tium
623 4321 998 4397 congregabit.
1058 4319 1232 4388 Idida,
1291 4318 1348 4373 id
1401 4326 1481 4374 est
1534 4316 1778 4385 dilectus,
1830 4318 1955 4389 quia
1983 4318 2038 4372 in

434 4414 591 4471 tertia
617 4417 946 4487 cognoscent
974 4410 1142 4466 sancti
1198 4407 1472 4479 quomodo
1503 4406 1666 4462 Filius
1711 4407 1902 4480 diligat
1929 4407 2039 4462 Pa-

427 4515 567 4560 trem
597 4510 651 4559 et
706 4499 965 4574 diligatur
1008 4516 1040 4555 a
1096 4497 1271 4567 Patre,
1329 4514 1452 4552 cum
1485 4495 1761 4551 tradiderit
1805 4513 2033 4569 regnum

2160 1973 2357 2027 monis.
2389 1974 2529 2028 Nam
2562 1973 2862 2030 Proverbia
2895 1981 3147 2046 aptantur
3173 1976 3385 2045 prima,
3413 1975 3605 2047 quibus
3629 1992 3753 2033 oon-

2159 2062 2489 2133 cupiscentia
2535 2062 2834 2118 carnalium
2875 2078 3055 2119 rerum
3105 2080 3170 2121 ac
3219 2073 3428 2122 terrena
3467 2065 3597 2122 vitia
3620 2082 3752 2121 rese-

2161 2167 2383 2228 cantur;
2433 2158 2704 2227 secundae,
2762 2159 3136 2230 Ecclesiastes,
3188 2160 3278 2216 ubi
3344 2162 3591 2219 universa
3635 2180 3752 2233 qua:

2160 2254 2393 2320 aguntur
2458 2248 2558 2303 sub
2613 2249 2726 2305 sole
2783 2250 2992 2305 vanitas
3026 2251 3440 2320 pronuntiantur
3479 2267 3494 2319 ;
3563 2252 3748 2320 tertiae,

2161 2338 2438 2393 Canticum
2469 2337 2817 2405 canticorum,
2850 2339 2905 2392 in
2934 2354 3040 2409 quo
3088 2356 3242 2395 mens
3290 2340 3519 2397 visibilia
3565 2350 3750 2397 cuncta

2160 2436 2542 2491 transcendens
2569 2436 2736 2493 verbo
2761 2436 2877 2507 jam
2924 2437 3025 2492 Dei
3078 2452 3258 2493 rerum
3286 2446 3605 2495 antemarum
3633 2454 3751 2495 con-

2161 2526 2508 2597 templatione
2534 2525 2901 2598 conjungitur.
2931 2525 3071 2582 Nam
3112 2534 3368 2598 superata
3397 2527 3553 2583 tellus
3576 2528 3749 2584 sidera

2157 2623 2342 2679 donat.
2376 2622 2525 2678 Felix
2555 2638 2687 2695 ergo
2717 2623 2809 2693 qui
2852 2624 3026 2694 potuit
3053 2623 3181 2680 boni
3216 2623 3420 2681 fontem
3457 2625 3627 2683 visere
3672 2626 3749 2681 lu-

2159 2712 2364 2768 cidum.
2403 2711 2562 2781 Quod
2610 2712 2789 2767 facere
2835 2713 2981 2769 valet
3030 2728 3205 2780 mens,
3255 2713 3326 2768 ab
3354 2714 3538 2771 illicito
3567 2731 3748 2772 amore

2158 2803 2370 2873 penitus
2396 2817 2552 2871 pura.
2581 2802 2723 2856 Nam
2763 2810 2979 2857 econtra
3007 2802 3099 2873 qui
3130 2809 3415 2859 tartaream
3454 2803 3511 2859 in
3537 2820 3745 2876 specus,

2157 2899 2359 2954 scilicet
2405 2899 2460 2953 in
2516 2914 2757 2954 amorem
2814 2899 3190 2968 temporalium
3222 2901 3392 2957 victus
3436 2901 3639 2957 lumina
3666 2902 3748 2957 ﬂe-

2158 2988 2314 3053 xerit,
2348 2987 2609 3058 quidquid
2646 2988 2976 3059 precipuum
3021 2989 3182 3045 trahit
3227 2990 3419 3061 perdit,
3448 2992 3575 3046 dum
3605 2992 3750 3048 videt

2156 3078 2377 3134 inferos.
2410 3076 2514 3145 Qui
2543 3076 2688 3132 enim
2737 3077 2970 3132 intentus
3018 3086 3100 3134 est
3129 3080 3528 3151 temporalibus,
3558 3081 3750 3136 amittit

2157 3175 2417 3246 quidquid
2454 3174 2586 3231 boni
2631 3174 2974 3245 acquisierat.
3027 3176 3340 3244 Enimvero,
3394 3179 3534 3234 heu!
3584 3178 3750 3234 noctis

2158 3281 2327 3337 prope
2385 3264 2645 3319 terminos
2715 3264 2963 3335 Orpheus
3025 3265 3327 3338 Erudycem
3392 3283 3545 3323 suam
3597 3268 3745 3336 vidit,

2158 3350 2411 3427 perdidit,
2427 3353 2641 3409 occidit.
2659 3353 2800 3408 Nam
2818 3353 2943 3408 inde
2962 3370 3173 3410 summe
3194 3355 3487 3412 dolendum
3507 3363 3605 3423 est,
3624 3372 3745 3412 cum

2156 3453 2448 3523 aliquando
2495 3452 2712 3523 sapiens
2759 3459 2812 3508 et
2849 3453 3109 3523 eloquens
3152 3454 3421 3526 quispiam
3457 3456 3652 3511 multos
3679 3455 3746 3510 ad

2149 3542 2414 3613 justitiam
2459 3541 2728 3598 convertit
2773 3541 3137 3612 praedicando,
3168 3543 3267 3599 sed
3294 3544 3408 3615 ipse
3434 3545 3650 3616 propria
3677 3544 3747 3601 vi-

2154 3640 2271 3689 ctus
2319 3631 2375 3685 in
2409 3630 2843 3702 concupiscentia
2875 3631 3033 3700 perit,
3065 3632 3191 3703 quia
3224 3631 3353 3689 dum
3399 3633 3467 3689 ad
3516 3641 3745 3689 ten-enea

2152 3729 2472 3800 cupiditates
2526 3728 2764 3800 respicit,
2817 3744 2950 3798 quas
3013 3746 3152 3801 pene
3210 3738 3502 3801 spreverat,
3564 3732 3745 3788 omnia

2150 3821 2296 3875 bona
2343 3836 2465 3889 quae
2514 3825 2701 3891 egerat
2756 3817 2955 3889 perdit,
2995 3827 3048 3874 et
3075 3819 3190 3890 ipse
3218 3819 3415 3876 occidit
3438 3820 3507 3876 de
3534 3836 3742 3878 summo

2150 3908 2372 3965 rationis
2410 3906 2479 3963 ad
2526 3908 2638 3962 ima
2660 3914 3014 3963 terrenorum.
3054 3908 3208 3966 Unde
3237 3908 3431 3965 dicitur
3455 3907 3738 3982 Orphaaus,

2150 4007 2300 4077 quasi
2330 4021 2493 4062 aurea
2521 4007 2707 4075 phone
2735 3997 2945 4080 [φωνή],
2980 4005 3041 4061 id
3078 4013 3157 4062 est
3190 4006 3395 4077 optima
3416 4021 3543 4064 vox.
3573 4008 3741 4078 Hujus

2150 4095 2349 4166 conjux
2370 4103 2452 4151 est
2467 4095 2776 4166 Eurydices,
2822 4096 2877 4151 id
2905 4104 2987 4151 est
3003 4095 3262 4152 naturalis
3281 4096 3729 4168 concupiscentia.

2150 4193 2440 4266 Eurydices
2484 4210 2680 4265 nempe
2716 4192 2910 4250 dicitur
2934 4193 3065 4249 boni
3107 4193 3388 4264 judicatio,
3429 4193 3555 4264 quia
3598 4194 3737 4265 quod

2147 4294 2374 4366 quisque
2399 4291 2607 4363 judicat
2651 4289 2878 4361 bonum,
2919 4290 3033 4347 sive
3079 4291 3155 4347 ita
3189 4291 3257 4346 sit
3283 4292 3397 4348 sive
3425 4306 3533 4347 non
3567 4292 3651 4359 sit,
3683 4292 3735 4347 izl

2143 4381 2493 4452 concupiscit.
2515 4380 2858 4453 Quapropter
2886 4380 3139 4436 festinare
3166 4380 3446 4449 debemus,
3478 4389 3538 4436 ut
3555 4396 3736 4452 querno

2144 4472 2437 4530 admodum
2458 4485 2685 4540 corpore
2701 4478 2945 4540 petentes
2964 4469 3432 4542 patriam,divitias
3449 4470 3634 4525 mundi
3651 4469 3734 4524 de

422 4604 538 4661 Deo
569 4610 622 4659 et
642 4567 884 4669 Patri,vet
917 4598 1030 4671 ipse
1079 4598 1179 4653 erit
1224 4595 1408 4653 omnia
1454 4594 1508 4650 in
1538 4594 1790 4651 omnibus
1817 4567 2022 4667 (I'Cor.

2151 4570 2418 4643 speximus
2444 4568 2873 4641 voluptatesque,
2914 4567 2988 4623 ita
3015 4568 3178 4624 etiam
3218 4568 3381 4625 corde
3410 4570 3527 4625 hec
3554 4567 3732 4623 omnia

423 4694 542 4765 xv).
576 4693 840 4748 Praeterea
870 4687 1168 4745 notandum
1223 4686 1369 4757 quod
1424 4684 1507 4740 his
1558 4684 1724 4740 tribus
1755 4684 1907 4739 libris
1936 4685 2025 4756 qui

422 4789 759 4847 intitulantur
810 4808 822 4845 :
884 4785 1177 4844 Proverbia
1258 4782 1586 4852 Salomonis,
1650 4782 2023 4852 Ecclesiastes,

424 4881 704 4938 Canticum
752 4876 1120 4940 Canticorum,
1177 4880 1502 4931 annotantur
1538 4880 1645 4928 tres
1674 4872 2025 4929 abrenuntia-

425 4971 620 5029 tiones.
652 4968 893 5039 Quarum
922 4967 1101 5037 prima
1146 4972 1244 5034 est,
1277 4980 1384 5034 qua
1421 4962 1774 5035 corporaliter
1800 4963 2024 5020 univer-

418 5081 505 5122 sas
531 5065 749 5123 divitias
777 5062 965 5119 mundi
1020 5061 1407 5131 facultatesque
1460 5059 1893 5130 contemminus;
1942 5079 2026 5118 se-

418 5156 614 5225 cunda,
683 5170 791 5226 qua
853 5168 1033 5208 mores
1093 5166 1158 5207 ac
1211 5150 1344 5207 vitia
1383 5147 1712 5221 affectusque
1771 5151 2026 5221 pristinos

416 5247 587 5304 animi
612 5244 898 5314 carnisque
925 5240 1267 5314 respuimus;
1320 5240 1492 5309 tertia,
1526 5256 1632 5310 qua
1661 5248 1898 5296 mentem
1929 5258 2025 5298 no-

415 5352 582 5403 atram
618 5344 689 5401 de
726 5341 1084 5414 praesentibus
1128 5338 1394 5395 universis
1437 5355 1500 5395 ac
1546 5338 1850 5395 visibilibus
1893 5357 2023 5397 evo-

414 5458 618 5511 camus,
671 5449 724 5499 et
773 5442 953 5498 futura
979 5437 1359 5494 santummodo
1386 5438 1838 5509 contemplemur,
1879 5448 1933 5495 et
1958 5457 2023 5497 ea

419 5547 541 5602 qua:
567 5539 692 5588 sunt
720 5529 1013 5587 invisibilia
1057 5527 1508 5597 concupiscimus.
1562 5525 1697 5596 Quae
1727 5528 1828 5584 tria
1857 5531 2019 5588 etiam

414 5621 644 5677 Abrahe
674 5619 936 5676 Dominus
981 5616 1257 5689 pmcepit,
1307 5633 1431 5672 cum
1476 5616 1678 5673 diceret
1710 5637 1723 5673 :
1762 5642 1784 5666 α
1815 5619 1920 5674 Exi
1949 5621 2019 5678 de

410 5720 555 5772 terra
585 5723 749 5772 tuaet
773 5717 842 5772 de
868 5714 1193 5789 cognatione
1234 5722 1325 5769 tua
1352 5722 1406 5770 et
1433 5715 1503 5770 de
1541 5714 1708 5771 domo
1747 5717 1913 5787 patris
1943 5709 2017 5775 tui

411 5803 578 5873 (Gen.
608 5806 735 5874 ιιι).
770 5824 793 5853 υ
826 5804 1068 5859 Primum
1089 5802 1227 5859 dixit
1260 5802 1375 5859 «de
1405 5810 1547 5860 terra
1578 5812 1686 5872 tua,
1715 5827 1738 5855 υ
1775 5805 1831 5860 id
1851 5815 1932 5862 est
1948 5806 2017 5864 de

408 5888 756 5953 Nutibus
801 5890 989 5950 mundi
1017 5891 1179 5963 hujus
1222 5891 1584 5964 operibusque
1634 5894 1876 5951 terrenis.
1919 5895 2015 5953 Se-

2131 4669 2512 4739 relinquentes,
2538 4665 2684 4721 nulla
2700 4682 2882 4721 rursus
2892 4665 2959 4720 ad
2971 4667 3106 4736 hinc,
3122 4682 3241 4736 quae
3260 4665 3573 4731 disimimus,
3599 4679 3729 4721 con-

2134 4757 2461 4830 cupiscentia
2479 4764 2832 4812 revertamur.
2854 4754 2965 4811 Sed
2988 4770 3096 4811 non
3116 4754 3356 4827 proderit
3376 4756 3604 4827 primam
3634 4754 3724 4809 ab-

2132 4859 2581 4917 renuntiationem
2604 4873 2728 4913 cum
2747 4871 2962 4911 summa
2988 4856 3278 4911 devotione
3306 4853 3429 4910 ﬁdei
3464 4854 3727 4925 suscepis-

2132 4977 2208 5027 se,
2228 4959 2271 5014 si
2290 4957 2582 5013 secundam
2601 4971 2710 5011 non
2728 4954 2920 5011 eodem
2941 4953 3185 5009 studio‘et
3204 4953 3690 5022 ardoreimplemus
3710 4969 3723 5010 :

2133 5058 2186 5106 et
2204 5049 2279 5106 ita
2297 5064 2419 5104 cum
2442 5047 2603 5102 etiam
2625 5047 2765 5101 hanc
2785 5044 3044 5099 fuerimus
3071 5042 3296 5115 indepti,
3330 5042 3399 5099 ad
3415 5043 3561 5098 illam
3590 5055 3727 5112 quo-

2133 5165 2235 5220 que
2257 5149 2464 5204 tertiam
2484 5145 2765 5218 pervenire
2784 5143 3077 5216 poterimus
3100 5161 3112 5198 :
3148 5158 3254 5214 qua
3270 5142 3470 5216 egressi
3490 5142 3557 5197 de
3568 5141 3726 5197 domo

2133 5239 2326 5310 prioris
2342 5237 2509 5292 nostri
2541 5235 2778 5308 parentis
2800 5249 3018 5289 omnem
3040 5233 3237 5288 mentis
3256 5231 3503 5287 intuitum
3522 5230 3593 5286 ad
3610 5244 3724 5286 cm-

2131 5338 2283 5393 lestia
2310 5336 2674 5391 deﬂectemus.
2726 5332 2899 5402 Hujus
2928 5331 3098 5387 tertiae
3125 5329 3607 5387 abrenuntiationis
3632 5344 3724 5385 ve-

2129 5453 2243 5492 ram
2276 5434 2663 5507 perfectionem
2698 5440 2821 5487 tunc
2849 5429 3181 5485 merebimur
3217 5429 3477 5497 obtinere,
3512 5426 3724 5499 quando

2129 5542 2283 5581 mens
2310 5532 2508 5591 nostra,
2533 5522 2680 5577 nullo
2701 5536 2911 5577 carnem
2934 5519 3279 5591 pinguedinis
3308 5518 3559 5574 hebetata
3588 5532 3722 5573 con-

2128 5624 2294 5696 tagio,
2342 5622 2437 5679 sed
2485 5620 2824 5694 peritissimis
2878 5617 3339 5674 eliminationibus
3379 5616 3614 5688 expolita
3654 5612 3723 5670 ab

2126 5714 2273 5768 omni
2303 5711 2496 5768 aﬁ‘ectu
2525 5719 2579 5768 et
2614 5709 2869 5781 qualitate
2906 5717 3139 5774 terrena,
3192 5723 3290 5780 per
3335 5705 3723 5761 indesinentem

2124 5811 2430 5869 divinarum
2485 5824 2667 5866 rerum
2738 5806 3126 5864 mediationem
3178 5804 3509 5879 spiralelque
3564 5806 3721 5864 theo—

2122 5901 2230 5958 rias
2256 5902 2329 5959 ad
2357 5901 2451 5959 illa
2478 5898 2775 5961 invisibilia
2804 5896 3091 5954 transierit.
3510 5916 3515 5921 ο
3668 5918 3669 5921 η
