3972 6406
1200 398 1784 458 DEFLORATIONES
1815 400 1914 457 SS.
1950 398 2256 460 PATRUM.
2289 435 2354 446 -—
2405 404 2539 461 LIB.
2587 410 2651 462 ll.

860 525 1005 581 Item
1033 525 1098 581 de
1129 525 1338 582 eodem.

319 632 348 663 ο
383 613 775 686 Egredimini,
808 611 930 669 tilia:
951 614 1102 678 Sion,
1145 621 1202 669 ut
1230 613 1418 669 videre
1445 614 1666 684 possitis
1696 630 1884 684 regem

228 699 644 759 Salomonem
675 704 863 771 (Cant.
897 707 999 772 ιιι).
1040 726 1059 749 ιι
1086 703 1240 759 Unde
1270 702 1470 758 dictum
1503 711 1585 757 est
1614 705 1844 758 Abrahae
1869 717 1882 756 :

233 814 261 845 ι
317 796 652 868 Egredere
691 797 758 852 de
781 804 932 852 terra
972 805 1084 864 tua,
1141 806 1192 851 et
1230 797 1299 852 de
1330 797 1654 870 cOgnatione
1694 805 1800 863 tua,
1833 805 1886 852 et

227 882 311 938 de
346 885 554 941 domo
582 886 756 958 patris
788 886 862 940 tui
884 887 1050 954 (Gen.
1090 887 1214 953 χιι).
1261 906 1282 938 ι
1343 887 1504 940 Terra
1536 886 1640 940 lata
1671 894 1721 940 et
1752 901 1885 956 spa-

224 971 403 1027 tiosa
448 993 466 1028 :
511 975 633 1030 haec
655 981 738 1029 est
767 973 1217 1042 curiositas.Qua:
1247 975 1372 1028 dum
1402 975 1508 1029 late
1537 983 1772 1046 vagatur
1787 990 1886 1044 per

226 1070 592 1138 exteriora,
634 1070 849 1126 interim
903 1071 1168 1125 subintrat
1199 1088 1427 1141 serpens
1470 1089 1482 1124 :
1526 1071 1756 1143 porrigit
1782 1087 1884 1142 po-

227 1174 446 1226 mum,
497 1167 557 1215 et
613 1159 844 1232 subripit
897 1160 1232 1231 paradisum.
1284 1162 1423 1214 Dina
1478 1159 1613 1215 foris
1666 1161 1886 1216 inventa

227 1247 660 1320 corrumpitur
679 1249 844 1317 (Gen.
874 1247 1086 1314 xxxiv).
1119 1249 1199 1304 De
1229 1249 1332 1304 hac
1351 1248 1664 1304 curiositate
1693 1264 1888 1304 exeun-

225 1345 393 1401 dum
420 1354 542 1411 est,
582 1346 964 1404 conservando
1003 1357 1257 1403 mentem.
1291 1349 1556 1418 Cognatio
1585 1358 1763 1404 autem
1802 1350 1884 1403 di-

228 1435 406 1491 citur
429 1435 698 1507 voluptas
727 1452 848 1506 quae
877 1435 1036 1490 nobis
1065 1437 1252 1491 innata
1273 1445 1356 1491 est
1383 1453 1412 1490 a
1432 1438 1606 1508 primo
1638 1447 1880 1507 parente,

229 1523 347 1594 qui
384 1524 733 1594 voluptuose
761 1524 931 1579 voluit
958 1526 1143 1581 vivere
1173 1526 1293 1580 sine
1341 1525 1479 1596 jugo
1509 1526 1833 1581 obedientise
1867 1544 1881 1580 :

230 1619 319 1675 de
367 1621 500 1676 hac
538 1621 847 1676 exeundum
887 1629 985 1689 est,
1030 1620 1410 1676 mortificando
1452 1637 1697 1676 carnem.
1777 1619 1884 1689 Qui

233 1709 573 1780 pmpriam
611 1709 806 1765 retinet
843 1709 1196 1774 voluntatem,
1241 1723 1452 1780 patrem
1493 1711 1651 1764 habet
1704 1711 1885 1765 diabo-
1991 1709 2068 1764 sic
2114 1728 2213 1781 per
2270 1712 2392 1768 illos
2437 1717 2622 1771 oculos
2698 1720 2965 1774 videbitur
3012 1723 3176 1788 Deus,
3238 1733 3294 1779 ut
3344 1709 3582 1783 habeant

238 1797 378 1852 lum
418 1815 435 1852 :
487 1799 579 1870 qui
607 1815 669 1854 se
728 1797 898 1853 voluit
937 1799 1163 1853 alterum
1197 1799 1378 1854 facere
1434 1799 1780 1868 principium,
1815 1799 1953 1886 de_
1989 1797 2188 1869 aliquid
2220 1801 2272 1853 in
2318 1810 2468 1858 tanta
2516 1807 2841 1862 excellentia
2892 1811 3057 1864 menti
3102 1812 3301 1879 simile,
3346 1831 3453 1886 quo
3528 1826 3581 1872 et

237 1895 448 1951 domo
482 1896 602 1964 ejus
630 1896 943 1950 exeundum
975 1905 1074 1960 est,
1108 1896 1386 1966 propriam
1418 1897 1747 1950 voluntatem
1778 1896 1876 1951 de-
1906 1881 1960 1942 Β
1990 1893 2319 1966 incorporea
2359 1909 2555 1956 natura
2605 1913 2881 1974 cernatur,
2927 1910 3069 1976 quod
3145 1909 3269 1964 ullis
3313 1881 3578 1984 exemplis

226 398 397 455 1123
1200 398 1784 458 ῡΕΡιοιιΑτιοΝΕε
1815 400 1914 457 SS.
1950 398 2256 460 PATRUM.
2289 435 2354 446 —
2405 404 2539 461 LIB.
2587 410 2651 462 ll.
3447 421 3580 472 H26

1911 527 1967 588 Α
2001 527 2202 594 siones,
2233 529 2441 585 scilicet
2469 539 2523 586 et
2552 534 2883 592 rationalem
2907 545 2961 592 ει
3002 537 3362 608 corporalem,
3395 540 3581 611 plures

1994 633 2209 686 quoque
2240 618 2515 674 habebunt
2571 621 2932 680 bcatitudines
2963 643 3125 696 quam
3173 628 3386 700 angeli.
3448 631 3581 686 Nam

1993 705 2175 777 angeli
2217 709 2444 777 perime
2477 710 2651 765 solum
2709 715 2853 785 quod
2887 715 3179 770 rationales
3222 727 3365 786 sunt,
3426 718 3582 774 vide-

1995 797 2128 852 bunt
2160 800 2350 867 Deum,
2385 806 2690 862 secundum
2727 809 2871 880 quod
2892 809 3015 866 facti
3045 820 3168 866 sunt
3200 813 3271 868 ad
3291 813 3579 886 imaginem

1994 887 2112 941 Dei.
2145 888 2261 945 Hoc
2291 899 2495 959 autem,
2535 895 2681 966 quod
2711 898 2894 968 angeli
2953 898 3113 954 futuri
3142 901 3251 956 sint
3277 902 3577 975 digniores,

1997 975 2204 1030 Veritas
2267 994 2374 1034 non
2423 981 2725 1052 pollicetur.
2807 988 2976 1041 Porro
3033 989 3125 1059 qni
3180 989 3283 1044 hoc
3331 1001 3582 1048 asserunt

1993 1073 2134 1143 quod
2167 1077 2450 1146 corporeis
2471 1081 2646 1135 oculis
2676 1083 2844 1137 visuri
2875 1084 2982 1138 sint
3027 1087 3198 1140 Deum
3231 1088 3497 1156 homines,
3526 1101 3584 1146 ut

1993 1165 2141 1218 tanta
2171 1179 2261 1218 res
2293 1165 2373 1220 eis
2403 1169 2682 1236 credatur,
2721 1171 2996 1228 adducunt
3051 1175 3268 1231 beatum
3317 1180 3580 1251 Augusti-

1992 1265 2122 1305 num
2177 1251 2231 1306 in
2264 1254 2631 1313 testimonium
2661 1260 2750 1330 qui
2786 1262 2886 1315 hos
2931 1261 3011 1316 eis
3064 1263 3342 1321 afﬁrmare
3370 1267 3586 1324 videtur

1992 1345 2048 1400 in
2076 1347 2263 1403 ultimo
2291 1349 2431 1405 libro
2462 1353 2538 1408 De
2569 1355 2789 1411 civitate
2818 1357 2940 1412 Dei.
2970 1359 3057 1412 Ait
3087 1376 3222 1433 ergo
3251 1361 3398 1418 ﬁnita
3429 1381 3580 1436 quae-

1991 1443 2165 1490 stione
2197 1455 2358 1509 quam
2390 1454 2750 1512 preposuerat
2782 1445 2852 1501 dc
2905 1447 3005 1502 hoc
3037 1456 3215 1502 utrum
3249 1450 3417 1506 visuri
3475 1453 3583 1509 sint

1992 1523 2242 1580 homines
2273 1527 2446 1582 Deum
2471 1546 2570 1600 per
2600 1547 2823 1603 corpus,
2859 1535 2994 1590 sicut
3047 1537 3294 1593 videmus
3327 1540 3497 1595 solem
3529 1551 3583 1598 ει

1991 1619 2168 1710 lunam
2202 1632 2254 1677 et
2283 1636 2478 1681 caetera
2508 1644 2758 1700 corpora,
2788 1647 2856 1686 an
2889 1647 3018 1688 non.
3069 1639 3174 1689 Aut
3203 1653 3357 1708 ergo,
3386 1639 3578 1710 inquit,

240 1984 548 2054 ponendo
581 1998 595 2038 :
631 1983 759 2049 imo,
786 1991 843 2038 ut
871 1984 993 2038 aliis
1025 1985 1208 2039 verbis
1261 1985 1473 2039 dicatur
1499 1985 1567 2039 de
1587 2000 1774 2049 cavea,
1807 1984 1876 2039 de

239 2087 530 2138 carcere,
583 2071 656 2127 de
684 2073 1040 2143 compedibus
1096 2072 1413 2142 fugiendum
1451 2078 1563 2128 est.
1645 2073 1875 2127 Mundus

238 2169 482 2225 dicitur
512 2170 848 2240 captivorum
881 2178 935 2225 et
966 2171 1405 2225 redimendorum
1425 2187 1636 2226 carcer.
1699 2169 1874 2224 infer-

239 2274 376 2312 nus
413 2275 610 2314 carcer
631 2266 714 2313 est
743 2259 1080 2330 captivorum
1109 2268 1163 2314 et
1192 2275 1300 2314 non
1331 2260 1743 2314 solvendorum.
1798 2261 1876 2315 De

244 2347 565 2402 mundano
593 2363 819 2404 carcere
857 2347 1048 2403 liberat
1079 2349 1364 2403 Dominus.
1424 2349 1578 2404 Unde
1632 2348 1830 2403 dicitur
1859 2365 1871 2401 :

252 2469 279 2493 α
321 2445 613 2502 Dominus
668 2446 936 2500 illuminat
982 2461 1158 2502 caecos
1190 2448 1365 2508 (Prol.
1399 2447 1558 2514 cxnv)
1591 2469 1612 2493 ι»
1638 2446 1761 2500 illos
1790 2445 1873 2500 vi-

247 2535 476 2592 delicet
508 2549 645 2606 quos
673 2535 946 2589 mundana
963 2543 1272 2590 excecant.
1309 2535 1486 2589 Cavea
1519 2542 1599 2589 est
1627 2549 1758 2590 caro
1778 2549 1874 2589 no—

247 2632 408 2688 stra,
491 2640 613 2695 quae
669 2623 819 2678 elidit
861 2623 1138 2678 animam:
1197 2623 1294 2677 sed
1340 2646 1362 2670 ι
1398 2624 1662 2678 Dominus
1717 2623 1874 2694 erigit

250 2721 447 2777 elisos
479 2721 682 2790 (ibid.).
719 2743 740 2768 η
774 2721 1052 2790 Compede
1085 2728 1298 2776 tenetur
1325 2721 1416 2791 qui
1465 2722 1741 2791 propriam
1772 2735 1870 2774 vo-

251 2808 540 2864 luntatem
569 2810 816 2881 sequitur
849 2827 860 2862 :
928 2809 1192 2863 Dominus
1221 2817 1397 2862 autem
1430 2809 1588 2863 solvit
1645 2823 1871 2878 compe-

250 2898 423 2953 ditos
453 2899 658 2967 (ibid.).
696 2897 884 2951 Videte
919 2913 1098 2969 regem
1124 2897 1489 2952 Salomonem.
1523 2897 1671 2951 Multi
1692 2897 1874 2951 vident

252 3013 491 3070 regem,
525 2996 624 3051 sed
649 3012 755 3052 non
787 2996 1160 3060 Salomonem,
1193 2996 1284 3067 qui
1312 3003 1508 3066 regunt
1537 3003 1590 3049 et
1614 2995 1872 3050 cohibent

254 3085 321 3140 in
361 3103 428 3142 se
459 3094 637 3142 motus
666 3085 905 3152 illicitos,
939 3094 992 3139 et
1039 3092 1218 3139 tamen
1278 3085 1404 3138 odio
1438 3083 1635 3138 habent
1680 3083 1869 3153 proxi-

255 3192 425 3231 mos.
465 3174 555 3230 Sic
585 3189 884 3230 econverso
913 3173 1064 3228 multi
1094 3173 1458 3238 Salomonem,
1492 3173 1588 3227 sed
1620 3187 1729 3226 non
1771 3187 1864 3226 re-

255 3289 405 3345 gem
435 3272 637 3337 vident,
672 3271 762 3342 qui
816 3285 1009 3341 pacem
1048 3279 1336 3325 servantes
1394 3271 1519 3324 vitia
1549 3285 1654 3324 non
1685 3268 1868 3324 corri-‘

256 3371 439 3435 gunt.
477 3360 561 3414 Illi
592 3375 777 3430 regem
819 3368 871 3413 et
924 3358 1273 3414 Salomonem
1322 3358 1508 3413 vident
1566 3358 1656 3428 qui
1688 3366 1866 3412 motus

257 3464 476 3520 pravos
499 3450 881 3518 comprimunt,
924 3455 977 3501 et
1035 3448 1104 3500 ab
1133 3446 1258 3500 odio
1303 3453 1541 3501 cessant.
1580 3469 1600 3491 α
1638 3446 1695 3498 In
1745 3445 1858 3499 dia-

259 3547 494 3602 demate
518 3561 626 3618 quo
657 3544 941 3600 coronavit
971 3561 1092 3599 eum
1123 3553 1300 3599 mater
1345 3559 1444 3598 sua
1476 3544 1669 3612 (Cant.
1709 3555 1860 3610 nu.»

256 3637 399 3692 Tria
429 3644 553 3690 sunt
597 3634 713 3689 veri
762 3633 1066 3688 Salomonis
1122 3632 1470 3687 diademata:
1525 3633 1700 3687 Unum
1758 3647 1866 3703 quo

259 3723 555 3781 coronavit
585 3739 707 3778 eum
736 3723 941 3788 Judaea,
982 3723 1129 3793 quod
1160 3731 1241 3776 est
1271 3721 1656 3776 misericordiae
1686 3737 1862 3792 quan-

258 3833 385 3880 tum
413 3823 482 3878 ad
511 3823 682 3887 illum,
713 3838 820 3876 non
853 3829 1114 3893 quantum
1145 3820 1213 3874 ad
1240 3821 1482 3875 Iudaeos.
1523 3820 1635 3875 Hoc
1667 3818 1762 3873 fuit
1795 3819 1862 3874 de

257 3909 464 3982 spinis.
488 3909 667 3979 Spina!
696 3907 1003 3980 significant
1045 3914 1270 3976 peccata
1301 3905 1493 3974 quibus
1547 3905 1857 3975 pungimur.

257 3999 399 4054 Haec
427 3997 542 4069 ipse
571 3995 824 4068 portavit,
887 4011 994 4050 non
1025 4011 1125 4065 per
1154 3994 1561 4065 experientiam,
1611 3995 1706 4048 sed
1761 4011 1862 4065 per

259 4095 735 4167 compassionem.
792 4092 947 4148 Unde
1003 4091 1132 4147 dicit
1162 4093 1468 4162 prepheta:
1524 4115 1545 4140 α
1600 4093 1721 4163 Ipse
1749 4091 1861 4147 lan-

257 4200 470 4260 guores
503 4192 722 4238 nostros
751 4181 890 4246 tulit,
951 4189 1002 4235 ει
1032 4188 1255 4250 peccata
1289 4189 1475 4234 nostra
1506 4182 1625 4251 ipse
1683 4190 1857 4251 porta-

257 4275 345 4331 vit
395 4274 522 4344 (Im.
557 4276 698 4341 LIII).
743 4293 764 4319 υ
799 4269 1116 4325 Secundum
1153 4276 1238 4324 est
1293 4284 1549 4324 carneum
1581 4270 1856 4340 diadema,

260 4388 376 4446 quo
408 4368 696 4426 coronavit
744 4383 871 4423 eum
901 4367 1072 4422 Maria
1118 4374 1297 4422 mater
1327 4383 1444 4435 sua,
1477 4367 1533 4421 in
1581 4383 1689 4438 quo
1718 4366 1856 4422 affe-

259 4462 480 4520 ctiones
510 4467 724 4514 nostras
746 4455 958 4512 habuit.
990 4456 1234 4510 Tertium
1265 4463 1347 4510 est
1376 4455 1620 4510 diadema
1645 4457 1858 4529 gloriae,

1984 1983 2098 2038 sive
2129 1985 2529 2057 Scripturarum
2577 1991 2901 2048 testimoniis
2947 1995 3249 2052 divinarum
3282 2001 3363 2054 vel
3422 1983 3574 2056 diffi-

1985 2071 2087 2127 cile
2143 2083 2226 2128 est
2264 2076 2345 2130 vel
2377 2076 2714 2148 impossibile
2771 2084 3086 2140 ostendere.
3150 2087 3293 2143 Ecce
3325 2090 3484 2145 audis
3504 2091 3573 2147 ab

1983 2169 2290 2241 Augustino
2316 2175 2460 2244 quod
2490 2175 2831 2247 impossibile
2854 2180 2924 2234 sit
2975 2183 3268 2239 ostendere
3289 2203 3354 2240 ex
3378 2187 3576 2244 divinis

1986 2257 2279 2328 Scripturis
2312 2263 2454 2332 quod
2487 2265 2634 2318 Deus
2665 2265 2718 2319 in
2755 2267 2934 2323 futuro
2957 2273 3233 2340 corporeis
3262 2274 3434 2329 oculis
3490 2277 3575 2331 vi-

1984 2344 2193 2413 deatur,
2229 2356 2281 2402 et
2310 2357 2368 2403 tu
2401 2350 2535 2406 dicis
2562 2369 2682 2408 eum
2713 2353 2989 2412 affirmare
3020 2361 3122 2414 hoc
3153 2361 3295 2431 quod
3326 2361 3448 2433 ipse
3469 2381 3570 2420 nc-

1984 2450 2077 2513 gat
2104 2443 2286 2516 aliquo
2341 2448 2506 2503 modo
2560 2466 2725 2520 posse
2757 2454 2995 2523 probari.
3048 2457 3188 2513 Ecce
3219 2460 3372 2514 audis
3428 2464 3573 2534 quod

1982 2541 2230 2635 spiritale
2303 2561 2505 2618 corpus
2581 2551 2890 2608 habiturum
2933 2565 3078 2611 esset
3135 2559 3310 2615 simile
3367 2563 3570 2635 aliquid

1982 2631 2167 2698 menti,
2227 2649 2341 2705 quo
2373 2636 2520 2691 Deus
2550 2637 2840 2695 invisibilis
2871 2655 3208 2711 cerneretur,
3256 2649 3384 2720 quia
3410 2631 3572 2707 aliter

1983 2734 2091 2773 non
2120 2730 2307 2790 posset
2334 2723 2504 2780 videri
2534 2727 2683 2782 Deus
2713 2746 2813 2801 per
2844 2747 3064 2803 corpus,
3116 2735 3218 2790 nisi
3249 2737 3431 2811 imago
3469 2741 3570 2796 Dei

1981 2831 2081 2886 per
2107 2833 2270 2886 quam
2303 2817 2475 2875 solam
2510 2823 2680 2879 videri
2709 2835 2892 2896 potest
2923 2830 3091 2896 Deus,
3123 2831 3244 2901 ipso
3266 2838 3568 2908 Augustino

1981 2911 2136 2971 teste,
2170 2918 2451 2963 crearetur
2480 2911 2533 2964 in
2564 2929 2796 2984 corpore
2817 2916 3099 2986 spirituali.
3125 2920 3281 2988 Quod
3311 2925 3356 2976 si
3387 2923 3566 2993 fieret,

1979 3007 2087 3046 non
2112 2993 2224 3061 jam
2255 3011 2472 3067 corpus,
2528 3000 2622 3054 scd
2653 3003 2872 3072 spiritus
2904 3005 3145 3061 futurum
3192 3019 3338 3066 esset
3391 3012 3567 3084 ipsum

1976 3105 2170 3160 corpus
2198 3110 2209 3146 :
2245 3095 2387 3163 quod
2419 3097 2572 3150 nefas
2589 3107 2669 3152 est
2687 3101 3159 3160 credere.Deinde
3189 3106 3418 3163 alteram
3440 3127 3569 3181 par-

1976 3184 2079 3231 tem
2105 3181 2419 3250 qurestionis
2449 3186 2746 3256 subJungit,
2804 3197 2896 3242 aut
2927 3192 3070 3261 quod
3126 3203 3209 3248 est
3232 3195 3444 3252 facilius
3475 3200 3566 3254 in-

1977 3264 2325 3335 telligendum
2362 3286 2375 3322 :
2409 3271 2478 3324 ita
2535 3271 2685 3327 Deus
2717 3275 2875 3331 nobis
2905 3279 3006 3332 erit
3033 3288 3192 3335 notus
3218 3291 3381 3354 atque
3425 3302 3564 3342 con-

1975 3363 2214 3433 spicuus,
2249 3373 2305 3420 ut
2336 3366 2582 3422 videatur
2613 3372 2810 3440 spiritu
2839 3390 2868 3426 a
2897 3375 3125 3448 singulis
3152 3381 3329 3446 nobis,
3361 3381 3416 3438 in
3447 3385 3564 3439 sin—

1977 3452 2118 3524 gulis
2148 3453 2302 3507 nobis
2339 3473 2355 3521 ;
2389 3456 2643 3512 videatur
2675 3460 2742 3513 ab
2773 3461 2944 3518 altero
2973 3464 3026 3518 iu
3056 3465 3224 3522 altero
3259 3487 3274 3535 ;
3318 3471 3564 3528 videatur

1974 3539 2028 3593 in
2060 3542 2267 3612 seipso,
2348 3545 2597 3600 videatur
2626 3547 2678 3601 in
2737 3550 2876 3605 coelo
2925 3567 3064 3608 novo
3120 3563 3173 3610 et
3220 3565 3364 3613 terra
3419 3577 3564 3618 nova

1975 3638 2163 3709 (Apoc.
2198 3643 2316 3709 xu),
2351 3650 2516 3713 atque
2546 3644 2598 3697 in
2648 3645 2795 3699 omni
2827 3665 2948 3718 quae
2989 3659 3114 3706 tunc
3143 3651 3360 3711 fuerunt
3401 3674 3562 3715 crea-

1974 3735 2110 3792 tura,
2148 3729 2392 3784 videalur
2422 3739 2474 3785 et
2503 3748 2606 3802 per
2637 3750 2866 3804 corpora
2897 3737 2949 3790 in
2981 3742 3128 3794 omni
3159 3757 3408 3814 corpore,
3440 3764 3568 3819 quo-

1971 3829 2185 3888 cunque
2214 3817 2413 3873 fuerint
2443 3819 2742 3890 spiritualis
2800 3829 3049 3896 corporis
3089 3831 3232 3885 oculi
3261 3833 3380 3888 acie
3431 3817 3564 3906 per-

1970 3915 2220 3970 veniente
2251 3916 2467 3972 directi.
2509 3920 2649 3975 Ecce
2698 3929 2860 3976 totam
2914 3926 3239 3995 quastionem
3297 3948 3418 4002 qua:
3465 3933 3565 3990 fuit

1969 4002 2284 4059 bimembris
2340 4006 2627 4080 recollegit
2700 4010 2802 4064 sub
2848 4012 3228 4082 disiunctione.
3257 4019 3381 4074 Non
3410 4023 3560 4078 enim

1968 4091 2101 4147 dixit
2136 4112 2147 4148 :
2182 4095 2329 4149 Istud
2361 4103 2444 4150 est
2475 4113 2488 4159 ;
2520 4098 2616 4152 sed
2647 4098 2816 4154 dixit:
2841 4103 2945 4156 Aut
2973 4103 3112 4159 istud
3143 4115 3244 4172 est,
3268 4117 3364 4163 aut
3391 4109 3559 4167 illud:

1971 4189 2035 4242 Et
2061 4189 2185 4245 ideo
2214 4194 2464 4263 quamvis
2507 4194 2741 4250 alterum
2778 4197 2847 4252 sit
2876 4215 3087 4266 verum,
3120 4203 3406 4262 afﬁrmavit
3431 4209 3565 4264 nihil

1971 4285 2152 4334 tamen
2193 4281 2300 4346 hic,
2335 4297 2436 4336 suo
2468 4299 2621 4338 more
2673 4300 2866 4357 agens,
2944 4289 3048 4344 nisi
3078 4292 3183 4347 hoc
3211 4294 3386 4350 solum
3417 4299 3563 4370 quod

1967 4376 2167 4437 praeter
2195 4371 2549 4439 quaestionem
2611 4389 2682 4428 ex
2738 4377 3008 4432 sententia
3053 4382 3233 4451 posuit
3259 4399 3370 4439 non
3396 4401 3561 4458 posse

1969 4465 2186 4520 ostendi
2225 4469 2490 4538 exemplis
2521 4469 2644 4524 ullis
2665 4471 2749 4526 vel
2780 4471 3183 4545 Scripturarum
3215 4481 3558 4553 testimoniis,

261 4565 375 4624 quo
404 4546 688 4604 coronavit
717 4561 839 4601 eum
870 4545 1030 4599 Pater
1084 4560 1216 4598 suus
1253 4544 1534 4599 sedentem
1565 4545 1633 4599 ad
1663 4544 1856 4601 dexte-
1881 4581 1934 4643 Β
1968 4553 2112 4622 quod
2147 4555 2244 4608 Dei
2277 4555 2600 4626 incorporea
2637 4544 2946 4616 substantia
2974 4581 3072 4634 per
3099 4569 3343 4637 corporis
3371 4544 3560 4628 oculos

257 4663 382 4704 ram
414 4661 570 4699 suam
601 4661 614 4696 :
649 4643 803 4697 Unde
834 4641 1134 4712 Apostolus
1167 4660 1179 4694 :
1220 4641 1506 4694 «Videmus
1528 4641 1714 4695 Jesum
1741 4657 1852 4712 pro-

258 4746 384 4808 pter
412 4733 720 4804 passionem
779 4731 968 4784 mortis
997 4731 1173 4800 gloria
1215 4743 1270 4784 et
1303 4731 1505 4785 honore
1530 4740 1852 4786 coronatum

257 4825 456 4897 (Hebr.
489 4828 570 4891 ιι).
606 4844 626 4868 υ
656 4821 720 4874 Ει
750 4819 804 4872 in
833 4819 1044 4890 psalmo
1079 4834 1092 4873 :
1129 4841 1152 4867 ι
1189 4818 1372 4874 Gloria
1414 4828 1466 4875 et
1497 4821 1699 4876 honore
1755 4837 1850 4877 co-

258 4919 466 4978 ronasti
495 4935 622 4975 eum
648 4918 825 4988 (Psal.
854 4919 997 4985 vni).
1017 4939 1039 4964 ιι

257 5040 428 5120 Deeo
456 5034 598 5120 quod
628 5033 897 5120 nonnulli
926 5033 1341 5120 inconsiderate
1369 5035 1656 5114 afﬁrmant
1665 5037 1852 5119 justo:

333 5112 397 5165 in
445 5105 642 5179 futuro
675 5105 783 5179 Dei
809 5120 1050 5179 regnum
1105 5105 1281 5179 Deum
1321 5106 1539 5162 visuros
1571 5105 1849 5179 corporei:

331 5174 532 5236 oculis.
564 5178 638 5232 De
668 5174 847 5230 verbis
877 5174 1205 5245 Augustini.

332 5310 566 5380 Quidam
608 5307 928 5381 promittunt
959 5307 1136 5375 nobis,
1167 5307 1277 5364 imo
1307 5308 1434 5378 sibi,
1468 5312 1610 5381 quod
1634 5311 1846 5367 beatio-

256 5425 349 5466 res
380 5405 564 5479 angeli
589 5405 695 5459 sint
751 5401 935 5470 futuri,
988 5411 1297 5457 asserentes
1341 5405 1487 5475 quod
1530 5422 1640 5460 non
1669 5407 1846 5461 solum

253 5513 358 5570 per
413 5496 518 5550 hoc
548 5493 694 5564 quod
723 5490 894 5546 creati
941 5498 1066 5545 sunt
1095 5490 1164 5544 ad
1195 5491 1484 5564 imaginem
1531 5494 1648 5560 Dei,
1681 5495 1846 5551 visuri

256 5593 382 5642 sunt
411 5585 607 5647 Deum,
638 5581 776 5635 sicut
826 5579 1009 5649 angeli
1057 5578 1202 5633 beati
1251 5580 1435 5635 vident
1492 5581 1686 5650 Deum,
1747 5585 1845 5639 sed

257 5686 420 5742 etiam
451 5697 548 5754 per
575 5693 872 5748 corporeos
927 5677 1122 5732 oculos
1178 5678 1232 5732 in
1264 5680 1533 5750 spirituali
1579 5697 1834 5752 corpore.

255 5773 414 5844 Quod
443 5771 490 5826 si
547 5782 739 5823 verum
769 5765 948 5834 fuerit,
1007 5767 1133 5836 quia
1162 5767 1297 5823 visio
1341 5767 1442 5823 Dei
1470 5781 1554 5823 est
1583 5779 1844 5827 creaturae

255 5859 535 5921 rationalis
567 5854 863 5921 beatitudo,
893 5853 1037 5910 sicut
1062 5853 1249 5925 plures
1293 5855 1570 5913 habebunt
1599 5857 1702 5914 Dei
1757 5859 1843 5916 vi-

1966 4640 2202 4697 videnda
2232 4644 2324 4698 sit.
2391 4646 2562 4700 Porro
2601 4648 2745 4718 quod
2776 4647 2831 4702 in
2875 4653 3161 4720 posteriori
3193 4665 3346 4726 parte
3399 4676 3554 4730 quae-

1962 4740 2155 4793 stionis
2185 4749 2238 4796 et
2267 4741 2548 4809 disiunctae
2578 4745 2738 4811 dixit,
2793 4748 3042 4803 videatur
3066 4759 3118 4804 et
3174 4768 3272 4823 per
3321 4769 3554 4828 corpora

1964 4828 2022 4880 in
2052 4828 2200 4883 omni
2221 4845 2474 4900 corpore,
2524 4848 2847 4904 quocunque
2879 4840 3074 4891 fuerint
3127 4841 3381 4910 spiritalis
3425 4861 3554 4900 cor—

1960 4916 2108 4988 poris
2137 4918 2279 4974 oculi
2311 4920 2430 4976 acie
2485 4923 2834 4992 perveniente
2880 4925 3071 4982 directi
3101 4942 3116 4998 ;
3175 4937 3266 4985 aut
3296 4931 3438 4987 idem
3470 4943 3554 4990 est

1961 5015 2108 5086 quod
2136 5016 2190 5070 in
2222 5026 2381 5086 parte
2407 5020 2673 5088 superiori
2702 5033 2982 5093 posuerat,
3042 5025 3250 5081 scilicet
3281 5046 3380 5100 per
3409 5046 3547 5088 ocu-

1968 5106 2050 5161 los
2099 5123 2395 5177 corporeos
2445 5109 2716 5164 videbitur
2761 5112 2930 5179 Deus,
2987 5123 3039 5168 et
3066 5115 3143 5171 sic
3172 5116 3289 5186 ipsa
3321 5121 3550 5190 quaestio

1958 5211 2066 5252 non
2115 5206 2325 5252 constat
2354 5213 2417 5252 ex
2449 5200 2738 5254 contrariis
2769 5202 3030 5272 partibus,
3062 5211 3114 5259 et
3152 5204 3267 5276 jam
3314 5222 3422 5263 non
3445 5211 3550 5264 erit

1960 5292 2210 5364 quaestio,
2286 5310 2468 5368 neque
2496 5295 2766 5365 disjuncta
2799 5313 2812 5367 ;
2845 5306 2936 5354 aut
2960 5301 3004 5355 si
3063 5310 3144 5357 est
3188 5303 3338 5358 aliud
3381 5323 3546 5378 quam

1958 5382 2091 5437 illud
2123 5385 2266 5452 quod
2299 5393 2574 5454 posuerat,
2623 5393 2678 5439 ut
2733 5391 2801 5440 sit
2849 5389 3075 5459 quaestio
3132 5391 3268 5446 sicut
3297 5393 3414 5464 ipse
3445 5413 3548 5452 no-

1960 5471 2182 5526 minavit
2213 5489 2353 5539 eam,
2383 5480 2436 5527 et
2465 5480 2521 5527 ut
2552 5473 2764 5528 valeant
2818 5477 2912 5532 illa
2933 5477 3093 5550 signa
3141 5479 3544 5552 disjunctionis,

1957 5569 2011 5624 id
2063 5578 2144 5624 est
2173 5580 2270 5624 aut
2323 5571 2612 5626 vivendum
2643 5579 2726 5626 est
2784 5574 2911 5644 quid
2953 5575 3023 5628 sit
3052 5577 3197 5648 quod
3226 5579 3357 5634 dixit
3390 5598 3402 5635 :
3457 5583 3545 5638 vi—

1957 5657 2150 5712 deatur
2178 5669 2227 5714 et
2261 5677 2360 5730 per
2389 5675 2620 5730 corpora
2671 5660 2724 5714 in
2757 5661 2909 5716 omni
2938 5678 3186 5735 corpore,
3217 5677 3266 5722 et
3321 5677 3541 5727 caetera.

1953 5757 2224 5812 Nimirum
2254 5757 2490 5829 idipsum
2523 5758 2670 5830 quod
2698 5774 2871 5832 supra
2897 5762 3242 5831 premiserat
3269 5765 3373 5823 hoc
3402 5769 3546 5826 scili-

1952 5865 2038 5913 cet
2087 5857 2350 5914 credibile
2423 5864 2525 5928 est,
2558 5855 2641 5915 sic
2667 5873 2771 5915 nos
2816 5857 3034 5918 visuros
3087 5877 3212 5921 esse
3265 5865 3543 5924 mundana
