3972 6434
500 393 638 447 1127

1633 390 1972 449 WERNERI
2020 386 2308 450 ABBATIS
2345 396 2403 451 S.
2439 396 2661 454 BLASH

3667 405 3794 461 1128

497 530 730 587 corpora
752 515 877 573 coli
907 516 1035 571 novi
1070 524 1128 572 et
1162 523 1327 572 terrae
1354 532 1534 583 novae,
1596 526 1655 572 ut
1682 517 1865 572 Deum
1893 517 2099 588 ubique
2122 515 2179 578 Α
2210 515 2490 583 Quomodo
2509 525 2745 595 sanctus
2766 524 3122 594 Augustinus
3139 524 3301 595 ponit
3324 529 3382 582 et
3397 529 3633 595 exponit
3648 527 3798 584 dicta

503 614 832 676 pmsentem
865 614 917 661 et
946 605 1204 662 universa
1234 606 1399 661 etiam
1451 605 1763 676 corporalia
1790 605 2106 679 gubernan-

499 702 609 749 tem
637 710 737 766 per
759 709 996 765 corpora
1026 709 1150 766 quae
1190 694 1537 766 gestabimus
1582 702 1637 750 et
1669 712 1793 766 qum
1822 694 2103 766 conspici-

502 808 627 847 mus
653 806 984 864 quocunque
1024 806 1248 847 versum
1297 792 1491 848 oculos
1533 792 1879 859 duxerimus,
1910 792 2104 849 claris-

502 880 635 936 sima
664 880 1050 952 perspicuitate
1111 881 1433 937 videamus:
1485 882 1624 938 sicut
1658 882 1907 938 homines
1962 881 2106 937 inter

502 985 645 1043 quos
671 970 927 1025 viventes
955 978 1245 1042 motusque
1276 970 1472 1026 vitales
1498 978 1817 1027 exercentes
1844 970 2098 1038 vivimus,

499 1084 625 1124 mox
655 1076 714 1123 ut
739 1068 1064 1139 aspicimus,
1120 1084 1229 1125 non
1260 1069 1536 1125 credimus
1565 1070 1773 1135 vivere,
1806 1070 1905 1125 sed
1944 1069 2098 1124 vide-

500 1174 628 1214 mus
660 1173 673 1214 :
708 1174 831 1214 cum
863 1173 1052 1214 eorum
1082 1159 1252 1213 vitam
1283 1158 1402 1214 sine
1434 1159 1752 1230 corporibus
1780 1159 1969 1214 videre
1997 1174 2100 1214 ne-

499 1261 731 1319 quamus
759 1262 925 1320 quam
950 1255 1134 1305 tamen
1187 1247 1243 1302 iu
1301 1248 1383 1303 eis
1409 1262 1509 1319 per
1552 1262 1795 1320 corpora
1822 1247 2099 1320 conspici-

563 1462 719 1519 Prius
763 1461 1120 1534 inspiciamus
1151 1462 1488 1535 exemplum.
1529 1463 1669 1531 Vita,
1730 1480 1853 1538 quae
1883 1471 2099 1538 vegetat

495 1552 744 1608 membra
776 1560 830 1607 et
856 1569 960 1624 qua
989 1553 1179 1607 vivunt
1204 1568 1459 1624 corpora,
1493 1552 1785 1607 invisibilis
1815 1557 1920 1619 est,
1958 1552 2097 1608 sicut

493 1642 615 1714 ipse
642 1642 979 1715 Augustinus
1011 1641 1171 1699 dicit:
1203 1641 1387 1710 Quare
1416 1642 1854 1713 nullatenusipsa
1884 1642 2097 1697 videtur

493 1758 593 1813 per
622 1740 813 1797 oculos
842 1741 1111 1813 corporis,
1143 1742 1239 1795 sed
1271 1741 1481 1797 cordis.
1521 1741 1679 1799 Unde
1708 1757 1840 1814 ergo
1887 1742 2097 1796 discer-

489 1830 672 1885 nimus
701 1830 941 1886 viventia
971 1845 1005 1886 a
1034 1846 1140 1886 non
1172 1830 1480 1887 viventibus
1511 1846 1762 1901 corpora,
1813 1830 1919 1885 nisi
1949 1831 2090 1903 quod

493 1919 653 1975 simul
682 1928 916 1991 corpora
945 1920 1194 1992 vitasque
1246 1919 1497 1976 videmus
1526 1920 1557 1973 ?
1585 1919 1675 1977 Sic
1705 1919 1850 1975 idem
1904 1919 2096 1975 doctor

490 2017 683 2073 asserit
713 2017 961 2073 homines
992 2016 1236 2073 viventes
1264 2018 1567 2090 vitalesque
1605 2025 1788 2073 motus
1816 2032 2093 2074 exercen-

488 2114 573 2161 tes
601 2104 870 2163 videmus.
905 2106 1049 2175 Quid
1098 2106 1245 2162 enim
1294 2114 1397 2171 est,
1430 2107 1679 2163 videmus
1728 2107 1977 2162 homines
2009 2107 2094 2162 vi-

487 2202 699 2261 ventes,
732 2195 875 2266 quod
905 2195 1023 2267 ipse
1054 2211 1176 2250 mox
1212 2196 1464 2266 exposuit
1486 2195 1849 2268 subjungens,
1873 2195 2090 2251 vitales-

486 2309 593 2367 que
624 2300 802 2349 molus
853 2302 1196 2361 exercentes,
1229 2292 1338 2350 nisi
1377 2292 1628 2351 videmus
1657 2309 1766 2349 non
1800 2294 1977 2365 ipsam
2003 2293 2089 2348 ri-

483 2385 614 2449 tam,
648 2382 748 2438 sed
794 2391 975 2438 motus
1003 2382 1177 2438 factos
1207 2398 1241 2439 a
1273 2384 1398 2447 vita,
1425 2384 1553 2456 quia
1607 2390 1730 2439 sunt
1775 2383 2086 2440 certissima

492 2472 654 2546 signa
681 2471 825 2540 vitae,
856 2487 967 2527 non
995 2472 1113 2542 ipsa
1144 2473 1254 2528 vita
1273 2474 1302 2526 ‘2
1334 2473 1423 2529 Sic
1440 2473 1584 2529 enim
1605 2472 1790 2529 dicere
1812 2472 2087 2528 solemus:

490 2568 664 2625 Audio
694 2567 845 2623 illum
898 2569 951 2622 in
1003 2568 1167 2625 domo
1222 2569 1465 2636 ﬂentem,
1517 2570 1604 2625 vel
1657 2570 1945 2638 ridentem,
2003 2569 2090 2626 vel

486 2656 771 2713 absentem
799 2656 1143 2724 clamantem,
1175 2657 1230 2713 id
1261 2667 1346 2714 est
1373 2660 1558 2714 auditu
1580 2659 1737 2730 capio
1767 2659 1981 2728 ﬂetum,
2006 2660 2089 2715 vel

487 2746 683 2813 risum,
743 2745 830 2802 vel
886 2746 1182 2803 clamorem
1238 2746 1432 2819 ipsius,
1457 2763 1567 2804 non
1597 2748 1794 2819 ipsum.
1828 2748 1918 2804 Sic
1946 2748 2089 2805 dici—

488 2851 579 2900 tur
611 2859 625 2899 :
662 2843 835 2900 Video
874 2843 1092 2914 tejuste
1147 2854 1422 2919 agentem,
1484 2845 1723 2918 benigne
1757 2852 1811 2902 et
1840 2845 2092 2903 hilariter

486 2941 580 2989 tua
610 2932 1047 3000 distribueotem,
1099 2949 1222 2991 cum
1254 2942 1438 2991 tamen
1466 2934 1700 3005 justitia.
1734 2935 1817 2991 vel
1841 2935 2090 3009 benigni-

482 3030 584 3091 tas,
644 3021 729 3079 vel
762 3022 1003 3078 hilaritas
1033 3039 1064 3078 a
1094 3023 1242 3080 nullo
1270 3032 1563 3080 cernantur
1589 3025 1742 3097 ipsae,
1792 3026 1888 3081 sed
1919 3041 2088 3098 Opera

483 3137 673 3180 earum
730 3137 851 3192 qua:
895 3125 1166 3176 testantur
1225 3139 1420 3178 causas
1468 3123 1664 3179 adesse
1722 3124 1840 3179 sine
1892 3124 2088 3194 quibus

477 3227 589 3267 non
621 3209 837 3266 ﬂerent.
901 3213 1019 3267 Hoc
1070 3212 1235 3267 modo
1265 3212 1497 3267 dicimus
1528 3213 1704 3268 Deum
1749 3211 2080 3267 invisibilem
2116 3235 2168 3303 ο

480 3302 661 3356 omnia
690 3304 1092 3372 gubernantem
1148 3315 1248 3355 nos
1278 3301 1514 3367 visuros,
1548 3317 1671 3357 cum
1726 3302 1780 3356 in
1815 3302 2082 3372 spirituali

480 3414 710 3470 corpore
756 3398 1065 3455 clarissima
1122 3398 1518 3470 perspicuitate
1566 3398 1858 3455 oculorum
1915 3400 2081 3471 spiri-

481 3489 706 3545 tualium
737 3488 1087 3559 conspecturi
1148 3505 1341 3545 sumus
1390 3504 1498 3545 non
1531 3488 1710 3560 ipsam
1740 3489 1867 3560 ejus
1918 3500 2080 3546 natu-

477 3593 617 3647 ram,
650 3577 749 3634 sed
807 3577 1219 3632 subtilissimum
1275 3578 1756 3650 incorruptionem,
1794 3587 1848 3635 et
1876 3578 2082 3651 glorio-

480 3692 601 3732 sam
629 3675 1110 3743 immortalitatem,
1154 3684 1205 3731 et
1252 3683 1451 3732 caetera
1478 3676 1739 3748 insignia,
1770 3694 1891 3749 qua:
1928 3678 2082 3733 Deus

475 3765 798 3838 operabitur
824 3764 879 3820 in
912 3764 1110 3820 futuris
1140 3766 1507 3837 corporibus:
1548 3765 1695 3839 quod
1750 3767 1984 3838 pertinet
2011 3767 2082 3823 ad

473 3855 933 3929 gubernationem
972 3854 1113 3924 ejus.
1192 3854 1507 3910 Notandum
1549 3870 1688 3912 vero
1763 3855 1913 3929 quod
1950 3856 2082 3913 dicit

475 3969 802 4028 quocunque
829 3952 1022 4010 oculos
1059 3951 1444 4010 direxerimus.
1487 3952 1591 4009 Per
1626 3954 1736 4011 hoc
1773 3955 1916 4010 enim
1990 3954 2082 4010 in-

472 4043 657 4099 nuitur
692 4042 882 4099 oculos
921 4042 1086 4098 etiam
1125 4050 1254 4098 tunc
1292 4057 1404 4099 non
1455 4042 1663 4115 ubique
1699 4043 1938 4109 visuros,
1981 4045 2077 4100 sed

471 4132 550 4190 ibi
581 4140 788 4188 tantum
819 4147 937 4217 quo.
956 4130 1158 4187 fuerint
1185 4131 1396 4189 directi.
1430 4131 1688 4204 Alioquin
1742 4131 1945 4190 frustra
1974 4149 2075 4206 po-

475 4231 676 4287 suisset
702 4229 1106 4301 conSpiciemns
1136 4229 1442 4302 corporalia
1467 4246 1805 4304 quocunque
1844 4248 2068 4288 versum

474 4319 665 4377 oculos
695 4318 1084 4375 direxerimus.
1105 4319 1354 4392 Denique
1386 4320 1433 4375 si
1455 4320 1558 4377 hoc
1574 4321 1828 4392 exemplo
1847 4322 2075 4378 demon-

474 4408 669 4465 stravit
694 4423 860 4480 posse
883 4406 1063 4465 Deum
1084 4408 1258 4464 videri
1279 4409 1564 4482 corporeis
1584 4410 1759 4467 oculis
1790 4410 1844 4465 in
1865 4410 2067 4479 futuro,

472 4506 778 4564 contrarius
816 4513 901 4561 est
966 4506 1183 4563 sibimet
1222 4507 1311 4579 qui
1369 4508 1502 4564 dixit
1539 4508 1705 4581 paulo
1742 4518 1867 4565 ante
1904 4509 2068 4565 nullis

2392 594 2585 648 sancti
2638 595 2917 650 Ambrosii
2970 595 3036 650 de
3087 594 3282 652 eadem
3335 600 3662 670 quastione.

2284 676 2445 747 Quod
2477 682 2624 736 Deus
2647 681 2916 737 videndus
2946 682 3017 738 sit
3045 684 3410 755 corporaliter
3451 687 3507 741 in
3534 686 3798 758 spirituali

2213 790 2446 848 corpore
2475 787 2603 849 post
2632 780 3091 839 resurrectionem
3122 796 3154 836 a
3191 781 3418 848 sanctis,
3450 784 3577 855 quid
3607 785 3674 839 de
3698 784 3797 841 hac

2213 881 2276 921 re
2330 868 2567 924 senserit
2624 869 2819 925 beatus
2864 869 3205 943 Augustinus
3264 871 3566 929 videamus.
3602 873 3733 928 Nam
3760 888 3795 927 a

2212 957 2435 1012 Paulina
2465 958 2566 1013 Dei
2597 957 2799 1014 famula
2828 958 3121 1031 inquisitus
3147 960 3218 1016 de
3270 977 3332 1017 re
3359 963 3479 1030 ista,
3509 962 3693 1034 posuit
3742 970 3795 1018 et

2211 1054 2467 1123 eXposuit
2522 1056 2690 1114 verba
2720 1057 2868 1114 beati
2922 1058 3197 1115 Ambrosii
3244 1059 3554 1116 disserentis
3598 1060 3667 1116 de
3693 1060 3796 1117 hac

2210 1145 2528 1215 quastione,
2582 1145 2672 1202 hic
2727 1146 2991 1204 videlicet
3022 1166 3037 1202 :
3075 1172 3098 1197 ν
3134 1149 3307 1205 Deum
3336 1163 3495 1207 nemo
3516 1148 3647 1205 vidit
3691 1165 3792 1203 un-

2208 1248 2371 1305 quam
2403 1236 2595 1305 (Joan.
2634 1238 2696 1305 ι),
2727 1238 2852 1306 quia
2891 1252 3012 1293 eam
3036 1255 3162 1310 qum
3200 1238 3405 1295 habitat
3448 1238 3503 1293 in
3530 1239 3645 1294 Deo
3671 1229 3790 1309 ple;

2206 1332 2511 1389 nitudinem
2558 1333 2814 1390 divinitas
2869 1351 3031 1392 nemo
3075 1337 3381 1409 conspexit,
3410 1352 3570 1394 nemo
3615 1339 3792 1392 mente

2207 1430 2298 1478 aut
2326 1423 2500 1479 oculis
2530 1424 2972 1495 comprehendit.
3000 1448 3023 1475 α
3059 1426 3205 1483 Vidit
3236 1449 3261 1476 ιι
3294 1425 3441 1481 enim
3482 1425 3552 1481 ad
3581 1432 3788 1481 utrum-

2206 1536 2312 1592 que
2342 1529 2426 1576 est
2454 1521 2823 1579 referendum.
2855 1523 3101 1595 Denique
3127 1539 3253 1580 cum
3282 1523 3500 1579 additur
3545 1542 3569 1575 ι
3602 1523 3793 1596 unige-

2205 1611 2351 1665 nitus
2383 1610 2554 1666 Filius
2584 1613 2701 1682 ipse
2758 1613 3036 1668 enarravit
3065 1613 3278 1684 (ἅνω).
3322 1635 3345 1661 κ
3392 1612 3647 1669 mentium
3676 1628 3790 1668 ma-

2205 1702 2292 1770 gis
2321 1715 2483 1772 quam
2504 1701 2792 1756 oculorum
2840 1702 2978 1758 visio
3017 1702 3350 1759 declaratur.
3382 1701 3609 1773 Species
3645 1700 3787 1757 enim

2206 1798 2440 1865 videtur,
2463 1799 2637 1853 virtus
2667 1806 2914 1854 narratur
2933 1799 3067 1855 :lilla
3095 1799 3290 1867 oculis,
3314 1799 3403 1856 hic
3430 1807 3611 1856 mente
3636 1813 3789 1856 com-

2124 1878 2177 1937 Β
2207 1887 2583 1957 prehenditur.
2612 1889 2680 1944 Et
2708 1888 2846 1961 quid
2875 1889 3093 1954 mirum,
3125 1889 3173 1945 si
3202 1889 3256 1945 in
3287 1888 3541 1959 praesenti
3569 1888 3787 1956 seculo,

2203 1975 2309 2031 nisi
2339 1977 2560 2048 quando
2590 1976 2723 2045 vult,
2757 1978 3024 2035 Dominus
3043 1993 3154 2034 non
3174 1979 3430 2035 videtur?
3449 1980 3510 2034 In
3527 1980 3641 2049 ipsa
3670 1993 3789 2048 quo-

2200 2089 2315 2145 que
2347 2077 2752 2132 resurrectione
2782 2092 2893 2132 non
2940 2076 3101 2133 facile
3130 2084 3215 2133 est
3242 2077 3415 2133 Deum
3445 2075 3654 2143 videre,
3689 2074 3790 2130 nisi

2201 2163 2286 2218 his
2325 2165 2419 2236 qui
2460 2166 2635 2222 corde
2661 2174 2790 2221 sunt
2817 2166 3044 2223 mundo.
3075 2167 3145 2221 Et
3171 2166 3345 2223 ideo:
3388 2165 3541 2223 Beati
3589 2164 3789 2221 mundo

2198 2253 2366 2309 corde
2397 2254 2502 2325 ipsi
2532 2254 2684 2311 enim
2712 2256 2889 2311 Deum
2920 2255 3187 2312 videbunt
3215 2254 3520 2326 (Hatth.v).
3550 2252 3790 2323 Quantos

2194 2352 2308 2421 jam
2340 2352 2686 2409 nuntiaverat
2750 2353 2992 2420 beatos;
3059 2353 3160 2409 sed
3224 2357 3408 2408 tamen
3435 2350 3652 2409 videndi
3707 2350 3791 2407 his

2199 2441 2374 2497 Deum
2404 2457 2513 2497 non
2542 2442 2864 2512 promiserat
2892 2440 3226 2499 facultatem.
3283 2440 3342 2498 Si
3369 2456 3505 2511 ergo
3534 2441 3705 2496 Deum
3734 2439 3789 2494 hi

2200 2531 2290 2603 qui
2311 2531 2516 2586 mundo
2545 2538 2673 2586 sunt
2692 2531 2861 2588 corde
2891 2531 3168 2599 videbunt,
3201 2531 3388 2603 utique
3429 2545 3539 2586 non
3582 2528 3674 2585 alii
3703 2529 3787 2585 vi-

2199 2629 2633 2702 debunt.Neque
2653 2631 2798 2686 enim
2819 2630 3030 2703 indigni
3058 2630 3235 2687 Deum
3279 2628 3558 2696 videbunt,
3614 2643 3788 2698 neque

2198 2718 2249 2774 is
2284 2719 2378 2791 qui
2416 2720 2590 2775 Deum
2628 2718 2814 2776 videre
2843 2719 3098 2786 noluerit,
3155 2727 3336 2791 potest
3364 2719 3536 2775 Deum
3563 2718 3776 2774 videre.

2196 2808 2316 2864 Nec
2342 2808 2399 2863 in
2428 2808 2554 2864 loco
2586 2808 2804 2864 videtur
2831 2809 3118 2875 Dominus,
3143 2808 3246 2865 sed
3273 2808 3476 2864 mundo
3502 2807 3669 2865 corde
3688 2821 3789 2863 nec

2200 2906 2583 2978 corporalibus
2611 2907 2785 2963 oculis
2818 2906 3085 2963 Dominus
3112 2906 3393 2979 quaeritur,
3425 2921 3529 2962 nec
3554 2905 3787 2961 circum-

2197 2996 2459 3052 scribitur
2483 2997 2627 3063 visu,
2662 3013 2765 3053 nec
2793 3004 2941 3053 tactu
2961 3003 3193 3060 tenetur,
3223 3011 3329 3052 nec
3354 2995 3572 3050 auditur
3599 2992 3780 3059 aifatu,

2198 3102 2303 3142 nec
2332 3086 2830 3149 seutiturincessu,
2871 3094 2927 3142 et
2965 3101 3090 3143 cum
3145 3085 3347 3141 absens
3397 3092 3614 3155 putatur
3637 3079 3784 3152 judi-

2198 3192 2370 3249 cetur,
2411 3192 2466 3240 et
2501 3200 2626 3240 cum
2676 3200 2920 3255 praesens
2977 3192 3080 3252 est,
3109 3198 3217 3239 non
3257 3182 3492 3238 videtur.
3540 3180 3784 3250 Denique

2198 3289 2300 3330 nec
2329 3273 2567 3344 apostoli
2594 3289 2787 3330 omnes
2816 3274 3090 3330 Christum
3118 3272 3394 3338 videbant,
3436 3279 3492 3327 et
3517 3269 3640 3326 ideo
3667 3268 3779 3325 ait:

2195 3385 2219 3412 α
2255 3363 2429 3419 Tanto
2458 3372 2707 3435 tempore
2737 3362 3019 3420 vobiscum
3050 3378 3189 3429 sum,
3224 3369 3276 3419 et
3331 3360 3510 3418 adhuc
3537 3375 3646 3416 non
3682 3373 3779 3416 co-

2190 3460 2460 3533 gnovistis
2487 3475 2578 3517 me
2603 3461 2797 3533 (Joan.
2827 3462 2960 3531 XIV).
2997 3479 3022 3511 ι

2266 3614 2289 3641 α
2326 3590 2382 3647 Si
2409 3591 2528 3648 haec
2547 3589 2716 3647 verba
2743 3587 3023 3662 intelligis,
3056 3586 3185 3661 quid
3232 3594 3399 3644 restat
3455 3585 3598 3658 quod
3626 3600 3658 3641 a
3695 3600 3781 3641 me

2190 3680 2424 3752 amplius
2463 3681 2793 3753 requiratur,
2836 3695 2957 3735 cum
2993 3678 3107 3748 jam
3148 3676 3237 3732 illa
3275 3693 3396 3749 qua:
3432 3674 3664 3731 difﬁcilis
3692 3674 3778 3730 vi-

2190 3779 2421 3836 debatur
2441 3778 2623 3835 soluta
2654 3777 2722 3833 sit
2745 3777 2974 3851 quaestio
2988 3775 3135 3832 ?Sed
3162 3783 3454 3847 propterea
3477 3774 3647 3830 Deum
3675 3787 3777 3828 ne-

2190 3885 2281 3925 mo
2311 3868 2444 3925 vidit
2473 3883 2731 3941 unquam,
2767 3867 2890 3941 quia
2948 3866 3091 3922 sicut
3143 3865 3222 3921 ait
3272 3864 3592 3936 disputator,
3631 3862 3782 3931 cujus

2189 3958 2358 4015 verba
2396 3958 2830 4026 consideramus,
2873 3953 3269 4028 plenitudinem
3336 3950 3627 4011 divinitatis
3664 3951 3779 4021 ejus

2188 4073 2352 4114 nemo
2382 4056 2688 4129 conspexit,
2731 4071 2897 4112 nemo
2937 4062 3138 4121 mente,
3179 4060 3272 4110 aut
3309 4051 3485 4110 oculis
3522 4064 3778 4122 compre-

2185 4146 2376 4204 hendit
2407 4161 2421 4217 ;
2454 4152 2618 4203 restat
2647 4145 2925 4218 inquirere
2957 4143 3231 4217 quomodo
3278 4140 3463 4216 angeli
3488 4141 3658 4196 Deum
3690 4137 3775 4194 vi-

2182 4236 2369 4293 deant.
2420 4234 2478 4292 Si
2516 4234 2661 4291 enim
2700 4242 2753 4290 et
2790 4232 2924 4305 ipsis
2962 4248 3072 4289 non
3110 4231 3269 4288 sicuti
3305 4238 3405 4296 est,
3448 4229 3545 4285 sed
3573 4228 3774 4284 latente

2181 4345 2375 4391 natura
2405 4349 2505 4390 sua
2533 4334 2589 4389 in
2618 4349 2772 4406 spem
2803 4348 2925 4406 quae
2954 4330 3185 4388 voluerit
3214 4336 3459 4401 apparet,
3490 4326 3664 4400 magis
3688 4340 3774 4381 re-

2181 4424 2514 4498 quirendum
2545 4427 2650 4491 est,
2681 4422 2959 4495 quomodo
2987 4437 3089 4477 nos
3110 4419 3419 4476 videbimus
3448 4432 3569 4472 eum
3617 4412 3769 4471 sicuti

2178 4524 2281 4571 est.
2316 4514 2435 4570 Hoc
2461 4513 2606 4569 enim
2636 4528 2910 4568 summum
2957 4508 3240 4582 praemium
3296 4507 3351 4562 in
3382 4504 3769 4562 resurrectione

470 4594 737 4667 exemplis
764 4596 870 4652 hoc
918 4611 1079 4666 posse
1109 4597 1535 4653 ostendi.Valde
1583 4598 1785 4670 quippe
1816 4598 1921 4654 sibi
1960 4598 2064 4655 ad-

2195 4612 2517 4681 promittitur
2555 4611 2703 4684 quod
2742 4610 2943 4668 erimus
2999 4608 3237 4681 aequales
3284 4604 3493 4677 angelis
3521 4603 3617 4659 Dei
3649 4620 3662 4665 ;
3703 4616 3768 4657 ac

472 4693 763 4744 versantur
790 4684 940 4740 nullo
969 4685 1224 4757 exemplo
1255 4702 1422 4758 posse
1465 4688 1682 4743 ostendi
1710 4687 1847 4744 illud
1877 4697 1931 4744 et
1968 4689 2072 4745 hoc

471 4784 726 4857 exemplo
770 4800 937 4858 posse
965 4786 1183 4841 ostendi
1212 4784 1369 4842 illud.
1409 4787 1479 4842 Et
1542 4787 1588 4842 si
1628 4788 1942 4845 contrarius
1991 4796 2075 4845 est

474 4875 600 4946 sibi,
631 4890 741 4931 non
778 4881 958 4946 potest
1005 4891 1115 4931 non
1143 4891 1267 4931 esse
1326 4875 1491 4932 etiam
1534 4875 1727 4933 falsus.
1789 4877 2076 4934 Contraria

470 4965 617 5022 enim
655 4962 819 5019 simul
877 4979 989 5020 non
1026 4971 1255 5036 possunt
1292 4980 1416 5022 esse
1470 4981 1625 5023 vera.
1668 4967 1777 5023 Sed
1815 4966 1974 5034 absit,
2016 4977 2074 5023 ut

464 5061 611 5135 quod
638 5059 772 5117 dicit
799 5059 1163 5134 Augustinus,
1185 5059 1388 5133 aliquis
1416 5070 1713 5134 praesumat
1737 5063 1927 5121 dicere
1965 5065 2071 5121 fal-

469 5167 591 5208 sum
623 5165 769 5206 esse.
841 5147 1026 5219 Quare
1065 5164 1171 5206 nec
1237 5151 1543 5207 contrarius
1582 5160 1664 5208 est
1701 5152 1832 5209 sibi.
1880 5154 2071 5211 Restat

403 5277 420 5289 .
467 5247 680 5314 ergout
709 5240 816 5295 hoc
849 5239 1104 5310 exemplo
1141 5252 1252 5294 non
1289 5240 1545 5295 ostendat
1574 5242 1674 5297 Dei
1702 5242 2067 5300 substantiam

464 5337 640 5409 ipsam
671 5335 1054 5410 corporalibus
1075 5336 1249 5392 oculis
1270 5352 1435 5408 posse
1458 5338 1651 5406 videri,
1677 5340 1898 5412 quando
1917 5357 2066 5398 asse-

466 5427 574 5483 ruit
602 5427 768 5483 nullis
790 5425 1065 5497 exemplis
1094 5427 1310 5482 ostendi
1333 5442 1517 5498 posse.
1546 5427 1703 5499 Quod
1724 5446 1859 5504 ergo
1880 5439 2068 5487 osten-

465 5516 547 5572 dit
581 5517 755 5573 videri
778 5531 947 5588 posse
969 5516 1072 5571 nisi
1090 5518 1235 5588 quod
1283 5516 1520 5573 diximus
1541 5519 1843 5575 clarissima
1863 5520 2067 5577 indicia

465 5627 577 5669 suae
630 5615 915 5685 praesentis
968 5614 1245 5687 potentia,
1310 5616 1614 5685 sapientiae,
1667 5617 2063 5691 benignitatis:

465 5702 664 5774 quibus
694 5701 1025 5776 glorificabit
1057 5712 1113 5760 et
1142 5704 1509 5779 contigurabit
1565 5721 1801 5779 corpora
1833 5708 2063 5765 immor-

460 5791 594 5847 talia
621 5792 764 5848 t'acta
790 5794 1041 5863 corporis
1070 5794 1246 5851 nostri
1274 5794 1497 5851 Domini
1525 5795 1777 5867 claritati,
1809 5806 1865 5856 et
1894 5814 2063 5857 reno-

459 5888 606 5945 vabit
630 5888 843 5947 coelum.
860 5896 917 5946 et
944 5897 1163 5949 terram.

2180 4718 2280 4774 per
2308 4702 2432 4768 hoc,
2466 4701 2512 4756 si
2541 4716 2645 4757 nec
2674 4700 2779 4773 ipsi
2809 4716 2937 4756 eum
2969 4699 3154 4754 vident
3176 4697 3333 4752 sicuti
3366 4703 3467 4760 est,
3501 4689 3766 4764 quomodo

2180 4807 2286 4846 nos
2314 4789 2486 4846 visuri
2516 4806 2724 4857 sumus,
2764 4789 2836 4844 ita
2890 4803 3014 4846 cum
3043 4787 3123 4843 eis
3168 4783 3403 4859 mquales
3431 4783 3485 4837 in
3518 4795 3767 4837 resurre-

2182 4887 2419 4944 ctionem
2450 4885 2575 4943 facti
2607 4885 2889 4942 fuerimus.
2922 4885 3066 4940 Nota
3094 4889 3297 4949 autem,
3346 4880 3472 4953 quia
3516 4877 3659 4934 istud
3687 4884 3768 4933 est

2178 4981 2374 5035 contra
2404 4976 2674 5040 homines,
2708 4990 2816 5048 quo
2845 4973 3030 5030 dicunt
3059 4971 3261 5028 nullam
3310 4976 3626 5034 creaturam,
3666 4981 3767 5023 nec

2176 5066 2429 5139 angelos.
2458 5080 2565 5122 nec
2590 5064 2850 5121 homines
2886 5063 3104 5119 visuros
3153 5061 3335 5118 Deum
3374 5058 3430 5115 in
3465 5073 3564 5114 sua
3600 5056 3763 5128 ipsius

2178 5161 2606 5229 substantia,sed
2625 5162 2678 5216 in
2690 5159 2993 5233 phantasiis
3014 5156 3360 5231 quibusdam.
3377 5154 3483 5211 Sed
3501 5152 3622 5209 vide
3637 5150 3761 5223 quid

2179 5261 2584 5325 consequenter
2612 5248 3133 5306 dicatAmbrosius:
3168 5269 3192 5294 α
3220 5244 3487 5317 Denique,
3517 5267 3538 5293 ιι
3570 5241 3758 5314 inquit.

2176 5359 2306 5399 cum
2332 5342 2571 5408 additur,
2602 5340 2917 5412 uuigenitus
2948 5336 3112 5393 Filius
3138 5334 3259 5405 ipse
3316 5331 3567 5398 narravit,
3606 5344 3758 5385 men-

2175 5441 2309 5496 tium
2342 5440 2523 5514 magis
2543 5454 2706 5511 quam
2756 5437 3042 5494 oculorum
3082 5433 3221 5490 visio
3258 5431 3582 5488 declaratur.
3621 5427 3757 5499 Spe-

2171 5530 2290 5587 cies
2349 5530 2498 5586 enim
2564 5528 2793 5595 videtur,
2838 5526 3006 5581 virtus
3042 5532 3299 5579 narratur
3340 5536 3353 5576 :
3394 5520 3485 5575 illa
3534 5517 3704 5576 oculis
3739 5534 3756 5584 ;

2172 5621 2291 5677 hac
2329 5627 2512 5676 mente
2549 5614 3061 5689 comprehenditur.
3143 5611 3283 5681 Quia
3347 5625 3481 5666 vero
3552 5606 3758 5680 species

2183 5718 2434 5775 usitatius
2456 5718 2515 5773 in
2568 5714 2895 5788 corporibus
2921 5711 3140 5779 dicitur,
3200 5708 3290 5766 vel
3318 5709 3373 5764 iu
3403 5702 3758 5763 similitudini-

2171 5809 2276 5866 bus
2318 5822 2638 5881 corporum,
2697 5804 2823 5862 ideo
2859 5802 2996 5860 dixit
3026 5819 3041 5857 :
3089 5800 3317 5872 Species
3370 5796 3605 5862 videtur,
3643 5793 3755 5850 vir.

2174 5906 2262 5955 tus
2284 5905 2561 5968 narratur,
2593 5893 2830 5953 Proinde
2857 5891 3106 5950 narravit
3131 5887 3445 5965 Unigenito,
3471 5884 3570 5959 qui
3592 5890 3677 5941 est
3700 5882 3755 5941 in
