3972 6402
161 361 315 410 H29

1156 363 1731 418 DEFLORATIONES
1763 366 1856 418 SS.
1896 367 2193 421 I’A'l'ltl'il.
2229 399 2294 409 -—
2329 369 2459 422 LIB.
2496 372 2566 423 II.
3373 383 3509 438 1130

161 484 297 536 sinu
338 484 549 538 Patris
580 484 635 537 in
683 484 993 539 narratione
1045 484 1323 553 ineffabili,
1376 489 1517 541 quod
1566 498 1810 541 creatura
1844 491 1890 548 Α
1931 491 2124 557 θυμω,
2159 501 2209 543 et
2241 511 2399 562 quem
2436 495 2626 548 misisti
2656 497 2842 550 Jesnm
2876 498 3198 556 Cllrislum‘?
3239 527 3259 549 η
3313 508 3502 571 (Ιυίιη,

163 581 508 634 rationalis
548 582 752 634 munda
790 590 841 635 et
891 591 1092 647 sancta,
1145 583 1397 653 impletur
1451 585 1544 638 Dei
1607 586 1813 640 visione

165 669 502 734 ineffabili,
554 685 718 739 quam
765 679 888 723 tunc
933 686 1348 741 consequamur,
1404 689 1524 727 cum
1573 675 1813 743 zequales

166 757 414 828 angelis
451 757 594 812 facti
629 757 926 812 fuerimus.
969 759 1044 812 Eo
1067 760 1264 830 quippe
1288 761 1446 814 modo
1477 778 1582 831 quo
1615 763 1817 815 videbi-

168 862 267 908 tur
303 854 504 909 sicuti
535 863 640 921 est,
683 871 824 909 nunc
870 854 1098 910 fortasse
1146 857 1366 910 videtur
1414 873 1444 912 a
1492 860 1813 930 quibusdam

167 943 419 1013 angelis
460 961 476 997 :
517 958 552 997 a
585 944 741 997 nobis
773 952 951 998 autem
985 953 1112 998 tunc
1141 944 1216 999 ita
1251 946 1541 1012 videbitur,
1575 965 1696 1002 cum
1739 949 1816 1001 eis

170 1031 317 1087 facti
355 1031 650 1085 fuerimus
681 1033 940 1102 aequales.
987 1034 1144 1088 Nunc
1193 1050 1325 1089 sane
1372 1037 1632 1106 quzerilur
1676 1053 1815 1106 quo-

169 1129 360 1184 modo
397 1130 672 1184 videatur
702 1131 866 1195 Deus,
893 1147 1000 1184 non
1019 1146 1082 1184 ea
1106 1131 1288 1201 specie
1315 1149 1418 1202 qua
1453 1141 1501 1186 et
1525 1133 1574 1186 in
1593 1133 1694 1187 isto
1712 1151 1819 1188 sae-

172 1217 312 1274 culo
348 1217 710 1290 quibusdam
744 1217 916 1272 voluit
951 1233 1214 1288 apparere
1251 1235 1262 1286 ;
1312 1220 1532 1288 quando
1572 1237 1679 1276 non
1724 1237 1817 1275 so-

170 1306 298 1361 lum
343 1322 494 1362 cum
545 1303 824 1360 Abraham
882 1306 1118 1377 aliisque
1169 1308 1352 1376 justis,
1410 1325 1600 1363 verum
1657 1310 1817 1364 etiam

175 1419 316 1460 cum
353 1403 515 1458 Cain
550 1402 828 1458 fratricida
858 1403 1073 1458 locutus
1103 1413 1206 1469 est,
1258 1405 1353 1459 sed
1404 1406 1676 1477 quomodo
1734 1407 1818 1462 vi-

177 1493 403 1549 deatur
439 1491 505 1545 in
541 1490 632 1547 illo
663 1506 857 1559 regno,
890 1491 979 1544 ubi
1009 1508 1130 1545 eum
1164 1493 1256 1546 filii
1288 1494 1402 1561 ejus
1431 1495 1685 1548 videbunt
1706 1497 1819 1551 sic-

180 1581 270 1635 uti
307 1588 434 1636 est.
482 1579 606 1647 Quo
641 1579 918 1634 desiderio
950 1580 1218 1652 ﬂagrabat
1253 1583 1484 1652 Moyses,
1531 1583 1614 1638 cui
1674 1583 1820 1654 loqui

180 1677 256 1730 ad
294 1677 502 1731 Deum
536 1675 673 1730 facie
695 1676 762 1730 ad
787 1675 976 1730 faciem
999 1692 1104 1730 non
1133 1676 1454 1745 sufficiebat,
1484 1689 1532 1732 et
1566 1680 1778 1733 dicebat
1805 1697 1817 1733 :

188 1789 211 1812 κ
251 1764 540 1820 Ostende
595 1764 725 1818 mihi
775 1765 1127 1834 temetipsum
1169 1765 1454 1821 manifeste
1503 1777 1558 1821 ut
1606 1769 1816 1822 videam

1923 581 2227 646 xvu.)Sed
2278 582 2358 635 sic
2418 585 2692 652 quomodo
2749 588 2993 654 promisit
3054 599 3402 648 ostensurum
3453 613 3513 652 se

1922 667 2273 721 dilectoribus
2305 671 2419 723 suis
2450 687 2569 725 cum
2606 673 2767 728 Patre
2799 693 2969 730 unum
3002 679 3197 743 Deum,
3231 699 3338 736 non
3369 701 3510 754 quo-

1924 763 2086 815 modo
2116 763 2167 814 in
2200 765 2302 819 hoc
2331 765 2533 820 saeculo
2552 767 2602 818 in
2621 783 2849 837 corpore
2873 772 3019 824 visus
3041 783 3124 827 est
3144 775 3298 830 bonis
3313 786 3364 831 et
3391 797 3510 836 ma-

1923 849 2076 902 lis.ln
2100 851 2190 904 illa
2211 854 2408 922 quippe
2429 853 2599 908 forma
2625 856 2740 916 Dei,
2757 858 2807 910 in
2832 875 2934 928 qua
2953 877 3060 914 non
3085 864 3329 932 rapinam
3364 870 3514 923 arbi-

1925 946 2091 990 tratus
2110 948 2190 992 est
2209 957 2329 994 esse
2353 943 2577 1013 mqualis
2595 945 3075 1019 Deo(Philipp.n),
3092 952 3512 1024 videbunteum,

1928 1035 2018 1102 qui
2052 1036 2314 1089 \idebunt
2346 1054 2466 1090 eum
2500 1039 2654 1093 sicuti
2685 1054 2786 1096 εει.
2822 1043 2934 1098 Nec
2965 1044 3086 1099 ideo
3111 1048 3366 1105 videbunt
3387 1055 3516 1124 quia

1927 1139 2196 1192 pauperes
2227 1125 2417 1194 spiritu
2442 1127 2494 1179 in
2526 1129 2629 1184 hac
2653 1129 2758 1184 vita
2786 1129 3022 1198 fuerunt,
3046 1135 3171 1204 quia
3193 1138 3370 1206 mites,
3391 1143 3514 1213 quia

1927 1210 2194 1279 lugentes,
2234 1213 2361 1284 quia
2393 1216 2699 1272 esurientes
2729 1226 2782 1272 et
2812 1219 3356 1294 sitientesjustitiam,
3391 1210 3516 1301 quia

1927 1307 2316 1366 misericordes
2351 1353 2364 1377 ,
2405 1313 2532 1383 quia
2574 1315 2783 1384 pacifici
2817 1357 2831 1382 ,
2888 1318 3014 1388 quia
3080 1325 3516 1390 persecutionem

1928 1397 2073 1466 passi
2106 1407 2328 1468 propter
2351 1400 2639 1469 justitiam,
2671 1405 2926 1475 quamvis
2943 1415 2994 1460 et
3016 1407 3131 1465 btec
3161 1413 3344 1468 omnia
3374 1414 3518 1470 idem

1928 1484 2032 1554 ipsi
2063 1486 2188 1549 sint,
2221 1487 2319 1542 sed
2357 1489 2488 1558 quia
2518 1491 2719 1546 mundo
2751 1495 2918 1549 corde
2949 1504 3091 1551 sunt.
3142 1499 3272 1554 Ideo
3320 1503 3521 1574 quippe

1932 1581 2070 1635 inter
2101 1583 2233 1636 alias
2266 1585 2627 1641 beatitudines
2657 1605 2779 1642 cum
2807 1591 2988 1645 omnia
3040 1592 3237 1649 faciant
3275 1599 3365 1668 qui
3421 1616 3518 1656 cor

1929 1671 2185 1724 mundum
2218 1673 2437 1737 habent,
2465 1691 2570 1728 non
2599 1685 2678 1729 est
2706 1685 2887 1732 tamen
2910 1680 3040 1734 alibi
3071 1683 3303 1751 positum
3341 1688 3514 1744 Deum

1929 1759 2319 1824 videbunt,nisi
2344 1763 2645 1818 ubidictum
2667 1774 2788 1821 est:
2823 1790 2843 1814 α
2870 1769 3018 1823 Beati
3045 1773 3232 1826 mundi
3262 1777 3449 1843 corde,
3489 1801 3510 1825 ν

181 1862 238 1908 te
273 1854 508 1921 (Exod.
544 1858 767 1917 χχχιιι),
807 1876 829 1900 υ
865 1853 1021 1923 quasi
1068 1853 1275 1908 diceret
1324 1855 1466 1926 quod
1507 1856 1558 1908 in
1609 1858 1818 1924 psalmo
1848 1842 1899 1900 Β
1929 1856 2182 1924 quoniam
2217 1858 2420 1915 mundo
2450 1861 2617 1916 corde
2661 1863 2947 1930 videbitur,
3001 1869 3093 1937 qui
3141 1885 3244 1925 nec
3285 1872 3340 1926 in
3394 1842 3516 1930 loco

181 1951 427 2008 canitur
461 1967 532 2004 ex
562 1950 754 2004 eodem
782 1949 1060 2005 desiderio
1094 1970 1104 2004 :
1143 1972 1166 2000 α
1203 1952 1342 2005 Cum
1385 1952 1820 2008 manifestabitur

187 2039 389 2108 gloria
427 2048 525 2094 tua
556 2040 729 2109 (Psal.
767 2039 907 2106 xvr).
952 2063 974 2086 ι.

269 2169 364 2222 De
399 2169 517 2223 hac
549 2166 756 2221 visione
788 2165 1017 2237 loquens
1048 2167 1205 2222 etiam
1241 2169 1355 2239 ipse
1379 2179 1590 2224 amator
1611 2178 1662 2224 et
1684 2171 1818 2224 desi-

185 2257 442 2312 derator
478 2256 598 2324 ejus
630 2254 947 2310 Ambrosius
979 2273 990 2307 :
1025 2257 1144 2311 Non
1178 2257 1229 2310 in
1260 2257 1399 2318 loco.
1436 2258 1629 2329 inquit,
1666 2259 1817 2313 vide-

185 2358 280 2404 tur
307 2351 481 2405 Deus
516 2358 610 2416 ;et
639 2350 772 2404 sicut
803 2350 871 2404 ad
916 2349 1092 2405 ilicem
1148 2353 1415 2416 Mambre,
1481 2361 1532 2406 et
1578 2353 1716 2407 sicut
1763 2353 1816 2406 in

183 2448 393 2494 monte
431 2439 588 2503 Sina,
628 2439 725 2492 sed
759 2439 961 2493 mundo
991 2439 1158 2494 corde
1193 2454 1205 2506 ;
1257 2448 1308 2494 et
1363 2457 1584 2510 sequar,
1636 2442 1816 2496 sciens

196 2528 341 2600 quid
376 2527 667 2582 desideret
699 2535 749 2580 et
779 2527 908 2598 quid
939 2536 1150 2592 aestuet,
1185 2537 1236 2582 et
1267 2531 1394 2599 quid
1439 2541 1617 2600 speret
1652 2545 1663 2583 :
1715 2547 1816 2586 nec

186 2625 622 2696 corporalibus,
655 2624 850 2695 inquit,
883 2625 1057 2680 oculis
1100 2626 1353 2696 quieritur
1401 2628 1566 2693 Deus,
1618 2628 1816 2698 quibus

190 2729 254 2769 se
286 2712 548 2768 ostendit
578 2713 838 2778 Abrahae,
866 2714 1038 2777 Isaac,
1065 2713 1235 2768 Iacob
1257 2723 1310 2768 et
1345 2715 1465 2768 aliis
1493 2716 1545 2768 in
1572 2716 1673 2770 hoc
1704 2733 1814 2770 sai-

202 2801 360 2867 culo,
397 2816 509 2857 nec
538 2801 1001 2856 circumscribitur
1023 2803 1137 2856 visu
1161 2812 1378 2872 prepter
1395 2803 1526 2857 illud
1551 2805 1696 2875 quod
1725 2805 1814 2858 di-

195 2907 356 2955 ctum
375 2909 467 2954 est
494 2919 505 2952 :
539 2920 560 2948 ι
591 2899 897 2953 Posteriora
921 2914 1044 2954 mea
1066 2899 1275 2954 videbis
1298 2902 1498 2968 (Exod.
1531 2902 1747 2968 xxxm).
1786 2921 1808 2950 ι

197 2988 325 3044 Nec
355 2997 512 3044 tactu
536 2995 768 3054 tenetur,
802 2989 936 3043 sicut
961 2988 1188 3042 luctatus
1210 2997 1292 3043 est
1314 3006 1435 3043 cum
1464 2991 1668 3057 Iacob;
1712 3004 1812 3044 nec

197 3075 379 3132 affatu
415 3077 656 3141 auditur,
697 3076 835 3132 sicut
865 3092 973 3131 non
1003 3077 1176 3132 solum
1208 3094 1240 3132 a
1273 3086 1347 3132 tot
1373 3079 1590 3143 sanctis,
1626 3094 1811 3133 verum

194 3175 374 3230 etiam
391 3174 615 3229 auditus
634 3182 716 3229 est
735 3189 766 3228 a
783 3175 1001 3230 diabolo
1027 3192 1039 3228 :
1061 3191 1161 3230 nec
1182 3175 1406 3230 sentitur
1423 3177 1659 3239 incessu,
1675 3178 1811 3233 sicut
1842 3190 1892 3254 α

196 3262 515 3334 aliquando
539 3278 660 3317 cum
693 3262 746 3316 in
778 3264 1031 3332 paradiso
1061 3263 1365 3319 ambularet
1410 3265 1475 3318 ad
1524 3282 1807 3334 vesperam

200 3352 374 3419 (Gen.
409 3353 516 3420 ιιι).
549 3351 713 3406 Vides
743 3351 1201 3422 quemadmodum
1236 3353 1315 3407 vir
1335 3362 1556 3408 sanctus
1579 3354 1810 3409 enitatur

195 3457 429 3504 mentes
461 3457 682 3503 nostras
711 3449 782 3502 ab
812 3449 1062 3504 omnibus
1091 3451 1272 3505 carnis
1287 3451 1536 3505 sensibus
1557 3467 1803 3515 evocare,

199 3544 263 3590 ut
292 3547 464 3608 aptas
493 3538 561 3591 ad
593 3537 890 3592 videndum
925 3539 1094 3592 Deum
1131 3538 1315 3594 faciat.
1357 3540 1422 3592 Et
1452 3548 1632 3594 tamen
1678 3541 1808 3608 quid

198 3626 320 3697 agit
348 3627 481 3681 talis
510 3626 853 3682 extrinsecus
885 3628 1160 3697 plantator
1203 3636 1254 3681 et
1303 3627 1524 3699 rigator,
1567 3628 1671 3681 nisi
1716 3629 1804 3682 in-

197 3723 482 3780 trinsecus
510 3731 784 3793 Operetur,
819 3723 911 3794 qui
933 3723 1021 3778 dat
1045 3725 1432 3778 incrementum
1454 3725 1599 3779 Deus
1616 3728 1644 3778 ‘?
1667 3724 1804 3793 Quis

195 3812 349 3867 enim
383 3813 506 3867 sine
531 3811 798 3880 adjutorio
829 3812 1050 3882 spiritus
1081 3812 1180 3868 Dei
1209 3813 1455 3884 cegitare
1487 3813 1660 3869 valeat
1680 3831 1802 3869 esse

195 3899 410 3971 aliquid
444 3918 457 3963 ;
492 3899 777 3972 magisque
808 3917 930 3956 esse
963 3916 1125 3972 quam
1155 3903 1342 3956 omnia
1373 3919 1494 3972 quae
1524 3918 1623 3973 per
1672 3918 1800 3959 cor-

193 4013 300 4067 pus
332 3998 664 4064 sentiuntur,
697 3998 842 4066 quod
868 4014 969 4053 nec
999 3997 1055 4052 in
1085 3999 1204 4053 loco
1234 3999 1499 4065 videatur,
1524 4015 1624 4056 nec
1655 4018 1798 4070 qua:-

195 4087 437 4142 rendum
471 4086 541 4140 sit
570 4086 764 4153 oculis,
797 4103 898 4142 nec
923 4087 1170 4141 audiatur
1198 4086 1382 4153 affatu,
1418 4105 1523 4144 nec
1554 4097 1695 4144 tactu
1714 4099 1797 4144 te-

194 4184 426 4242 neatur,
461 4191 568 4231 nec
599 4176 862 4230 sentiatur
891 4175 1130 4242 incessu,
1183 4184 1235 4230 et
1292 4177 1535 4232 videatur
1589 4186 1794 4245 tamen,

195 4273 298 4328 sed
329 4273 536 4329 mundo
567 4274 734 4329 corde
763 4274 791 4327 ?
823 4275 1012 4346 Neque
1042 4274 1186 4328 enim
1217 4275 1282 4330 de
1312 4275 1414 4331 hac
1443 4275 1552 4331 vita
1583 4275 1674 4331 ille
1708 4275 1794 4331 lo-

196 4363 500 4433 quebatur,
535 4378 656 4418 cum
690 4363 794 4418 hoc
825 4362 1030 4418 diceret
1065 4382 1075 4417 :
1111 4363 1551 4434 quandoquidem
1582 4365 1650 4419 ab
1689 4366 1795 4421 hoc

203 4452 414 4509 cascqu
445 4451 503 4506 in
533 4467 640 4523 quo
671 4452 818 4507 Deus
847 4452 1114 4522 apparuit,
1150 4469 1258 4507 non
1289 4453 1446 4508 sicuti
1476 4462 1575 4521 est,
1611 4454 1708 4509 sed
1739 4455 1792 4508 in

1929 1944 2158 2009 videtur,
2191 1961 2292 2000 nec
2319 1947 2490 2002 oculis
2518 1951 2894 2018 corporalibus
2924 1955 3198 2024 quaeritur,
3252 1975 3356 2015 nec
3396 1963 3517 2018 visu

1928 2031 2405 2102 circumscribitur,
2438 2052 2539 2092 nec
2568 2045 2710 2093 tactu
2739 2047 2970 2108 tenetur,
3012 2059 3114 2100 nec
3161 2047 3380 2103 auditur
3427 2053 3513 2106 af-

1929 2126 2056 2192 fatu,
2090 2144 2193 2184 nec
2223 2133 2454 2186 sentitur
2474 2133 2711 2188 incessu.
2744 2157 2765 2183 «ι
2792 2137 2964 2192 Deum
2987 2139 3132 2194 enim
3180 2159 3341 2200 nemo
3384 2147 3517 2202 vidit

1927 2232 2163 2286 unquam
2187 2220 2369 2285 (Joan.
2405 2222 2466 2288 ι),
2495 2241 2516 2270 ι
2544 2222 2633 2276 vel
2651 2223 2706 2276 in
2727 2225 2830 2279 hac
2849 2225 2957 2279 vita
2975 2227 3133 2282 sicuti
3155 2239 3236 2285 est
3256 2233 3392 2302 ipse,
3427 2237 3515 2291 vel

1927 2305 2088 2358 etiam
2115 2306 2169 2359 in
2199 2309 2522 2376 angelorum
2554 2312 2662 2365 vita
2692 2313 2831 2366 sicut
2855 2314 3086 2371 visibilia
3107 2318 3211 2374 ista
3231 2338 3352 2391 quae
3383 2339 3512 2378 cor-

1927 2404 2101 2471 porali
2133 2404 2339 2460 visione
2369 2417 2682 2476 cernuntur,
2716 2411 2837 2479 quia
2871 2414 3181 2484 unigenitus
3213 2420 3379 2474 Filius
3421 2422 3512 2493 qui

1926 2500 2008 2544 est
2037 2493 2087 2544 in
2120 2493 2240 2547 sinu
2274 2495 2445 2549 Patris
2475 2497 2594 2567 ipse
2637 2501 2879 2554 narravit
2927 2503 3141 2574 (ibid)
3202 2508 3359 2563 Unde
3406 2525 3516 2565 non

1927 2582 1994 2634 ad
2021 2581 2304 2636 oculorum
2335 2585 2723 2655 corporalium,
2757 2591 2850 2643 sed
2883 2591 2949 2644 ad
2971 2595 3228 2648 mentium
3248 2597 3517 2653 visionem

1925 2681 2126 2736 dictum
2160 2692 2240 2738 est
2272 2685 2546 2754 pertinere
2577 2688 2721 2758 quod
2755 2699 2960 2757 narrat,
3011 2695 3284 2762 quomodo
3317 2706 3367 2752 et
3397 2714 3518 2753 ver-

1924 2769 2049 2824 bum
2074 2779 2175 2835 est,
2210 2787 2317 2827 non
2350 2789 2525 2828 sonus
2567 2777 2792 2832 auribus
2823 2778 3153 2851 instrepens,
3209 2785 3304 2839 sed
3334 2785 3518 2857 imago

1923 2860 2194 2914 mentibus
2225 2861 2591 2927 innotescens,
2626 2873 2683 2919 ut
2723 2866 2838 2922 illic
2894 2868 3100 2925 interna
3133 2881 3182 2927 et
3239 2873 3519 2931 ineﬂ'abilli

1920 2956 2040 3012 luce
2072 2957 2340 3013 clarescat
2371 2961 2515 3030 quod
2546 2961 2747 3016 dictum
2781 2972 2864 3018 est
2899 2983 2910 3018 :
2945 2989 2966 3011 α
3003 2967 3106 3034 Qui
3127 2984 3214 3023 me
3235 2969 3398 3037 videt,
3432 2973 3516 3027 vi-

1919 3045 2010 3098 det
2037 3054 2089 3100 et
2123 3047 2332 3100 Patrem
2365 3048 2548 3115 (Joan.
2581 3052 2750 3118 xxv.)o
2787 3053 2924 3108 Ecce
2956 3065 3143 3109 santus
3173 3061 3515 3128 Augustinus

1923 3133 2158 3188 affirmat
2188 3151 2286 3204 per
2315 3137 2433 3190 haec
2469 3138 2631 3192 verba
2671 3142 2838 3194 sancti
2872 3142 3142 3197 Ambrosii
3167 3146 3522 3204 solutamesse

1923 3223 2276 3293 quaestionem
2307 3224 2477 3286 illam,
2511 3229 2782 3298 quomodo
2832 3229 3081 3285 videatur
3115 3233 3259 3288 Deus
3319 3250 3354 3289 a
3385 3235 3510 3292 filiis

1918 3311 2034 3365 suis
2064 3313 2117 3365 in
2149 3311 2331 3367 futuro
2360 3313 2596 3369 saeculo:
2632 3323 2682 3370 et
2712 3331 2899 3371 verum
2929 3327 3038 3374 est.

2591 3462 2815 3502 DIVISIO.

1988 3562 2184 3616 Beatus
2207 3561 2535 3617 Ambrosius
2566 3564 2914 3634 apertissime
2947 3566 3230 3624 confirmat
3261 3573 3403 3640 quod
3453 3575 3506 3631 in

1913 3651 2316 3706 resurrectione
2344 3652 2412 3705 ab
2443 3652 2527 3706 his
2558 3653 2722 3707 etiam
2754 3653 2846 3725 qui
2873 3655 3084 3728 indigni
3114 3669 3275 3714 erunt
3300 3663 3399 3717 Dei
3421 3665 3506 3720 vi-

1913 3748 2065 3803 sione
2095 3765 2201 3803 non
2235 3747 2482 3802 videatur
2510 3751 2889 3820 corporalibus
2939 3753 3131 3820 oculis,
3190 3773 3290 3812 nec
3322 3759 3504 3830 aliquo

1911 3853 2076 3891 sensu
2107 3837 2355 3907 corporis
2385 3838 2666 3908 sentiatur,
2693 3839 2791 3895 sed
2821 3842 3022 3897 mundo
3051 3843 3238 3899 corde.
3272 3846 3507 3905 Sanctus

1910 3941 2126 3996 quoque
2157 3927 2491 3997 Augustinus
2521 3928 2574 3981 in
2613 3928 2990 3998 explanatione
3020 3931 3292 3989 dictorum
3349 3937 3504 4006 ejus-

1908 4015 2032 4070 dem
2064 4015 2147 4069 sui
2203 4015 2386 4070 dilecti
2443 4017 2728 4071 Ambrosii
2783 4019 2977 4074 asserit
3032 4036 3138 4076 non
3183 4023 3252 4077 ad
3312 4040 3504 4098 corpo-

1908 4104 2102 4158 ralium
2137 4103 2442 4174 oculorum,
2476 4106 2574 4160 sed
2617 4107 2876 4161 mentium
2910 4108 3169 4165 visionem
3231 4118 3500 4182 pertinere

1907 4209 2026 4247 eam
2057 4193 2437 4262 narrationem,
2473 4211 2574 4265 qua
2605 4194 2701 4248 Dei
2737 4196 2970 4251 Verbum
3027 4199 3296 4256 mentibus
3355 4203 3498 4259 indi-

1906 4290 1993 4337 cat
2025 4282 2261 4352 seipsum
2295 4291 2346 4336 et
2379 4283 2589 4337 Patrem
2621 4300 2802 4338 suum.
2846 4284 3002 4353 Quod
3031 4303 3160 4343 vero
3182 4298 3496 4359 potestesse

1903 4370 2111 4426 clarius
2141 4385 2204 4424 ea
2237 4371 2500 4425 sententia
2533 4389 2693 4442 quam
2725 4372 2913 4427 beatus
2943 4377 3274 4447 Augustinus
3329 4383 3494 4452 paulo

1903 4467 2027 4512 ante
2049 4458 2257 4529 posuit:
2280 4482 2300 4506 «
2326 4459 2497 4512 Deum
2521 4475 2681 4514 nemo
2697 4459 2828 4515 vidit
2849 4478 3089 4533 unquam
3113 4466 3294 4534 (Joan.
3322 4471 3416 4538 1),»
3439 4471 3493 4525 in

198 4550 390 4620 specie
421 4565 531 4620 qua
552 4549 742 4619 voluit,
764 4548 962 4614 quibus
983 4549 1171 4617 voluit,
1205 4551 1334 4604 satis
1363 4551 1620 4606 discrevit
1639 4551 1795 4606 futuri
1830 4547 1880 4608 D
1913 4557 2014 4611 hac
2044 4556 2152 4610 vita
2183 4555 2321 4611 sicut
2343 4557 2458 4626 ipse
2489 4564 2590 4624 est,
2624 4573 2727 4613 nec
2756 4558 2806 4612 in
2839 4562 3162 4632 angelorum
3193 4564 3320 4633 vita,
3356 4568 3494 4624 sicut

198 4639 394 4694 saeculi
431 4638 598 4692 vitam
637 4637 964 4694 discretione
1015 4638 1382 4709 apertissima,
1427 4639 1519 4694 ubi
1565 4640 1682 4694 ait:
1740 4649 1794 4695 et

200 4725 334 4795 quid
367 4727 587 4792 mirum,
650 4727 694 4780 si
741 4727 794 4780 in
853 4727 1111 4796 praesenti
1167 4729 1369 4783 saculo
1416 4729 1519 4782 nisi
1575 4730 1793 4800 quando

196 4823 314 4877 vult
347 4825 496 4879 Deus
526 4839 635 4879 non
658 4824 915 4878 videtur?
939 4825 998 4878 In
1021 4823 1136 4895 ipsa
1159 4840 1373 4896 quoque
1391 4825 1792 4882 resurrectione

198 4925 310 4966 non
343 4911 506 4967 facile
534 4921 622 4967 est
653 4914 824 4966 Deum
875 4912 1078 4979 videre,
1143 4913 1245 4966 nisi
1299 4914 1381 4967 his
1438 4915 1530 4985 qui
1589 4915 1792 4970 mundo

201 5007 325 5053 sunt
354 5001 538 5056 corde.
565 5001 632 5054 Et
654 5001 797 5069 ideo,
829 5025 850 5048 α
870 5001 1014 5056 beati
1038 5002 1242 5056 mundo
1266 5003 1453 5067 corde,
1498 5003 1600 5072 ipsi
1645 5004 1792 5058 enim

201 5094 375 5152 Deum
412 5097 912 5162 videbunt(ll!atth.
947 5103 1020 5170 v).
1047 5099 1313 5170 Hincjam
1353 5101 1420 5156 de
1461 5101 1552 5157 illo
1587 5102 1790 5158 sarculo

202 5183 383 5242 dicere
414 5203 648 5241 exorsus
679 5195 780 5255 est,
812 5188 908 5242 ubi
939 5189 1110 5243 Deum
1141 5189 1404 5244 videbunt
1445 5206 1552 5245 non
1601 5205 1791 5246 omnes

204 5274 293 5344 qui
324 5284 630 5347 resurgent,
666 5277 761 5330 sed
794 5275 886 5347 qui
918 5284 1204 5349 resurgant
1233 5279 1301 5332 ad
1325 5278 1484 5333 vitam
1507 5287 1787 5334 mternam.

201 5369 282 5428 De
314 5374 555 5446 qualibet
584 5374 718 5430 dixit
747 5376 864 5446 ipse
895 5377 1186 5442 Dominus,
1219 5394 1340 5432 cum
1391 5395 1636 5449 praesens
1683 5396 1792 5433 non

209 5461 483 5519 videretur
517 5481 528 5517 :
567 5487 587 5512 «
627 5464 730 5531 Qui
761 5465 943 5536 diligit
975 5481 1081 5533 me,
1117 5467 1370 5520 mandata
1391 5483 1514 5522 mea
1536 5467 1785 5534 custodit,

205 5557 258 5604 et
286 5553 384 5622 qui
413 5552 599 5624 diligit
627 5568 741 5620 me,
776 5553 1034 5624 diligetur
1053 5570 1082 5607 a
1109 5556 1269 5609 Patre
1286 5571 1428 5620 meo,
1465 5564 1519 5610 et
1550 5572 1657 5628 ego
1678 5557 1795 5610 dili-

214 5661 335 5716 gam
363 5666 508 5715 eum,
543 5657 595 5704 et
623 5651 908 5704 ostendam
938 5651 986 5705 ei
1013 5651 1279 5721 meipsum
1311 5654 1495 5719 (10cm.
1522 5658 1654 5718 xxv).
1685 5677 1704 5700 η
1736 5654 1798 5706 Ει

209 5749 325 5805 quae
354 5745 442 5794 est
475 5737 576 5792 vita
624 5745 852 5805 aeterna,
900 5738 1004 5793 nisi
1063 5739 1206 5809 quod
1259 5740 1378 5810 ipsa
1436 5740 1566 5793 alibi
1623 5741 1796 5807 dicit;

213 5842 235 5875 ι
269 5824 395 5883 Haec
427 5834 508 5883 est
540 5826 646 5880 vita
672 5834 902 5894 aeterna,
927 5836 980 5881 ut
1000 5835 1338 5899 cognoscant
1357 5834 1406 5882 te
1427 5844 1590 5883 unum
1609 5843 1798 5884 verum

503 5950 766 6012 PATROL.
799 5951 1037 6013 CLVII.

1904 4645 2260 4699 visibiliaista
2290 4663 2410 4717 quae
2442 4647 2712 4717 corporali
2742 4647 2952 4704 visione
2996 4659 3315 4708 cernuntur.
3373 4659 3486 4711 Au-

1901 4734 2115 4788 diamus
2146 4732 2320 4788 adhuc
2355 4735 2718 4804 Augustinum
2766 4737 3142 4806 explanantem
3192 4742 3360 4798 verba
3407 4747 3491 4802 sui

1901 4822 2222 4878 Ambrosii:
2261 4824 2466 4885 Potest,
2499 4823 2692 4895 inquit,
2753 4841 2980 4880 movere
3040 4831 3313 4897 quomodo
3369 4833 3489 4904 ipsa

1903 4912 1999 4966 Dei
2034 4911 2333 4965 substantia
2367 4911 2533 4965 videri
2564 4912 2796 4981 potuerit
2823 4929 2852 4966 a
2902 4915 3228 4985 quibusdam
3277 4919 3330 4973 in
3388 4923 3489 4981 hac

1901 5002 2010 5055 vita
2032 5000 2611 5071 positis,propterillud
2633 5020 2644 5054 :
2667 5023 2687 5049 ε
2717 5003 2890 5057 Nemo
2903 5005 3275 5072 potestvidere
3299 5009 3488 5067 faciem

1901 5105 2164 5162 meam,et
2192 5089 2375 5150 vivere
2400 5099 2596 5165 (Exod.
2629 5104 2819 5167 χχχιιι)
2848 5115 2860 5166 ;
2891 5122 2911 5147 η
2953 5101 3058 5155 nisi
3094 5102 3220 5173 quia
3253 5105 3483 5164 humana

1897 5204 2054 5242 mens
2084 5191 2263 5256 potest
2292 5185 2545 5241 divinitus
2578 5187 2688 5257 rapi
2717 5204 2788 5242 ex
2818 5189 2920 5243 hac
2952 5189 3054 5244 vita
3085 5193 3149 5245 ad
3182 5195 3488 5264 angelicam

1898 5277 2064 5331 vitam
2097 5283 2221 5329 ante
2255 5282 2483 5329 mortem
2521 5276 2706 5330 carnis
2763 5292 3129 5333 communem.
3197 5282 3286 5336 Sic
3342 5287 3485 5342 enim

1899 5374 2086 5436 raptus
2115 5373 2198 5418 est
2229 5364 2316 5433 qui
2345 5364 2548 5418 audivit
2577 5365 2670 5418 illa
2701 5364 2996 5420 ineffabilia
3024 5369 3189 5423 verba
3218 5388 3340 5442 qua
3376 5392 3486 5432 non

1900 5455 2026 5508 licet
2056 5453 2256 5507 homini
2285 5452 2432 5522 loqui
2464 5453 2542 5516 (II
2573 5453 2692 5508 Cor.
2728 5454 2862 5523 xm),
2895 5455 2982 5508 ubi
3015 5473 3188 5527 usque
3217 5460 3356 5517 adeo
3406 5465 3489 5520 fa-

1903 5552 1990 5600 cta
2020 5551 2102 5596 est
2131 5542 2200 5594 ab
2248 5540 2408 5609 hujus
2463 5541 2588 5596 vita:
2648 5558 2813 5596 sensu
2870 5545 3118 5613 qua’dam
3175 5546 3489 5610 intentionis

1907 5642 2147 5705 aversio,
2187 5649 2241 5693 ut
2271 5641 2384 5693 sive
2407 5646 2554 5693 extra
2587 5655 2788 5710 corpus
2821 5642 3002 5706 fuerit,
3054 5643 3108 5696 id
3149 5653 3232 5699 est
3282 5657 3488 5719 utrum,

1909 5740 2048 5796 sicut
2077 5738 2216 5793 solet
2246 5739 2299 5791 in
2322 5737 2714 5791 vehementiori
2743 5738 2972 5804 exstasi,
2992 5755 3147 5795 mens
3169 5743 3236 5798 ab
3259 5753 3363 5803 hac
3383 5751 3493 5808 vita

1911 5830 1965 5884 in
1996 5828 2144 5882 illam
2178 5826 2336 5880 vitam
2361 5825 2484 5880 furit
2505 5825 2756 5891 alienata,
2786 5836 3037 5884 manente
3077 5834 3326 5903 corporis
3370 5838 3489 5893 vin-

3138 5955 3214 6018 36
