3972 6408
94 448 245 502 H33

1079 435 1667 493 DEFLORATIONES
1720 437 1816 486 SS.
1866 435 2156 490 PATilUM.
2188 466 2259 474 —
2290 433 2413 488 LIB.
2449 435 2513 487 ll.

3305 435 3442 490 1134

90 576 161 629 Et
196 573 300 628 hic
337 578 478 627 erat
513 568 906 625 Samaritanus.
945 589 966 613 ιο
1002 566 1151 620 Unus
1199 563 1290 635 qui
1330 576 1618 631 regressus
1659 566 1743 612 est
1774 559 1827 618 A
1859 558 2150 614 medebant
2180 559 2322 629 quod
2357 558 2638 613 residuum
2697 558 2832 623 fuit;
2891 574 3032 613 nona
3066 560 3323 618 triduana:
3353 569 3439 618 te-

91 661 327 734 gratias
364 676 563 732 agens
593 656 857 730 signiﬁcat
898 653 1248 711 humilitatem
1306 651 1521 704 unitatis
1555 646 1745 701 Eccle-

99 752 238 805 siae.
288 749 703 803 Samaritanus
735 745 1113 814 interpretatur
1142 744 1345 793 ruslns.
1378 738 1497 805 Quo
1526 733 1745 789 nomine

96 841 194 895 ille
229 839 643 910 signiﬁcatur,
685 834 775 905 qui
806 848 965 887 omne
1024 830 1187 885 robur
1240 843 1394 881 suum
1448 828 1557 879 Deo
1592 825 1744 878 attri~

96 929 249 995 buit,
302 927 497 995 juxta
546 923 886 980 Psalmistam
922 939 933 974 :
974 942 993 970 ι
1030 917 1421 971 Fortitudinem
1470 930 1641 965 meum
1682 913 1744 963 ad

97 1025 155 1072 te
218 1014 595 1079 custodiam,
656 1011 779 1083 quia
841 1018 896 1063 tu
940 1025 1000 1063 es
1048 1008 1197 1061 Deus
1254 1010 1541 1071 susceptor
1597 1016 1750 1053 meus

99 1115 310 1179 (Psal.
360 1113 569 1179 Lvut).
611 1131 632 1158 ι
661 1110 719 1162 ln
750 1106 941 1163 faciem
971 1104 1118 1159 cadit
1149 1101 1241 1173 qui
1269 1102 1336 1155 de
1366 1099 1521 1153 malis
1553 1112 1751 1167 perpe-

100 1203 276 1257 tratis
333 1198 664 1255 erubescit.
730 1197 810 1251 De
853 1192 1303 1265 persecutoribus
1358 1202 1488 1242 vero
1538 1184 1752 1239 Domini

102 1292 409 1362 scriptum
478 1296 563 1344 est
620 1285 748 1357 quia
781 1306 800 1331 -
865 1282 1116 1337 abierunt
1162 1287 1462 1333 retrorsum
1509 1282 1563 1329 et
1604 1272 1756 1329 ceci-

99 1389 326 1443 derunt
386 1387 593 1456 (Joan.
650 1384 826 1445 xvm).
885 1402 908 1427 ι
970 1377 1073 1446 Qui
1112 1383 1236 1431 ante
1275 1389 1335 1428 se
1392 1371 1558 1436 cadit,
1611 1369 1756 1423 videt

103 1493 228 1549 quo
262 1455 496 1537 cadat;
528 1471 622 1545 qui
650 1479 830 1526 autem
859 1475 1009 1522 retro
1044 1465 1190 1521 cadit
1219 1478 1326 1517 non
1359 1461 1529 1515 videt.
1580 1455 1753 1527 Iniqui

103 1548 258 1638 ergo
295 1572 473 1620 retro
506 1561 730 1624 cadunt,
762 1557 889 1630 quia
919 1571 1015 1610 cor
1070 1562 1195 1609 ante
1222 1551 1438 1606 ruinam
1471 1548 1753 1613 exaltatur,

105 1672 171 1719 ut
206 1677 338 1718 non
374 1660 614 1715 videant
644 1656 775 1728 quid
809 1670 905 1710 eos
935 1659 1210 1721 sequatur.
1259 1647 1394 1701 Justi
1424 1654 1600 1700 autem
1635 1651 1757 1697 ante

109 1769 176 1807 se
211 1751 480 1815 eadunt,
514 1748 645 1818 quia
667 1742 978 1813 compuncti
1018 1738 1396 1794 humiliantur.
1449 1758 1471 1781 ιι
1508 1735 1757 1801 Respon-

111 1841 269 1896 dens
306 1846 523 1893 autem
550 1836 709 1890 Jesus
738 1831 879 1887 dixit
911 1848 926 1884 :
981 1851 1003 1876 ι
1037 1829 1231 1883 Nonne
1279 1824 1468 1879 decem
1516 1818 1759 1875 mundati

1855 648 2075 711 nehrze;
2132 647 2363 711 decima,
2417 663 2566 701 mors
2622 647 3109 720 primogenitorum
3161 649 3432 706 omnium.

1858 737 1947 788 llis
1982 744 2036 787 ut
2070 736 2183 799 jam
2216 736 2448 789 dixi'uus
2482 737 2754 791 cluntraria
2785 746 2905 790 sunt
2948 737 3134 791 decem
3171 747 3444 809 prawtcpta

1861 835 2017 899 ivgis.
2057 834 2291 887 Primum
2327 834 2468 887 enim
2504 843 2830 905 ρῑεριτιορῐυηι
2863 842 2941 888 est;
2977 852 2988 888 :
3029 860 3048 883 ‹‹
3075 836 3195 889 Non
3219 836 3444 889 habt-bis

1860 920 1992 973 deos
2023 920 2246 973 alienos.
2284 923 2397 990 ligo
2457 921 2600 974 enim
2658 938 2773 974 sum
2827 922 3093 975 Dominus
3144 923 3284 976 Deus
3318 933 3446 977 tuus

1861 1017 2059 1081 (hired.
2111 1020 2229 1077 χλ).
2276 1041 2296 1062 η
2332 1018 2604 1088 Compara
2638 1018 2868 1087 primum
2890 1027 3222 1089 prameptum
3262 1018 3449 1088 prima!

1862 1107 2064 1174 plagze,
2100 1105 2307 1159 scilicet
2335 1122 2497 1159 unum
2535 1108 2705 1160 Deum
2740 1123 2804 1161 ex
2836 1122 2944 1177 quo
2990 1115 3114 1160 sunt
3144 1108 3328 1161 omnia
3356 1107 3445 1162 in—

1863 1194 2047 1263 tellige
2109 1194 2162 1246 in
2222 1193 2626 1249 similitudinem
2688 1210 2840 1267 aqua:
2891 1211 2920 1249 a
2978 1211 3079 1266 qua
3123 1203 3453 1267 generantur

1863 1291 2059 1347 omnia.
2098 1293 2254 1360 Aqua
2282 1292 2447 1363 igitur
2493 1308 2656 1347 versa
2706 1292 2759 1346 in
2818 1292 3145 1364 sanguinem
3188 1292 3458 1365 significat

1867 1380 2061 1444 Deum,
2095 1396 2255 1451 quem
2288 1390 2415 1436 tunc
2445 1380 2699 1436 homines
2722 1388 2997 1435 verterunt
3028 1380 3079 1434 in
3104 1380 3451 1453 sanguinem,

1868 1484 1991 1523 cum
2024 1485 2147 1523 eum
2179 1478 2468 1539 cmperunt
2524 1469 2749 1524 credere
2808 1469 3246 1540 corruptibilem.
3303 1470 3458 1525 Unde

1867 1567 2176 1637 Apostolus
2198 1566 2325 1621 dicit
2351 1583 2363 1621 :
2385 1590 2405 1614 α
2433 1567 2497 1621 Et
2518 1575 2861 1622 mutaverunt
2882 1565 3108 1639 gloriam
3134 1566 3456 1638 incorrupti-

1868 1655 1991 1709 bilis
2024 1654 2120 1708 Dei
2152 1655 2204 1708 in
2236 1654 2640 1709 similitudinem
2674 1653 2932 1727 imaginis
2953 1654 3320 1724 corruptibilis
3352 1656 3458 1711 ho-

1867 1743 2026 1796 minis
2058 1746 2233 1812 (ltom.
2264 1745 2324 1812 ι).
2362 1765 2383 1791 ι
2422 1744 2609 1813 imago
2639 1743 2781 1797 enim
2814 1743 3179 1813 corruptibilis
3210 1751 3289 1797 est
3321 1743 3461 1799 sicut

1868 1839 2112 1911 sanguis.
2146 1840 2461 1896 Secundum
2484 1848 2666 1895 autem
2688 1848 3023 1912 praeceptum
3044 1847 3158 1894 est:
3188 1864 3210 1889 ιι
3233 1841 3355 1896 Non
3376 1856 3464 1896 as-

114 1947 276 2003 sunt,
304 1943 373 1992 et
406 1948 616 1990 novem
646 1931 737 1986 ubi
775 1930 945 1984 sunt?
976 1927 1097 1982 Non
1126 1933 1209 1981 est
1231 1924 1480 1977 inventus
1512 1919 1602 1991 qui
1627 1918 1759 1973 redi-
1793 1913 1841 1972 Β
1873 1944 2058 1982 sumes
2076 1944 2271 1984 nomen
2295 1928 2395 1985 Dei
2411 1928 2463 1982 in
2479 1944 2701 1984 vacuum
2724 1928 3053 1999 (Exodxix).
3074 1949 3095 1977 ι
3123 1928 3463 1984 Hicassumit

117 2035 213 2082 ret
245 2033 309 2082 et
341 2025 524 2080 daret
552 2021 791 2094 gloriam
822 2019 958 2082 Deo,
991 2015 1092 2069 nisi
1122 2014 1210 2069 hic
1229 2010 1560 2082 alienigena.
1594 2008 1662 2061 Et
1690 2007 1765 2060 ait

122 2115 209 2169 illi
251 2130 266 2170 :
307 2112 540 2184 Surge,
566 2109 706 2164 vade
736 2106 860 2179 quia
902 2104 1037 2159 fides
1069 2111 1158 2157 tua
1205 2109 1257 2155 te
1289 2098 1498 2153 salvum
1534 2094 1691 2150 fecit.
1737 2117 1758 2142 ιι

127 2214 190 2267 Si
254 2209 417 2265 ﬁdes
480 2209 627 2263 hunc
680 2202 928 2267 salvavit,
989 2197 1216 2271 perfidia
1265 2211 1459 2252 novem
1492 2191 1754 2265 perdidit.

126 2303 328 2357 Unum
366 2298 421 2353 si
455 2296 689 2351 addatur
717 2293 787 2347 ad
817 2306 1014 2346 novem
1044 2288 1295 2359 quaedam
1325 2284 1538 2357 etligies
1581 2282 1755 2336 unita-

123 2390 199 2445 tis
232 2387 543 2459 impletur,
577 2398 683 2454 quo
714 2380 771 2435 fit
801 2388 949 2435 tanta
989 2376 1313 2447 complexio,
1374 2380 1431 2427 ut
1486 2370 1626 2426 ultra
1656 2385 1765 2423 non

128 2483 563 2559 progrediatur
590 2494 848 2535 numerus
878 2475 982 2532 nisi
1013 2474 1083 2529 ad
1113 2488 1277 2528 unum
1319 2470 1523 2525 redeat.
1556 2469 1765 2522 Novem

132 2576 338 2647 itaque
372 2571 632 2641 indigent
662 2582 769 2623 uno
824 2566 892 2620 ad
950 2561 1243 2636 quamdam
1276 2559 1556 2623 unitatem,
1601 2571 1764 2610 unum

129 2644 272 2719 vero
309 2677 437 2717 non
470 2658 681 2729 indiget
707 2656 788 2711 eis
842 2653 914 2710 ad
960 2652 1217 2707 unitatem
1249 2648 1360 2703 sui.
1391 2644 1766 2716 Quamobrem

130 2777 287 2816 unus
320 2758 424 2831 qui
459 2755 674 2830 gratias
714 2752 826 2823 egit
871 2749 1147 2823 significat
1192 2746 1316 2802 illos
1359 2744 1452 2816 qui
1482 2743 1537 2797 in
1566 2741 1767 2796 unitate

135 2856 271 2904 sunt
304 2829 594 2902 Ecclesiae
619 2861 633 2909 ;
667 2856 861 2895 novem
893 2835 1169 2893 veroillos
1187 2833 1278 2906 qui
1304 2840 1462 2887 extra
1492 2837 1635 2884 sunt.
1661 2829 1770 2883 Do-

139 2938 337 2992 minus
371 2932 579 3009 quaerit
611 2929 706 2984 ubi
753 2928 877 2996 sint,
920 2925 1044 2998 quia
1080 2924 1218 2980 scire
1248 2922 1347 2977 Dei
1377 2920 1586 2991 eligere
1634 2924 1718 2972 est
1750 2934 1764 2982 ;

139 3032 374 3089 nescire
410 3044 568 3092 vero,
602 3026 910 3097 reprobare.
961 3021 1194 3090 Quando
1225 3016 1470 3073 mundati
1496 3022 1625 3070 sunt
1670 3028 1769 3069 co-

138 3127 478 3194 gnoverunt
532 3117 726 3183 Deum,
751 3112 851 3168 sed
881 3111 1132 3167 abierunt
1160 3117 1477 3163 retrorsum.
1531 3105 1610 3158 De
1641 3100 1767 3156 tali-

141 3193 254 3266 bus
286 3209 434 3266 dicit
452 3203 789 3277 Apostolus:
818 3224 840 3249 ιι
864 3200 971 3268 Qui
999 3214 1122 3254 cum
1153 3197 1542 3269 cognovissent
1573 3193 1765 3253 Deum,

141 3323 260 3363 non
294 3314 358 3362 ut
392 3271 573 3360 Deum
634 3297 1120 3371 magniﬁcaverunt
1178 3300 1270 3348 aut
1298 3290 1504 3363 gratias
1535 3289 1769 3358 egerunt
1800 3271 1847 3332 C

144 3398 334 3467 (Rom.
372 3394 483 3452 ix).
524 3411 545 3444 ι
582 3387 875 3444 Sciendum
908 3384 1036 3456 quia
1063 3399 1202 3437 unus
1230 3381 1428 3435 dicitur
1458 3377 1634 3447 prima
1656 3373 1768 3428 uni-

145 3464 255 3550 tas,
313 3483 518 3538 decem
566 3493 698 3534 vero
746 3474 1008 3531 secunda.
1052 3473 1116 3526 Et
1162 3470 1257 3525 illa
1311 3466 1593 3524 confertur
1632 3464 1766 3528 Deo,

152 3583 288 3653 quia
318 3582 380 3638 in
414 3595 482 3635 se
512 3574 891 3646 multiplicata,
935 3586 1037 3626 nec
1065 3575 1297 3640 augetur
1327 3580 1429 3620 nec
1461 3562 1721 3618 minuitur
1753 3577 1767 3625 ;

154 3649 302 3737 haec,
361 3665 655 3732 Ecclesiae,
708 3662 836 3734 quia
882 3660 938 3715 in
980 3675 1040 3713 se
1080 3655 1430 3727 multiplicata
1478 3650 1679 3708 crescit
1718 3649 1772 3703 in

156 3755 568 3815 centenarium.
601 3750 808 3807 Dicitur
844 3763 976 3805 vero
1005 3746 1061 3801 in
1089 3745 1335 3808 denario,
1368 3741 1458 3813 qui
1484 3748 1566 3795 est
1594 3738 1772 3794 unitas

159 3852 501 3916 centenarii,
544 3848 778 3906 varietas
811 3862 910 3917 per
943 3843 1026 3899 sui
1056 3838 1555 3911 multiplicationem
1602 3850 1773 3908 gene-

163 3952 367 4012 ratur;
431 3942 579 3995 bene
624 3936 881 3992 dicuntur
938 3932 1104 3988 fuisse
1134 3932 1325 3985 decem
1367 3925 1585 3997 leprosi,
1620 3923 1773 3995 quia

161 4031 271 4088 ﬁde
301 4011 479 4087 unius
510 4026 609 4083 Dei
643 4024 861 4080 fuerant
888 4019 1109 4076 diversi.
1142 4019 1211 4073 Et
1240 4017 1383 4072 sicut
1411 4029 1602 4070 omnes
1632 4011 1774 4066 tide-

162 4124 247 4182 les
277 4142 385 4199 per
416 4120 702 4180 denarium
732 4114 938 4189 signari
985 4121 1211 4185 possunt
1238 4111 1312 4167 ob
1341 4106 1641 4166 custodiam
1669 4105 1772 4159 de-

162 4196 297 4271 cem
320 4212 735 4274 mandatorum,
768 4206 847 4261 sic
900 4219 1099 4260 omnes
1144 4199 1393 4256 infideles
1442 4196 1637 4252 eodem
1668 4210 1773 4248 nu-

163 4328 323 4368 mero
353 4308 592 4381 intelligi
615 4300 1163 4378 possuntecontrario
1185 4300 1256 4353 ob
1273 4295 1662 4370 negligentiam
1685 4307 1773 4348 eo-

161 4401 427 4457 rumdem
450 4397 851 4454 mandatorum.
877 4392 1025 4448 Unus
1059 4388 1152 4461 qui
1180 4387 1344 4443 rediit
1374 4386 1445 4439 ad
1477 4382 1771 4440 Dominum

166 4499 393 4546 curatus
437 4486 639 4543 dicitur
677 4482 1006 4553 alienigena,
1065 4478 1153 4533 vel
1205 4491 1311 4546 qua
1365 4474 1518 4545 prius
1566 4471 1773 4527 alienus

167 4585 272 4642 fuit
301 4588 375 4643 ab
410 4582 677 4647 Ecclesia,
728 4579 812 4635 vel
858 4576 983 4649 quia
1030 4592 1089 4631 se
1124 4571 1376 4629 alienavit
1422 4585 1455 4625 a
1501 4568 1770 4624 sociorum

171 4689 403 4731 suorum
452 4670 709 4744 perfidia.
764 4666 935 4722 Aliter
978 4680 990 4719 :
1049 4665 1252 4719 Decem
1300 4658 1505 4731 leprosi
1538 4654 1769 4712 Domino

171 4764 460 4822 castellum
491 4762 792 4815 introeunte
808 4753 1050 4811 mundati
1079 4761 1202 4807 sunt
1228 4767 1241 4806 :
1284 4750 1546 4805 Dominus
1575 4746 1778 4817 quippe

174 4858 395 4917 intravit
433 4857 739 4922 castellum,
785 4854 915 4909 dum
966 4847 1339 4907 incarnandus
1396 4845 1680 4902 descendit
1725 4842 1780 4896 in

175 4957 426 5032 Virginis
453 4965 687 5020 uterum,
720 4953 954 5024 Spiritus
985 4947 1158 5005 sancti
1202 4946 1523 5003 saccellum.
1577 4945 1779 4998 Decem

178 5046 279 5101 viri
301 5045 515 5120 leprosi
543 5051 701 5100 erant
748 5058 942 5099 omnes
992 5040 1244 5094 homines
1274 5052 1312 5090 χ
1362 5036 1779 5104 Preeceptorum

178 5143 658 5219 transgressionne
687 5139 779 5196 vel
809 5156 841 5193 χ
870 5139 1157 5210 plagarum
1181 5133 1397 5207 zEgypti
1417 5129 1779 5204 percussione

182 5243 451 5300 maculosi
507 5239 707 5312 (Exod.
764 5239 881 5305 vu).
933 5234 1230 5292 Sciendum
1288 5239 1370 5287 est
1427 5237 1606 5285 autem
1636 5225 1780 5300 quod

183 5339 266 5394 hae
296 5342 489 5398 decem
538 5338 719 5411 plaga
756 5332 1044 5391 contrariae
1086 5338 1213 5386 sunt
1244 5330 1436 5385 decem
1488 5323 1780 5399 praeceptis

181 5434 347 5509 legis.
384 5438 566 5494 Prima
594 5434 757 5507 plaga
782 5441 862 5489 est
884 5447 1025 5503 aqua
1049 5444 1210 5485 versa
1240 5429 1296 5483 in
1321 5426 1677 5498 sanguinem;
1697 5437 1783 5476 se-

185 5536 378 5605 cunda,
410 5550 597 5601 ranae;
654 5531 829 5598 tertia,
878 5527 1196 5599 sciniphes;
1228 5531 1443 5598 quarta,
1487 5536 1648 5577 omne
1677 5534 1779 5592 ge-

189 5647 286 5687 nus
319 5646 633 5691 muscarum
660 5648 674 5697 ;
722 5628 930 5700 quinta,
984 5640 1138 5680 mors
1171 5624 1229 5678 in
1257 5635 1461 5694 pecora
1490 5617 1780 5692 Egyptio-

189 5745 344 5799 rum;
368 5740 547 5798 sexta,
570 5726 803 5800 pustula:
832 5733 885 5780 et
915 5723 1111 5779 vesica:
1135 5728 1420 5793 turgentes
1453 5717 1508 5770 in
1539 5715 1780 5771 homini-

195 5824 293 5884 bus
338 5839 389 5887 et
437 5825 737 5900 jumentis;
798 5820 1049 5894 septima,
1099 5820 1313 5893 grando
1368 5829 1535 5885 super
1590 5827 1782 5870 omnes

199 5921 401 5984 fructus
427 5931 634 5997 preter
654 5919 920 5977 sorotinos
949 5935 964 5983 ;
1019 5925 1228 5985 octava,
1262 5915 1505 5979 locustae,
1536 5927 1657 5983 quae
1683 5923 1782 5966 co-

1873 2033 2069 2072 nomen
2092 2017 2189 2072 Dei
2218 2016 2273 2071 in
2301 2032 2531 2072 vacuum
2564 2016 2652 2089 qui
2681 2017 2737 2070 in
2766 2015 2987 2071 nomine
3028 2015 3125 2071 Dei
3147 2017 3314 2086 jurat,
3349 2032 3460 2073 non

1874 2114 2049 2170 credit
2078 2131 2140 2169 se
2171 2114 2529 2185 puniendum.
2569 2113 2704 2169 Huic
2734 2121 3006 2185 praacepto
3037 2114 3321 2169 contrariae
3338 2122 3463 2171 sunt

1873 2217 2023 2257 rana:
2051 2206 2353 2272 strepentes
2390 2217 2403 2255 :
2451 2202 2597 2273 quod
2645 2200 2917 2273 signiﬁcat
2950 2201 3174 2257 fallaces
3213 2202 3463 2259 homines

1874 2291 2086 2346 veritati
2115 2298 2501 2362 repugnantes,
2535 2299 2589 2346 et
2616 2290 2953 2346 mendacium
3005 2306 3105 2361 per
3131 2305 3329 2346 nomen
3359 2291 3463 2347 Dei

1873 2395 2162 2459 ponentes.
2200 2386 2443 2442 Tertium
2483 2395 2814 2459 prmceptum
2875 2394 2957 2442 est
2990 2404 3003 2440 :
3043 2409 3063 2435 α
3099 2387 3369 2443 Memento
3408 2394 3466 2442 ut

1877 2477 2032 2531 Diem
2063 2476 2283 2531 Sabbati
2314 2474 2618 2532 sanctiﬁces
2644 2493 2657 2538 ;
2718 2475 2851 2529 nihil
2885 2475 3070 2546 operis
3115 2474 3278 2532 facies
3310 2476 3366 2531 in
3395 2492 3468 2531 eo

1875 2566 2012 2633 (ibid
2025 2568 2093 2633 .).
2131 2588 2152 2611 η
2189 2566 2247 2618 In
2276 2566 2436 2620 tertio
2466 2564 2568 2619 isto
2624 2571 2899 2635 prmcepto
2952 2563 3259 2620 insinuatur
3288 2565 3467 2637 quod-

1876 2663 1998 2717 dam
2030 2662 2329 2717 vacationis
2355 2661 2653 2731 judicium.
2692 2661 2826 2730 Qua:
2859 2661 3067 2717 vacatio
3092 2669 3175 2716 est
3201 2662 3470 2733 tranquil-

1877 2751 2002 2805 litas
2051 2750 2248 2807 mentis
2294 2750 2380 2805 vel
2425 2748 2785 2805 sanctificatio
2837 2749 3080 2817 Sabbati,
3114 2750 3241 2821 quia
3271 2750 3346 2804 ibi
3377 2766 3474 2806 re-

1878 2839 2109 2911 quiescit
2140 2838 2363 2909 spiritus
2381 2838 2505 2904 Dei,
2538 2838 2677 2895 sicut
2707 2838 2824 2910 ipse
2852 2837 2986 2894 dicit
3015 2852 3027 2892 :
3058 2860 3080 2885 α
3107 2838 3285 2908 Super
3311 2854 3474 2910 quem

1880 2936 2189 3006 requiescet
2244 2934 2465 3005 spiritus
2517 2951 2690 3002 meus,
2751 2932 2856 2988 nisi
2914 2950 3080 3005 super
3110 2935 3390 3000 humilem,
3421 2942 3474 2991 et

1879 3024 2120 3095 quietum
2174 3031 2226 3077 et
2283 3030 2603 3078 trementem
2657 3037 2944 3078 sermones
3002 3024 3212 3077 meos?
3245 3046 3268 3071 ιο
3327 3022 3465 3091 (lsa.

1880 3114 2048 3181 vat.)
2079 3111 2220 3166 Huic
2249 3111 2408 3166 tertio
2434 3119 2725 3181 praecepto,
2758 3110 2971 3166 scilicet
3019 3110 3332 3177 vacationis,
3366 3127 3473 3182 op-

1878 3216 2156 3280 ponuntur
2186 3207 2460 3278 sciniphes
2491 3214 2544 3262 et
2563 3223 2787 3273 musam,
2820 3223 2942 3279 quas
2964 3215 3086 3262 sunt
3113 3206 3351 3278 ingentis
3381 3208 3470 3262 in-

1880 3304 2229 3375 quietudinis.
2257 3302 2521 3371 Quartum
2552 3311 2915 3373 praeceptum;
2955 3325 2978 3350 α
3013 3302 3234 3357 Honora
3258 3310 3471 3374 patrem

1880 3401 2032 3447 tuum
2061 3400 2113 3447 et
2144 3399 2372 3446 matrem
2429 3391 2637 3461 (Exod.
2676 3393 2796 3460 xx).
2842 3412 2864 3437 ιι
2898 3390 3037 3445 Huic
3085 3390 3360 3446 contraria
3390 3399 3474 3447 est

1879 3490 2069 3552 quarta
2101 3479 2476 3552 Egyptiorum
2510 3480 2691 3552 plaga,
2752 3479 2960 3535 scilicet
2990 3479 3196 3535 canina:
3231 3495 3463 3536 muscas.

1880 3578 2145 3633 Caninum
2175 3584 2257 3631 est
2285 3576 2430 3631 enim
2460 3584 2737 3648 parentem
2775 3591 2885 3630 non
2915 3591 3238 3649 agnoscere,
3272 3583 3329 3632 et
3358 3592 3469 3633 cae-

1880 3666 2094 3722 citatem
2124 3666 2342 3733 mentis,
2372 3681 2478 3737 qua
2497 3681 2659 3721 canes
2689 3672 3010 3734 nascuntur,
3043 3669 3240 3721 contra
3265 3680 3473 3737 paren—

1882 3770 1963 3817 tes
1983 3762 2259 3818 exhibere.
2279 3761 2538 3825 Quintum
2568 3767 2901 3833 praeceptum
2926 3768 3008 3816 est
3033 3778 3046 3815 :
3087 3761 3210 3817 Non
3229 3762 3473 3818 moecha-

1884 3859 2030 3915 beris
2076 3860 2279 3930 (ibid.).
2318 3880 2339 3907 ι»
2403 3858 2547 3914 Huic
2611 3866 2884 3929 praecepto
2939 3857 3235 3929 opponitur
3279 3857 3466 3930 quinta

1880 3949 2061 4020 plaga,
2122 3947 2326 4003 scilicet
2371 3962 2516 4001 mors
2571 3946 2626 4001 in
2681 3960 2877 4017 pecora
2932 3945 3337 4019 Egyptiorum.
3402 3947 3474 4002 Et

1880 4038 2029 4093 coire
2057 4043 2109 4091 et
2136 4050 2402 4107 generare
2426 4043 2506 4090 est
2527 4034 2814 4105 pecudum,
2831 4034 3037 4090 raiione
3053 4033 3356 4105 intelligere
3376 4035 3473 4090 hn-

1882 4149 2100 4188 manum
2139 4140 2239 4187 est.
2283 4130 2414 4187 Ideo
2454 4130 2610 4199 ratio,
2666 4147 2787 4202 quae
2840 4130 3099 4200 praesidet
3129 4129 3472 4186 imminentes

1881 4237 2057 4285 motus
2088 4228 2372 4283 inferiores
2399 4227 2581 4282 carnis
2613 4231 2865 4297 tanquam
2917 4226 3279 4294 dominantes,
3310 4225 3474 4282 debet

1880 4334 1989 4372 non
2022 4317 2375 4371 immoderate
2404 4322 2457 4370 et
2489 4314 2674 4369 illicite
2731 4314 2933 4386 passim
2976 4331 3221 4387 vageque
3252 4315 3464 4371 laxare.

1883 4416 2117 4487 Ideoque
2148 4413 2282 4485 ipsis
2311 4412 2605 4485 pecoribus
2626 4416 2825 4467 natura
2848 4412 3033 4467 datum
3064 4419 3147 4466 est
3165 4411 3477 4470 instiluente

1882 4513 2138 4567 Creatore
2172 4518 2226 4565 ut
2253 4526 2357 4566 non
2409 4516 2729 4565 moveantur
2757 4509 2826 4564 ad
2857 4508 3093 4564 feminas
3148 4509 3253 4563 nisi
3313 4510 3475 4565 certis

1799 4600 2251 4692 Dtemporibus.
2312 4599 2502 4669 Neque
2544 4598 2688 4652 enim
2744 4597 2950 4652 ratione
3006 4614 3066 4652 se
3123 4598 3340 4653 cohibet
3367 4597 3478 4654 alio

1890 4698 2140 4760 tempore
2169 4704 2355 4759 pecus,
2386 4686 2482 4742 sed
2514 4686 2633 4757 ipso
2664 4694 2812 4741 motu
2862 4684 3146 4757 frangente
3188 4686 3469 4756 torpescit.

1894 4788 2063 4842 Homo
2090 4794 2268 4841 autem
2300 4785 2422 4839 ideo
2453 4800 2673 4854 semper
2691 4783 2895 4837 moveri
2928 4790 3125 4853 potest,
3156 4782 3284 4851 quia
3314 4791 3366 4838 et
3396 4799 3481 4839 re-

1889 4877 2104 4931 frenare
2136 4882 2312 4930 motus
2342 4880 2537 4943 potest.
2564 4874 2784 4927 Sextum
2815 4874 3148 4942 praeceptum
3179 4879 3292 4926 est:
3318 4874 3481 4928 «Non

1889 4964 2107 5020 occides
2139 4963 2338 5035 (ibid).
2369 4984 2390 5010 ››
2452 4961 2587 5017 Huic
2628 4969 2781 5015 sexta
2837 4960 3004 5032 plaga
3052 4960 3320 5016 contraria
3378 4969 3479 5028 est,

1890 5062 2098 5119 scilicet
2126 5059 2353 5132 pustula:
2384 5067 2436 5114 et
2484 5057 2680 5114 vesica:
2736 5057 2787 5111 in
2820 5058 2968 5113 omni
2997 5072 3184 5113 carne.
3219 5057 3378 5126 Quod
3407 5058 3481 5112 si-

1888 5160 2109 5235 gniﬁcat
2140 5158 2282 5214 sicut
2309 5171 2440 5212 caro
2480 5156 2796 5211 accenditur
2841 5153 2911 5209 ad
2951 5154 3138 5210 odium
3172 5154 3405 5225 proximi
3431 5162 3486 5211 et

1889 5252 1957 5307 ad
1988 5248 2320 5305 fundendum
2366 5243 2712 5317 sanguinem,
2765 5243 2845 5298 sic
2885 5243 3103 5299 ardebit
3134 5243 3261 5315 igne
3290 5245 3487 5300 aeterni

1883 5347 2097 5418 judicii.
2152 5344 2451 5415 Septimum
2498 5349 2825 5413 praeceptum
2858 5348 2979 5396 est:
3025 5340 3192 5395 «Non
3220 5339 3490 5397 furaberis

1891 5445 2094 5518 (ibid).
2130 5468 2151 5493 »ο
2188 5441 2324 5498 Huic
2355 5447 2626 5513 praecepto
2657 5438 2928 5494 contraria
2948 5446 3031 5493 est
3056 5436 3285 5507 septima
3304 5438 3487 5511 plaga,

1890 5544 2097 5601 scilicet
2123 5540 2337 5614 grando
2367 5538 2421 5593 in
2452 5536 2736 5593 fructibus.
2776 5536 2937 5605 Quod
2965 5534 3275 5608 signiﬁcat:
3313 5535 3490 5606 Quid-

1894 5633 2023 5705 quid
2057 5630 2301 5702 proximo
2358 5628 2538 5684 furtim
2570 5626 2841 5680 subtrahis
2889 5625 3129 5681 caelestis
3164 5626 3339 5695 judex
3370 5628 3492 5684 vin-

1892 5720 2116 5778 dicabit.
2149 5720 2413 5775 Octavum
2446 5722 2774 5788 praceptum
2805 5722 2928 5769 est:
2976 5738 2996 5762 α
3040 5715 3163 5770 Non
3195 5713 3350 5771 dices
3384 5716 3491 5772 fa]-

1890 5835 2012 5874 sum
2036 5814 2410 5871 testimonium
2428 5813 2635 5883 (ibid.).
2673 5834 2694 5859 υ
2728 5811 2867 5868 Huic
2887 5811 3164 5868 contraria
3181 5820 3269 5868 est
3294 5819 3493 5870 octava

1892 5907 2086 5980 plaga,
2108 5904 2339 5962 locustae
2358 5900 2562 5958 animal
2585 5899 2748 5958 dente
2768 5899 3018 5957 noxium.
3044 5898 3200 5969 Quod
3217 5900 3492 5973 signiﬁcat
