  <div class='ocr_page' id='page_1' title='image "/cluster/home/n/w/nwhite01/storage/ocr_20150623/156-157/uc1.31175010662024/1209.png"; bbox 0 0 3972 6400; ppageno 0'>
   <div class='ocr_carea' id='block_1_1' title="bbox 537 400 677 455">
    <p class='ocr_par' dir='ltr' id='par_1_1' title="bbox 537 400 677 455">
     <span class='ocr_line' id='line_1_1' title="bbox 537 400 677 455; baseline -0.029 0"><span class='ocrx_word' id='word_1_1' title='bbox 537 400 677 455; x_wconf 78' lang='grc'>1135</span> 
     </span>
    </p>
   </div>
   <div class='ocr_carea' id='block_1_2' title="bbox 1693 380 2730 444">
    <p class='ocr_par' dir='ltr' id='par_1_2' title="bbox 1693 380 2730 444">
     <span class='ocr_line' id='line_1_2' title="bbox 1693 380 2730 444; baseline -0.01 0"><span class='ocrx_word' id='word_1_2' title='bbox 1693 385 2036 444; x_wconf 77' lang='lat' dir='ltr'>WEBNERI</span> <span class='ocrx_word' id='word_1_3' title='bbox 2079 383 2366 439; x_wconf 77' lang='lat' dir='ltr'>ABB.\TIS</span> <span class='ocrx_word' id='word_1_4' title='bbox 2409 384 2465 439; x_wconf 92' lang='lat' dir='ltr'>S.</span> <span class='ocrx_word' id='word_1_5' title='bbox 2510 380 2730 436; x_wconf 77' lang='lat' dir='ltr'><strong>BLASII</strong></span> 
     </span>
    </p>
   </div>
   <div class='ocr_carea' id='block_1_3' title="bbox 3694 384 3839 437">
    <p class='ocr_par' dir='ltr' id='par_1_3' title="bbox 3694 384 3839 437">
     <span class='ocr_line' id='line_1_3' title="bbox 3694 384 3839 437; baseline -0.014 0"><span class='ocrx_word' id='word_1_6' title='bbox 3694 384 3839 437; x_wconf 76' lang='lat' dir='ltr'>H36</span> 
     </span>
    </p>
   </div>
   <div class='ocr_carea' id='block_1_4' title="bbox 540 506 3839 597">
    <p class='ocr_par' dir='ltr' id='par_1_4' title="bbox 540 506 3839 597">
     <span class='ocr_line' id='line_1_4' title="bbox 540 506 3839 597; baseline -0.004 -17"><span class='ocrx_word' id='word_1_7' title='bbox 540 522 691 597; x_wconf 89' lang='lat' dir='ltr'>quod</span> <span class='ocrx_word' id='word_1_8' title='bbox 733 520 899 578; x_wconf 78' lang='lat' dir='ltr'>fallax</span> <span class='ocrx_word' id='word_1_9' title='bbox 946 519 1253 577; x_wconf 88' lang='lat' dir='ltr'>mordendo</span> <span class='ocrx_word' id='word_1_10' title='bbox 1295 526 1351 575; x_wconf 88' lang='lat' dir='ltr'>et</span> <span class='ocrx_word' id='word_1_11' title='bbox 1396 514 1720 574; x_wconf 90' lang='lat' dir='ltr'>mentiendo</span> <span class='ocrx_word' id='word_1_12' title='bbox 1761 514 1965 569; x_wconf 89' lang='lat' dir='ltr'>nitatur</span> <span class='ocrx_word' id='word_1_13' title='bbox 1994 510 2139 568; x_wconf 86' lang='lat' dir='ltr'>infe-</span> <span class='ocrx_word' id='word_1_14' title='bbox 2171 512 2223 571; x_wconf 90' lang='lat' dir='ltr'><strong>A</strong></span> <span class='ocrx_word' id='word_1_15' title='bbox 2255 509 2583 578; x_wconf 73' lang='lat' dir='ltr'>existimant,</span> <span class='ocrx_word' id='word_1_16' title='bbox 2618 508 2711 563; x_wconf 88' lang='lat' dir='ltr'>vel</span> <span class='ocrx_word' id='word_1_17' title='bbox 2739 507 2879 564; x_wconf 90' lang='lat' dir='ltr'>sicut</span> <span class='ocrx_word' id='word_1_18' title='bbox 2911 506 2988 563; x_wconf 83' lang='lat' dir='ltr'>illi</span> <span class='ocrx_word' id='word_1_19' title='bbox 3014 508 3105 579; x_wconf 90' lang='lat' dir='ltr'><strong>qui</strong></span> <span class='ocrx_word' id='word_1_20' title='bbox 3142 506 3329 565; x_wconf 90' lang='lat' dir='ltr'>dicunt</span> <span class='ocrx_word' id='word_1_21' title='bbox 3355 508 3409 566; x_wconf 91' lang='lat' dir='ltr'>in</span> <span class='ocrx_word' id='word_1_22' title='bbox 3439 507 3544 565; x_wconf 89' lang='lat' dir='ltr'>ﬁde</span> <span class='ocrx_word' id='word_1_23' title='bbox 3572 512 3839 568; x_wconf 82' lang='lat' dir='ltr'>manenti-</span> 
     </span>
    </p>
   </div>
   <div class='ocr_carea' id='block_1_5' title="bbox 539 600 2142 685">
    <p class='ocr_par' dir='ltr' id='par_1_5' title="bbox 539 600 2142 685">
     <span class='ocr_line' id='line_1_5' title="bbox 539 600 2142 685; baseline -0.009 -17"><span class='ocrx_word' id='word_1_24' title='bbox 539 621 686 668; x_wconf 87' lang='lat' dir='ltr'>stare</span> <span class='ocrx_word' id='word_1_25' title='bbox 716 610 1049 685; x_wconf 89' lang='lat' dir='ltr'>proximum.</span> <span class='ocrx_word' id='word_1_26' title='bbox 1089 609 1242 665; x_wconf 89' lang='lat' dir='ltr'>Unde</span> <span class='ocrx_word' id='word_1_27' title='bbox 1272 607 1554 680; x_wconf 83' lang='lat' dir='ltr'>apostolus</span> <span class='ocrx_word' id='word_1_28' title='bbox 1578 606 1690 661; x_wconf 87' lang='lat' dir='ltr'>ait:</span> <span class='ocrx_word' id='word_1_29' title='bbox 1730 628 1751 652; x_wconf 72' lang='grc' dir='ltr'>«ι</span> <span class='ocrx_word' id='word_1_30' title='bbox 1788 604 1846 659; x_wconf 87' lang='lat' dir='ltr'>Si</span> <span class='ocrx_word' id='word_1_31' title='bbox 1877 600 2142 657; x_wconf 87' lang='lat' dir='ltr'>mordetis</span> 
     </span>
    </p>
   </div>
   <div class='ocr_carea' id='block_1_6' title="bbox 544 692 2142 765">
    <p class='ocr_par' dir='ltr' id='par_1_6' title="bbox 544 692 2142 765">
     <span class='ocr_line' id='line_1_6' title="bbox 544 692 2142 765; baseline -0.009 -8"><span class='ocrx_word' id='word_1_32' title='bbox 544 708 599 757; x_wconf 87' lang='lat' dir='ltr'>et</span> <span class='ocrx_word' id='word_1_33' title='bbox 626 699 911 758; x_wconf 76' lang='lat' dir='ltr'>comeditis</span> <span class='ocrx_word' id='word_1_34' title='bbox 940 698 1195 765; x_wconf 77' lang='lat' dir='ltr'>invicem,</span> <span class='ocrx_word' id='word_1_35' title='bbox 1228 697 1408 753; x_wconf 81' lang='lat' dir='ltr'>videte</span> <span class='ocrx_word' id='word_1_36' title='bbox 1439 713 1507 753; x_wconf 90' lang='lat' dir='ltr'>ne</span> <span class='ocrx_word' id='word_1_37' title='bbox 1537 695 1608 750; x_wconf 90' lang='lat' dir='ltr'>ab</span> <span class='ocrx_word' id='word_1_38' title='bbox 1653 692 1889 749; x_wconf 87' lang='lat' dir='ltr'>invicem</span> <span class='ocrx_word' id='word_1_39' title='bbox 1933 706 2142 747; x_wconf 81' lang='lat' dir='ltr'>consu-</span> 
     </span>
    </p>
   </div>
   <div class='ocr_carea' id='block_1_7' title="bbox 541 789 2143 869">
    <p class='ocr_par' dir='ltr' id='par_1_7' title="bbox 541 789 2143 869">
     <span class='ocr_line' id='line_1_7' title="bbox 541 789 2143 869; baseline -0.009 -14"><span class='ocrx_word' id='word_1_40' title='bbox 541 798 768 855; x_wconf 89' lang='lat' dir='ltr'>mamini</span> <span class='ocrx_word' id='word_1_41' title='bbox 798 797 958 869; x_wconf 71' lang='lat' dir='ltr'>(Gal.</span> <span class='ocrx_word' id='word_1_42' title='bbox 995 799 1073 859; x_wconf 90' lang='lat' dir='ltr'>v).</span> <span class='ocrx_word' id='word_1_43' title='bbox 1113 821 1135 846; x_wconf 73' lang='grc' dir='ltr'>ιι</span> <span class='ocrx_word' id='word_1_44' title='bbox 1168 796 1384 852; x_wconf 92' lang='lat' dir='ltr'>Nonum</span> <span class='ocrx_word' id='word_1_45' title='bbox 1440 800 1776 867; x_wconf 65' lang='lat' dir='ltr'>praeceptum</span> <span class='ocrx_word' id='word_1_46' title='bbox 1808 798 1930 846; x_wconf 89' lang='lat' dir='ltr'>est:</span> <span class='ocrx_word' id='word_1_47' title='bbox 1955 812 1977 837; x_wconf 82' lang='lat'><strong>-</strong></span> <span class='ocrx_word' id='word_1_48' title='bbox 2018 789 2143 843; x_wconf 89' lang='lat' dir='ltr'>Non</span> 
     </span>
    </p>
   </div>
   <div class='ocr_carea' id='block_1_8' title="bbox 543 878 2146 960">
    <p class='ocr_par' dir='ltr' id='par_1_8' title="bbox 543 878 2146 960">
     <span class='ocr_line' id='line_1_8' title="bbox 543 878 2146 960; baseline -0.011 -12"><span class='ocrx_word' id='word_1_49' title='bbox 543 888 901 960; x_wconf 86' lang='lat' dir='ltr'>concupisces</span> <span class='ocrx_word' id='word_1_50' title='bbox 933 904 1051 942; x_wconf 89' lang='lat' dir='ltr'>rem</span> <span class='ocrx_word' id='word_1_51' title='bbox 1080 886 1314 958; x_wconf 82' lang='lat' dir='ltr'>proximi</span> <span class='ocrx_word' id='word_1_52' title='bbox 1340 884 1418 940; x_wconf 85' lang='lat' dir='ltr'>tui</span> <span class='ocrx_word' id='word_1_53' title='bbox 1448 884 1643 950; x_wconf 77' lang='lat' dir='ltr'>(Exod.</span> <span class='ocrx_word' id='word_1_54' title='bbox 1675 881 1787 949; x_wconf 80' lang='lat' dir='ltr'>xx).</span> <span class='ocrx_word' id='word_1_55' title='bbox 1828 904 1850 929; x_wconf 76' lang='grc' dir='ltr'>»ι</span> <span class='ocrx_word' id='word_1_56' title='bbox 1885 878 2021 933; x_wconf 82' lang='lat' dir='ltr'>Huic</span> <span class='ocrx_word' id='word_1_57' title='bbox 2051 893 2146 947; x_wconf 85' lang='lat' dir='ltr'>op-</span> 
     </span>
    </p>
   </div>
   <div class='ocr_carea' id='block_1_9' title="bbox 544 967 2136 1053">
    <p class='ocr_par' dir='ltr' id='par_1_9' title="bbox 544 967 2136 1053">
     <span class='ocr_line' id='line_1_9' title="bbox 544 967 2136 1053; baseline -0.009 -18"><span class='ocrx_word' id='word_1_58' title='bbox 544 978 720 1053; x_wconf 89' lang='lat' dir='ltr'>posita</span> <span class='ocrx_word' id='word_1_59' title='bbox 777 984 863 1033; x_wconf 91' lang='lat' dir='ltr'>est</span> <span class='ocrx_word' id='word_1_60' title='bbox 918 984 1111 1032; x_wconf 79' lang='lat' dir='ltr'>octava</span> <span class='ocrx_word' id='word_1_61' title='bbox 1170 975 1351 1048; x_wconf 80' lang='lat' dir='ltr'>plaga,</span> <span class='ocrx_word' id='word_1_62' title='bbox 1410 974 1621 1030; x_wconf 72' lang='lat' dir='ltr'>scilicet</span> <span class='ocrx_word' id='word_1_63' title='bbox 1652 972 1837 1027; x_wconf 76' lang='lat' dir='ltr'>densae</span> <span class='ocrx_word' id='word_1_64' title='bbox 1867 967 2136 1024; x_wconf 70' lang='lat' dir='ltr'>tenebrae.</span> 
     </span>
    </p>
   </div>
   <div class='ocr_carea' id='block_1_10' title="bbox 544 1068 2145 1148">
    <p class='ocr_par' dir='ltr' id='par_1_10' title="bbox 544 1068 2145 1148">
     <span class='ocr_line' id='line_1_10' title="bbox 544 1068 2145 1148; baseline -0.011 -16"><span class='ocrx_word' id='word_1_65' title='bbox 544 1075 703 1147; x_wconf 84' lang='lat' dir='ltr'>Quod</span> <span class='ocrx_word' id='word_1_66' title='bbox 733 1070 1007 1148; x_wconf 87' lang='lat' dir='ltr'>signiﬁcat</span> <span class='ocrx_word' id='word_1_67' title='bbox 1036 1072 1090 1126; x_wconf 91' lang='lat' dir='ltr'>in</span> <span class='ocrx_word' id='word_1_68' title='bbox 1122 1071 1363 1126; x_wconf 83' lang='lat' dir='ltr'>tenebris</span> <span class='ocrx_word' id='word_1_69' title='bbox 1393 1086 1517 1125; x_wconf 89' lang='lat' dir='ltr'>esse</span> <span class='ocrx_word' id='word_1_70' title='bbox 1551 1076 1605 1124; x_wconf 93' lang='lat' dir='ltr'>et</span> <span class='ocrx_word' id='word_1_71' title='bbox 1628 1068 1696 1122; x_wconf 91' lang='lat' dir='ltr'>ad</span> <span class='ocrx_word' id='word_1_72' title='bbox 1725 1076 1962 1124; x_wconf 65' lang='lat' dir='ltr'>aeternas</span> <span class='ocrx_word' id='word_1_73' title='bbox 1992 1071 2145 1118; x_wconf 88' lang='lat' dir='ltr'>tene-</span> 
     </span>
    </p>
   </div>
   <div class='ocr_carea' id='block_1_11' title="bbox 542 1147 2145 1229">
    <p class='ocr_par' dir='ltr' id='par_1_11' title="bbox 542 1147 2145 1229">
     <span class='ocr_line' id='line_1_11' title="bbox 542 1147 2145 1229; baseline -0.01 -12"><span class='ocrx_word' id='word_1_74' title='bbox 542 1161 670 1216; x_wconf 89' lang='lat' dir='ltr'>bras</span> <span class='ocrx_word' id='word_1_75' title='bbox 698 1147 927 1215; x_wconf 83' lang='lat' dir='ltr'>tendere</span> <span class='ocrx_word' id='word_1_76' title='bbox 956 1156 1048 1229; x_wconf 89' lang='lat' dir='ltr'>qui</span> <span class='ocrx_word' id='word_1_77' title='bbox 1077 1154 1224 1228; x_wconf 90' lang='lat' dir='ltr'>quod</span> <span class='ocrx_word' id='word_1_78' title='bbox 1255 1154 1361 1210; x_wconf 91' lang='lat' dir='ltr'>sibi</span> <span class='ocrx_word' id='word_1_79' title='bbox 1389 1171 1502 1210; x_wconf 89' lang='lat' dir='ltr'>non</span> <span class='ocrx_word' id='word_1_80' title='bbox 1532 1153 1664 1220; x_wconf 83' lang='lat' dir='ltr'>vult,</span> <span class='ocrx_word' id='word_1_81' title='bbox 1707 1152 1814 1208; x_wconf 91' lang='lat' dir='ltr'>hoc</span> <span class='ocrx_word' id='word_1_82' title='bbox 1844 1149 1934 1205; x_wconf 87' lang='lat' dir='ltr'>alii</span> <span class='ocrx_word' id='word_1_83' title='bbox 1965 1147 2145 1203; x_wconf 87' lang='lat' dir='ltr'>medi-</span> 
     </span>
    </p>
   </div>
   <div class='ocr_carea' id='block_1_12' title="bbox 540 1237 2152 1315">
    <p class='ocr_par' dir='ltr' id='par_1_12' title="bbox 540 1237 2152 1315">
     <span class='ocr_line' id='line_1_12' title="bbox 540 1237 2152 1315; baseline -0.009 -10"><span class='ocrx_word' id='word_1_84' title='bbox 540 1256 689 1315; x_wconf 85' lang='lat' dir='ltr'>tatur</span> <span class='ocrx_word' id='word_1_85' title='bbox 716 1245 943 1304; x_wconf 89' lang='lat' dir='ltr'>inferre.</span> <span class='ocrx_word' id='word_1_86' title='bbox 977 1244 1261 1301; x_wconf 89' lang='lat' dir='ltr'>Decimum</span> <span class='ocrx_word' id='word_1_87' title='bbox 1284 1249 1629 1315; x_wconf 71' lang='lat' dir='ltr'>praeceptum</span> <span class='ocrx_word' id='word_1_88' title='bbox 1652 1249 1734 1296; x_wconf 90' lang='lat' dir='ltr'>est</span> <span class='ocrx_word' id='word_1_89' title='bbox 1759 1259 1770 1296; x_wconf 91' lang='lat'><strong>:</strong></span> <span class='ocrx_word' id='word_1_90' title='bbox 1803 1261 1821 1291; x_wconf 69' lang='grc' dir='ltr'><strong>ε</strong></span> <span class='ocrx_word' id='word_1_91' title='bbox 1856 1240 1981 1294; x_wconf 87' lang='grc' dir='ltr'>Νοιι</span> <span class='ocrx_word' id='word_1_92' title='bbox 2001 1237 2152 1293; x_wconf 86' lang='lat' dir='ltr'>desi-</span> 
     </span>
    </p>
   </div>
   <div class='ocr_carea' id='block_1_13' title="bbox 541 1341 2144 1414">
    <p class='ocr_par' dir='ltr' id='par_1_13' title="bbox 541 1341 2144 1414">
     <span class='ocr_line' id='line_1_13' title="bbox 541 1341 2144 1414; baseline -0.009 -10"><span class='ocrx_word' id='word_1_93' title='bbox 541 1346 759 1404; x_wconf 87' lang='lat' dir='ltr'>derabis</span> <span class='ocrx_word' id='word_1_94' title='bbox 807 1360 1038 1401; x_wconf 88' lang='lat' dir='ltr'>uxorem</span> <span class='ocrx_word' id='word_1_95' title='bbox 1080 1342 1311 1414; x_wconf 83' lang='lat' dir='ltr'>proximi</span> <span class='ocrx_word' id='word_1_96' title='bbox 1361 1341 1435 1397; x_wconf 91' lang='lat' dir='ltr'>tui</span> <span class='ocrx_word' id='word_1_97' title='bbox 1482 1341 1687 1411; x_wconf 83' lang='lat' dir='ltr'>(ibid.).</span> <span class='ocrx_word' id='word_1_98' title='bbox 1733 1341 1855 1395; x_wconf 88' lang='lat' dir='ltr'>Non</span> <span class='ocrx_word' id='word_1_99' title='bbox 1900 1354 2144 1403; x_wconf 88' lang='lat' dir='ltr'>servum,</span> 
     </span>
    </p>
   </div>
   <div class='ocr_carea' id='block_1_14' title="bbox 540 1426 2148 1502">
    <p class='ocr_par' dir='ltr' id='par_1_14' title="bbox 540 1426 2148 1502">
     <span class='ocr_line' id='line_1_14' title="bbox 540 1426 2148 1502; baseline -0.009 -9"><span class='ocrx_word' id='word_1_100' title='bbox 540 1453 652 1493; x_wconf 92' lang='lat' dir='ltr'>non</span> <span class='ocrx_word' id='word_1_101' title='bbox 680 1435 958 1492; x_wconf 86' lang='lat' dir='ltr'>ancillam.</span> <span class='ocrx_word' id='word_1_102' title='bbox 996 1456 1018 1482; x_wconf 74' lang='grc' dir='ltr'>ιι</span> <span class='ocrx_word' id='word_1_103' title='bbox 1055 1431 1194 1488; x_wconf 89' lang='lat' dir='ltr'>Huic</span> <span class='ocrx_word' id='word_1_104' title='bbox 1220 1438 1496 1502; x_wconf 71' lang='lat' dir='ltr'>praecepto</span> <span class='ocrx_word' id='word_1_105' title='bbox 1518 1429 1793 1486; x_wconf 88' lang='lat' dir='ltr'>contraria</span> <span class='ocrx_word' id='word_1_106' title='bbox 1824 1435 1908 1483; x_wconf 88' lang='lat' dir='ltr'>est</span> <span class='ocrx_word' id='word_1_107' title='bbox 1935 1426 2148 1482; x_wconf 84' lang='lat' dir='ltr'>decima</span> 
     </span>
    </p>
   </div>
   <div class='ocr_carea' id='block_1_15' title="bbox 546 1514 2148 1598">
    <p class='ocr_par' dir='ltr' id='par_1_15' title="bbox 546 1514 2148 1598">
     <span class='ocr_line' id='line_1_15' title="bbox 546 1514 2148 1598; baseline -0.007 -18"><span class='ocrx_word' id='word_1_108' title='bbox 546 1525 740 1598; x_wconf 84' lang='lat' dir='ltr'>plaga,</span> <span class='ocrx_word' id='word_1_109' title='bbox 775 1522 986 1579; x_wconf 88' lang='lat' dir='ltr'>scilicet</span> <span class='ocrx_word' id='word_1_110' title='bbox 1015 1537 1163 1576; x_wconf 90' lang='lat' dir='ltr'>mors</span> <span class='ocrx_word' id='word_1_111' title='bbox 1196 1520 1711 1592; x_wconf 87' lang='lat' dir='ltr'>primogenitorum.</span> <span class='ocrx_word' id='word_1_112' title='bbox 1748 1517 1911 1581; x_wconf 82' lang='lat' dir='ltr'>Quod</span> <span class='ocrx_word' id='word_1_113' title='bbox 1942 1514 2148 1587; x_wconf 84' lang='lat' dir='ltr'>signiﬁ-</span> 
     </span>
    </p>
   </div>
   <div class='ocr_carea' id='block_1_16' title="bbox 541 1607 2151 1687">
    <p class='ocr_par' dir='ltr' id='par_1_16' title="bbox 541 1607 2151 1687">
     <span class='ocr_line' id='line_1_16' title="bbox 541 1607 2151 1687; baseline -0.009 -14"><span class='ocrx_word' id='word_1_114' title='bbox 541 1623 628 1673; x_wconf 87' lang='lat' dir='ltr'>cat</span> <span class='ocrx_word' id='word_1_115' title='bbox 656 1613 805 1687; x_wconf 89' lang='lat' dir='ltr'>quod</span> <span class='ocrx_word' id='word_1_116' title='bbox 838 1612 933 1682; x_wconf 90' lang='lat' dir='ltr'>qui</span> <span class='ocrx_word' id='word_1_117' title='bbox 963 1611 1149 1667; x_wconf 89' lang='lat' dir='ltr'>volunt</span> <span class='ocrx_word' id='word_1_118' title='bbox 1179 1609 1527 1664; x_wconf 69' lang='lat' dir='ltr'>liaareditarie</span> <span class='ocrx_word' id='word_1_119' title='bbox 1547 1608 1725 1663; x_wconf 91' lang='lat' dir='ltr'>aliena</span> <span class='ocrx_word' id='word_1_120' title='bbox 1756 1607 2060 1678; x_wconf 90' lang='lat' dir='ltr'>possidere,</span> <span class='ocrx_word' id='word_1_121' title='bbox 2097 1611 2151 1658; x_wconf 88' lang='lat' dir='ltr'>et</span> 
     </span>
    </p>
   </div>
   <div class='ocr_carea' id='block_1_17' title="bbox 542 1702 2145 1771">
    <p class='ocr_par' dir='ltr' id='par_1_17' title="bbox 542 1702 2145 1771">
     <span class='ocr_line' id='line_1_17' title="bbox 542 1702 2145 1771; baseline -0.008 -3"><span class='ocrx_word' id='word_1_122' title='bbox 542 1713 863 1769; x_wconf 88' lang='lat' dir='ltr'>desiderant</span> <span class='ocrx_word' id='word_1_123' title='bbox 919 1715 1154 1765; x_wconf 90' lang='lat' dir='ltr'>mortem</span> <span class='ocrx_word' id='word_1_124' title='bbox 1200 1714 1638 1763; x_wconf 87' lang='lat' dir='ltr'>momentaneam</span> <span class='ocrx_word' id='word_1_125' title='bbox 1669 1706 1920 1771; x_wconf 86' lang='lat' dir='ltr'>aliorum,</span> <span class='ocrx_word' id='word_1_126' title='bbox 1957 1702 2145 1758; x_wconf 90' lang='lat' dir='ltr'>incur-</span> 
     </span>
    </p>
   </div>
   <div class='ocr_carea' id='block_1_18' title="bbox 541 1792 2144 1869">
    <p class='ocr_par' dir='ltr' id='par_1_18' title="bbox 541 1792 2144 1869">
     <span class='ocr_line' id='line_1_18' title="bbox 541 1792 2144 1869; baseline -0.007 -12"><span class='ocrx_word' id='word_1_127' title='bbox 541 1809 663 1857; x_wconf 87' lang='lat' dir='ltr'>runt</span> <span class='ocrx_word' id='word_1_128' title='bbox 692 1809 982 1856; x_wconf 67' lang='lat' dir='ltr'>aeternam.</span> <span class='ocrx_word' id='word_1_129' title='bbox 1021 1798 1118 1853; x_wconf 86' lang='lat' dir='ltr'>His</span> <span class='ocrx_word' id='word_1_130' title='bbox 1147 1797 1338 1852; x_wconf 88' lang='lat' dir='ltr'>decem</span> <span class='ocrx_word' id='word_1_131' title='bbox 1362 1795 1540 1869; x_wconf 78' lang='lat' dir='ltr'>plagis</span> <span class='ocrx_word' id='word_1_132' title='bbox 1570 1810 1671 1866; x_wconf 90' lang='lat' dir='ltr'>pro</span> <span class='ocrx_word' id='word_1_133' title='bbox 1702 1792 2144 1866; x_wconf 78' lang='lat' dir='ltr'>transgressione</span> 
     </span>
    </p>
   </div>
   <div class='ocr_carea' id='block_1_19' title="bbox 2250 597 3841 673">
    <p class='ocr_par' dir='ltr' id='par_1_19' title="bbox 2250 597 3841 673">
     <span class='ocr_line' id='line_1_19' title="bbox 2250 597 3841 673; baseline 0.001 -18"><span class='ocrx_word' id='word_1_134' title='bbox 2250 600 2371 667; x_wconf 91' lang='lat' dir='ltr'>bus,</span> <span class='ocrx_word' id='word_1_135' title='bbox 2397 598 2643 670; x_wconf 81' lang='lat' dir='ltr'>quamvis</span> <span class='ocrx_word' id='word_1_136' title='bbox 2673 597 2963 654; x_wconf 84' lang='lat' dir='ltr'>carnaliter</span> <span class='ocrx_word' id='word_1_137' title='bbox 3002 598 3200 665; x_wconf 87' lang='lat' dir='ltr'>vivant,</span> <span class='ocrx_word' id='word_1_138' title='bbox 3231 615 3341 655; x_wconf 90' lang='lat' dir='ltr'>non</span> <span class='ocrx_word' id='word_1_139' title='bbox 3390 616 3552 672; x_wconf 89' lang='lat' dir='ltr'>posse</span> <span class='ocrx_word' id='word_1_140' title='bbox 3577 600 3841 673; x_wconf 83' lang='lat' dir='ltr'>imputari</span> 
     </span>
    </p>
   </div>
   <div class='ocr_carea' id='block_1_20' title="bbox 2249 686 3835 761">
    <p class='ocr_par' dir='ltr' id='par_1_20' title="bbox 2249 686 3835 761">
     <span class='ocr_line' id='line_1_20' title="bbox 2249 686 3835 761; baseline 0.001 -17"><span class='ocrx_word' id='word_1_141' title='bbox 2249 697 2496 761; x_wconf 89' lang='lat' dir='ltr'>peccata.</span> <span class='ocrx_word' id='word_1_142' title='bbox 2530 689 2591 741; x_wconf 91' lang='lat' dir='ltr'>In</span> <span class='ocrx_word' id='word_1_143' title='bbox 2632 686 2888 743; x_wconf 86' lang='lat' dir='ltr'>cicatrice</span> <span class='ocrx_word' id='word_1_144' title='bbox 2933 688 3108 742; x_wconf 81' lang='lat' dir='ltr'>sanati</span> <span class='ocrx_word' id='word_1_145' title='bbox 3149 687 3348 744; x_wconf 87' lang='lat' dir='ltr'>ulceris</span> <span class='ocrx_word' id='word_1_146' title='bbox 3385 689 3589 761; x_wconf 88' lang='lat' dir='ltr'>lepram</span> <span class='ocrx_word' id='word_1_147' title='bbox 3628 699 3835 761; x_wconf 76' lang='lat' dir='ltr'>portat,</span> 
     </span>
    </p>
   </div>
   <div class='ocr_carea' id='block_1_21' title="bbox 2252 786 3840 860">
    <p class='ocr_par' dir='ltr' id='par_1_21' title="bbox 2252 786 3840 860">
     <span class='ocr_line' id='line_1_21' title="bbox 2252 786 3840 860; baseline 0.004 -18"><span class='ocrx_word' id='word_1_148' title='bbox 2252 789 2343 860; x_wconf 93' lang='lat' dir='ltr'>qui</span> <span class='ocrx_word' id='word_1_149' title='bbox 2374 795 2499 858; x_wconf 90' lang='lat' dir='ltr'>post</span> <span class='ocrx_word' id='word_1_150' title='bbox 2526 786 2898 860; x_wconf 82' lang='lat' dir='ltr'>cngnitionem</span> <span class='ocrx_word' id='word_1_151' title='bbox 2944 791 2999 843; x_wconf 91' lang='lat' dir='ltr'>et</span> <span class='ocrx_word' id='word_1_152' title='bbox 3045 788 3372 845; x_wconf 89' lang='lat' dir='ltr'>medicinam</span> <span class='ocrx_word' id='word_1_153' title='bbox 3395 791 3491 846; x_wconf 89' lang='lat' dir='ltr'>Dei</span> <span class='ocrx_word' id='word_1_154' title='bbox 3521 800 3573 846; x_wconf 88' lang='lat' dir='ltr'>et</span> <span class='ocrx_word' id='word_1_155' title='bbox 3599 793 3840 849; x_wconf 82' lang='lat' dir='ltr'>manife-</span> 
     </span>
    </p>
   </div>
   <div class='ocr_carea' id='block_1_22' title="bbox 2253 875 3841 951">
    <p class='ocr_par' dir='ltr' id='par_1_22' title="bbox 2253 875 3841 951">
     <span class='ocr_line' id='line_1_22' title="bbox 2253 875 3841 951; baseline 0.005 -18"><span class='ocrx_word' id='word_1_156' title='bbox 2253 878 2544 933; x_wconf 88' lang='lat' dir='ltr'>stationem</span> <span class='ocrx_word' id='word_1_157' title='bbox 2585 875 2709 932; x_wconf 89' lang='lat' dir='ltr'>ﬁdei</span> <span class='ocrx_word' id='word_1_158' title='bbox 2740 892 2902 948; x_wconf 87' lang='lat' dir='ltr'>quam</span> <span class='ocrx_word' id='word_1_159' title='bbox 2932 891 2966 931; x_wconf 90' lang='lat' dir='ltr'>a</span> <span class='ocrx_word' id='word_1_160' title='bbox 3013 877 3230 934; x_wconf 83' lang='lat' dir='ltr'>Christo</span> <span class='ocrx_word' id='word_1_161' title='bbox 3274 882 3528 951; x_wconf 84' lang='lat' dir='ltr'>suscepit,</span> <span class='ocrx_word' id='word_1_162' title='bbox 3560 901 3745 940; x_wconf 86' lang='lat' dir='ltr'>rursus</span> <span class='ocrx_word' id='word_1_163' title='bbox 3772 888 3841 941; x_wconf 85' lang='lat' dir='ltr'>in</span> 
     </span>
    </p>
   </div>
   <div class='ocr_carea' id='block_1_23' title="bbox 2252 973 3843 1054">
    <p class='ocr_par' dir='ltr' id='par_1_23' title="bbox 2252 973 3843 1054">
     <span class='ocr_line' id='line_1_23' title="bbox 2252 973 3843 1054; baseline 0.012 -27"><span class='ocrx_word' id='word_1_164' title='bbox 2252 975 2373 1045; x_wconf 91' lang='lat' dir='ltr'>ipsa</span> <span class='ocrx_word' id='word_1_165' title='bbox 2405 973 2659 1030; x_wconf 86' lang='lat' dir='ltr'>cicatrice</span> <span class='ocrx_word' id='word_1_166' title='bbox 2686 973 2894 1029; x_wconf 83' lang='lat' dir='ltr'>accedit</span> <span class='ocrx_word' id='word_1_167' title='bbox 2925 973 2995 1029; x_wconf 89' lang='lat' dir='ltr'>ad</span> <span class='ocrx_word' id='word_1_168' title='bbox 3042 974 3264 1048; x_wconf 86' lang='lat' dir='ltr'>aliquod</span> <span class='ocrx_word' id='word_1_169' title='bbox 3294 982 3496 1037; x_wconf 89' lang='lat' dir='ltr'>erroris</span> <span class='ocrx_word' id='word_1_170' title='bbox 3526 985 3718 1054; x_wconf 89' lang='lat' dir='ltr'>prioris</span> <span class='ocrx_word' id='word_1_171' title='bbox 3748 992 3843 1045; x_wconf 85' lang='lat' dir='ltr'>in-</span> 
     </span>
    </p>
   </div>
   <div class='ocr_carea' id='block_1_24' title="bbox 2253 1061 3845 1143">
    <p class='ocr_par' dir='ltr' id='par_1_24' title="bbox 2253 1061 3845 1143">
     <span class='ocr_line' id='line_1_24' title="bbox 2253 1061 3845 1143; baseline 0.011 -24"><span class='ocrx_word' id='word_1_172' title='bbox 2253 1064 2476 1130; x_wconf 90' lang='lat' dir='ltr'>dicium,</span> <span class='ocrx_word' id='word_1_173' title='bbox 2507 1072 2599 1118; x_wconf 89' lang='lat' dir='ltr'>aut</span> <span class='ocrx_word' id='word_1_174' title='bbox 2620 1064 2689 1118; x_wconf 89' lang='lat' dir='ltr'>ad</span> <span class='ocrx_word' id='word_1_175' title='bbox 2720 1061 3004 1134; x_wconf 85' lang='lat' dir='ltr'>perﬁdiam</span> <span class='ocrx_word' id='word_1_176' title='bbox 3029 1067 3224 1122; x_wconf 86' lang='lat' dir='ltr'>veteris</span> <span class='ocrx_word' id='word_1_177' title='bbox 3250 1069 3545 1143; x_wconf 79' lang='lat' dir='ltr'>dogmatis.</span> <span class='ocrx_word' id='word_1_178' title='bbox 3581 1076 3639 1131; x_wconf 91' lang='lat' dir='ltr'>ln</span> <span class='ocrx_word' id='word_1_179' title='bbox 3667 1094 3845 1136; x_wconf 83' lang='lat' dir='ltr'>carne</span> 
     </span>
    </p>
   </div>
   <div class='ocr_carea' id='block_1_25' title="bbox 2255 1162 3849 1239">
    <p class='ocr_par' dir='ltr' id='par_1_25' title="bbox 2255 1162 3849 1239">
     <span class='ocr_line' id='line_1_25' title="bbox 2255 1162 3849 1239; baseline 0.011 -22"><span class='ocrx_word' id='word_1_180' title='bbox 2255 1162 2379 1218; x_wconf 89' lang='lat' dir='ltr'>viva</span> <span class='ocrx_word' id='word_1_181' title='bbox 2410 1170 2626 1233; x_wconf 81' lang='lat' dir='ltr'>gestant</span> <span class='ocrx_word' id='word_1_182' title='bbox 2653 1164 2880 1233; x_wconf 88' lang='lat' dir='ltr'>lepram,</span> <span class='ocrx_word' id='word_1_183' title='bbox 2915 1162 3008 1234; x_wconf 91' lang='lat' dir='ltr'>qui</span> <span class='ocrx_word' id='word_1_184' title='bbox 3035 1164 3104 1219; x_wconf 93' lang='lat' dir='ltr'>de</span> <span class='ocrx_word' id='word_1_185' title='bbox 3132 1166 3308 1221; x_wconf 88' lang='lat' dir='ltr'>anima</span> <span class='ocrx_word' id='word_1_186' title='bbox 3345 1185 3460 1239; x_wconf 70' lang='lat' dir='ltr'>quae</span> <span class='ocrx_word' id='word_1_187' title='bbox 3483 1173 3594 1229; x_wconf 89' lang='lat' dir='ltr'>vita</span> <span class='ocrx_word' id='word_1_188' title='bbox 3622 1184 3702 1231; x_wconf 90' lang='lat' dir='ltr'>est</span> <span class='ocrx_word' id='word_1_189' title='bbox 3727 1178 3849 1234; x_wconf 87' lang='lat' dir='ltr'>ali-</span> 
     </span>
    </p>
   </div>
   <div class='ocr_carea' id='block_1_26' title="bbox 2256 1250 3845 1327">
    <p class='ocr_par' dir='ltr' id='par_1_26' title="bbox 2256 1250 3845 1327">
     <span class='ocr_line' id='line_1_26' title="bbox 2256 1250 3845 1327; baseline 0.011 -23"><span class='ocrx_word' id='word_1_190' title='bbox 2256 1251 2398 1320; x_wconf 87' lang='lat' dir='ltr'>quod</span> <span class='ocrx_word' id='word_1_191' title='bbox 2432 1250 2629 1305; x_wconf 90' lang='lat' dir='ltr'>falsum</span> <span class='ocrx_word' id='word_1_192' title='bbox 2652 1250 2983 1317; x_wconf 84' lang='lat' dir='ltr'>existimant,</span> <span class='ocrx_word' id='word_1_193' title='bbox 3016 1252 3155 1308; x_wconf 90' lang='lat' dir='ltr'>sicut</span> <span class='ocrx_word' id='word_1_194' title='bbox 3174 1254 3251 1309; x_wconf 89' lang='lat' dir='ltr'>illi</span> <span class='ocrx_word' id='word_1_195' title='bbox 3281 1257 3373 1327; x_wconf 91' lang='lat' dir='ltr'>qui</span> <span class='ocrx_word' id='word_1_196' title='bbox 3402 1259 3580 1316; x_wconf 73' lang='lat' dir='ltr'>dicunt</span> <span class='ocrx_word' id='word_1_197' title='bbox 3604 1266 3845 1322; x_wconf 85' lang='lat' dir='ltr'>animam</span> 
     </span>
    </p>
   </div>
   <div class='ocr_carea' id='block_1_27' title="bbox 2256 1338 3844 1425">
    <p class='ocr_par' dir='ltr' id='par_1_27' title="bbox 2256 1338 3844 1425">
     <span class='ocr_line' id='line_1_27' title="bbox 2256 1338 3844 1425; baseline 0.012 -31"><span class='ocrx_word' id='word_1_198' title='bbox 2256 1340 2325 1394; x_wconf 93' lang='lat' dir='ltr'>de</span> <span class='ocrx_word' id='word_1_199' title='bbox 2354 1339 2545 1395; x_wconf 90' lang='lat' dir='ltr'>carnis</span> <span class='ocrx_word' id='word_1_200' title='bbox 2576 1338 2890 1395; x_wconf 84' lang='lat' dir='ltr'>substantia</span> <span class='ocrx_word' id='word_1_201' title='bbox 2926 1352 3306 1414; x_wconf 83' lang='lat' dir='ltr'>prOpagatam,</span> <span class='ocrx_word' id='word_1_202' title='bbox 3333 1355 3385 1401; x_wconf 91' lang='lat' dir='ltr'>et</span> <span class='ocrx_word' id='word_1_203' title='bbox 3411 1348 3552 1406; x_wconf 87' lang='lat' dir='ltr'>sicut</span> <span class='ocrx_word' id='word_1_204' title='bbox 3578 1354 3665 1425; x_wconf 90' lang='lat' dir='ltr'>qui</span> <span class='ocrx_word' id='word_1_205' title='bbox 3702 1358 3844 1411; x_wconf 91' lang='lat' dir='ltr'>ani-</span> 
     </span>
    </p>
   </div>
   <div class='ocr_carea' id='block_1_28' title="bbox 2257 1428 3847 1504">
    <p class='ocr_par' dir='ltr' id='par_1_28' title="bbox 2257 1428 3847 1504">
     <span class='ocr_line' id='line_1_28' title="bbox 2257 1428 3847 1504; baseline 0.014 -23"><span class='ocrx_word' id='word_1_206' title='bbox 2257 1444 2401 1482; x_wconf 89' lang='lat' dir='ltr'>mam</span> <span class='ocrx_word' id='word_1_207' title='bbox 2432 1428 2595 1483; x_wconf 90' lang='lat' dir='ltr'>simul</span> <span class='ocrx_word' id='word_1_208' title='bbox 2638 1443 2763 1484; x_wconf 89' lang='lat' dir='ltr'>cum</span> <span class='ocrx_word' id='word_1_209' title='bbox 2802 1444 3034 1501; x_wconf 88' lang='lat' dir='ltr'>corpore</span> <span class='ocrx_word' id='word_1_210' title='bbox 3071 1434 3212 1487; x_wconf 92' lang='lat' dir='ltr'>mori</span> <span class='ocrx_word' id='word_1_211' title='bbox 3250 1442 3452 1504; x_wconf 88' lang='lat' dir='ltr'>putant.</span> <span class='ocrx_word' id='word_1_212' title='bbox 3493 1440 3552 1494; x_wconf 90' lang='lat' dir='ltr'>In</span> <span class='ocrx_word' id='word_1_213' title='bbox 3581 1444 3847 1504; x_wconf 81' lang='lat' dir='ltr'>cicatrice</span> 
     </span>
    </p>
   </div>
   <div class='ocr_carea' id='block_1_29' title="bbox 2256 1517 3847 1597">
    <p class='ocr_par' dir='ltr' id='par_1_29' title="bbox 2256 1517 3847 1597">
     <span class='ocr_line' id='line_1_29' title="bbox 2256 1517 3847 1597; baseline 0.013 -25"><span class='ocrx_word' id='word_1_214' title='bbox 2256 1517 2713 1588; x_wconf 90' lang='lat' dir='ltr'>ustionislepram</span> <span class='ocrx_word' id='word_1_215' title='bbox 2743 1518 2944 1574; x_wconf 85' lang='lat' dir='ltr'>habent</span> <span class='ocrx_word' id='word_1_216' title='bbox 2985 1520 3288 1590; x_wconf 72' lang='lat' dir='ltr'>Manichrei,</span> <span class='ocrx_word' id='word_1_217' title='bbox 3341 1527 3432 1597; x_wconf 91' lang='lat' dir='ltr'>qui</span> <span class='ocrx_word' id='word_1_218' title='bbox 3479 1529 3619 1587; x_wconf 89' lang='lat' dir='ltr'>inani</span> <span class='ocrx_word' id='word_1_219' title='bbox 3662 1535 3847 1591; x_wconf 80' lang='lat' dir='ltr'>absti—</span> 
     </span>
    </p>
   </div>
   <div class='ocr_carea' id='block_1_30' title="bbox 2257 1607 3845 1690">
    <p class='ocr_par' dir='ltr' id='par_1_30' title="bbox 2257 1607 3845 1690">
     <span class='ocr_line' id='line_1_30' title="bbox 2257 1607 3845 1690; baseline 0.013 -29"><span class='ocrx_word' id='word_1_220' title='bbox 2257 1608 2456 1662; x_wconf 73' lang='lat' dir='ltr'>nentiae</span> <span class='ocrx_word' id='word_1_221' title='bbox 2487 1607 2733 1662; x_wconf 90' lang='lat' dir='ltr'>cruciatu</span> <span class='ocrx_word' id='word_1_222' title='bbox 2764 1622 2999 1678; x_wconf 89' lang='lat' dir='ltr'>corpora</span> <span class='ocrx_word' id='word_1_223' title='bbox 3030 1625 3129 1665; x_wconf 89' lang='lat' dir='ltr'>sua</span> <span class='ocrx_word' id='word_1_224' title='bbox 3157 1623 3405 1682; x_wconf 85' lang='lat' dir='ltr'>exurunt,</span> <span class='ocrx_word' id='word_1_225' title='bbox 3436 1626 3489 1673; x_wconf 91' lang='lat' dir='ltr'>et</span> <span class='ocrx_word' id='word_1_226' title='bbox 3516 1636 3614 1690; x_wconf 88' lang='lat' dir='ltr'>per</span> <span class='ocrx_word' id='word_1_227' title='bbox 3642 1623 3845 1682; x_wconf 83' lang='lat' dir='ltr'>inﬁde-</span> 
     </span>
    </p>
   </div>
   <div class='ocr_carea' id='block_1_31' title="bbox 2256 1705 3834 1794">
    <p class='ocr_par' dir='ltr' id='par_1_31' title="bbox 2256 1705 3834 1794">
     <span class='ocr_line' id='line_1_31' title="bbox 2256 1705 3834 1794; baseline 0.014 -35"><span class='ocrx_word' id='word_1_228' title='bbox 2256 1705 2462 1760; x_wconf 89' lang='lat' dir='ltr'>litatem</span> <span class='ocrx_word' id='word_1_229' title='bbox 2504 1721 2614 1760; x_wconf 91' lang='lat' dir='ltr'>non</span> <span class='ocrx_word' id='word_1_230' title='bbox 2658 1706 2996 1794; x_wconf 85' lang='lat' dir='ltr'>munditiam,</span> <span class='ocrx_word' id='word_1_231' title='bbox 3031 1709 3128 1764; x_wconf 90' lang='lat' dir='ltr'>sed</span> <span class='ocrx_word' id='word_1_232' title='bbox 3175 1710 3379 1782; x_wconf 88' lang='lat' dir='ltr'>lepram</span> <span class='ocrx_word' id='word_1_233' title='bbox 3424 1715 3548 1773; x_wconf 89' lang='lat' dir='ltr'>inde</span> <span class='ocrx_word' id='word_1_234' title='bbox 3575 1721 3834 1794; x_wconf 82' lang='lat' dir='ltr'>gignunt.</span> 
     </span>
    </p>
   </div>
   <div class='ocr_carea' id='block_1_32' title="bbox 2256 1793 3843 1877">
    <p class='ocr_par' dir='ltr' id='par_1_32' title="bbox 2256 1793 3843 1877">
     <span class='ocr_line' id='line_1_32' title="bbox 2256 1793 3843 1877; baseline 0.013 -28"><span class='ocrx_word' id='word_1_235' title='bbox 2256 1795 2335 1849; x_wconf 91' lang='lat' dir='ltr'>De</span> <span class='ocrx_word' id='word_1_236' title='bbox 2367 1794 2562 1847; x_wconf 82' lang='lat' dir='ltr'>talibus</span> <span class='ocrx_word' id='word_1_237' title='bbox 2593 1793 2737 1848; x_wconf 89' lang='lat' dir='ltr'>enim</span> <span class='ocrx_word' id='word_1_238' title='bbox 2768 1794 2899 1850; x_wconf 89' lang='lat' dir='ltr'>dicit</span> <span class='ocrx_word' id='word_1_239' title='bbox 2928 1798 3259 1866; x_wconf 83' lang='lat' dir='ltr'>Apostolus:</span> <span class='ocrx_word' id='word_1_240' title='bbox 3295 1825 3316 1848; x_wconf 84' lang='lat'><strong>«</strong></span> <span class='ocrx_word' id='word_1_241' title='bbox 3350 1793 3656 1877; x_wconf 75' lang='lat' dir='ltr'>Discedent,</span> <span class='ocrx_word' id='word_1_242' title='bbox 3694 1838 3715 1860; x_wconf 74' lang='grc' dir='ltr'>ι.</span> <span class='ocrx_word' id='word_1_243' title='bbox 3748 1815 3843 1869; x_wconf 90' lang='lat' dir='ltr'>in-</span> 
     </span>
    </p>
   </div>
   <div class='ocr_carea' id='block_1_33' title="bbox 542 1866 3844 1963">
    <p class='ocr_par' dir='ltr' id='par_1_33' title="bbox 542 1866 3844 1963">
     <span class='ocr_line' id='line_1_33' title="bbox 542 1866 3844 1963; baseline 0.004 -16"><span class='ocrx_word' id='word_1_244' title='bbox 542 1891 736 1947; x_wconf 91' lang='lat' dir='ltr'>decem</span> <span class='ocrx_word' id='word_1_245' title='bbox 764 1894 1168 1961; x_wconf 61' lang='lat' dir='ltr'>prmceptorum</span> <span class='ocrx_word' id='word_1_246' title='bbox 1214 1866 1544 1958; x_wconf 17' lang='lat' dir='ltr'>legisierant</span> <span class='ocrx_word' id='word_1_247' title='bbox 1575 1883 1823 1940; x_wconf 90' lang='lat' dir='ltr'>homines</span> <span class='ocrx_word' id='word_1_248' title='bbox 1855 1880 2141 1947; x_wconf 90' lang='lat' dir='ltr'>maculosi,</span> <span class='ocrx_word' id='word_1_249' title='bbox 2175 1866 2229 1927; x_wconf 87' lang='grc' dir='ltr'>Β</span> <span class='ocrx_word' id='word_1_250' title='bbox 2261 1882 2391 1953; x_wconf 90' lang='lat' dir='ltr'>quit,</span> <span class='ocrx_word' id='word_1_251' title='bbox 2429 1906 2449 1931; x_wconf 87' lang='lat'><strong>«</strong></span> <span class='ocrx_word' id='word_1_252' title='bbox 2486 1882 2702 1953; x_wconf 87' lang='lat' dir='ltr'>quidam</span> <span class='ocrx_word' id='word_1_253' title='bbox 2733 1898 2765 1937; x_wconf 89' lang='lat' dir='ltr'>a</span> <span class='ocrx_word' id='word_1_254' title='bbox 2800 1882 2925 1949; x_wconf 89' lang='lat' dir='ltr'>ﬁde,</span> <span class='ocrx_word' id='word_1_255' title='bbox 2959 1887 3302 1945; x_wconf 88' lang='lat' dir='ltr'>attendentes</span> <span class='ocrx_word' id='word_1_256' title='bbox 3333 1890 3605 1963; x_wconf 85' lang='lat' dir='ltr'>spiritibus</span> <span class='ocrx_word' id='word_1_257' title='bbox 3634 1866 3844 1959; x_wconf 77' lang='lat' dir='ltr'>erroris</span> 
     </span>
    </p>
   </div>
   <div class='ocr_carea' id='block_1_34' title="bbox 543 1979 2146 2063">
    <p class='ocr_par' dir='ltr' id='par_1_34' title="bbox 543 1979 2146 2063">
     <span class='ocr_line' id='line_1_34' title="bbox 543 1979 2146 2063; baseline -0.009 -16"><span class='ocrx_word' id='word_1_258' title='bbox 543 1998 598 2047; x_wconf 92' lang='lat' dir='ltr'>et</span> <span class='ocrx_word' id='word_1_259' title='bbox 629 1989 790 2063; x_wconf 91' lang='lat' dir='ltr'>quasi</span> <span class='ocrx_word' id='word_1_260' title='bbox 815 2004 882 2044; x_wconf 86' lang='lat' dir='ltr'>ex</span> <span class='ocrx_word' id='word_1_261' title='bbox 928 1985 1289 2057; x_wconf 86' lang='lat' dir='ltr'>percussione</span> <span class='ocrx_word' id='word_1_262' title='bbox 1328 2000 1519 2039; x_wconf 91' lang='lat' dir='ltr'>earum</span> <span class='ocrx_word' id='word_1_263' title='bbox 1554 1982 1784 2054; x_wconf 90' lang='lat' dir='ltr'>leprosi.</span> <span class='ocrx_word' id='word_1_264' title='bbox 1847 1980 1951 2049; x_wconf 87' lang='lat' dir='ltr'>Qui</span> <span class='ocrx_word' id='word_1_265' title='bbox 1981 1995 2013 2035; x_wconf 93' lang='lat' dir='ltr'>a</span> <span class='ocrx_word' id='word_1_266' title='bbox 2044 1979 2146 2034; x_wconf 88' lang='lat' dir='ltr'>do-</span> 
     </span>
    </p>
   </div>
   <div class='ocr_carea' id='block_1_35' title="bbox 543 2070 2149 2139">
    <p class='ocr_par' dir='ltr' id='par_1_35' title="bbox 543 2070 2149 2139">
     <span class='ocr_line' id='line_1_35' title="bbox 543 2070 2149 2139; baseline -0.01 -2"><span class='ocrx_word' id='word_1_267' title='bbox 543 2080 694 2137; x_wconf 90' lang='lat' dir='ltr'>mino</span> <span class='ocrx_word' id='word_1_268' title='bbox 722 2078 789 2132; x_wconf 91' lang='lat' dir='ltr'>ad</span> <span class='ocrx_word' id='word_1_269' title='bbox 820 2075 1138 2131; x_wconf 89' lang='lat' dir='ltr'>sacerdotes</span> <span class='ocrx_word' id='word_1_270' title='bbox 1160 2071 1528 2139; x_wconf 78' lang='lat' dir='ltr'>destinantur,</span> <span class='ocrx_word' id='word_1_271' title='bbox 1561 2072 1659 2127; x_wconf 83' lang='lat' dir='ltr'>sed</span> <span class='ocrx_word' id='word_1_272' title='bbox 1690 2071 1744 2125; x_wconf 90' lang='lat' dir='ltr'>in</span> <span class='ocrx_word' id='word_1_273' title='bbox 1766 2070 1960 2125; x_wconf 90' lang='lat' dir='ltr'>itinere</span> <span class='ocrx_word' id='word_1_274' title='bbox 1991 2084 2149 2122; x_wconf 88' lang='lat' dir='ltr'>mun-</span> 
     </span>
    </p>
   </div>
   <div class='ocr_carea' id='block_1_36' title="bbox 541 2157 2150 2238">
    <p class='ocr_par' dir='ltr' id='par_1_36' title="bbox 541 2157 2150 2238">
     <span class='ocr_line' id='line_1_36' title="bbox 541 2157 2150 2238; baseline -0.009 -13"><span class='ocrx_word' id='word_1_275' title='bbox 541 2165 898 2238; x_wconf 84' lang='lat' dir='ltr'>dantur,quia</span> <span class='ocrx_word' id='word_1_276' title='bbox 909 2165 1039 2219; x_wconf 90' lang='lat' dir='ltr'>dum</span> <span class='ocrx_word' id='word_1_277' title='bbox 1055 2170 1378 2235; x_wconf 88' lang='lat' dir='ltr'>peccatores</span> <span class='ocrx_word' id='word_1_278' title='bbox 1390 2161 1590 2217; x_wconf 91' lang='lat' dir='ltr'>delicta</span> <span class='ocrx_word' id='word_1_279' title='bbox 1608 2177 1704 2216; x_wconf 92' lang='lat' dir='ltr'>sua</span> <span class='ocrx_word' id='word_1_280' title='bbox 1716 2158 1964 2216; x_wconf 79' lang='lat' dir='ltr'>cbnﬁteri</span> <span class='ocrx_word' id='word_1_281' title='bbox 1982 2157 2051 2212; x_wconf 90' lang='lat' dir='ltr'>ad</span> <span class='ocrx_word' id='word_1_282' title='bbox 2064 2172 2150 2212; x_wconf 89' lang='lat' dir='ltr'>sa-</span> 
     </span>
    </p>
   </div>
   <div class='ocr_carea' id='block_1_37' title="bbox 541 2256 2149 2332">
    <p class='ocr_par' dir='ltr' id='par_1_37' title="bbox 541 2256 2149 2332">
     <span class='ocr_line' id='line_1_37' title="bbox 541 2256 2149 2332; baseline -0.008 -7"><span class='ocrx_word' id='word_1_283' title='bbox 541 2266 795 2325; x_wconf 85' lang='lat' dir='ltr'>cerdotes</span> <span class='ocrx_word' id='word_1_284' title='bbox 811 2269 1059 2328; x_wconf 90' lang='lat' dir='ltr'>currunt,</span> <span class='ocrx_word' id='word_1_285' title='bbox 1076 2259 1324 2332; x_wconf 88' lang='lat' dir='ltr'>protinus</span> <span class='ocrx_word' id='word_1_286' title='bbox 1338 2260 1550 2315; x_wconf 87' lang='lat' dir='ltr'>veniam</span> <span class='ocrx_word' id='word_1_287' title='bbox 1569 2260 1638 2315; x_wconf 91' lang='lat' dir='ltr'>de</span> <span class='ocrx_word' id='word_1_288' title='bbox 1654 2257 1963 2314; x_wconf 90' lang='lat' dir='ltr'>commissis</span> <span class='ocrx_word' id='word_1_289' title='bbox 1986 2256 2149 2312; x_wconf 88' lang='lat' dir='ltr'>babe-</span> 
     </span>
    </p>
   </div>
   <div class='ocr_carea' id='block_1_38' title="bbox 541 2345 2149 2423">
    <p class='ocr_par' dir='ltr' id='par_1_38' title="bbox 541 2345 2149 2423">
     <span class='ocr_line' id='line_1_38' title="bbox 541 2345 2149 2423; baseline -0.009 -11"><span class='ocrx_word' id='word_1_290' title='bbox 541 2354 695 2412; x_wconf 88' lang='lat' dir='ltr'>bunt.</span> <span class='ocrx_word' id='word_1_291' title='bbox 727 2354 880 2410; x_wconf 87' lang='lat' dir='ltr'>Unus</span> <span class='ocrx_word' id='word_1_292' title='bbox 910 2348 1002 2423; x_wconf 92' lang='lat' dir='ltr'>qui</span> <span class='ocrx_word' id='word_1_293' title='bbox 1024 2365 1121 2421; x_wconf 93' lang='lat' dir='ltr'>pro</span> <span class='ocrx_word' id='word_1_294' title='bbox 1148 2348 1382 2404; x_wconf 87' lang='lat' dir='ltr'>sanitate</span> <span class='ocrx_word' id='word_1_295' title='bbox 1411 2362 1599 2421; x_wconf 80' lang='lat' dir='ltr'>grates</span> <span class='ocrx_word' id='word_1_296' title='bbox 1620 2347 1801 2404; x_wconf 89' lang='lat' dir='ltr'>retulit</span> <span class='ocrx_word' id='word_1_297' title='bbox 1821 2345 2149 2403; x_wconf 90' lang='lat' dir='ltr'>estcatholi-</span> 
     </span>
    </p>
   </div>
   <div class='ocr_carea' id='block_1_39' title="bbox 544 2435 2144 2516">
    <p class='ocr_par' dir='ltr' id='par_1_39' title="bbox 544 2435 2144 2516">
     <span class='ocr_line' id='line_1_39' title="bbox 544 2435 2144 2516; baseline -0.008 -14"><span class='ocrx_word' id='word_1_298' title='bbox 544 2461 643 2503; x_wconf 88' lang='lat' dir='ltr'>cus</span> <span class='ocrx_word' id='word_1_299' title='bbox 653 2441 891 2516; x_wconf 82' lang='lat' dir='ltr'>papulus</span> <span class='ocrx_word' id='word_1_300' title='bbox 904 2439 994 2512; x_wconf 90' lang='lat' dir='ltr'>qui</span> <span class='ocrx_word' id='word_1_301' title='bbox 1016 2454 1114 2510; x_wconf 90' lang='lat' dir='ltr'>pro</span> <span class='ocrx_word' id='word_1_302' title='bbox 1135 2437 1305 2494; x_wconf 89' lang='lat' dir='ltr'>salute</span> <span class='ocrx_word' id='word_1_303' title='bbox 1319 2438 1636 2510; x_wconf 88' lang='lat' dir='ltr'>suajugiter</span> <span class='ocrx_word' id='word_1_304' title='bbox 1650 2440 1760 2495; x_wconf 91' lang='lat' dir='ltr'>Deo</span> <span class='ocrx_word' id='word_1_305' title='bbox 1781 2436 1994 2510; x_wconf 79' lang='lat' dir='ltr'>gratias</span> <span class='ocrx_word' id='word_1_306' title='bbox 2012 2435 2144 2508; x_wconf 86' lang='lat' dir='ltr'>agit.</span> 
     </span>
    </p>
   </div>
   <div class='ocr_carea' id='block_1_40' title="bbox 972 2546 1718 2618">
    <p class='ocr_par' dir='ltr' id='par_1_40' title="bbox 972 2546 1718 2618">
     <span class='ocr_line' id='line_1_40' title="bbox 972 2546 1718 2618; baseline -0.004 -16"><span class='ocrx_word' id='word_1_307' title='bbox 972 2548 1050 2603; x_wconf 87' lang='lat' dir='ltr'>De</span> <span class='ocrx_word' id='word_1_308' title='bbox 1082 2561 1185 2602; x_wconf 79' lang='lat' dir='ltr'>sea:</span> <span class='ocrx_word' id='word_1_309' title='bbox 1212 2546 1496 2618; x_wconf 71' lang='lat' dir='ltr'>speciebus</span> <span class='ocrx_word' id='word_1_310' title='bbox 1528 2546 1718 2616; x_wconf 73' lang='lat' dir='ltr'>leprw.</span> 
     </span>
    </p>
   </div>
   <div class='ocr_carea' id='block_1_41' title="bbox 620 2650 2145 2723">
    <p class='ocr_par' dir='ltr' id='par_1_41' title="bbox 620 2650 2145 2723">
     <span class='ocr_line' id='line_1_41' title="bbox 620 2650 2145 2723; baseline -0.001 -16"><span class='ocrx_word' id='word_1_311' title='bbox 620 2681 642 2707; x_wconf 76' lang='grc' dir='ltr'>ι</span> <span class='ocrx_word' id='word_1_312' title='bbox 680 2659 855 2714; x_wconf 84' lang='lat' dir='ltr'>Homo</span> <span class='ocrx_word' id='word_1_313' title='bbox 884 2654 940 2709; x_wconf 95' lang='lat' dir='ltr'>in</span> <span class='ocrx_word' id='word_1_314' title='bbox 969 2654 1127 2723; x_wconf 86' lang='lat' dir='ltr'>cujus</span> <span class='ocrx_word' id='word_1_315' title='bbox 1154 2667 1323 2708; x_wconf 90' lang='lat' dir='ltr'>carne</span> <span class='ocrx_word' id='word_1_316' title='bbox 1350 2661 1404 2708; x_wconf 91' lang='lat' dir='ltr'>et</span> <span class='ocrx_word' id='word_1_317' title='bbox 1431 2660 1556 2709; x_wconf 91' lang='lat' dir='ltr'>cute</span> <span class='ocrx_word' id='word_1_318' title='bbox 1589 2660 1738 2708; x_wconf 89' lang='lat' dir='ltr'>ortus</span> <span class='ocrx_word' id='word_1_319' title='bbox 1768 2650 1929 2708; x_wconf 89' lang='lat' dir='ltr'>fuerit</span> <span class='ocrx_word' id='word_1_320' title='bbox 1955 2650 2145 2707; x_wconf 84' lang='lat' dir='ltr'>diver—</span> 
     </span>
    </p>
   </div>
   <div class='ocr_carea' id='block_1_42' title="bbox 555 2741 2145 2814">
    <p class='ocr_par' dir='ltr' id='par_1_42' title="bbox 555 2741 2145 2814">
     <span class='ocr_line' id='line_1_42' title="bbox 555 2741 2145 2814; baseline -0.005 -11"><span class='ocrx_word' id='word_1_321' title='bbox 555 2764 649 2803; x_wconf 86' lang='lat' dir='ltr'>sus</span> <span class='ocrx_word' id='word_1_322' title='bbox 674 2746 826 2803; x_wconf 90' lang='lat' dir='ltr'>color</span> <span class='ocrx_word' id='word_1_323' title='bbox 856 2744 975 2799; x_wconf 92' lang='lat' dir='ltr'>sine</span> <span class='ocrx_word' id='word_1_324' title='bbox 1020 2741 1263 2813; x_wconf 90' lang='lat' dir='ltr'>pustula,</span> <span class='ocrx_word' id='word_1_325' title='bbox 1305 2742 1390 2797; x_wconf 89' lang='lat' dir='ltr'>vel</span> <span class='ocrx_word' id='word_1_326' title='bbox 1434 2741 1590 2814; x_wconf 91' lang='lat' dir='ltr'>quasi</span> <span class='ocrx_word' id='word_1_327' title='bbox 1618 2742 1807 2798; x_wconf 91' lang='lat' dir='ltr'>lucens</span> <span class='ocrx_word' id='word_1_328' title='bbox 1842 2741 2145 2813; x_wconf 87' lang='lat' dir='ltr'>quidpiam,</span> 
     </span>
    </p>
   </div>
   <div class='ocr_carea' id='block_1_43' title="bbox 544 2830 2145 2906">
    <p class='ocr_par' dir='ltr' id='par_1_43' title="bbox 544 2830 2145 2906">
     <span class='ocr_line' id='line_1_43' title="bbox 544 2830 2145 2906; baseline -0.004 -15"><span class='ocrx_word' id='word_1_329' title='bbox 544 2836 604 2893; x_wconf 91' lang='lat' dir='ltr'>id</span> <span class='ocrx_word' id='word_1_330' title='bbox 629 2843 714 2892; x_wconf 85' lang='lat' dir='ltr'>est</span> <span class='ocrx_word' id='word_1_331' title='bbox 741 2834 903 2906; x_wconf 82' lang='lat' dir='ltr'>plaga</span> <span class='ocrx_word' id='word_1_332' title='bbox 930 2832 1121 2903; x_wconf 67' lang='lat' dir='ltr'>leprae,</span> <span class='ocrx_word' id='word_1_333' title='bbox 1154 2830 1457 2887; x_wconf 90' lang='lat' dir='ltr'>adducetur</span> <span class='ocrx_word' id='word_1_334' title='bbox 1485 2831 1554 2886; x_wconf 92' lang='lat' dir='ltr'>ad</span> <span class='ocrx_word' id='word_1_335' title='bbox 1584 2832 1768 2887; x_wconf 84' lang='lat' dir='ltr'>Aaron</span> <span class='ocrx_word' id='word_1_336' title='bbox 1800 2831 2145 2886; x_wconf 89' lang='lat' dir='ltr'>sacerdotem</span> 
     </span>
    </p>
   </div>
   <div class='ocr_carea' id='block_1_44' title="bbox 546 2929 2143 3006">
    <p class='ocr_par' dir='ltr' id='par_1_44' title="bbox 546 2929 2143 3006">
     <span class='ocr_line' id='line_1_44' title="bbox 546 2929 2143 3006; baseline -0.004 -14"><span class='ocrx_word' id='word_1_337' title='bbox 546 2935 637 2992; x_wconf 88' lang='lat' dir='ltr'>vel</span> <span class='ocrx_word' id='word_1_338' title='bbox 664 2931 1138 3006; x_wconf 81' lang='lat' dir='ltr'>unumquemlibet</span> <span class='ocrx_word' id='word_1_339' title='bbox 1166 2929 1399 2986; x_wconf 89' lang='lat' dir='ltr'>ﬁliorum</span> <span class='ocrx_word' id='word_1_340' title='bbox 1447 2930 1589 3000; x_wconf 91' lang='lat' dir='ltr'>ejus.</span> <span class='ocrx_word' id='word_1_341' title='bbox 1622 2930 1869 3003; x_wconf 87' lang='lat' dir='ltr'>Quisque</span> <span class='ocrx_word' id='word_1_342' title='bbox 1900 2945 2025 2987; x_wconf 89' lang='lat' dir='ltr'>cum</span> <span class='ocrx_word' id='word_1_343' title='bbox 2056 2930 2143 2986; x_wconf 85' lang='lat' dir='ltr'>vi-</span> 
     </span>
    </p>
   </div>
   <div class='ocr_carea' id='block_1_45' title="bbox 543 3020 2143 3095">
    <p class='ocr_par' dir='ltr' id='par_1_45' title="bbox 543 3020 2143 3095">
     <span class='ocr_line' id='line_1_45' title="bbox 543 3020 2143 3095; baseline -0.003 -14"><span class='ocrx_word' id='word_1_344' title='bbox 543 3023 688 3081; x_wconf 89' lang='lat' dir='ltr'>derit</span> <span class='ocrx_word' id='word_1_345' title='bbox 712 3023 923 3095; x_wconf 89' lang='lat' dir='ltr'>lepram</span> <span class='ocrx_word' id='word_1_346' title='bbox 952 3021 1007 3076; x_wconf 90' lang='lat' dir='ltr'>in</span> <span class='ocrx_word' id='word_1_347' title='bbox 1037 3027 1180 3088; x_wconf 90' lang='lat' dir='ltr'>cute,</span> <span class='ocrx_word' id='word_1_348' title='bbox 1209 3028 1261 3075; x_wconf 92' lang='lat' dir='ltr'>et</span> <span class='ocrx_word' id='word_1_349' title='bbox 1277 3020 1416 3091; x_wconf 93' lang='lat' dir='ltr'>pilos</span> <span class='ocrx_word' id='word_1_350' title='bbox 1445 3020 1503 3075; x_wconf 90' lang='lat' dir='ltr'>in</span> <span class='ocrx_word' id='word_1_351' title='bbox 1533 3020 1661 3076; x_wconf 90' lang='lat' dir='ltr'>albo</span> <span class='ocrx_word' id='word_1_352' title='bbox 1690 3028 1927 3075; x_wconf 86' lang='lat' dir='ltr'>mutatos</span> <span class='ocrx_word' id='word_1_353' title='bbox 1956 3021 2143 3076; x_wconf 89' lang='lat' dir='ltr'>colore</span> 
     </span>
    </p>
   </div>
   <div class='ocr_carea' id='block_1_46' title="bbox 543 3108 2133 3185">
    <p class='ocr_par' dir='ltr' id='par_1_46' title="bbox 543 3108 2133 3185">
     <span class='ocr_line' id='line_1_46' title="bbox 543 3108 2133 3185; baseline -0.003 -16"><span class='ocrx_word' id='word_1_354' title='bbox 543 3113 700 3185; x_wconf 89' lang='lat' dir='ltr'>lepra</span> <span class='ocrx_word' id='word_1_355' title='bbox 727 3119 831 3179; x_wconf 89' lang='lat' dir='ltr'>est,</span> <span class='ocrx_word' id='word_1_356' title='bbox 857 3119 911 3168; x_wconf 90' lang='lat' dir='ltr'>et</span> <span class='ocrx_word' id='word_1_357' title='bbox 938 3111 1009 3165; x_wconf 90' lang='lat' dir='ltr'>ad</span> <span class='ocrx_word' id='word_1_358' title='bbox 1039 3110 1324 3165; x_wconf 90' lang='lat' dir='ltr'>arbitrium</span> <span class='ocrx_word' id='word_1_359' title='bbox 1370 3109 1493 3179; x_wconf 90' lang='lat' dir='ltr'>ejus</span> <span class='ocrx_word' id='word_1_360' title='bbox 1542 3109 1890 3180; x_wconf 85' lang='lat' dir='ltr'>separabitur</span> <span class='ocrx_word' id='word_1_361' title='bbox 1924 3108 2133 3179; x_wconf 78' lang='lat' dir='ltr'>(Leuit.</span> 
     </span>
    </p>
   </div>
   <div class='ocr_carea' id='block_1_47' title="bbox 2258 1984 3844 2073">
    <p class='ocr_par' dir='ltr' id='par_1_47' title="bbox 2258 1984 3844 2073">
     <span class='ocr_line' id='line_1_47' title="bbox 2258 1984 3844 2073; baseline 0.013 -32"><span class='ocrx_word' id='word_1_362' title='bbox 2258 1995 2309 2041; x_wconf 91' lang='lat' dir='ltr'>et</span> <span class='ocrx_word' id='word_1_363' title='bbox 2359 1984 2622 2040; x_wconf 85' lang='lat' dir='ltr'>doctrinis</span> <span class='ocrx_word' id='word_1_364' title='bbox 2665 1984 3072 2055; x_wconf 68' lang='lat' dir='ltr'>daemoniorum,</span> <span class='ocrx_word' id='word_1_365' title='bbox 3140 1990 3194 2044; x_wconf 90' lang='lat' dir='ltr'>in</span> <span class='ocrx_word' id='word_1_366' title='bbox 3241 1991 3515 2064; x_wconf 85' lang='lat' dir='ltr'>hypocrisi</span> <span class='ocrx_word' id='word_1_367' title='bbox 3560 1999 3844 2073; x_wconf 89' lang='lat' dir='ltr'>loquentes</span> 
     </span>
    </p>
   </div>
   <div class='ocr_carea' id='block_1_48' title="bbox 2257 2074 3841 2150">
    <p class='ocr_par' dir='ltr' id='par_1_48' title="bbox 2257 2074 3841 2150">
     <span class='ocr_line' id='line_1_48' title="bbox 2257 2074 3841 2150; baseline 0.01 -20"><span class='ocrx_word' id='word_1_368' title='bbox 2257 2074 2622 2141; x_wconf 89' lang='lat' dir='ltr'>mendacium,</span> <span class='ocrx_word' id='word_1_369' title='bbox 2672 2082 2727 2129; x_wconf 91' lang='lat' dir='ltr'>et</span> <span class='ocrx_word' id='word_1_370' title='bbox 2786 2076 3139 2132; x_wconf 87' lang='lat' dir='ltr'>cauteriatam</span> <span class='ocrx_word' id='word_1_371' title='bbox 3196 2097 3348 2136; x_wconf 85' lang='lat' dir='ltr'>suam</span> <span class='ocrx_word' id='word_1_372' title='bbox 3403 2085 3663 2145; x_wconf 84' lang='lat' dir='ltr'>habentes</span> <span class='ocrx_word' id='word_1_373' title='bbox 3715 2109 3841 2150; x_wconf 85' lang='lat' dir='ltr'>con-</span> 
     </span>
    </p>
   </div>
   <div class='ocr_carea' id='block_1_49' title="bbox 2258 2164 3844 2240">
    <p class='ocr_par' dir='ltr' id='par_1_49' title="bbox 2258 2164 3844 2240">
     <span class='ocr_line' id='line_1_49' title="bbox 2258 2164 3844 2240; baseline 0.011 -21"><span class='ocrx_word' id='word_1_374' title='bbox 2258 2164 2570 2229; x_wconf 84' lang='lat' dir='ltr'>scientiam,</span> <span class='ocrx_word' id='word_1_375' title='bbox 2605 2164 2960 2235; x_wconf 81' lang='lat' dir='ltr'>prohibentes</span> <span class='ocrx_word' id='word_1_376' title='bbox 2989 2168 3215 2236; x_wconf 88' lang='lat' dir='ltr'>nubere,</span> <span class='ocrx_word' id='word_1_377' title='bbox 3262 2180 3315 2227; x_wconf 89' lang='lat' dir='ltr'>et</span> <span class='ocrx_word' id='word_1_378' title='bbox 3339 2173 3608 2235; x_wconf 89' lang='lat' dir='ltr'>abstinere</span> <span class='ocrx_word' id='word_1_379' title='bbox 3645 2196 3678 2236; x_wconf 91' lang='lat' dir='ltr'>a</span> <span class='ocrx_word' id='word_1_380' title='bbox 3706 2184 3844 2240; x_wconf 88' lang='lat' dir='ltr'>cibis</span> 
     </span>
    </p>
   </div>
   <div class='ocr_carea' id='block_1_50' title="bbox 2257 2253 3242 2328">
    <p class='ocr_par' dir='ltr' id='par_1_50' title="bbox 2257 2253 3242 2328">
     <span class='ocr_line' id='line_1_50' title="bbox 2257 2253 3242 2328; baseline 0 -19"><span class='ocrx_word' id='word_1_381' title='bbox 2257 2270 2394 2323; x_wconf 89' lang='lat' dir='ltr'>quos</span> <span class='ocrx_word' id='word_1_382' title='bbox 2425 2254 2570 2309; x_wconf 86' lang='lat' dir='ltr'>Deus</span> <span class='ocrx_word' id='word_1_383' title='bbox 2594 2253 2798 2310; x_wconf 90' lang='lat' dir='ltr'>creavit</span> <span class='ocrx_word' id='word_1_384' title='bbox 2832 2254 2884 2323; x_wconf 89' lang='grc' dir='ltr'>(Ι</span> <span class='ocrx_word' id='word_1_385' title='bbox 2917 2257 3054 2311; x_wconf 82' lang='lat' dir='ltr'>Tim.</span> <span class='ocrx_word' id='word_1_386' title='bbox 3087 2260 3182 2328; x_wconf 81' lang='lat' dir='ltr'>iv).</span> <span class='ocrx_word' id='word_1_387' title='bbox 3221 2283 3242 2309; x_wconf 73' lang='grc' dir='ltr'>ιι</span> 
     </span>
    </p>
   </div>
   <div class='ocr_carea' id='block_1_51' title="bbox 2328 2359 3848 2448">
    <p class='ocr_par' dir='ltr' id='par_1_51' title="bbox 2328 2359 3848 2448">
     <span class='ocr_line' id='line_1_51' title="bbox 2328 2359 3848 2448; baseline 0.013 -33"><span class='ocrx_word' id='word_1_388' title='bbox 2328 2360 2434 2415; x_wconf 92' lang='lat' dir='ltr'>Sed</span> <span class='ocrx_word' id='word_1_389' title='bbox 2465 2360 2643 2415; x_wconf 86' lang='lat' dir='ltr'>adhuc</span> <span class='ocrx_word' id='word_1_390' title='bbox 2673 2359 2852 2429; x_wconf 91' lang='lat' dir='ltr'>adjicit</span> <span class='ocrx_word' id='word_1_391' title='bbox 2895 2361 3113 2417; x_wconf 89' lang='lat' dir='ltr'>colores</span> <span class='ocrx_word' id='word_1_392' title='bbox 3151 2364 3443 2440; x_wconf 90' lang='lat' dir='ltr'>leprarum,</span> <span class='ocrx_word' id='word_1_393' title='bbox 3487 2372 3539 2427; x_wconf 90' lang='lat' dir='ltr'>id</span> <span class='ocrx_word' id='word_1_394' title='bbox 3578 2380 3662 2430; x_wconf 92' lang='lat' dir='ltr'>est</span> <span class='ocrx_word' id='word_1_395' title='bbox 3690 2378 3848 2448; x_wconf 88' lang='lat' dir='ltr'>palli-</span> 
     </span>
    </p>
   </div>
   <div class='ocr_carea' id='block_1_52' title="bbox 2255 2448 3844 2530">
    <p class='ocr_par' dir='ltr' id='par_1_52' title="bbox 2255 2448 3844 2530">
     <span class='ocr_line' id='line_1_52' title="bbox 2255 2448 3844 2530; baseline 0.013 -25"><span class='ocrx_word' id='word_1_396' title='bbox 2255 2450 2401 2518; x_wconf 90' lang='lat' dir='ltr'>dam,</span> <span class='ocrx_word' id='word_1_397' title='bbox 2436 2449 2743 2515; x_wconf 89' lang='lat' dir='ltr'>rubentem,</span> <span class='ocrx_word' id='word_1_398' title='bbox 2773 2448 2975 2518; x_wconf 89' lang='lat' dir='ltr'>albam,</span> <span class='ocrx_word' id='word_1_399' title='bbox 2998 2451 3243 2522; x_wconf 86' lang='lat' dir='ltr'>lividam,</span> <span class='ocrx_word' id='word_1_400' title='bbox 3267 2456 3501 2530; x_wconf 88' lang='lat' dir='ltr'>nigram,</span> <span class='ocrx_word' id='word_1_401' title='bbox 3542 2462 3844 2524; x_wconf 84' lang='lat' dir='ltr'>ﬂorescen-</span> 
     </span>
    </p>
   </div>
   <div class='ocr_carea' id='block_1_53' title="bbox 2258 2537 3845 2623">
    <p class='ocr_par' dir='ltr' id='par_1_53' title="bbox 2258 2537 3845 2623">
     <span class='ocr_line' id='line_1_53' title="bbox 2258 2537 3845 2623; baseline 0.012 -29"><span class='ocrx_word' id='word_1_402' title='bbox 2258 2546 2367 2594; x_wconf 91' lang='lat' dir='ltr'>tem</span> <span class='ocrx_word' id='word_1_403' title='bbox 2396 2538 2602 2609; x_wconf 82' lang='lat' dir='ltr'>(Leuit.</span> <span class='ocrx_word' id='word_1_404' title='bbox 2637 2537 2781 2609; x_wconf 79' lang='lat' dir='ltr'>xui).</span> <span class='ocrx_word' id='word_1_405' title='bbox 2808 2540 2996 2612; x_wconf 89' lang='lat' dir='ltr'>Itaque</span> <span class='ocrx_word' id='word_1_406' title='bbox 3023 2541 3150 2597; x_wconf 91' lang='lat' dir='ltr'>dum</span> <span class='ocrx_word' id='word_1_407' title='bbox 3181 2545 3435 2615; x_wconf 89' lang='lat' dir='ltr'>pallidam</span> <span class='ocrx_word' id='word_1_408' title='bbox 3478 2551 3683 2623; x_wconf 87' lang='lat' dir='ltr'>lepram</span> <span class='ocrx_word' id='word_1_409' title='bbox 3713 2556 3845 2614; x_wconf 87' lang='lat' dir='ltr'>dicit</span> 
     </span>
    </p>
   </div>
   <div class='ocr_carea' id='block_1_54' title="bbox 2255 2634 3843 2725">
    <p class='ocr_par' dir='ltr' id='par_1_54' title="bbox 2255 2634 3843 2725">
     <span class='ocr_line' id='line_1_54' title="bbox 2255 2634 3843 2725; baseline 0.012 -34"><span class='ocrx_word' id='word_1_410' title='bbox 2255 2635 2588 2725; x_wconf 80' lang='lat' dir='ltr'>imbecillam</span> <span class='ocrx_word' id='word_1_411' title='bbox 2635 2643 2689 2690; x_wconf 91' lang='lat' dir='ltr'>et</span> <span class='ocrx_word' id='word_1_412' title='bbox 2732 2634 2985 2725; x_wconf 83' lang='lat' dir='ltr'>fragilem</span> <span class='ocrx_word' id='word_1_413' title='bbox 3044 2637 3208 2695; x_wconf 89' lang='lat' dir='ltr'>ﬁdem</span> <span class='ocrx_word' id='word_1_414' title='bbox 3254 2642 3421 2699; x_wconf 88' lang='lat' dir='ltr'>animi</span> <span class='ocrx_word' id='word_1_415' title='bbox 3448 2646 3687 2719; x_wconf 91' lang='lat' dir='ltr'>denotat,</span> <span class='ocrx_word' id='word_1_416' title='bbox 3720 2671 3843 2725; x_wconf 67' lang='lat' dir='ltr'>quae</span> 
     </span>
    </p>
   </div>
   <div class='ocr_carea' id='block_1_55' title="bbox 2256 2724 3840 2813">
    <p class='ocr_par' dir='ltr' id='par_1_55' title="bbox 2256 2724 3840 2813">
     <span class='ocr_line' id='line_1_55' title="bbox 2256 2724 3840 2813; baseline 0.013 -34"><span class='ocrx_word' id='word_1_417' title='bbox 2256 2724 2473 2797; x_wconf 88' lang='lat' dir='ltr'>prodito</span> <span class='ocrx_word' id='word_1_418' title='bbox 2503 2724 2685 2780; x_wconf 90' lang='lat' dir='ltr'>colore</span> <span class='ocrx_word' id='word_1_419' title='bbox 2713 2724 2981 2797; x_wconf 84' lang='lat' dir='ltr'>nigritatis</span> <span class='ocrx_word' id='word_1_420' title='bbox 3015 2728 3227 2784; x_wconf 90' lang='lat' dir='ltr'>erroris</span> <span class='ocrx_word' id='word_1_421' title='bbox 3272 2732 3582 2793; x_wconf 87' lang='lat' dir='ltr'>inﬁrmitate</span> <span class='ocrx_word' id='word_1_422' title='bbox 3610 2724 3840 2813; x_wconf 84' lang='lat' dir='ltr'>langue-</span> 
     </span>
    </p>
   </div>
   <div class='ocr_carea' id='block_1_56' title="bbox 2254 2814 3841 2893">
    <p class='ocr_par' dir='ltr' id='par_1_56' title="bbox 2254 2814 3841 2893">
     <span class='ocr_line' id='line_1_56' title="bbox 2254 2814 3841 2893; baseline 0.012 -24"><span class='ocrx_word' id='word_1_423' title='bbox 2254 2814 2375 2872; x_wconf 90' lang='lat' dir='ltr'>scit.</span> <span class='ocrx_word' id='word_1_424' title='bbox 2411 2814 2545 2869; x_wconf 90' lang='lat' dir='ltr'>Cum</span> <span class='ocrx_word' id='word_1_425' title='bbox 2585 2821 2768 2869; x_wconf 90' lang='lat' dir='ltr'>autem</span> <span class='ocrx_word' id='word_1_426' title='bbox 2822 2815 3180 2873; x_wconf 88' lang='lat' dir='ltr'>rubicundam</span> <span class='ocrx_word' id='word_1_427' title='bbox 3234 2819 3437 2893; x_wconf 89' lang='lat' dir='ltr'>lepram</span> <span class='ocrx_word' id='word_1_428' title='bbox 3482 2829 3717 2886; x_wconf 90' lang='lat' dir='ltr'>ostendit</span> <span class='ocrx_word' id='word_1_429' title='bbox 3742 2832 3841 2888; x_wconf 81' lang='lat' dir='ltr'>ho-</span> 
     </span>
    </p>
   </div>
   <div class='ocr_carea' id='block_1_57' title="bbox 2252 2912 3841 2993">
    <p class='ocr_par' dir='ltr' id='par_1_57' title="bbox 2252 2912 3841 2993">
     <span class='ocr_line' id='line_1_57' title="bbox 2252 2912 3841 2993; baseline 0.012 -25"><span class='ocrx_word' id='word_1_430' title='bbox 2252 2912 2459 2969; x_wconf 90' lang='lat' dir='ltr'>micidii</span> <span class='ocrx_word' id='word_1_431' title='bbox 2504 2927 2700 2968; x_wconf 88' lang='lat' dir='ltr'>cruore</span> <span class='ocrx_word' id='word_1_432' title='bbox 2746 2912 2976 2969; x_wconf 90' lang='lat' dir='ltr'>infectos</span> <span class='ocrx_word' id='word_1_433' title='bbox 3015 2915 3246 2973; x_wconf 91' lang='lat' dir='ltr'>denotat</span> <span class='ocrx_word' id='word_1_434' title='bbox 3274 2929 3327 2975; x_wconf 93' lang='lat' dir='ltr'>et</span> <span class='ocrx_word' id='word_1_435' title='bbox 3359 2922 3494 2993; x_wconf 89' lang='lat' dir='ltr'>urit;</span> <span class='ocrx_word' id='word_1_436' title='bbox 3541 2941 3663 2982; x_wconf 89' lang='lat' dir='ltr'>cum</span> <span class='ocrx_word' id='word_1_437' title='bbox 3707 2946 3841 2987; x_wconf 88' lang='lat' dir='ltr'>vero</span> 
     </span>
    </p>
   </div>
   <div class='ocr_carea' id='block_1_58' title="bbox 2253 3001 3842 3091">
    <p class='ocr_par' dir='ltr' id='par_1_58' title="bbox 2253 3001 3842 3091">
     <span class='ocr_line' id='line_1_58' title="bbox 2253 3001 3842 3091; baseline 0.01 -32"><span class='ocrx_word' id='word_1_438' title='bbox 2253 3003 2451 3068; x_wconf 87' lang='lat' dir='ltr'>albam,</span> <span class='ocrx_word' id='word_1_439' title='bbox 2484 3001 2613 3057; x_wconf 89' lang='lat' dir='ltr'>illos</span> <span class='ocrx_word' id='word_1_440' title='bbox 2645 3002 2735 3091; x_wconf 85' lang='lat' dir='ltr'>qui</span> <span class='ocrx_word' id='word_1_441' title='bbox 2767 3018 2827 3057; x_wconf 90' lang='lat' dir='ltr'>se</span> <span class='ocrx_word' id='word_1_442' title='bbox 2853 3004 3088 3060; x_wconf 90' lang='lat' dir='ltr'>mundos</span> <span class='ocrx_word' id='word_1_443' title='bbox 3127 3009 3422 3078; x_wconf 89' lang='lat' dir='ltr'>appellant,</span> <span class='ocrx_word' id='word_1_444' title='bbox 3454 3013 3573 3070; x_wconf 90' lang='lat' dir='ltr'>sive</span> <span class='ocrx_word' id='word_1_445' title='bbox 3597 3016 3719 3073; x_wconf 91' lang='lat' dir='ltr'>illos</span> <span class='ocrx_word' id='word_1_446' title='bbox 3746 3020 3842 3091; x_wconf 92' lang='lat' dir='ltr'>qui</span> 
     </span>
    </p>
   </div>
   <div class='ocr_carea' id='block_1_59' title="bbox 2251 3090 3841 3164">
    <p class='ocr_par' dir='ltr' id='par_1_59' title="bbox 2251 3090 3841 3164">
     <span class='ocr_line' id='line_1_59' title="bbox 2251 3090 3841 3164; baseline 0.011 -17"><span class='ocrx_word' id='word_1_447' title='bbox 2251 3093 2319 3147; x_wconf 89' lang='lat' dir='ltr'>de</span> <span class='ocrx_word' id='word_1_448' title='bbox 2348 3091 2490 3147; x_wconf 83' lang='lat' dir='ltr'>falso</span> <span class='ocrx_word' id='word_1_449' title='bbox 2522 3090 2717 3147; x_wconf 90' lang='lat' dir='ltr'>merito</span> <span class='ocrx_word' id='word_1_450' title='bbox 2743 3091 3066 3163; x_wconf 80' lang='lat' dir='ltr'>gloriantur,</span> <span class='ocrx_word' id='word_1_451' title='bbox 3101 3096 3232 3151; x_wconf 90' lang='lat' dir='ltr'>Cum</span> <span class='ocrx_word' id='word_1_452' title='bbox 3279 3098 3459 3155; x_wconf 86' lang='lat' dir='ltr'>albam</span> <span class='ocrx_word' id='word_1_453' title='bbox 3504 3104 3588 3159; x_wconf 86' lang='lat' dir='ltr'>vel</span> <span class='ocrx_word' id='word_1_454' title='bbox 3618 3090 3841 3164; x_wconf 83' lang='lat' dir='ltr'>lividam</span> 
     </span>
    </p>
   </div>
   <div class='ocr_carea' id='block_1_60' title="bbox 539 3182 3841 3274">
    <p class='ocr_par' dir='ltr' id='par_1_60' title="bbox 539 3182 3841 3274">
     <span class='ocr_line' id='line_1_60' title="bbox 539 3182 3841 3274; baseline -0.001 -16"><span class='ocrx_word' id='word_1_455' title='bbox 539 3182 725 3274; x_wconf 49' lang='lat'>11—11).»</span> <span class='ocrx_word' id='word_1_456' title='bbox 770 3201 955 3272; x_wconf 90' lang='lat' dir='ltr'>Lepra</span> <span class='ocrx_word' id='word_1_457' title='bbox 986 3200 1186 3271; x_wconf 90' lang='lat' dir='ltr'>quippe</span> <span class='ocrx_word' id='word_1_458' title='bbox 1215 3199 1457 3254; x_wconf 90' lang='lat' dir='ltr'>doctrina</span> <span class='ocrx_word' id='word_1_459' title='bbox 1490 3198 1623 3261; x_wconf 77' lang='lat' dir='ltr'>falsa</span> <span class='ocrx_word' id='word_1_460' title='bbox 1643 3206 1742 3254; x_wconf 91' lang='lat' dir='ltr'>est.</span> <span class='ocrx_word' id='word_1_461' title='bbox 1781 3199 2016 3255; x_wconf 86' lang='lat' dir='ltr'>Proinde</span> <span class='ocrx_word' id='word_1_462' title='bbox 2074 3199 2151 3254; x_wconf 88' lang='lat' dir='ltr'>le-</span> <span class='ocrx_word' id='word_1_463' title='bbox 2178 3205 2227 3270; x_wconf 72' lang='grc' dir='ltr'>ο</span> <span class='ocrx_word' id='word_1_464' title='bbox 2254 3183 2464 3253; x_wconf 87' lang='lat' dir='ltr'>lepram</span> <span class='ocrx_word' id='word_1_465' title='bbox 2489 3190 2901 3249; x_wconf 88' lang='lat' dir='ltr'>commemorat,</span> <span class='ocrx_word' id='word_1_466' title='bbox 2921 3182 3140 3240; x_wconf 68' lang='lat' dir='ltr'>invidia:</span> <span class='ocrx_word' id='word_1_467' title='bbox 3169 3186 3254 3243; x_wconf 88' lang='lat' dir='ltr'>vel</span> <span class='ocrx_word' id='word_1_468' title='bbox 3282 3187 3465 3245; x_wconf 88' lang='lat' dir='ltr'>livoris</span> <span class='ocrx_word' id='word_1_469' title='bbox 3479 3201 3635 3249; x_wconf 90' lang='lat' dir='ltr'>notas</span> <span class='ocrx_word' id='word_1_470' title='bbox 3655 3199 3841 3269; x_wconf 82' lang='lat' dir='ltr'>expri-</span> 
     </span>
    </p>
   </div>
   <div class='ocr_carea' id='block_1_61' title="bbox 542 3288 2138 3366">
    <p class='ocr_par' dir='ltr' id='par_1_61' title="bbox 542 3288 2138 3366">
     <span class='ocr_line' id='line_1_61' title="bbox 542 3288 2138 3366; baseline -0.002 -17"><span class='ocrx_word' id='word_1_471' title='bbox 542 3291 692 3366; x_wconf 86' lang='lat' dir='ltr'>prosi</span> <span class='ocrx_word' id='word_1_472' title='bbox 720 3307 832 3347; x_wconf 91' lang='lat' dir='ltr'>non</span> <span class='ocrx_word' id='word_1_473' title='bbox 852 3290 1093 3346; x_wconf 89' lang='lat' dir='ltr'>absurde</span> <span class='ocrx_word' id='word_1_474' title='bbox 1125 3289 1505 3361; x_wconf 84' lang='lat' dir='ltr'>intelliguntur</span> <span class='ocrx_word' id='word_1_475' title='bbox 1560 3288 1805 3344; x_wconf 59' lang='lat' dir='ltr'>haeretici</span> <span class='ocrx_word' id='word_1_476' title='bbox 1834 3290 1927 3361; x_wconf 91' lang='lat' dir='ltr'>qui</span> <span class='ocrx_word' id='word_1_477' title='bbox 1954 3290 2138 3347; x_wconf 91' lang='lat' dir='ltr'>unita-</span> 
     </span>
    </p>
   </div>
   <div class='ocr_carea' id='block_1_62' title="bbox 538 3386 2143 3460">
    <p class='ocr_par' dir='ltr' id='par_1_62' title="bbox 538 3386 2143 3460">
     <span class='ocr_line' id='line_1_62' title="bbox 538 3386 2143 3460; baseline -0.004 -11"><span class='ocrx_word' id='word_1_478' title='bbox 538 3396 652 3449; x_wconf 83' lang='lat' dir='ltr'>tem</span> <span class='ocrx_word' id='word_1_479' title='bbox 681 3405 830 3448; x_wconf 75' lang='lat' dir='ltr'>verae</span> <span class='ocrx_word' id='word_1_480' title='bbox 858 3388 987 3445; x_wconf 90' lang='lat' dir='ltr'>ﬁdei</span> <span class='ocrx_word' id='word_1_481' title='bbox 1008 3404 1118 3444; x_wconf 89' lang='lat' dir='ltr'>non</span> <span class='ocrx_word' id='word_1_482' title='bbox 1147 3387 1411 3443; x_wconf 85' lang='lat' dir='ltr'>habentes</span> <span class='ocrx_word' id='word_1_483' title='bbox 1434 3386 1620 3442; x_wconf 87' lang='lat' dir='ltr'>varias</span> <span class='ocrx_word' id='word_1_484' title='bbox 1648 3386 1926 3444; x_wconf 86' lang='lat' dir='ltr'>doctrinas</span> <span class='ocrx_word' id='word_1_485' title='bbox 1969 3388 2143 3460; x_wconf 84' lang='lat' dir='ltr'>proﬁ-</span> 
     </span>
    </p>
   </div>
   <div class='ocr_carea' id='block_1_63' title="bbox 548 3476 2144 3550">
    <p class='ocr_par' dir='ltr' id='par_1_63' title="bbox 548 3476 2144 3550">
     <span class='ocr_line' id='line_1_63' title="bbox 548 3476 2144 3550; baseline -0.002 -13"><span class='ocrx_word' id='word_1_486' title='bbox 548 3487 730 3537; x_wconf 86' lang='lat' dir='ltr'>tentur</span> <span class='ocrx_word' id='word_1_487' title='bbox 756 3493 1003 3550; x_wconf 88' lang='lat' dir='ltr'>veraque</span> <span class='ocrx_word' id='word_1_488' title='bbox 1034 3478 1183 3533; x_wconf 81' lang='lat' dir='ltr'>falsis</span> <span class='ocrx_word' id='word_1_489' title='bbox 1205 3476 1514 3532; x_wconf 86' lang='lat' dir='ltr'>admiscent</span> <span class='ocrx_word' id='word_1_490' title='bbox 1545 3491 1558 3531; x_wconf 89' lang='lat'><strong>:</strong></span> <span class='ocrx_word' id='word_1_491' title='bbox 1598 3476 1739 3532; x_wconf 87' lang='lat' dir='ltr'>sicut</span> <span class='ocrx_word' id='word_1_492' title='bbox 1767 3487 1816 3532; x_wconf 90' lang='lat' dir='ltr'>et</span> <span class='ocrx_word' id='word_1_493' title='bbox 1861 3477 2016 3548; x_wconf 87' lang='lat' dir='ltr'>lepra</span> <span class='ocrx_word' id='word_1_494' title='bbox 2043 3494 2144 3535; x_wconf 89' lang='lat' dir='ltr'>ve-</span> 
     </span>
    </p>
   </div>
   <div class='ocr_carea' id='block_1_64' title="bbox 543 3566 2144 3641">
    <p class='ocr_par' dir='ltr' id='par_1_64' title="bbox 543 3566 2144 3641">
     <span class='ocr_line' id='line_1_64' title="bbox 543 3566 2144 3641; baseline -0.001 -16"><span class='ocrx_word' id='word_1_495' title='bbox 543 3569 619 3626; x_wconf 88' lang='lat' dir='ltr'>ris</span> <span class='ocrx_word' id='word_1_496' title='bbox 671 3567 907 3641; x_wconf 85' lang='lat' dir='ltr'>falsique</span> <span class='ocrx_word' id='word_1_497' title='bbox 947 3566 1082 3623; x_wconf 90' lang='lat' dir='ltr'>locis</span> <span class='ocrx_word' id='word_1_498' title='bbox 1130 3567 1366 3621; x_wconf 90' lang='lat' dir='ltr'>humana</span> <span class='ocrx_word' id='word_1_499' title='bbox 1412 3580 1649 3637; x_wconf 88' lang='lat' dir='ltr'>corpora</span> <span class='ocrx_word' id='word_1_500' title='bbox 1690 3566 1955 3622; x_wconf 88' lang='lat' dir='ltr'>variando</span> <span class='ocrx_word' id='word_1_501' title='bbox 1985 3582 2144 3623; x_wconf 88' lang='lat' dir='ltr'>com-</span> 
     </span>
    </p>
   </div>
   <div class='ocr_carea' id='block_1_65' title="bbox 549 3663 2147 3736">
    <p class='ocr_par' dir='ltr' id='par_1_65' title="bbox 549 3663 2147 3736">
     <span class='ocr_line' id='line_1_65' title="bbox 549 3663 2147 3736; baseline -0.004 -10"><span class='ocrx_word' id='word_1_502' title='bbox 549 3666 806 3726; x_wconf 84' lang='lat' dir='ltr'>maculat.</span> <span class='ocrx_word' id='word_1_503' title='bbox 833 3664 1010 3734; x_wconf 85' lang='lat' dir='ltr'>Hujus</span> <span class='ocrx_word' id='word_1_504' title='bbox 1041 3663 1251 3721; x_wconf 86' lang='lat' dir='ltr'>scilicet</span> <span class='ocrx_word' id='word_1_505' title='bbox 1304 3663 1472 3734; x_wconf 62' lang='lat' dir='ltr'>lepra</span> <span class='ocrx_word' id='word_1_506' title='bbox 1525 3663 1835 3719; x_wconf 84' lang='lat' dir='ltr'>invenimus</span> <span class='ocrx_word' id='word_1_507' title='bbox 1864 3664 2147 3736; x_wconf 81' lang='lat' dir='ltr'>legislatu-</span> 
     </span>
    </p>
   </div>
   <div class='ocr_carea' id='block_1_66' title="bbox 542 3752 2147 3826">
    <p class='ocr_par' dir='ltr' id='par_1_66' title="bbox 542 3752 2147 3826">
     <span class='ocr_line' id='line_1_66' title="bbox 542 3752 2147 3826; baseline -0.001 -15"><span class='ocrx_word' id='word_1_508' title='bbox 542 3771 667 3814; x_wconf 88' lang='lat' dir='ltr'>rem</span> <span class='ocrx_word' id='word_1_509' title='bbox 693 3772 790 3812; x_wconf 84' lang='lat' dir='ltr'>sex</span> <span class='ocrx_word' id='word_1_510' title='bbox 821 3754 1035 3826; x_wconf 88' lang='lat' dir='ltr'>species</span> <span class='ocrx_word' id='word_1_511' title='bbox 1056 3752 1111 3807; x_wconf 90' lang='lat' dir='ltr'>in</span> <span class='ocrx_word' id='word_1_512' title='bbox 1136 3752 1357 3807; x_wconf 89' lang='lat' dir='ltr'>homine</span> <span class='ocrx_word' id='word_1_513' title='bbox 1385 3752 1639 3823; x_wconf 90' lang='lat' dir='ltr'>posuisse</span> <span class='ocrx_word' id='word_1_514' title='bbox 1663 3769 1677 3807; x_wconf 93' lang='lat'><strong><em>:</em></strong></span> <span class='ocrx_word' id='word_1_515' title='bbox 1703 3752 1931 3822; x_wconf 90' lang='lat' dir='ltr'>primam</span> <span class='ocrx_word' id='word_1_516' title='bbox 1952 3754 2147 3825; x_wconf 91' lang='lat' dir='ltr'>capitis</span> 
     </span>
    </p>
   </div>
   <div class='ocr_carea' id='block_1_67' title="bbox 541 3841 2145 3912">
    <p class='ocr_par' dir='ltr' id='par_1_67' title="bbox 541 3841 2145 3912">
     <span class='ocr_line' id='line_1_67' title="bbox 541 3841 2145 3912; baseline -0.003 -9"><span class='ocrx_word' id='word_1_517' title='bbox 541 3853 596 3903; x_wconf 88' lang='lat' dir='ltr'>et</span> <span class='ocrx_word' id='word_1_518' title='bbox 624 3845 830 3912; x_wconf 66' lang='lat' dir='ltr'>barbae,</span> <span class='ocrx_word' id='word_1_519' title='bbox 855 3843 1154 3900; x_wconf 90' lang='lat' dir='ltr'>secundam</span> <span class='ocrx_word' id='word_1_520' title='bbox 1182 3841 1390 3898; x_wconf 87' lang='lat' dir='ltr'>calvitii</span> <span class='ocrx_word' id='word_1_521' title='bbox 1419 3848 1472 3896; x_wconf 92' lang='lat' dir='ltr'>et</span> <span class='ocrx_word' id='word_1_522' title='bbox 1503 3841 1907 3911; x_wconf 89' lang='lat' dir='ltr'>recalvationis,</span> <span class='ocrx_word' id='word_1_523' title='bbox 1937 3844 2145 3898; x_wconf 88' lang='lat' dir='ltr'>tertiam</span> 
     </span>
    </p>
   </div>
   <div class='ocr_carea' id='block_1_68' title="bbox 544 3936 2145 4012">
    <p class='ocr_par' dir='ltr' id='par_1_68' title="bbox 544 3936 2145 4012">
     <span class='ocr_line' id='line_1_68' title="bbox 544 3936 2145 4012; baseline -0.003 -12"><span class='ocrx_word' id='word_1_524' title='bbox 544 3942 726 4001; x_wconf 90' lang='lat' dir='ltr'>carnis</span> <span class='ocrx_word' id='word_1_525' title='bbox 758 3950 811 3998; x_wconf 89' lang='lat' dir='ltr'>et</span> <span class='ocrx_word' id='word_1_526' title='bbox 839 3940 998 4007; x_wconf 91' lang='lat' dir='ltr'>cutis,</span> <span class='ocrx_word' id='word_1_527' title='bbox 1032 3947 1282 4012; x_wconf 88' lang='lat' dir='ltr'>quartam</span> <span class='ocrx_word' id='word_1_528' title='bbox 1312 3936 1451 3995; x_wconf 91' lang='lat' dir='ltr'>cutis</span> <span class='ocrx_word' id='word_1_529' title='bbox 1482 3946 1537 3992; x_wconf 89' lang='lat' dir='ltr'>et</span> <span class='ocrx_word' id='word_1_530' title='bbox 1565 3940 1815 4010; x_wconf 89' lang='lat' dir='ltr'>corporis</span> <span class='ocrx_word' id='word_1_531' title='bbox 1845 3948 1900 3996; x_wconf 91' lang='lat' dir='ltr'>et</span> <span class='ocrx_word' id='word_1_532' title='bbox 1935 3940 2145 3997; x_wconf 90' lang='lat' dir='ltr'>cicatri-</span> 
     </span>
    </p>
   </div>
   <div class='ocr_carea' id='block_1_69' title="bbox 548 4026 2147 4099">
    <p class='ocr_par' dir='ltr' id='par_1_69' title="bbox 548 4026 2147 4099">
     <span class='ocr_line' id='line_1_69' title="bbox 548 4026 2147 4099; baseline -0.003 -11"><span class='ocrx_word' id='word_1_533' title='bbox 548 4033 629 4090; x_wconf 88' lang='lat' dir='ltr'>cis</span> <span class='ocrx_word' id='word_1_534' title='bbox 659 4029 802 4087; x_wconf 64' lang='lat' dir='ltr'>albte</span> <span class='ocrx_word' id='word_1_535' title='bbox 856 4046 980 4086; x_wconf 88' lang='lat' dir='ltr'>cum</span> <span class='ocrx_word' id='word_1_536' title='bbox 1035 4029 1269 4093; x_wconf 87' lang='lat' dir='ltr'>rubore;</span> <span class='ocrx_word' id='word_1_537' title='bbox 1326 4026 1571 4099; x_wconf 89' lang='lat' dir='ltr'>quintam</span> <span class='ocrx_word' id='word_1_538' title='bbox 1608 4028 1809 4083; x_wconf 90' lang='lat' dir='ltr'>ulceris</span> <span class='ocrx_word' id='word_1_539' title='bbox 1839 4038 1897 4084; x_wconf 91' lang='lat' dir='ltr'>et</span> <span class='ocrx_word' id='word_1_540' title='bbox 1923 4029 2147 4085; x_wconf 75' lang='lat' dir='ltr'>cicatri~</span> 
     </span>
    </p>
   </div>
   <div class='ocr_carea' id='block_1_70' title="bbox 543 4117 2147 4189">
    <p class='ocr_par' dir='ltr' id='par_1_70' title="bbox 543 4117 2147 4189">
     <span class='ocr_line' id='line_1_70' title="bbox 543 4117 2147 4189; baseline -0.002 -12"><span class='ocrx_word' id='word_1_541' title='bbox 543 4121 680 4187; x_wconf 91' lang='lat' dir='ltr'>cis;</span> <span class='ocrx_word' id='word_1_542' title='bbox 739 4127 951 4175; x_wconf 86' lang='lat' dir='ltr'>sextam</span> <span class='ocrx_word' id='word_1_543' title='bbox 1008 4117 1244 4173; x_wconf 89' lang='lat' dir='ltr'>ustionis</span> <span class='ocrx_word' id='word_1_544' title='bbox 1300 4117 1499 4187; x_wconf 83' lang='lat' dir='ltr'>(ibid.).</span> <span class='ocrx_word' id='word_1_545' title='bbox 1587 4117 1644 4170; x_wconf 89' lang='lat' dir='ltr'>In</span> <span class='ocrx_word' id='word_1_546' title='bbox 1703 4117 1880 4188; x_wconf 87' lang='lat' dir='ltr'>capite</span> <span class='ocrx_word' id='word_1_547' title='bbox 1934 4118 2147 4189; x_wconf 89' lang='lat' dir='ltr'>lepram</span> 
     </span>
    </p>
   </div>
   <div class='ocr_carea' id='block_1_71' title="bbox 542 4204 2146 4282">
    <p class='ocr_par' dir='ltr' id='par_1_71' title="bbox 542 4204 2146 4282">
     <span class='ocr_line' id='line_1_71' title="bbox 542 4204 2146 4282; baseline -0.001 -17"><span class='ocrx_word' id='word_1_548' title='bbox 542 4216 762 4282; x_wconf 87' lang='lat' dir='ltr'>portant</span> <span class='ocrx_word' id='word_1_549' title='bbox 788 4208 880 4280; x_wconf 90' lang='lat' dir='ltr'>qui</span> <span class='ocrx_word' id='word_1_550' title='bbox 910 4208 965 4262; x_wconf 94' lang='lat' dir='ltr'>in</span> <span class='ocrx_word' id='word_1_551' title='bbox 994 4206 1280 4262; x_wconf 89' lang='lat' dir='ltr'>divinitate</span> <span class='ocrx_word' id='word_1_552' title='bbox 1328 4204 1505 4261; x_wconf 88' lang='lat' dir='ltr'>Patris</span> <span class='ocrx_word' id='word_1_553' title='bbox 1555 4205 1641 4261; x_wconf 91' lang='lat' dir='ltr'>vel</span> <span class='ocrx_word' id='word_1_554' title='bbox 1688 4206 1742 4260; x_wconf 91' lang='lat' dir='ltr'>in</span> <span class='ocrx_word' id='word_1_555' title='bbox 1783 4206 1904 4278; x_wconf 93' lang='lat' dir='ltr'>ipso</span> <span class='ocrx_word' id='word_1_556' title='bbox 1948 4208 2146 4278; x_wconf 91' lang='lat' dir='ltr'>capite,</span> 
     </span>
    </p>
   </div>
   <div class='ocr_carea' id='block_1_72' title="bbox 545 4294 2148 4371">
    <p class='ocr_par' dir='ltr' id='par_1_72' title="bbox 545 4294 2148 4371">
     <span class='ocr_line' id='line_1_72' title="bbox 545 4294 2148 4371; baseline -0.001 -18"><span class='ocrx_word' id='word_1_557' title='bbox 545 4296 695 4371; x_wconf 88' lang='lat' dir='ltr'>quod</span> <span class='ocrx_word' id='word_1_558' title='bbox 733 4304 817 4352; x_wconf 91' lang='lat' dir='ltr'>est</span> <span class='ocrx_word' id='word_1_559' title='bbox 846 4295 1110 4359; x_wconf 90' lang='lat' dir='ltr'>Christus,</span> <span class='ocrx_word' id='word_1_560' title='bbox 1145 4302 1400 4366; x_wconf 90' lang='lat' dir='ltr'>peccant.</span> <span class='ocrx_word' id='word_1_561' title='bbox 1448 4294 1621 4366; x_wconf 89' lang='lat' dir='ltr'>Caput</span> <span class='ocrx_word' id='word_1_562' title='bbox 1668 4294 1811 4350; x_wconf 90' lang='lat' dir='ltr'>enim</span> <span class='ocrx_word' id='word_1_563' title='bbox 1856 4295 1961 4351; x_wconf 88' lang='lat' dir='ltr'>viri</span> <span class='ocrx_word' id='word_1_564' title='bbox 1991 4297 2148 4352; x_wconf 88' lang='lat' dir='ltr'>Chri-</span> 
     </span>
    </p>
   </div>
   <div class='ocr_carea' id='block_1_73' title="bbox 551 4379 2144 4453">
    <p class='ocr_par' dir='ltr' id='par_1_73' title="bbox 551 4379 2144 4453">
     <span class='ocr_line' id='line_1_73' title="bbox 551 4379 2144 4453; baseline -0.001 -16"><span class='ocrx_word' id='word_1_565' title='bbox 551 4389 695 4437; x_wconf 89' lang='lat' dir='ltr'>stus.</span> <span class='ocrx_word' id='word_1_566' title='bbox 742 4381 894 4436; x_wconf 87' lang='lat' dir='ltr'>Hanc</span> <span class='ocrx_word' id='word_1_567' title='bbox 928 4380 1144 4452; x_wconf 91' lang='lat' dir='ltr'>lepram</span> <span class='ocrx_word' id='word_1_568' title='bbox 1192 4379 1492 4435; x_wconf 90' lang='lat' dir='ltr'>habuerunt</span> <span class='ocrx_word' id='word_1_569' title='bbox 1537 4379 1730 4439; x_wconf 71' lang='lat' dir='ltr'>Judaei.</span> <span class='ocrx_word' id='word_1_570' title='bbox 1763 4379 2144 4453; x_wconf 85' lang='lat' dir='ltr'>Valentiniani,</span> 
     </span>
    </p>
   </div>
   <div class='ocr_carea' id='block_1_74' title="bbox 549 4467 2147 4541">
    <p class='ocr_par' dir='ltr' id='par_1_74' title="bbox 549 4467 2147 4541">
     <span class='ocr_line' id='line_1_74' title="bbox 549 4467 2147 4541; baseline 0 -14"><span class='ocrx_word' id='word_1_571' title='bbox 549 4469 884 4527; x_wconf 83' lang='lat' dir='ltr'>Marcianitae</span> <span class='ocrx_word' id='word_1_572' title='bbox 913 4478 963 4525; x_wconf 91' lang='lat' dir='ltr'>et</span> <span class='ocrx_word' id='word_1_573' title='bbox 986 4468 1196 4524; x_wconf 90' lang='lat' dir='ltr'>Fotiani</span> <span class='ocrx_word' id='word_1_574' title='bbox 1242 4487 1255 4524; x_wconf 92' lang='lat'><strong>:</strong></span> <span class='ocrx_word' id='word_1_575' title='bbox 1308 4467 1399 4541; x_wconf 90' lang='lat' dir='ltr'>qui</span> <span class='ocrx_word' id='word_1_576' title='bbox 1467 4484 1660 4524; x_wconf 90' lang='lat' dir='ltr'>omnes</span> <span class='ocrx_word' id='word_1_577' title='bbox 1701 4468 1755 4524; x_wconf 91' lang='lat' dir='ltr'>in</span> <span class='ocrx_word' id='word_1_578' title='bbox 1798 4469 2017 4527; x_wconf 89' lang='lat' dir='ltr'>calvitio</span> <span class='ocrx_word' id='word_1_579' title='bbox 2061 4469 2147 4527; x_wconf 92' lang='lat' dir='ltr'>le-</span> 
     </span>
    </p>
   </div>
   <div class='ocr_carea' id='block_1_75' title="bbox 2252 3279 3838 3353">
    <p class='ocr_par' dir='ltr' id='par_1_75' title="bbox 2252 3279 3838 3353">
     <span class='ocr_line' id='line_1_75' title="bbox 2252 3279 3838 3353; baseline 0.01 -18"><span class='ocrx_word' id='word_1_580' title='bbox 2252 3282 2372 3336; x_wconf 91' lang='lat' dir='ltr'>mit.</span> <span class='ocrx_word' id='word_1_581' title='bbox 2412 3279 2547 3335; x_wconf 91' lang='lat' dir='ltr'>Cum</span> <span class='ocrx_word' id='word_1_582' title='bbox 2578 3295 2711 3334; x_wconf 92' lang='lat' dir='ltr'>vero</span> <span class='ocrx_word' id='word_1_583' title='bbox 2741 3281 2957 3351; x_wconf 83' lang='lat' dir='ltr'>nigram</span> <span class='ocrx_word' id='word_1_584' title='bbox 2987 3281 3242 3353; x_wconf 90' lang='lat' dir='ltr'>insinuat,</span> <span class='ocrx_word' id='word_1_585' title='bbox 3293 3287 3682 3348; x_wconf 90' lang='lat' dir='ltr'>sacriﬁciorum</span> <span class='ocrx_word' id='word_1_586' title='bbox 3722 3294 3838 3351; x_wconf 84' lang='lat' dir='ltr'>fur-</span> 
     </span>
    </p>
   </div>
   <div class='ocr_carea' id='block_1_76' title="bbox 2252 3370 3841 3446">
    <p class='ocr_par' dir='ltr' id='par_1_76' title="bbox 2252 3370 3841 3446">
     <span class='ocr_line' id='line_1_76' title="bbox 2252 3370 3841 3446; baseline 0.009 -20"><span class='ocrx_word' id='word_1_587' title='bbox 2252 3386 2325 3426; x_wconf 92' lang='lat' dir='ltr'>no</span> <span class='ocrx_word' id='word_1_588' title='bbox 2355 3378 2407 3425; x_wconf 90' lang='lat' dir='ltr'>et</span> <span class='ocrx_word' id='word_1_589' title='bbox 2436 3370 2596 3427; x_wconf 90' lang='lat' dir='ltr'>busto</span> <span class='ocrx_word' id='word_1_590' title='bbox 2623 3370 2947 3437; x_wconf 64' lang='lat' dir='ltr'>idololatriae</span> <span class='ocrx_word' id='word_1_591' title='bbox 2980 3372 3319 3446; x_wconf 88' lang='lat' dir='ltr'>denigratam</span> <span class='ocrx_word' id='word_1_592' title='bbox 3337 3380 3717 3438; x_wconf 71' lang='lat' dir='ltr'>conscientiam</span> <span class='ocrx_word' id='word_1_593' title='bbox 3735 3385 3841 3441; x_wconf 89' lang='lat' dir='ltr'>de-</span> 
     </span>
    </p>
   </div>
   <div class='ocr_carea' id='block_1_77' title="bbox 2253 3459 3843 3545">
    <p class='ocr_par' dir='ltr' id='par_1_77' title="bbox 2253 3459 3843 3545">
     <span class='ocr_line' id='line_1_77' title="bbox 2253 3459 3843 3545; baseline 0.007 -29"><span class='ocrx_word' id='word_1_594' title='bbox 2253 3466 2521 3528; x_wconf 70' lang='lat' dir='ltr'>testatur;</span> <span class='ocrx_word' id='word_1_595' title='bbox 2553 3475 2676 3515; x_wconf 89' lang='lat' dir='ltr'>cum</span> <span class='ocrx_word' id='word_1_596' title='bbox 2706 3459 3103 3528; x_wconf 86' lang='lat' dir='ltr'>ﬂorescentem,</span> <span class='ocrx_word' id='word_1_597' title='bbox 3152 3471 3266 3520; x_wconf 90' lang='lat' dir='ltr'>toto</span> <span class='ocrx_word' id='word_1_598' title='bbox 3295 3480 3543 3538; x_wconf 89' lang='lat' dir='ltr'>corpore,</span> <span class='ocrx_word' id='word_1_599' title='bbox 3568 3479 3619 3525; x_wconf 89' lang='lat' dir='ltr'>et</span> <span class='ocrx_word' id='word_1_600' title='bbox 3645 3487 3843 3545; x_wconf 83' lang='lat' dir='ltr'>coope-</span> 
     </span>
    </p>
   </div>
   <div class='ocr_carea' id='block_1_78' title="bbox 2255 3548 3841 3633">
    <p class='ocr_par' dir='ltr' id='par_1_78' title="bbox 2255 3548 3841 3633">
     <span class='ocr_line' id='line_1_78' title="bbox 2255 3548 3841 3633; baseline 0.009 -30"><span class='ocrx_word' id='word_1_601' title='bbox 2255 3548 2489 3605; x_wconf 90' lang='lat' dir='ltr'>rientem</span> <span class='ocrx_word' id='word_1_602' title='bbox 2516 3549 2829 3621; x_wconf 89' lang='lat' dir='ltr'>pelliculam</span> <span class='ocrx_word' id='word_1_603' title='bbox 2881 3551 3130 3622; x_wconf 88' lang='lat' dir='ltr'>corporis</span> <span class='ocrx_word' id='word_1_604' title='bbox 3160 3568 3193 3608; x_wconf 87' lang='lat' dir='ltr'>a</span> <span class='ocrx_word' id='word_1_605' title='bbox 3220 3554 3399 3625; x_wconf 90' lang='lat' dir='ltr'>capite</span> <span class='ocrx_word' id='word_1_606' title='bbox 3442 3572 3615 3630; x_wconf 89' lang='lat' dir='ltr'>usque</span> <span class='ocrx_word' id='word_1_607' title='bbox 3640 3561 3707 3615; x_wconf 88' lang='lat' dir='ltr'>ad</span> <span class='ocrx_word' id='word_1_608' title='bbox 3736 3578 3841 3633; x_wconf 85' lang='lat' dir='ltr'>pe-</span> 
     </span>
    </p>
   </div>
   <div class='ocr_carea' id='block_1_79' title="bbox 2253 3647 3840 3727">
    <p class='ocr_par' dir='ltr' id='par_1_79' title="bbox 2253 3647 3840 3727">
     <span class='ocr_line' id='line_1_79' title="bbox 2253 3647 3840 3727; baseline 0.007 -22"><span class='ocrx_word' id='word_1_609' title='bbox 2253 3650 2353 3706; x_wconf 90' lang='lat' dir='ltr'>des</span> <span class='ocrx_word' id='word_1_610' title='bbox 2381 3649 2531 3715; x_wconf 91' lang='lat' dir='ltr'>dicit,</span> <span class='ocrx_word' id='word_1_611' title='bbox 2571 3647 2815 3704; x_wconf 69' lang='lat' dir='ltr'>avaritim</span> <span class='ocrx_word' id='word_1_612' title='bbox 2844 3649 3050 3705; x_wconf 80' lang='lat' dir='ltr'>crimen</span> <span class='ocrx_word' id='word_1_613' title='bbox 3081 3652 3336 3719; x_wconf 90' lang='lat' dir='ltr'>ostendit,</span> <span class='ocrx_word' id='word_1_614' title='bbox 3377 3655 3507 3727; x_wconf 89' lang='lat' dir='ltr'>quia</span> <span class='ocrx_word' id='word_1_615' title='bbox 3533 3673 3655 3713; x_wconf 90' lang='lat' dir='ltr'>cum</span> <span class='ocrx_word' id='word_1_616' title='bbox 3685 3659 3840 3716; x_wconf 82' lang='lat' dir='ltr'>ﬁori-</span> 
     </span>
    </p>
   </div>
   <div class='ocr_carea' id='block_1_80' title="bbox 2255 3738 3841 3812">
    <p class='ocr_par' dir='ltr' id='par_1_80' title="bbox 2255 3738 3841 3812">
     <span class='ocr_line' id='line_1_80' title="bbox 2255 3738 3841 3812; baseline 0.007 -18"><span class='ocrx_word' id='word_1_617' title='bbox 2255 3739 2382 3794; x_wconf 89' lang='lat' dir='ltr'>dum</span> <span class='ocrx_word' id='word_1_618' title='bbox 2411 3746 2467 3795; x_wconf 90' lang='lat' dir='ltr'>et</span> <span class='ocrx_word' id='word_1_619' title='bbox 2488 3738 2793 3808; x_wconf 90' lang='lat' dir='ltr'>jucundum</span> <span class='ocrx_word' id='word_1_620' title='bbox 2846 3738 3122 3793; x_wconf 85' lang='lat' dir='ltr'>hominem</span> <span class='ocrx_word' id='word_1_621' title='bbox 3165 3749 3353 3812; x_wconf 88' lang='lat' dir='ltr'>putant</span> <span class='ocrx_word' id='word_1_622' title='bbox 3382 3743 3597 3801; x_wconf 83' lang='lat' dir='ltr'>felicem</span> <span class='ocrx_word' id='word_1_623' title='bbox 3626 3764 3747 3804; x_wconf 89' lang='lat' dir='ltr'>esse</span> <span class='ocrx_word' id='word_1_624' title='bbox 3788 3750 3841 3805; x_wconf 91' lang='lat' dir='ltr'>in</span> 
     </span>
    </p>
   </div>
   <div class='ocr_carea' id='block_1_81' title="bbox 2252 3826 3841 3905">
    <p class='ocr_par' dir='ltr' id='par_1_81' title="bbox 2252 3826 3841 3905">
     <span class='ocr_line' id='line_1_81' title="bbox 2252 3826 3841 3905; baseline 0.007 -21"><span class='ocrx_word' id='word_1_625' title='bbox 2252 3830 2357 3885; x_wconf 92' lang='lat' dir='ltr'>hoc</span> <span class='ocrx_word' id='word_1_626' title='bbox 2385 3828 2592 3883; x_wconf 91' lang='lat' dir='ltr'>mundo</span> <span class='ocrx_word' id='word_1_627' title='bbox 2621 3834 2675 3883; x_wconf 87' lang='lat' dir='ltr'>et</span> <span class='ocrx_word' id='word_1_628' title='bbox 2704 3826 2927 3883; x_wconf 90' lang='lat' dir='ltr'>divitem</span> <span class='ocrx_word' id='word_1_629' title='bbox 2958 3827 3156 3897; x_wconf 89' lang='lat' dir='ltr'>videri,</span> <span class='ocrx_word' id='word_1_630' title='bbox 3212 3840 3338 3888; x_wconf 88' lang='lat' dir='ltr'>tunc</span> <span class='ocrx_word' id='word_1_631' title='bbox 3376 3835 3543 3905; x_wconf 91' lang='lat' dir='ltr'>pestis</span> <span class='ocrx_word' id='word_1_632' title='bbox 3599 3838 3841 3896; x_wconf 67' lang='lat' dir='ltr'>avaritia</span> 
     </span>
    </p>
   </div>
   <div class='ocr_carea' id='block_1_82' title="bbox 2254 3925 3839 4004">
    <p class='ocr_par' dir='ltr' id='par_1_82' title="bbox 2254 3925 3839 4004">
     <span class='ocr_line' id='line_1_82' title="bbox 2254 3925 3839 4004; baseline 0.006 -21"><span class='ocrx_word' id='word_1_633' title='bbox 2254 3943 2416 3983; x_wconf 87' lang='lat' dir='ltr'>omne</span> <span class='ocrx_word' id='word_1_634' title='bbox 2453 3942 2629 3997; x_wconf 87' lang='lat' dir='ltr'>genus</span> <span class='ocrx_word' id='word_1_635' title='bbox 2666 3925 2945 3980; x_wconf 90' lang='lat' dir='ltr'>hominum</span> <span class='ocrx_word' id='word_1_636' title='bbox 2992 3927 3145 3997; x_wconf 88' lang='lat' dir='ltr'>quasi</span> <span class='ocrx_word' id='word_1_637' title='bbox 3187 3936 3354 3985; x_wconf 91' lang='lat' dir='ltr'>totum</span> <span class='ocrx_word' id='word_1_638' title='bbox 3400 3948 3598 4004; x_wconf 90' lang='lat' dir='ltr'>corpus</span> <span class='ocrx_word' id='word_1_639' title='bbox 3644 3937 3839 3993; x_wconf 89' lang='lat' dir='ltr'>crebro</span> 
     </span>
    </p>
   </div>
   <div class='ocr_carea' id='block_1_83' title="bbox 2257 4014 3840 4089">
    <p class='ocr_par' dir='ltr' id='par_1_83' title="bbox 2257 4014 3840 4089">
     <span class='ocr_line' id='line_1_83' title="bbox 2257 4014 3840 4089; baseline 0.006 -17"><span class='ocrx_word' id='word_1_640' title='bbox 2257 4017 2459 4073; x_wconf 89' lang='lat' dir='ltr'>erroris</span> <span class='ocrx_word' id='word_1_641' title='bbox 2488 4016 2635 4069; x_wconf 77' lang='lat' dir='ltr'>illius</span> <span class='ocrx_word' id='word_1_642' title='bbox 2665 4014 2925 4089; x_wconf 85' lang='lat' dir='ltr'>contagio</span> <span class='ocrx_word' id='word_1_643' title='bbox 2952 4019 3337 4075; x_wconf 89' lang='lat' dir='ltr'>commaculat.</span> <span class='ocrx_word' id='word_1_644' title='bbox 3372 4021 3504 4077; x_wconf 90' lang='lat' dir='ltr'>Cum</span> <span class='ocrx_word' id='word_1_645' title='bbox 3545 4032 3721 4080; x_wconf 79' lang='lat' dir='ltr'>autem</span> <span class='ocrx_word' id='word_1_646' title='bbox 3754 4027 3840 4082; x_wconf 87' lang='lat' dir='ltr'>le-</span> 
     </span>
    </p>
   </div>
   <div class='ocr_carea' id='block_1_84' title="bbox 2254 4105 3839 4183">
    <p class='ocr_par' dir='ltr' id='par_1_84' title="bbox 2254 4105 3839 4183">
     <span class='ocr_line' id='line_1_84' title="bbox 2254 4105 3839 4183; baseline 0.008 -24"><span class='ocrx_word' id='word_1_647' title='bbox 2254 4122 2415 4178; x_wconf 87' lang='lat' dir='ltr'>pram</span> <span class='ocrx_word' id='word_1_648' title='bbox 2448 4105 2609 4160; x_wconf 89' lang='lat' dir='ltr'>habet</span> <span class='ocrx_word' id='word_1_649' title='bbox 2639 4120 2765 4161; x_wconf 83' lang='lat' dir='ltr'>cum</span> <span class='ocrx_word' id='word_1_650' title='bbox 2795 4105 2997 4160; x_wconf 89' lang='lat' dir='ltr'>rubore</span> <span class='ocrx_word' id='word_1_651' title='bbox 3027 4116 3077 4161; x_wconf 90' lang='lat' dir='ltr'>et</span> <span class='ocrx_word' id='word_1_652' title='bbox 3115 4107 3327 4178; x_wconf 91' lang='lat' dir='ltr'>pallore</span> <span class='ocrx_word' id='word_1_653' title='bbox 3354 4112 3687 4183; x_wconf 81' lang='lat' dir='ltr'>permistam,</span> <span class='ocrx_word' id='word_1_654' title='bbox 3719 4130 3839 4171; x_wconf 88' lang='lat' dir='ltr'>eum</span> 
     </span>
    </p>
   </div>
   <div class='ocr_carea' id='block_1_85' title="bbox 2256 4193 3843 4267">
    <p class='ocr_par' dir='ltr' id='par_1_85' title="bbox 2256 4193 3843 4267">
     <span class='ocr_line' id='line_1_85' title="bbox 2256 4193 3843 4267; baseline 0.007 -17"><span class='ocrx_word' id='word_1_655' title='bbox 2256 4195 2537 4251; x_wconf 89' lang='lat' dir='ltr'>hominem</span> <span class='ocrx_word' id='word_1_656' title='bbox 2567 4194 2793 4250; x_wconf 88' lang='lat' dir='ltr'>denotat</span> <span class='ocrx_word' id='word_1_657' title='bbox 2821 4193 2931 4267; x_wconf 90' lang='lat' dir='ltr'>qui,</span> <span class='ocrx_word' id='word_1_658' title='bbox 2968 4210 3102 4250; x_wconf 88' lang='lat' dir='ltr'>cum</span> <span class='ocrx_word' id='word_1_659' title='bbox 3154 4196 3225 4251; x_wconf 89' lang='lat' dir='ltr'>sit</span> <span class='ocrx_word' id='word_1_660' title='bbox 3271 4198 3557 4256; x_wconf 80' lang='lat' dir='ltr'>imbecillis</span> <span class='ocrx_word' id='word_1_661' title='bbox 3585 4204 3761 4261; x_wconf 88' lang='lat' dir='ltr'>animo</span> <span class='ocrx_word' id='word_1_662' title='bbox 3790 4214 3843 4261; x_wconf 93' lang='lat' dir='ltr'>et</span> 
     </span>
    </p>
   </div>
   <div class='ocr_carea' id='block_1_86' title="bbox 2257 4291 3837 4369">
    <p class='ocr_par' dir='ltr' id='par_1_86' title="bbox 2257 4291 3837 4369">
     <span class='ocr_line' id='line_1_86' title="bbox 2257 4291 3837 4369; baseline 0.006 -20"><span class='ocrx_word' id='word_1_663' title='bbox 2257 4293 2521 4358; x_wconf 78' lang='lat' dir='ltr'>mendax,</span> <span class='ocrx_word' id='word_1_664' title='bbox 2573 4291 2734 4348; x_wconf 88' lang='lat' dir='ltr'>facile</span> <span class='ocrx_word' id='word_1_665' title='bbox 2778 4292 2834 4346; x_wconf 91' lang='lat' dir='ltr'>in</span> <span class='ocrx_word' id='word_1_666' title='bbox 2881 4293 3125 4349; x_wconf 83' lang='lat' dir='ltr'>furorem</span> <span class='ocrx_word' id='word_1_667' title='bbox 3171 4296 3487 4369; x_wconf 89' lang='lat' dir='ltr'>prorumpit,</span> <span class='ocrx_word' id='word_1_668' title='bbox 3537 4308 3589 4355; x_wconf 91' lang='lat' dir='ltr'>et</span> <span class='ocrx_word' id='word_1_669' title='bbox 3627 4300 3837 4359; x_wconf 90' lang='lat' dir='ltr'>levitate</span> 
     </span>
    </p>
   </div>
   <div class='ocr_carea' id='block_1_87' title="bbox 2256 4380 3843 4461">
    <p class='ocr_par' dir='ltr' id='par_1_87' title="bbox 2256 4380 3843 4461">
     <span class='ocr_line' id='line_1_87' title="bbox 2256 4380 3843 4461; baseline 0.006 -24"><span class='ocrx_word' id='word_1_670' title='bbox 2256 4398 2387 4438; x_wconf 86' lang='lat' dir='ltr'>mox</span> <span class='ocrx_word' id='word_1_671' title='bbox 2419 4381 2576 4437; x_wconf 87' lang='lat' dir='ltr'>facile</span> <span class='ocrx_word' id='word_1_672' title='bbox 2606 4380 2831 4452; x_wconf 89' lang='lat' dir='ltr'>petulat.</span> <span class='ocrx_word' id='word_1_673' title='bbox 2865 4381 3047 4437; x_wconf 89' lang='lat' dir='ltr'>Pallor</span> <span class='ocrx_word' id='word_1_674' title='bbox 3099 4383 3452 4441; x_wconf 90' lang='lat' dir='ltr'>mentientem</span> <span class='ocrx_word' id='word_1_675' title='bbox 3491 4386 3731 4461; x_wconf 88' lang='lat' dir='ltr'>linguam</span> <span class='ocrx_word' id='word_1_676' title='bbox 3776 4392 3843 4446; x_wconf 83' lang='lat' dir='ltr'>si-</span> 
     </span>
    </p>
   </div>
   <div class='ocr_carea' id='block_1_88' title="bbox 2259 4469 3842 4552">
    <p class='ocr_par' dir='ltr' id='par_1_88' title="bbox 2259 4469 3842 4552">
     <span class='ocr_line' id='line_1_88' title="bbox 2259 4469 3842 4552; baseline 0.008 -27"><span class='ocrx_word' id='word_1_677' title='bbox 2259 4469 2499 4542; x_wconf 88' lang='lat' dir='ltr'>gniﬁcat,</span> <span class='ocrx_word' id='word_1_678' title='bbox 2541 4469 2713 4526; x_wconf 89' lang='lat' dir='ltr'>rubor</span> <span class='ocrx_word' id='word_1_679' title='bbox 2756 4485 2893 4526; x_wconf 91' lang='lat' dir='ltr'>vero</span> <span class='ocrx_word' id='word_1_680' title='bbox 2934 4470 3295 4530; x_wconf 89' lang='lat' dir='ltr'>iracundiam.</span> <span class='ocrx_word' id='word_1_681' title='bbox 3343 4475 3439 4530; x_wconf 89' lang='lat' dir='ltr'>Est</span> <span class='ocrx_word' id='word_1_682' title='bbox 3484 4486 3663 4534; x_wconf 90' lang='lat' dir='ltr'>autem</span> <span class='ocrx_word' id='word_1_683' title='bbox 3692 4479 3842 4552; x_wconf 86' lang='lat' dir='ltr'>lepra</span> 
     </span>
    </p>
   </div>
   <div class='ocr_carea' id='block_1_89' title="bbox 546 4557 3837 4647">
    <p class='ocr_par' dir='ltr' id='par_1_89' title="bbox 546 4557 3837 4647">
     <span class='ocr_line' id='line_1_89' title="bbox 546 4557 3837 4647; baseline 0.002 -23"><span class='ocrx_word' id='word_1_684' title='bbox 546 4575 705 4633; x_wconf 64' lang='lat' dir='ltr'>prum</span> <span class='ocrx_word' id='word_1_685' title='bbox 732 4565 951 4633; x_wconf 78' lang='lat' dir='ltr'>gerunt.</span> <span class='ocrx_word' id='word_1_686' title='bbox 1003 4557 1131 4630; x_wconf 70' lang='lat' dir='ltr'>(illia</span> <span class='ocrx_word' id='word_1_687' title='bbox 1153 4572 1415 4647; x_wconf 22' lang='lat' dir='ltr'>Aeri‘OI&#39;em</span> <span class='ocrx_word' id='word_1_688' title='bbox 1456 4574 1617 4613; x_wconf 75' lang='lat' dir='ltr'>suum</span> <span class='ocrx_word' id='word_1_689' title='bbox 1646 4566 1836 4630; x_wconf 69' lang='grc' dir='ltr'>αρθνιθ</span> <span class='ocrx_word' id='word_1_690' title='bbox 1873 4560 2141 4630; x_wconf 65' lang='lat' dir='ltr'>pravitate</span> <span class='ocrx_word' id='word_1_691' title='bbox 2173 4567 2228 4631; x_wconf 93' lang='lat' dir='ltr'>D</span> <span class='ocrx_word' id='word_1_692' title='bbox 2257 4567 2484 4640; x_wconf 89' lang='lat' dir='ltr'>peccati,</span> <span class='ocrx_word' id='word_1_693' title='bbox 2517 4584 2640 4640; x_wconf 77' lang='lat' dir='ltr'>quae</span> <span class='ocrx_word' id='word_1_694' title='bbox 2667 4565 3068 4624; x_wconf 90' lang='lat' dir='ltr'>sacriﬁciorum</span> <span class='ocrx_word' id='word_1_695' title='bbox 3114 4569 3476 4628; x_wconf 88' lang='lat' dir='ltr'>oblationibus</span> <span class='ocrx_word' id='word_1_696' title='bbox 3504 4575 3837 4647; x_wconf 77' lang='lat' dir='ltr'>amandatur,</span> 
     </span>
    </p>
   </div>
   <div class='ocr_carea' id='block_1_90' title="bbox 544 4645 2154 4719">
    <p class='ocr_par' dir='ltr' id='par_1_90' title="bbox 544 4645 2154 4719">
     <span class='ocr_line' id='line_1_90' title="bbox 544 4645 2154 4719; baseline -0.001 -13"><span class='ocrx_word' id='word_1_697' title='bbox 544 4648 866 4706; x_wconf 84' lang='lat' dir='ltr'>defendunt.</span> <span class='ocrx_word' id='word_1_698' title='bbox 890 4649 949 4702; x_wconf 92' lang='lat' dir='ltr'>1n</span> <span class='ocrx_word' id='word_1_699' title='bbox 966 4647 1135 4702; x_wconf 89' lang='lat' dir='ltr'>barba</span> <span class='ocrx_word' id='word_1_700' title='bbox 1152 4645 1356 4718; x_wconf 85' lang='lat' dir='ltr'>lepram</span> <span class='ocrx_word' id='word_1_701' title='bbox 1377 4655 1598 4718; x_wconf 82' lang='lat' dir='ltr'>gerunt,</span> <span class='ocrx_word' id='word_1_702' title='bbox 1622 4647 1713 4718; x_wconf 90' lang='lat' dir='ltr'>qui</span> <span class='ocrx_word' id='word_1_703' title='bbox 1734 4648 1803 4703; x_wconf 91' lang='lat' dir='ltr'>de</span> <span class='ocrx_word' id='word_1_704' title='bbox 1827 4648 2089 4719; x_wconf 89' lang='lat' dir='ltr'>apostolis</span> <span class='ocrx_word' id='word_1_705' title='bbox 2100 4657 2154 4705; x_wconf 90' lang='lat' dir='ltr'>et</span> 
     </span>
    </p>
   </div>
   <div class='ocr_carea' id='block_1_91' title="bbox 561 4735 2152 4809">
    <p class='ocr_par' dir='ltr' id='par_1_91' title="bbox 561 4735 2152 4809">
     <span class='ocr_line' id='line_1_91' title="bbox 561 4735 2152 4809; baseline 0 -14"><span class='ocrx_word' id='word_1_706' title='bbox 561 4738 771 4795; x_wconf 88' lang='lat' dir='ltr'>sanctis</span> <span class='ocrx_word' id='word_1_707' title='bbox 794 4736 994 4793; x_wconf 84' lang='lat' dir='ltr'>Christi</span> <span class='ocrx_word' id='word_1_708' title='bbox 1010 4735 1217 4808; x_wconf 91' lang='lat' dir='ltr'>aliquid</span> <span class='ocrx_word' id='word_1_709' title='bbox 1252 4751 1518 4808; x_wconf 88' lang='lat' dir='ltr'>perverse</span> <span class='ocrx_word' id='word_1_710' title='bbox 1551 4738 1813 4806; x_wconf 86' lang='lat' dir='ltr'>sentiunt,</span> <span class='ocrx_word' id='word_1_711' title='bbox 1841 4745 2003 4809; x_wconf 90' lang='lat' dir='ltr'>atque</span> <span class='ocrx_word' id='word_1_712' title='bbox 2056 4755 2152 4795; x_wconf 87' lang='lat' dir='ltr'>eos</span> 
     </span>
    </p>
   </div>
   <div class='ocr_carea' id='block_1_92' title="bbox 559 4833 2151 4911">
    <p class='ocr_par' dir='ltr' id='par_1_92' title="bbox 559 4833 2151 4911">
     <span class='ocr_line' id='line_1_92' title="bbox 559 4833 2151 4911; baseline -0.003 -18"><span class='ocrx_word' id='word_1_713' title='bbox 559 4854 792 4911; x_wconf 89' lang='lat' dir='ltr'>pravum</span> <span class='ocrx_word' id='word_1_714' title='bbox 806 4835 1088 4909; x_wconf 89' lang='lat' dir='ltr'>quodlibet</span> <span class='ocrx_word' id='word_1_715' title='bbox 1110 4835 1445 4907; x_wconf 67' lang='lat' dir='ltr'>praedicasse</span> <span class='ocrx_word' id='word_1_716' title='bbox 1467 4833 1983 4907; x_wconf 83' lang='lat' dir='ltr'>confingunt.&#39;Sicut</span> <span class='ocrx_word' id='word_1_717' title='bbox 2005 4836 2151 4891; x_wconf 90' lang='lat' dir='ltr'>enim</span> 
     </span>
    </p>
   </div>
   <div class='ocr_carea' id='block_1_93' title="bbox 550 4922 2153 4995">
    <p class='ocr_par' dir='ltr' id='par_1_93' title="bbox 550 4922 2153 4995">
     <span class='ocr_line' id='line_1_93' title="bbox 550 4922 2153 4995; baseline -0.002 -12"><span class='ocrx_word' id='word_1_718' title='bbox 550 4928 720 4983; x_wconf 83' lang='lat' dir='ltr'>barba</span> <span class='ocrx_word' id='word_1_719' title='bbox 756 4933 1138 4982; x_wconf 86' lang='lat' dir='ltr'>ornamentum</span> <span class='ocrx_word' id='word_1_720' title='bbox 1180 4933 1263 4980; x_wconf 91' lang='lat' dir='ltr'>est</span> <span class='ocrx_word' id='word_1_721' title='bbox 1285 4922 1424 4991; x_wconf 85' lang='lat' dir='ltr'>ﬁeri,</span> <span class='ocrx_word' id='word_1_722' title='bbox 1460 4922 1534 4978; x_wconf 89' lang='lat' dir='ltr'>ita</span> <span class='ocrx_word' id='word_1_723' title='bbox 1583 4923 1790 4979; x_wconf 90' lang='lat' dir='ltr'>scilicet</span> <span class='ocrx_word' id='word_1_724' title='bbox 1820 4925 2071 4995; x_wconf 83' lang='lat' dir='ltr'>Apostoli</span> <span class='ocrx_word' id='word_1_725' title='bbox 2101 4933 2153 4981; x_wconf 88' lang='lat' dir='ltr'>et</span> 
     </span>
    </p>
   </div>
   <div class='ocr_carea' id='block_1_94' title="bbox 544 5012 2140 5085">
    <p class='ocr_par' dir='ltr' id='par_1_94' title="bbox 544 5012 2140 5085">
     <span class='ocr_line' id='line_1_94' title="bbox 544 5012 2140 5085; baseline -0.004 -12"><span class='ocrx_word' id='word_1_726' title='bbox 544 5018 797 5073; x_wconf 90' lang='lat' dir='ltr'>doctores</span> <span class='ocrx_word' id='word_1_727' title='bbox 847 5022 1225 5070; x_wconf 89' lang='lat' dir='ltr'>ornamentum</span> <span class='ocrx_word' id='word_1_728' title='bbox 1259 5020 1517 5085; x_wconf 58' lang='lat' dir='ltr'>prastant</span> <span class='ocrx_word' id='word_1_729' title='bbox 1545 5012 1600 5067; x_wconf 89' lang='lat' dir='ltr'>in</span> <span class='ocrx_word' id='word_1_730' title='bbox 1634 5027 1864 5084; x_wconf 89' lang='lat' dir='ltr'>corpore</span> <span class='ocrx_word' id='word_1_731' title='bbox 1914 5014 2140 5069; x_wconf 88' lang='lat' dir='ltr'>Christi.</span> 
     </span>
    </p>
   </div>
   <div class='ocr_carea' id='block_1_95' title="bbox 541 5100 2152 5178">
    <p class='ocr_par' dir='ltr' id='par_1_95' title="bbox 541 5100 2152 5178">
     <span class='ocr_line' id='line_1_95' title="bbox 541 5100 2152 5178; baseline -0.003 -15"><span class='ocrx_word' id='word_1_732' title='bbox 541 5106 787 5178; x_wconf 90' lang='lat' dir='ltr'>Corpore</span> <span class='ocrx_word' id='word_1_733' title='bbox 816 5104 1029 5175; x_wconf 89' lang='lat' dir='ltr'>lepram</span> <span class='ocrx_word' id='word_1_734' title='bbox 1058 5102 1263 5157; x_wconf 85' lang='lat' dir='ltr'>habent</span> <span class='ocrx_word' id='word_1_735' title='bbox 1292 5101 1383 5173; x_wconf 91' lang='lat' dir='ltr'>qui</span> <span class='ocrx_word' id='word_1_736' title='bbox 1405 5100 1668 5158; x_wconf 74' lang='lat' dir='ltr'>Ecclesiae</span> <span class='ocrx_word' id='word_1_737' title='bbox 1684 5102 1995 5168; x_wconf 82' lang='lat' dir='ltr'>detrahunt,</span> <span class='ocrx_word' id='word_1_738' title='bbox 2015 5103 2152 5159; x_wconf 90' lang='lat' dir='ltr'>sicut</span> 
     </span>
    </p>
   </div>
   <div class='ocr_carea' id='block_1_96' title="bbox 538 5192 2150 5265">
    <p class='ocr_par' dir='ltr' id='par_1_96' title="bbox 538 5192 2150 5265">
     <span class='ocr_line' id='line_1_96' title="bbox 538 5192 2150 5265; baseline -0.003 -12"><span class='ocrx_word' id='word_1_739' title='bbox 538 5194 794 5253; x_wconf 82' lang='lat' dir='ltr'>Exariani</span> <span class='ocrx_word' id='word_1_740' title='bbox 824 5194 916 5265; x_wconf 90' lang='lat' dir='ltr'>qui</span> <span class='ocrx_word' id='word_1_741' title='bbox 943 5200 1149 5265; x_wconf 87' lang='lat' dir='ltr'>negant</span> <span class='ocrx_word' id='word_1_742' title='bbox 1177 5194 1368 5247; x_wconf 86' lang='lat' dir='ltr'>carnis</span> <span class='ocrx_word' id='word_1_743' title='bbox 1398 5192 1884 5260; x_wconf 84' lang='lat' dir='ltr'>resurrectionem,</span> <span class='ocrx_word' id='word_1_744' title='bbox 1918 5202 1969 5247; x_wconf 92' lang='lat' dir='ltr'>et</span> <span class='ocrx_word' id='word_1_745' title='bbox 2011 5194 2150 5248; x_wconf 85' lang='lat' dir='ltr'>sicut</span> 
     </span>
    </p>
   </div>
   <div class='ocr_carea' id='block_1_97' title="bbox 539 5280 2149 5354">
    <p class='ocr_par' dir='ltr' id='par_1_97' title="bbox 539 5280 2149 5354">
     <span class='ocr_line' id='line_1_97' title="bbox 539 5280 2149 5354; baseline -0.003 -12"><span class='ocrx_word' id='word_1_746' title='bbox 539 5284 852 5348; x_wconf 82' lang='lat' dir='ltr'>Novatiani,</span> <span class='ocrx_word' id='word_1_747' title='bbox 888 5282 978 5354; x_wconf 90' lang='lat' dir='ltr'>qui</span> <span class='ocrx_word' id='word_1_748' title='bbox 1003 5282 1219 5351; x_wconf 85' lang='lat' dir='ltr'>nuptias</span> <span class='ocrx_word' id='word_1_749' title='bbox 1248 5280 1528 5343; x_wconf 84' lang='lat' dir='ltr'>damnant,</span> <span class='ocrx_word' id='word_1_750' title='bbox 1564 5289 1617 5335; x_wconf 91' lang='lat' dir='ltr'>et</span> <span class='ocrx_word' id='word_1_751' title='bbox 1648 5282 2004 5351; x_wconf 87' lang='lat' dir='ltr'>peccantibus</span> <span class='ocrx_word' id='word_1_752' title='bbox 2035 5299 2149 5352; x_wconf 66' lang='lat' dir='ltr'>pue-</span> 
     </span>
    </p>
   </div>
   <div class='ocr_carea' id='block_1_98' title="bbox 541 5378 2149 5451">
    <p class='ocr_par' dir='ltr' id='par_1_98' title="bbox 541 5378 2149 5451">
     <span class='ocr_line' id='line_1_98' title="bbox 541 5378 2149 5451; baseline -0.001 -14"><span class='ocrx_word' id='word_1_753' title='bbox 541 5383 840 5437; x_wconf 88' lang='lat' dir='ltr'>nitentibus</span> <span class='ocrx_word' id='word_1_754' title='bbox 886 5381 1183 5451; x_wconf 86' lang='lat' dir='ltr'>denegant,</span> <span class='ocrx_word' id='word_1_755' title='bbox 1243 5384 1297 5433; x_wconf 87' lang='lat' dir='ltr'>et</span> <span class='ocrx_word' id='word_1_756' title='bbox 1352 5378 1493 5434; x_wconf 91' lang='lat' dir='ltr'>sicut</span> <span class='ocrx_word' id='word_1_757' title='bbox 1536 5394 1606 5433; x_wconf 88' lang='lat' dir='ltr'>ex</span> <span class='ocrx_word' id='word_1_758' title='bbox 1655 5379 1829 5435; x_wconf 90' lang='lat' dir='ltr'>calice</span> <span class='ocrx_word' id='word_1_759' title='bbox 1871 5380 1964 5451; x_wconf 91' lang='lat' dir='ltr'>qui</span> <span class='ocrx_word' id='word_1_760' title='bbox 2004 5380 2149 5435; x_wconf 79' lang='lat' dir='ltr'>inter</span> 
     </span>
    </p>
   </div>
   <div class='ocr_carea' id='block_1_99' title="bbox 540 5467 2147 5541">
    <p class='ocr_par' dir='ltr' id='par_1_99' title="bbox 540 5467 2147 5541">
     <span class='ocr_line' id='line_1_99' title="bbox 540 5467 2147 5541; baseline -0.001 -16"><span class='ocrx_word' id='word_1_761' title='bbox 540 5470 678 5527; x_wconf 81' lang='lat' dir='ltr'>alios</span> <span class='ocrx_word' id='word_1_762' title='bbox 707 5486 930 5527; x_wconf 89' lang='lat' dir='ltr'>errores</span> <span class='ocrx_word' id='word_1_763' title='bbox 961 5485 1194 5541; x_wconf 84' lang='lat' dir='ltr'>regnum</span> <span class='ocrx_word' id='word_1_764' title='bbox 1235 5467 1495 5524; x_wconf 62' lang='lat' dir='ltr'>caelorum</span> <span class='ocrx_word' id='word_1_765' title='bbox 1526 5472 1780 5540; x_wconf 86' lang='lat' dir='ltr'>parvulos</span> <span class='ocrx_word' id='word_1_766' title='bbox 1805 5468 2008 5525; x_wconf 88' lang='lat' dir='ltr'>habere</span> <span class='ocrx_word' id='word_1_767' title='bbox 2038 5485 2147 5525; x_wconf 87' lang='lat' dir='ltr'>non</span> 
     </span>
    </p>
   </div>
   <div class='ocr_carea' id='block_1_100' title="bbox 542 5565 2147 5638">
    <p class='ocr_par' dir='ltr' id='par_1_100' title="bbox 542 5565 2147 5638">
     <span class='ocr_line' id='line_1_100' title="bbox 542 5565 2147 5638; baseline -0.001 -15"><span class='ocrx_word' id='word_1_768' title='bbox 542 5569 809 5638; x_wconf 88' lang='lat' dir='ltr'>credunt;</span> <span class='ocrx_word' id='word_1_769' title='bbox 841 5576 895 5624; x_wconf 80' lang='lat' dir='ltr'>et</span> <span class='ocrx_word' id='word_1_770' title='bbox 924 5565 1112 5622; x_wconf 81' lang='lat' dir='ltr'>Ariani</span> <span class='ocrx_word' id='word_1_771' title='bbox 1162 5566 1252 5638; x_wconf 82' lang='lat' dir='ltr'>qui</span> <span class='ocrx_word' id='word_1_772' title='bbox 1300 5572 1483 5621; x_wconf 90' lang='lat' dir='ltr'>vetant</span> <span class='ocrx_word' id='word_1_773' title='bbox 1521 5581 1623 5637; x_wconf 90' lang='lat' dir='ltr'>pro</span> <span class='ocrx_word' id='word_1_774' title='bbox 1658 5565 1930 5623; x_wconf 84' lang='lat' dir='ltr'>defunctis</span> <span class='ocrx_word' id='word_1_775' title='bbox 1960 5566 2147 5623; x_wconf 74' lang='lat' dir='ltr'>oﬁerri</span> 
     </span>
    </p>
   </div>
   <div class='ocr_carea' id='block_1_101' title="bbox 543 5662 2146 5736">
    <p class='ocr_par' dir='ltr' id='par_1_101' title="bbox 543 5662 2146 5736">
     <span class='ocr_line' id='line_1_101' title="bbox 543 5662 2146 5736; baseline 0.001 -17"><span class='ocrx_word' id='word_1_776' title='bbox 543 5665 894 5722; x_wconf 87' lang='lat' dir='ltr'>sacriﬁcium.</span> <span class='ocrx_word' id='word_1_777' title='bbox 928 5665 988 5719; x_wconf 91' lang='lat' dir='ltr'>In</span> <span class='ocrx_word' id='word_1_778' title='bbox 1017 5676 1185 5719; x_wconf 89' lang='lat' dir='ltr'>carne</span> <span class='ocrx_word' id='word_1_779' title='bbox 1216 5671 1269 5720; x_wconf 90' lang='lat' dir='ltr'>et</span> <span class='ocrx_word' id='word_1_780' title='bbox 1298 5671 1425 5719; x_wconf 88' lang='lat' dir='ltr'>cute</span> <span class='ocrx_word' id='word_1_781' title='bbox 1453 5662 1662 5735; x_wconf 86' lang='lat' dir='ltr'>lepram</span> <span class='ocrx_word' id='word_1_782' title='bbox 1696 5663 1857 5736; x_wconf 84' lang='lat' dir='ltr'>gerit,</span> <span class='ocrx_word' id='word_1_783' title='bbox 1893 5665 1989 5736; x_wconf 91' lang='lat' dir='ltr'>qui</span> <span class='ocrx_word' id='word_1_784' title='bbox 2013 5679 2146 5722; x_wconf 91' lang='lat' dir='ltr'>car-</span> 
     </span>
    </p>
   </div>
   <div class='ocr_carea' id='block_1_102' title="bbox 542 5760 2134 5832">
    <p class='ocr_par' dir='ltr' id='par_1_102' title="bbox 542 5760 2134 5832">
     <span class='ocr_line' id='line_1_102' title="bbox 542 5760 2134 5832; baseline 0.002 -17"><span class='ocrx_word' id='word_1_785' title='bbox 542 5760 682 5817; x_wconf 89' lang='lat' dir='ltr'>nalla</span> <span class='ocrx_word' id='word_1_786' title='bbox 705 5762 789 5818; x_wconf 88' lang='lat' dir='ltr'>vel</span> <span class='ocrx_word' id='word_1_787' title='bbox 817 5760 1087 5817; x_wconf 88' lang='lat' dir='ltr'>exteriora</span> <span class='ocrx_word' id='word_1_788' title='bbox 1117 5760 1351 5817; x_wconf 90' lang='lat' dir='ltr'>suadere</span> <span class='ocrx_word' id='word_1_789' title='bbox 1380 5769 1632 5830; x_wconf 89' lang='lat' dir='ltr'>conatur,</span> <span class='ocrx_word' id='word_1_790' title='bbox 1680 5770 1734 5818; x_wconf 90' lang='lat' dir='ltr'>ut</span> <span class='ocrx_word' id='word_1_791' title='bbox 1775 5762 2134 5832; x_wconf 90' lang='lat' dir='ltr'>Cerinthiani,</span> 
     </span>
    </p>
   </div>
   <div class='ocr_carea' id='block_1_103' title="bbox 543 5847 2141 5927">
    <p class='ocr_par' dir='ltr' id='par_1_103' title="bbox 543 5847 2141 5927">
     <span class='ocr_line' id='line_1_103' title="bbox 543 5847 2141 5927; baseline 0.002 -21"><span class='ocrx_word' id='word_1_792' title='bbox 543 5849 637 5926; x_wconf 82' lang='lat' dir='ltr'>qui</span> <span class='ocrx_word' id='word_1_793' title='bbox 694 5848 1151 5907; x_wconf 84' lang='lat' dir='ltr'>resurrectionem</span> <span class='ocrx_word' id='word_1_794' title='bbox 1216 5847 1453 5906; x_wconf 82' lang='lat' dir='ltr'>futuram</span> <span class='ocrx_word' id='word_1_795' title='bbox 1508 5849 1561 5906; x_wconf 92' lang='lat' dir='ltr'>in</span> <span class='ocrx_word' id='word_1_796' title='bbox 1614 5852 1798 5908; x_wconf 87' lang='lat' dir='ltr'>carnis</span> <span class='ocrx_word' id='word_1_797' title='bbox 1856 5851 2141 5927; x_wconf 91' lang='lat' dir='ltr'>voluptate</span> 
     </span>
    </p>
   </div>
   <div class='ocr_carea' id='block_1_104' title="bbox 2260 4656 3833 4725">
    <p class='ocr_par' dir='ltr' id='par_1_104' title="bbox 2260 4656 3833 4725">
     <span class='ocr_line' id='line_1_104' title="bbox 2260 4656 3833 4725; baseline 0.008 -13"><span class='ocrx_word' id='word_1_798' title='bbox 2260 4658 2315 4713; x_wconf 93' lang='lat' dir='ltr'>id</span> <span class='ocrx_word' id='word_1_799' title='bbox 2345 4665 2430 4713; x_wconf 90' lang='lat' dir='ltr'>est</span> <span class='ocrx_word' id='word_1_800' title='bbox 2454 4657 2623 4713; x_wconf 90' lang='lat' dir='ltr'>corde</span> <span class='ocrx_word' id='word_1_801' title='bbox 2643 4656 2879 4712; x_wconf 83' lang='lat' dir='ltr'>contrito</span> <span class='ocrx_word' id='word_1_802' title='bbox 2905 4664 2959 4712; x_wconf 91' lang='lat' dir='ltr'>et</span> <span class='ocrx_word' id='word_1_803' title='bbox 2987 4658 3287 4716; x_wconf 84' lang='lat' dir='ltr'>humiliato.</span> <span class='ocrx_word' id='word_1_804' title='bbox 3310 4660 3411 4716; x_wconf 88' lang='lat' dir='ltr'>Est</span> <span class='ocrx_word' id='word_1_805' title='bbox 3429 4670 3483 4718; x_wconf 89' lang='lat' dir='ltr'>et</span> <span class='ocrx_word' id='word_1_806' title='bbox 3499 4662 3833 4725; x_wconf 73' lang='lat' dir='ltr'>idololatriae.</span> 
     </span>
    </p>
   </div>
   <div class='ocr_carea' id='block_1_105' title="bbox 2260 4745 3836 4827">
    <p class='ocr_par' dir='ltr' id='par_1_105' title="bbox 2260 4745 3836 4827">
     <span class='ocr_line' id='line_1_105' title="bbox 2260 4745 3836 4827; baseline 0.005 -25"><span class='ocrx_word' id='word_1_807' title='bbox 2260 4764 2380 4819; x_wconf 71' lang='lat' dir='ltr'>quae</span> <span class='ocrx_word' id='word_1_808' title='bbox 2411 4760 2555 4818; x_wconf 89' lang='lat' dir='ltr'>aqua</span> <span class='ocrx_word' id='word_1_809' title='bbox 2582 4745 2818 4800; x_wconf 90' lang='lat' dir='ltr'>abluitur</span> <span class='ocrx_word' id='word_1_810' title='bbox 2846 4745 3120 4817; x_wconf 87' lang='lat' dir='ltr'>baptismi.</span> <span class='ocrx_word' id='word_1_811' title='bbox 3178 4749 3277 4804; x_wconf 86' lang='lat' dir='ltr'>Est</span> <span class='ocrx_word' id='word_1_812' title='bbox 3323 4750 3698 4808; x_wconf 66' lang='lat' dir='ltr'>haereticorum</span> <span class='ocrx_word' id='word_1_813' title='bbox 3726 4755 3836 4827; x_wconf 86' lang='lat' dir='ltr'>qui,</span> 
     </span>
    </p>
   </div>
   <div class='ocr_carea' id='block_1_106' title="bbox 2259 4836 3836 4912">
    <p class='ocr_par' dir='ltr' id='par_1_106' title="bbox 2259 4836 3836 4912">
     <span class='ocr_line' id='line_1_106' title="bbox 2259 4836 3836 4912; baseline 0.006 -22"><span class='ocrx_word' id='word_1_814' title='bbox 2259 4851 2339 4892; x_wconf 82' lang='lat' dir='ltr'>vn</span> <span class='ocrx_word' id='word_1_815' title='bbox 2369 4836 2585 4892; x_wconf 90' lang='lat' dir='ltr'>dierum</span> <span class='ocrx_word' id='word_1_816' title='bbox 2614 4836 2943 4908; x_wconf 87' lang='lat' dir='ltr'>purgatione</span> <span class='ocrx_word' id='word_1_817' title='bbox 2981 4844 3135 4892; x_wconf 83' lang='lat' dir='ltr'>extra</span> <span class='ocrx_word' id='word_1_818' title='bbox 3180 4845 3365 4893; x_wconf 81' lang='lat' dir='ltr'>castra</span> <span class='ocrx_word' id='word_1_819' title='bbox 3403 4856 3528 4897; x_wconf 69' lang='lat' dir='ltr'>esse</span> <span class='ocrx_word' id='word_1_820' title='bbox 3560 4842 3836 4912; x_wconf 89' lang='lat' dir='ltr'>jubentur,</span> 
     </span>
    </p>
   </div>
   <div class='ocr_carea' id='block_1_107' title="bbox 2260 4933 3828 5010">
    <p class='ocr_par' dir='ltr' id='par_1_107' title="bbox 2260 4933 3828 5010">
     <span class='ocr_line' id='line_1_107' title="bbox 2260 4933 3828 5010; baseline 0.006 -21"><span class='ocrx_word' id='word_1_821' title='bbox 2260 4943 2318 4989; x_wconf 92' lang='lat' dir='ltr'>ut</span> <span class='ocrx_word' id='word_1_822' title='bbox 2344 4950 2445 5005; x_wconf 88' lang='lat' dir='ltr'>per</span> <span class='ocrx_word' id='word_1_823' title='bbox 2474 4933 2807 5005; x_wconf 77' lang='lat' dir='ltr'>septit‘ormis</span> <span class='ocrx_word' id='word_1_824' title='bbox 2839 4933 3071 5004; x_wconf 90' lang='lat' dir='ltr'>Spiritus</span> <span class='ocrx_word' id='word_1_825' title='bbox 3095 4936 3427 5006; x_wconf 87' lang='lat' dir='ltr'>agnitionem</span> <span class='ocrx_word' id='word_1_826' title='bbox 3458 4939 3828 5010; x_wconf 88' lang='lat' dir='ltr'>puriﬁcentur.</span> 
     </span>
    </p>
   </div>
   <div class='ocr_carea' id='block_1_108' title="bbox 2257 5022 3834 5098">
    <p class='ocr_par' dir='ltr' id='par_1_108' title="bbox 2257 5022 3834 5098">
     <span class='ocr_line' id='line_1_108' title="bbox 2257 5022 3834 5098; baseline 0.006 -19"><span class='ocrx_word' id='word_1_827' title='bbox 2257 5024 2356 5079; x_wconf 88' lang='lat' dir='ltr'>Est</span> <span class='ocrx_word' id='word_1_828' title='bbox 2376 5031 2430 5079; x_wconf 91' lang='lat' dir='ltr'>et</span> <span class='ocrx_word' id='word_1_829' title='bbox 2459 5040 2583 5097; x_wconf 78' lang='lat' dir='ltr'>quae</span> <span class='ocrx_word' id='word_1_830' title='bbox 2611 5022 2751 5078; x_wconf 89' lang='lat' dir='ltr'>visui</span> <span class='ocrx_word' id='word_1_831' title='bbox 2783 5023 3128 5079; x_wconf 82' lang='lat' dir='ltr'>sacerdotum</span> <span class='ocrx_word' id='word_1_832' title='bbox 3151 5023 3376 5082; x_wconf 74' lang='lat' dir='ltr'>offertur</span> <span class='ocrx_word' id='word_1_833' title='bbox 3405 5044 3504 5098; x_wconf 92' lang='lat' dir='ltr'>per</span> <span class='ocrx_word' id='word_1_834' title='bbox 3520 5029 3834 5088; x_wconf 88' lang='lat' dir='ltr'>doctrinam.</span> 
     </span>
    </p>
   </div>
   <div class='ocr_carea' id='block_1_109' title="bbox 2259 5112 3833 5192">
    <p class='ocr_par' dir='ltr' id='par_1_109' title="bbox 2259 5112 3833 5192">
     <span class='ocr_line' id='line_1_109' title="bbox 2259 5112 3833 5192; baseline 0.005 -24"><span class='ocrx_word' id='word_1_835' title='bbox 2259 5113 2426 5169; x_wconf 88' lang='lat' dir='ltr'>Ulcus</span> <span class='ocrx_word' id='word_1_836' title='bbox 2457 5121 2637 5167; x_wconf 87' lang='lat' dir='ltr'>autem</span> <span class='ocrx_word' id='word_1_837' title='bbox 2670 5112 2839 5183; x_wconf 84' lang='lat' dir='ltr'>leprae</span> <span class='ocrx_word' id='word_1_838' title='bbox 2868 5112 3014 5183; x_wconf 90' lang='lat' dir='ltr'>quod</span> <span class='ocrx_word' id='word_1_839' title='bbox 3051 5115 3273 5171; x_wconf 92' lang='lat' dir='ltr'>omnino</span> <span class='ocrx_word' id='word_1_840' title='bbox 3324 5118 3571 5173; x_wconf 80' lang='lat' dir='ltr'>mandari</span> <span class='ocrx_word' id='word_1_841' title='bbox 3602 5135 3710 5175; x_wconf 92' lang='lat' dir='ltr'>non</span> <span class='ocrx_word' id='word_1_842' title='bbox 3738 5136 3833 5192; x_wconf 87' lang='lat' dir='ltr'>po-</span> 
     </span>
    </p>
   </div>
   <div class='ocr_carea' id='block_1_110' title="bbox 2258 5209 3830 5287">
    <p class='ocr_par' dir='ltr' id='par_1_110' title="bbox 2258 5209 3830 5287">
     <span class='ocr_line' id='line_1_110' title="bbox 2258 5209 3830 5287; baseline 0.006 -23"><span class='ocrx_word' id='word_1_843' title='bbox 2258 5218 2382 5280; x_wconf 91' lang='lat' dir='ltr'>test,</span> <span class='ocrx_word' id='word_1_844' title='bbox 2418 5226 2608 5266; x_wconf 90' lang='lat' dir='ltr'>eorum</span> <span class='ocrx_word' id='word_1_845' title='bbox 2639 5219 2721 5264; x_wconf 86' lang='lat' dir='ltr'>est</span> <span class='ocrx_word' id='word_1_846' title='bbox 2776 5209 2868 5282; x_wconf 90' lang='lat' dir='ltr'>qui</span> <span class='ocrx_word' id='word_1_847' title='bbox 2915 5210 2968 5265; x_wconf 91' lang='lat' dir='ltr'>in</span> <span class='ocrx_word' id='word_1_848' title='bbox 3018 5211 3276 5282; x_wconf 86' lang='lat' dir='ltr'>Spiritum</span> <span class='ocrx_word' id='word_1_849' title='bbox 3318 5224 3564 5272; x_wconf 88' lang='lat' dir='ltr'>sanctum</span> <span class='ocrx_word' id='word_1_850' title='bbox 3595 5227 3830 5287; x_wconf 87' lang='lat' dir='ltr'>peccant,</span> 
     </span>
    </p>
   </div>
   <div class='ocr_carea' id='block_1_111' title="bbox 2256 5298 3833 5375">
    <p class='ocr_par' dir='ltr' id='par_1_111' title="bbox 2256 5298 3833 5375">
     <span class='ocr_line' id='line_1_111' title="bbox 2256 5298 3833 5375; baseline 0.005 -21"><span class='ocrx_word' id='word_1_851' title='bbox 2256 5315 2364 5355; x_wconf 89' lang='lat' dir='ltr'>nec</span> <span class='ocrx_word' id='word_1_852' title='bbox 2412 5299 2597 5355; x_wconf 88' lang='lat' dir='ltr'>dicunt</span> <span class='ocrx_word' id='word_1_853' title='bbox 2628 5298 2949 5369; x_wconf 77' lang='lat' dir='ltr'>paenitentes</span> <span class='ocrx_word' id='word_1_854' title='bbox 2979 5316 3143 5369; x_wconf 81' lang='lat' dir='ltr'>posse</span> <span class='ocrx_word' id='word_1_855' title='bbox 3186 5303 3453 5375; x_wconf 90' lang='lat' dir='ltr'>consequi</span> <span class='ocrx_word' id='word_1_856' title='bbox 3479 5305 3723 5361; x_wconf 88' lang='lat' dir='ltr'>veniam.</span> <span class='ocrx_word' id='word_1_857' title='bbox 3761 5307 3833 5362; x_wconf 90' lang='lat' dir='ltr'>De</span> 
     </span>
    </p>
   </div>
   <div class='ocr_carea' id='block_1_112' title="bbox 2256 5387 3832 5466">
    <p class='ocr_par' dir='ltr' id='par_1_112' title="bbox 2256 5387 3832 5466">
     <span class='ocr_line' id='line_1_112' title="bbox 2256 5387 3832 5466; baseline 0.005 -23"><span class='ocrx_word' id='word_1_858' title='bbox 2256 5389 2341 5443; x_wconf 89' lang='lat' dir='ltr'>bis</span> <span class='ocrx_word' id='word_1_859' title='bbox 2370 5396 2548 5444; x_wconf 86' lang='lat' dir='ltr'>autem</span> <span class='ocrx_word' id='word_1_860' title='bbox 2571 5387 2647 5442; x_wconf 89' lang='lat' dir='ltr'>ait</span> <span class='ocrx_word' id='word_1_861' title='bbox 2666 5389 2880 5443; x_wconf 87' lang='lat' dir='ltr'>Veritas</span> <span class='ocrx_word' id='word_1_862' title='bbox 2914 5406 2925 5443; x_wconf 92' lang='lat'>:</span> <span class='ocrx_word' id='word_1_863' title='bbox 2965 5409 2987 5439; x_wconf 70' lang='grc' dir='ltr'><strong><em>α</em></strong></span> <span class='ocrx_word' id='word_1_864' title='bbox 3024 5387 3129 5453; x_wconf 90' lang='lat' dir='ltr'>Qui</span> <span class='ocrx_word' id='word_1_865' title='bbox 3159 5393 3477 5460; x_wconf 85' lang='lat' dir='ltr'>peccaverit</span> <span class='ocrx_word' id='word_1_866' title='bbox 3504 5393 3559 5449; x_wconf 90' lang='lat' dir='ltr'>in</span> <span class='ocrx_word' id='word_1_867' title='bbox 3588 5394 3832 5466; x_wconf 91' lang='lat' dir='ltr'>Spiritum</span> 
     </span>
    </p>
   </div>
   <div class='ocr_carea' id='block_1_113' title="bbox 2256 5486 3833 5563">
    <p class='ocr_par' dir='ltr' id='par_1_113' title="bbox 2256 5486 3833 5563">
     <span class='ocr_line' id='line_1_113' title="bbox 2256 5486 3833 5563; baseline 0.006 -20"><span class='ocrx_word' id='word_1_868' title='bbox 2256 5497 2526 5556; x_wconf 89' lang='lat' dir='ltr'>sanctum,</span> <span class='ocrx_word' id='word_1_869' title='bbox 2567 5510 2586 5537; x_wconf 76' lang='grc' dir='ltr'>ι</span> <span class='ocrx_word' id='word_1_870' title='bbox 2621 5503 2731 5543; x_wconf 90' lang='lat' dir='ltr'>non</span> <span class='ocrx_word' id='word_1_871' title='bbox 2783 5486 3087 5543; x_wconf 87' lang='lat' dir='ltr'>remittetur</span> <span class='ocrx_word' id='word_1_872' title='bbox 3129 5489 3178 5545; x_wconf 92' lang='lat' dir='ltr'>ei</span> <span class='ocrx_word' id='word_1_873' title='bbox 3206 5506 3385 5563; x_wconf 90' lang='lat' dir='ltr'>neque</span> <span class='ocrx_word' id='word_1_874' title='bbox 3430 5491 3486 5547; x_wconf 93' lang='lat' dir='ltr'>in</span> <span class='ocrx_word' id='word_1_875' title='bbox 3515 5494 3616 5549; x_wconf 89' lang='lat' dir='ltr'>hoc</span> <span class='ocrx_word' id='word_1_876' title='bbox 3645 5495 3833 5552; x_wconf 60' lang='lat' dir='ltr'>saeculo</span> 
     </span>
    </p>
   </div>
   <div class='ocr_carea' id='block_1_114' title="bbox 2256 5574 3833 5654">
    <p class='ocr_par' dir='ltr' id='par_1_114' title="bbox 2256 5574 3833 5654">
     <span class='ocr_line' id='line_1_114' title="bbox 2256 5574 3833 5654; baseline 0.005 -21"><span class='ocrx_word' id='word_1_877' title='bbox 2256 5594 2437 5651; x_wconf 90' lang='lat' dir='ltr'>neque</span> <span class='ocrx_word' id='word_1_878' title='bbox 2493 5576 2548 5632; x_wconf 93' lang='lat' dir='ltr'>in</span> <span class='ocrx_word' id='word_1_879' title='bbox 2597 5576 2804 5632; x_wconf 87' lang='lat' dir='ltr'>futuro.</span> <span class='ocrx_word' id='word_1_880' title='bbox 2868 5574 3026 5647; x_wconf 90' lang='lat' dir='ltr'>Quod</span> <span class='ocrx_word' id='word_1_881' title='bbox 3074 5593 3206 5634; x_wconf 91' lang='lat' dir='ltr'>vero</span> <span class='ocrx_word' id='word_1_882' title='bbox 3257 5579 3480 5649; x_wconf 89' lang='lat' dir='ltr'>jubetur</span> <span class='ocrx_word' id='word_1_883' title='bbox 3533 5581 3757 5654; x_wconf 88' lang='lat' dir='ltr'>leprosis</span> <span class='ocrx_word' id='word_1_884' title='bbox 3784 5593 3833 5641; x_wconf 92' lang='lat' dir='ltr'>ut</span> 
     </span>
    </p>
   </div>
   <div class='ocr_carea' id='block_1_115' title="bbox 2255 5673 3834 5741">
    <p class='ocr_par' dir='ltr' id='par_1_115' title="bbox 2255 5673 3834 5741">
     <span class='ocr_line' id='line_1_115' title="bbox 2255 5673 3834 5741; baseline 0.002 -10"><span class='ocrx_word' id='word_1_885' title='bbox 2255 5681 2459 5731; x_wconf 88' lang='lat' dir='ltr'>exeant</span> <span class='ocrx_word' id='word_1_886' title='bbox 2488 5673 2556 5730; x_wconf 90' lang='lat' dir='ltr'>de</span> <span class='ocrx_word' id='word_1_887' title='bbox 2586 5673 2777 5730; x_wconf 89' lang='lat' dir='ltr'>castris</span> <span class='ocrx_word' id='word_1_888' title='bbox 2807 5681 2861 5729; x_wconf 93' lang='lat' dir='ltr'>et</span> <span class='ocrx_word' id='word_1_889' title='bbox 2888 5673 3120 5729; x_wconf 88' lang='lat' dir='ltr'>sedeant</span> <span class='ocrx_word' id='word_1_890' title='bbox 3158 5673 3309 5741; x_wconf 89' lang='lat' dir='ltr'>foris,</span> <span class='ocrx_word' id='word_1_891' title='bbox 3352 5674 3529 5735; x_wconf 92' lang='lat' dir='ltr'>donec</span> <span class='ocrx_word' id='word_1_892' title='bbox 3557 5679 3834 5736; x_wconf 90' lang='lat' dir='ltr'>mundetur</span> 
     </span>
    </p>
   </div>
   <div class='ocr_carea' id='block_1_116' title="bbox 2253 5762 3829 5838">
    <p class='ocr_par' dir='ltr' id='par_1_116' title="bbox 2253 5762 3829 5838">
     <span class='ocr_line' id='line_1_116' title="bbox 2253 5762 3829 5838; baseline 0.001 -18"><span class='ocrx_word' id='word_1_893' title='bbox 2253 5764 2409 5836; x_wconf 91' lang='lat' dir='ltr'>lepra</span> <span class='ocrx_word' id='word_1_894' title='bbox 2439 5779 2651 5830; x_wconf 92' lang='lat' dir='ltr'>eorum,</span> <span class='ocrx_word' id='word_1_895' title='bbox 2670 5762 2992 5836; x_wconf 90' lang='lat' dir='ltr'>intelligitur</span> <span class='ocrx_word' id='word_1_896' title='bbox 3021 5762 3305 5819; x_wconf 78' lang='lat' dir='ltr'>haereticos</span> <span class='ocrx_word' id='word_1_897' title='bbox 3333 5762 3534 5821; x_wconf 86' lang='lat' dir='ltr'>debere</span> <span class='ocrx_word' id='word_1_898' title='bbox 3554 5767 3744 5838; x_wconf 88' lang='lat' dir='ltr'>projici</span> <span class='ocrx_word' id='word_1_899' title='bbox 3770 5768 3829 5823; x_wconf 87' lang='lat' dir='ltr'>ab</span> 
     </span>
    </p>
   </div>
   <div class='ocr_carea' id='block_1_117' title="bbox 2256 5850 3827 5926">
    <p class='ocr_par' dir='ltr' id='par_1_117' title="bbox 2256 5850 3827 5926">
     <span class='ocr_line' id='line_1_117' title="bbox 2256 5850 3827 5926; baseline 0.004 -17"><span class='ocrx_word' id='word_1_900' title='bbox 2256 5852 2527 5922; x_wconf 85' lang='lat' dir='ltr'>Ecclesia,</span> <span class='ocrx_word' id='word_1_901' title='bbox 2557 5852 2735 5910; x_wconf 90' lang='lat' dir='ltr'>donec</span> <span class='ocrx_word' id='word_1_902' title='bbox 2763 5865 2798 5909; x_wconf 91' lang='lat' dir='ltr'>a</span> <span class='ocrx_word' id='word_1_903' title='bbox 2825 5850 3052 5926; x_wconf 88' lang='lat' dir='ltr'>proprio</span> <span class='ocrx_word' id='word_1_904' title='bbox 3081 5866 3266 5910; x_wconf 91' lang='lat' dir='ltr'>errore</span> <span class='ocrx_word' id='word_1_905' title='bbox 3303 5854 3653 5926; x_wconf 82' lang='lat' dir='ltr'>mandentur,</span> <span class='ocrx_word' id='word_1_906' title='bbox 3685 5862 3734 5915; x_wconf 88' lang='lat' dir='ltr'>et</span> <span class='ocrx_word' id='word_1_907' title='bbox 3759 5856 3827 5915; x_wconf 90' lang='lat' dir='ltr'>sic</span> 
     </span>
    </p>
   </div>
  </div>
