3956 6446
320 433 420 486 2'27

1173 430 1236 485 V.
1284 429 1614 485 GUIBEBTI
1674 427 1966 484 ABBATIS
2022 427 2079 483 S.
2145 425 2392 482 MARUE
2451 426 2540 482 DE
2589 423 2981 482 NOVIGENTO

3725 424 3852 476 2‘28

318 567 438 639 jam
469 566 789 623 necessario
819 565 960 620 mihi
993 565 1362 636 eopulabitur
1398 564 1642 620 maritus
1673 563 2010 628 intellectus,
2050 565 2098 617 Α
2128 562 2281 617 ritati
2304 561 2622 617 emerenda
2643 560 3030 625 militaverim,
3060 573 3193 618 cum
3215 558 3338 614 hac
3365 567 3420 616 et
3436 566 3499 616 tu
3528 572 3701 630 passa
3733 557 3850 614 sis.

325 657 466 727 quia
496 656 658 727 plene
700 655 978 710 evacuavi
1011 669 1142 724 qua
1169 660 1306 710 sunt
1343 653 1590 709 carnalis
1620 651 1874 708 allectus.
1907 652 2018 706 Za-

326 745 502 801 bulon
549 744 762 800 dicitur
803 745 985 812 [tusus
1029 746 1219 810 noctis,
1255 743 1341 798 vel
1394 742 1762 796 habitaculum
1799 741 2019 806 fortitu-

326 835 496 888 dinis.
527 834 650 888 Jam
681 847 840 888 nunc
871 832 1063 902 itaque
1094 831 1256 886 nobis
1294 829 1742 900 impassibilibus
1772 827 2016 883 viventi-

328 921 438 977 bus
469 919 599 976 iluit
629 933 764 986 nox,
819 918 871 974 id
899 927 984 973 est
1013 917 1351 988 ignorantia
1389 915 1787 972 sacularitatis
1819 913 2019 969 adver-

328 1010 564 1065 sitatum
608 1022 740 1077 qua
790 1006 850 1062 fit
894 1006 950 1061 in
995 1013 1184 1061 mente
1227 1003 1500 1070 defectus,
1553 1010 1607 1058 et
1656 1001 1851 1072 incipit
1896 1019 2016 1055 esse

330 1095 722 1154 habitaculum
766 1094 1118 1150 fortitudinis
1165 1099 1364 1148 contra
1403 1092 1597 1148 omnia
1641 1089 1898 1161 pericula
1935 1091 2019 1144 in-

329 1185 502 1242 terior
541 1183 710 1239 homo
753 1183 1012 1238 refectus.
1065 1182 1261 1252 (Vens.
1306 1183 1422 1251 2t.)
1461 1183 1582 1236 Post
1625 1195 1781 1248 quem
1809 1181 2019 1248 peperit

326 1275 500 1343 ﬁliam
525 1273 736 1326 nomine
785 1271 1006 1324 Dinam.
1053 1269 1202 1325 Licet
1234 1269 1332 1325 Dei
1381 1267 1779 1324 habitaculum
1824 1266 2018 1321 anima

329 1363 420 1428 sit,
450 1360 578 1416 licet
601 1366 804 1414 contra
835 1358 1106 1414 incursus
1137 1372 1336 1414 omnes
1368 1357 1588 1413 fortiter
1617 1356 1785 1423 obsit,
1814 1355 2017 1410 Diuam

327 1463 473 1520 opus
496 1455 598 1515 est,
650 1447 921 1504 feminam
963 1447 1036 1502 ad
1074 1454 1398 1502 extremum
1431 1459 1654 1515 semper
1696 1445 1907 1514 pariat,
1955 1452 2019 1501 ut

327 1537 540 1594 scilicet
586 1544 710 1606 post
747 1535 989 1592 virtutes
1029 1535 1394 1606 fragilitatem
1445 1534 1736 1604 propriam
1781 1533 1886 1588 sibi
1917 1533 2022 1588 ob-

322 1627 504 1698 jiciat,
549 1640 621 1680 ne
663 1625 1022 1680 intumescat.
1060 1623 1206 1678 Dina
1247 1637 1382 1678 vero
1423 1622 1832 1692 interpretatur
1866 1621 2022 1690 judi-

327 1715 468 1767 cium
517 1711 684 1777 istud,
734 1711 822 1766 vel
871 1726 1058 1765 causa.
1101 1710 1392 1767 Iudicium
1435 1725 1572 1766 sane
1621 1711 1792 1777 istud,
1840 1711 1895 1765 id
1937 1717 2020 1766 est

328 1799 594 1854 discretio
639 1799 903 1854 habenda
947 1805 1050 1866 est,
1101 1799 1248 1854 inter
1293 1799 1509 1868 optima
1555 1813 1803 1869 quaque
1848 1812 2023 1854 causa

327 1887 591 1943 videlicet
615 1886 1002 1956 subreptionis
1034 1887 1260 1956 inepta.

398 1975 572 2031 Vnus.
624 1977 712 2042 22,
761 1976 852 2042 23,
899 1975 987 2028 24-.
1037 2005 1104 2014 —-
1150 1975 1406 2029 Rachelis
1458 1990 1668 2043 quoque
1707 1975 2020 2030 recordatus

329 2065 582 2118 Dominus
626 2062 911 2116 exaudivit
956 2078 1093 2129 eam,
1127 2069 1176 2118 et
1217 2065 1432 2132 aperuit
1476 2065 1693 2117 vulvam
1731 2064 1870 2132 ejus,
1903 2079 2021 2134 qua

326 2153 584 2220 concepit,
665 2155 715 2204 et
754 2154 968 2220 peperit
1043 2153 1240 2220 ﬁliam.
1299 2151 1565 2218 Abstulit,
1616 2151 1824 2220 inquit,
1885 2155 2021 2206 Deus

327 2241 678 2310 opprobrium
720 2257 918 2294 meum.
977 2243 1049 2296 Et
1103 2245 1311 2295 vocavit
1381 2257 1570 2296 nomen
1627 2241 1742 2311 ejus
1801 2244 2016 2312 Joseph.

327 2328 575 2384 Rachelis
606 2328 758 2383 Deus
791 2327 1146 2393 recordatur,
1174 2342 1303 2382 cum
1334 2329 1403 2383 ad
1432 2328 1521 2384 sui
1548 2328 1732 2398 ipsius
1761 2330 2018 2384 notitiam

329 2415 755 2486 contemplativi
787 2414 1111 2486 cujuspiam
1143 2431 1303 2472 mens
1335 2417 1449 2472 Deo
1479 2418 1767 2487 aspirante
1798 2418 2024 2473 reduci-

331 2512 445 2561 tur.
506 2504 781 2570 Exaudit,
851 2518 983 2560 cum
1046 2503 1276 2560 affectui
1325 2504 1588 2560 etl'ectum
1659 2506 1915 2576 ingerere
1964 2521 2022 2563 se

329 2591 596 2648 ostendit.
639 2593 867 2647 Vulvam
896 2590 1099 2661 aperit,
1133 2606 1264 2647 cum
1295 2593 1498 2647 semini
1531 2592 1725 2648 divino
1757 2607 1856 2663 per
1885 2593 2025 2649 dila-

331 2681 605 2736 tationem
641 2680 939 2735 charitatis
979 2680 1036 2735 in
1066 2687 1254 2736 mente
1285 2680 1470 2736 locum
1505 2681 1657 2736 facit.
1703 2682 1857 2738 Parit
1887 2697 2024 2754 ergo

327 2771 525 2840 ﬁlium,
553 2783 626 2824 ex
659 2783 776 2839 quo
807 2783 978 2824 suum
1007 2768 1145 2824 dicit
1167 2769 1424 2824 ablatum
1456 2771 1824 2838 opprobrium,
1857 2773 2019 2843 quia,

332 2865 634 2928 postquam
665 2857 736 2912 ad
766 2857 978 2912 divina
1005 2857 1410 2927 speculationis
1443 2858 1714 2930 pertingit
1745 2859 2019 2928 ofticium,

332 2946 389 3001 id
413 2953 497 3002 est
523 2946 851 3002 desiderata
880 2945 998 3016 spei
1029 2946 1300 3016 exprimit
1338 2947 1565 3002 tandem
1599 2947 1802 3016 filium,
1836 2950 2024 3005 ancil-

331 3035 469 3091 laris
533 3035 686 3106 quod
727 3034 835 3090 sibi
883 3035 1252 3090 incumbebat
1293 3033 1557 3090 adulterii
1606 3035 1758 3090 Deus
1803 3031 2025 3102 repellit

2195 650 2365 706 νῆες.
2399 652 2485 717 27,
2527 652 2615 704 28.
2657 679 2726 688 ——
2767 650 2868 703 Ait
2913 649 3101 703 Laban
3131 649 3223 702 ei:
3252 649 3536 703 Inveniam
3579 649 3854 714 gratiam

2121 741 2182 792 in
2209 743 2490 808 conspectu
2530 744 2619 792 tuo
2652 752 2665 792 :
2699 740 3084 806 Experimento
3110 737 3282 790 didici
3309 736 3455 804 quod
3485 736 3856 790 benedixerit

2122 828 2262 880 mihi
2309 829 2444 881 Deus
2471 831 2693 895 propter
2748 831 2815 880 te.
2845 827 3117 880 Constitue
3145 825 3434 878 mercedem
3465 830 3618 878 tuam
3651 839 3846 893 quam

2123 915 2240 968 dem
2274 915 2394 968 tibi.
2444 914 2636 970 Laban
2668 914 2737 969 ad
2768 913 2941 969 Iacob
2988 913 3264 983 loquitur,
3312 927 3446 968 cum
3475 912 3856 968 candidatus

2124 1002 2438 1058 caelestium
2497 1002 2827 1068 exercitus,
2905 1001 3197 1057 intellectu
3266 1002 3576 1071 interprete
3640 1009 3696 1056 et
3765 999 3858 1055 ad

2124 1089 2311 1160 ipsum
2342 1090 2512 1145 etiam
2561 1090 2909 1146 intellectum
2939 1089 3126 1145 dicere
3172 1089 3401 1144 videtur
3430 1104 3443 1143 :
3479 1089 3534 1145 Si
3581 1089 3684 1144 tibi
3719 1088 3856 1143 ali-

2124 1178 2465 1248 quantisper
2511 1177 2672 1234 labor
2713 1191 2964 1248 praseus
3007 1177 3382 1248 protrahitur,
3427 1192 3643 1249 magna
3685 1193 3852 1234 cum

2124 1265 2196 1320 ad
2227 1280 2396 1320 usum
2430 1264 2801 1322 beatitudinis
2851 1279 2988 1321 mea
3019 1265 3245 1320 veneris
3276 1279 3400 1321 mea
3449 1266 3637 1336 gratia
3665 1266 3850 1336 apud

2125 1351 2453 1409 interiorem
2496 1352 2732 1408 oculum
2776 1359 2942 1408 tuum
2995 1353 3366 1408 invenietur:
3401 1361 3625 1409 certum
3664 1355 3850 1409 enim

2123 1441 2476 1510 experientia
2517 1439 2666 1506 fecit,
2710 1441 2865 1510 quod
2902 1441 3049 1496 Deus
3077 1440 3495 1496 incrementum
3528 1441 3731 1512 gloria
3771 1456 3857 1498 ac

2125 1527 2336 1584 latitia
2365 1528 2662 1597 spiritibus
2707 1528 2886 1583 beatis
2917 1528 3190 1595 conferat,
3225 1529 3448 1598 quoties
3485 1529 3556 1584 ad
3595 1529 3855 1585 caeleste

2127 1616 2260 1686 quis
2290 1630 2530 1687 regnum
2554 1615 2964 1687 glorilicandus
2979 1617 3230 1672 accedat.
3253 1616 3397 1672 Nam
3419 1617 3556 1672 dicit
3573 1631 3856 1688 magnus

2125 1704 2397 1774 Origenes
2430 1707 2511 1774 (in
2549 1721 2670 1774 cap.
2701 1721 2741 1759 x
2775 1705 2949 1761 Levit.
2992 1705 3124 1760 hom
3169 1704 3205 1760 l.
3235 1709 3288 1770 7,
3321 1712 3454 1761 ante
3481 1706 3654 1774 med.)
3703 1721 3851 1762 non

2129 1791 2436 1862 perfectam
2467 1803 2696 1849 sanctos
2721 1794 2928 1850 habere
2956 1794 3230 1861 latitiam,
3266 1793 3530 1864 quandiu
3572 1795 3854 1850 viderint

2065 1863 2102 1916 Β
2131 1880 2376 1937 fratrum
2437 1896 2674 1938 suorum
2723 1882 2830 1938 sub
2877 1881 3172 1953 temporali
3226 1863 3556 1950 tempestate
3605 1884 3849 1938 masti-

2127 1969 2296 2036 tiam,
2352 1971 2506 2026 unde
2561 1978 2783 2027 constat
2843 1985 3017 2027 suum
3079 1970 3446 2026 vehementer
3493 1971 3697 2041 augeri
3762 1971 3850 2026 de

2127 2059 2474 2114 consortium
2526 2059 2816 2128 ereptione
2867 2059 3259 2128 triumphum,
3307 2067 3362 2114 et
3409 2058 3670 2129 gloriam.
3727 2060 3852 2114 Dic

2127 2161 2283 2217 ergo,
2332 2146 2386 2201 id
2433 2155 2516 2203 est
2550 2148 2902 2217 providendo
2944 2148 3230 2217 perpende
3278 2147 3595 2202 mercedem
3641 2161 3846 2216 quam

2129 2249 2163 2290 a
2208 2250 2296 2290 me
2357 2234 2458 2290 tibi
2491 2235 2617 2291 dari
2663 2236 2890 2306 poscis?
2949 2235 3106 2291 Talia
3152 2235 3380 2306 agimus
3428 2249 3561 2291 cum
3611 2236 3847 2291 sanctis

2128 2321 2444 2392 spiritibus,
2481 2324 2704 2393 quoties
2730 2338 2929 2380 eorum
2965 2324 3280 2394 patrocinia
3311 2324 3382 2379 ad
3413 2324 3608 2395 gloria
3637 2324 3849 2380 obten-

2129 2418 2252 2467 tum
2304 2411 2688 2482 exquirimus,
2739 2412 2938 2468 ethoc
2983 2413 3056 2468 ab
3103 2412 3186 2469 eis
3227 2413 3692 2469 intellectualiter
3728 2427 3844 2468 sa-

2128 2499 2344 2569 pientes
2399 2501 2688 2556 audimus.
2737 2501 2930 2572 (νεεδ.
2979 2501 3093 2571 29.)
3163 2503 3242 2556 Tu
3284 2505 3446 2569 nosti,
3495 2501 3575 2557 ait
3627 2501 3838 2568 Iacob,

2129 2603 2248 2659 qua
2295 2589 2552 2645 molestia
2595 2589 2697 2646 tibi
2745 2591 2923 2646 animi
2973 2591 3285 2661 carnisque
3333 2591 3629 2646 servierim
3681 2605 3846 2646 eme-

2130 2677 2341 2745 renda,
2393 2684 2444 2732 et
2489 2684 2716 2746 quanta,
2763 2693 2796 2734 o
2840 2678 3135 2734 beatorum
3180 2679 3436 2747 societas,
3469 2681 3529 2733 in
3572 2679 3844 2733 manibus

2129 2769 2259 2820 meis
2303 2769 2476 2832 fuerit
2533 2769 2794 2834 possessio
2838 2772 2952 2832 tua,
3018 2767 3073 2822 id
3120 2774 3204 2824 est
3247 2767 3454 2837 quanti
3520 2767 3844 2822 habuerim

2131 2855 2540 2924 possessionem
2593 2863 2774 2922 tuam,
2821 2871 2954 2926 qua
3000 2856 3148 2911 Deus
3176 2865 3278 2923 est,
3314 2857 3370 2911 in
3414 2855 3688 2911 exercitio
3721 2869 3847 2911 ma-

2131 2957 2338 3010 nuum,
2364 2944 2420 2999 id
2449 2952 2530 2999 est
2551 2958 2787 3014 operum
2819 2958 3079 3000 meorum
3102 2945 3306 3014 patuit.
3330 2944 3548 3009 (Vens.
3578 2945 3693 3011 30.)
3717 2945 3848 2997 Mo-

2131 3031 2310 3086 dicum
2331 3032 2574 3086 habuisti
2588 3038 2877 3101 antequam
2898 3035 3133 3087 venirem
3154 3033 3229 3086 ad
3251 3039 3316 3087 te.
3338 3033 3692 3088 Imminutus
3708 3039 3846 3088 erat

330 3123 722 3194 opprobrium.
779 3123 939 3180 Unde
986 3131 1150 3179 vocat
1187 3139 1374 3177 nomen
1416 3121 1532 3192 ejus
1576 3123 1794 3192 Ioseph,
1843 3121 1900 3176 id
1938 3128 2021 3176 est
2059 3143 2100 3198 ρ
2130 3120 2544 3189 supercalestis
2605 3134 2886 3176 numerus
2951 3128 3122 3188 tuus,
3187 3129 3498 3192 antequam
3565 3120 3844 3176 humana

330 3216 716 3280 augmentum,
763 3211 902 3282 quia
933 3211 1110 3282 hujus
1151 3226 1270 3282 qua
1301 3210 1688 3282 temporaliter
1731 3210 1922 3266 adhuc
1968 3219 2024 3267 et

324 3299 497 3370 juxta
545 3314 707 3370 posse
753 3301 934 3356 Deum
991 3307 1414 3370 pragustamus
1457 3298 1862 3368 speculationis
1907 3299 2024 3354 ini-

333 3389 497 3456 tium,
528 3396 757 3445 aterna
787 3387 1023 3443 visionis
1071 3387 1436 3457 prastolatur
1479 3395 1879 3458 augmentum.
1911 3387 2026 3442 Ad-

329 3477 449 3544 dat,
484 3477 692 3548 inquit,
742 3478 883 3532 mihi
926 3479 1064 3531 Deus
1097 3477 1292 3544 ﬁlium,
1341 3477 1399 3531 in
1429 3476 1660 3546 speculo
1706 3475 1938 3544 scilicet,
1969 3482 2025 3532 et

328 3565 634 3635 anigmate
694 3564 912 3621 videnti
973 3564 1260 3632 conferat,
1310 3571 1367 3620 et
1425 3564 1714 3634 adaugeat
1773 3578 1924 3620 vera
1969 3571 2025 3620 et

330 3662 538 3722 aperta
583 3652 926 3725 cognitionis
974 3652 1246 3708 fructum.
1282 3652 1486 3720 (Vens.
1529 3655 1646 3722 25.)
1675 3655 1817 3708 Nato
1847 3658 2026 3708 autem

329 3743 547 3812 Ioseph,
580 3743 728 3796 dixit
757 3742 919 3797 Jacob
949 3757 1126 3797 socero
1155 3757 1286 3796 suo:
1314 3744 1533 3796 Dimitte
1559 3758 1642 3796 me
1677 3745 1737 3796 in
1756 3745 2021 3813 patriam,

329 3837 381 3885 et
410 3831 485 3885 ad
520 3837 722 3886 terram
750 3847 942 3897 meam,
984 3838 1090 3888 etc.
1125 3831 1436 3901 Postquam
1471 3838 1758 3902 perpetua
1789 3831 2026 3887 visionis

331 3919 431 3976 Dei
473 3928 850 3992 augmentum
886 3933 987 3990 per
1029 3933 1183 3989 spem
1225 3920 1400 3975 menti
1449 3919 1792 3987 innascitur,
1825 3920 2022 3988 Iacob,

332 4008 387 4065 id
429 4017 514 4066 est
557 4009 880 4066 intellectus
927 4009 999 4064 ad
1045 4008 1261 4076 Laban,
1305 4007 1360 4063 id
1389 4015 1474 4063 est
1515 4008 1820 4064 candorem
1868 4015 2027 4064 ater-

330 4112 493 4166 num,
545 4098 639 4154 cui
691 4097 796 4153 lux
844 4111 982 4152 vera
1028 4095 1319 4166 praesidet,
1379 4095 1670 4165 loquitur,
1715 4097 1818 4166 qui
1866 4109 2026 4152 socer

332 4184 565 4252 dicitur,
604 4185 745 4255 quia
775 4184 1004 4240 duabus
1040 4192 1200 4253 pater
1223 4191 1308 4239 est
1339 4183 1588 4253 ﬁliabus,
1629 4185 1831 4240 activa
1871 4183 2028 4240 scili-

331 4281 419 4328 cet
446 4281 502 4328 et
543 4272 1020 4342 contemplativa,
1055 4287 1186 4342 qua
1217 4273 1288 4328 ad
1332 4270 1578 4328 formam
1611 4273 2028 4344 supercalestis

332 4360 813 4418 candoris’illius
883 4361 1270 4417 instituuntur
1331 4361 1391 4416 in
1455 4361 1673 4432 gremio
1745 4360 2027 4418 terrestris

333 4449 617 4506 Ecclesia.
651 4449 878 4505 Dimitte
896 4465 978 4502 me
1007 4457 1069 4505 ut
1099 4457 1360 4505 revertar
1387 4452 1446 4504 in
1465 4453 1710 4520 patriam
1739 4455 1794 4505 et
1823 4455 2024 4504 terram

333 4554 528 4606 meam,
582 4537 635 4594 id
674 4546 759 4594 est
815 4537 1058 4594 liberum
1109 4552 1218 4606 me,
1277 4545 1332 4594 et
1381 4539 1708 4595 absolutum
1751 4552 2024 4609 corporeo

334 4627 602 4697 compede
631 4627 824 4698 accipe
849 4627 1130 4683 volentem
1161 4627 1369 4683 reverti
1399 4627 1457 4683 in
1502 4628 1771 4698 patriam,
1807 4629 1875 4684 de
1906 4641 2026 4698 qua

335 4716 642 4772 devolutus
687 4730 838 4784 sum,
882 4723 938 4772 et
969 4717 1028 4771 in
1077 4722 1287 4772 terram
1319 4716 1421 4772 ubi
1460 4715 1874 4772 immobilitatis
1903 4724 2026 4772 sta-

335 4813 458 4862 tum
489 4805 796 4861 obtineam.
839 4803 1032 4872 (Vens.
1078 4805 1194 4874 26.)
1222 4807 1302 4860 Da
1325 4805 1464 4859 mihi
1492 4819 1709 4873 umores,
1753 4810 1806 4859 et
1833 4806 2026 4860 liberos

334 4907 496 4954 meos,
539 4909 644 4962 pro
691 4893 888 4961 quibus
933 4895 1138 4947 servivi
1183 4893 1314 4960 tibi,
1365 4897 1428 4947 ut
1473 4893 1682 4960 abeam,
1731 4891 1788 4948 id
1826 4901 1910 4949 est
1956 4907 2028 4949 ne

337 4981 642 5050 protrahas
689 4981 826 5036 mihi
878 4981 1181 5050 actualem,
1232 4995 1352 5052 qua
1393 4980 1483 5038 die
1519 4989 1574 5038 et
1621 4988 1806 5048 nocte,
1853 4981 2028 5052 juxta

336 5069 752 5139 Apocalypsim,
803 5069 1058 5140 requiem
1093 5085 1207 5126 non
1238 5069 1482 5126 habeam
1523 5070 1703 5126 Deum
1734 5069 2029 5126 laudando

341 5158 533 5230 (Apoc.
577 5171 698 5220 xw,
744 5159 848 5226 tt),
891 5166 946 5214 et
975 5157 1478 5228 contemplativam
1508 5159 1590 5214 nil
1622 5158 1779 5215 aliud
1824 5165 2030 5228 prater

339 5246 522 5302 Deum
570 5246 890 5317 cogitando,
941 5253 996 5302 et
1038 5246 1262 5302 fructus
1307 5261 1546 5316 operum
1603 5248 1661 5302 in
1704 5246 1860 5304 (uelis
1897 5260 2031 5303 vere

339 5347 524 5404 reges,
576 5347 704 5390 vere
739 5335 954 5400 liberos,
1009 5347 1109 5404 pro
1156 5333 1246 5388 his
1274 5333 1427 5389 enim
1475 5348 1592 5390 non
1637 5349 1741 5404 pro
1793 5334 2031 5390 terrenis

339 5431 456 5479 tua
500 5425 702 5478 servivi
741 5421 958 5494 gloria,
1008 5426 1072 5476 ut
1109 5422 1316 5490 abeam,
1347 5429 1404 5478 et
1430 5421 1678 5492 amplius
1710 5437 1823 5478 non
1852 5435 1950 5478 ero
1970 5422 2030 5478 in

340 5511 636 5568 arumnis.
675 5515 758 5567 Tu
799 5513 943 5566 nosti
967 5511 1301 5577 servitutem,
1335 5525 1447 5580 qua
1487 5513 1690 5566 servivi
1723 5510 1840 5565 tibi.
1873 5511 1956 5566 Ac
1983 5510 2031 5566 si

339 5598 492 5656 dicat
525 5615 538 5654 :
572 5600 659 5656 I‘u
688 5597 1047 5656 Hierusalem
1073 5611 1328 5667 superna
1353 5605 1536 5655 mater
1555 5605 1772 5666 nostra,
1803 5597 2032 5654 conscia

339 5688 442 5746 tibi
475 5701 536 5744 es
561 5687 776 5759 quibus
799 5685 1010 5753 carnis,
1029 5691 1086 5741 et
1116 5685 1316 5741 mundi
1347 5687 1762 5745 tentationibus
1780 5694 1894 5744 tua
1918 5687 2028 5742 cla-

2133 3215 2345 3263 natura
2390 3208 2816 3264 consociaretur
2856 3209 3050 3280 gloria
3082 3216 3230 3279 tua;
3276 3217 3332 3266 et
3378 3223 3554 3275 nunc,
3584 3223 3618 3264 ο
3666 3209 3842 3266 beate

2131 3297 2421 3352 exercitus
2460 3296 2834 3363 salvatorum,
2875 3311 3000 3352 meo
3030 3297 3180 3352 dives
3226 3299 3410 3364 factus
3454 3313 3506 3352 es
3537 3297 3784 3368 collegio
3823 3314 3838 3353 :

2134 3384 2514 3452 benedixitque
2545 3384 2666 3450 tibi,
2708 3383 2764 3439 id
2792 3392 2875 3440 est
2920 3384 3324 3455 multiplicavit
3376 3394 3428 3442 te
3457 3388 3724 3442 Dominus
3758 3387 3844 3440 ad

2131 3474 2414 3526 introitum
2440 3488 2636 3527 meum.
2671 3474 2884 3527 Iustum
2913 3477 2991 3527 est
3022 3475 3198 3542 igitur
3227 3479 3286 3528 ut
3310 3478 3359 3528 et
3399 3489 3492 3540 ego
3524 3474 3842 3543 aliquando

2093 3560 2319 3640 ,ἀθηιυί
2364 3576 2491 3615 mea
2532 3562 2870 3631 provideam.
2923 3562 3084 3627 Quod
3133 3570 3310 3619 totum
3361 3570 3484 3618 est:
3517 3563 3630 3621 Vos
3669 3571 3844 3619 certa

2132 3648 2396 3705 felicitate
2453 3649 2734 3720 gaudetis,
2787 3649 3056 3720 idemque
3114 3649 3173 3706 in
3225 3652 3456 3707 miseria
3499 3650 3842 3708 constitutis

2132 3736 2422 3808 postulare
2473 3737 2708 3804 debetis,
2768 3737 2922 3808 quod
2965 3745 3021 3794 et
3064 3738 3285 3808 facitis;
3341 3739 3591 3795 obtinete
3646 3739 3844 3810 igitur

2131 3826 2274 3882 mihi
2319 3825 2475 3896 quod
2509 3826 2734 3896 justum
2769 3833 2870 3892 est,
2919 3832 2984 3882 ut
3024 3826 3172 3882 sicut
3201 3826 3380 3894 vobis,
3410 3827 3550 3883 dum
3599 3828 3845 3883 advixi-

2133 3913 2252 3982 stis,
2319 3914 2664 3984 providistis,
2714 3915 2796 3971 sic
2823 3922 2880 3971 et
2935 3929 3040 3986 ego
3086 3915 3324 3971 domum
3367 3915 3550 3970 Patris
3609 3915 3668 3971 in
3711 3930 3846 3986 qua

2134 4001 2460 4059 mansiones
2523 4002 2720 4059 multa
2780 4009 2917 4060 sunt
2980 4005 3153 4074 (Joan.
3206 4018 3326 4071 xw,
3377 4004 3432 4072 2)
3495 4003 3635 4060 mihi
3691 4018 3840 4074 pro-

2133 4090 2380 4147 videam.
2411 4091 2480 4146 Et
2501 4090 2698 4146 domui
2719 4098 2869 4147 certe
2898 4090 3176 4162 providet,
3197 4091 3300 4162 qui
3328 4099 3392 4147 ut
3420 4091 3494 4147 sit
3513 4091 3582 4147 de
3611 4092 3846 4162 quibus

2134 4177 2493 4234 honestanda
2523 4185 2607 4234 est
2635 4177 2842 4234 domus
2863 4178 3072 4234 studet.

2211 4271 2360 4322 l”
2387 4267 2560 4325 Vnus.
2593 4270 2679 4334 3i,
2722 4269 2810 4322 32.
2839 4297 2905 4307 —
2929 4265 3078 4333 Quid
3113 4265 3254 4321 dabo
3287 4267 3428 4323 tibi?
3467 4269 3560 4325 Nil
3594 4268 3712 4322 volo
3745 4273 3842 4325 ait

2133 4360 2322 4429 Jacob,
2353 4362 2449 4417 sed
2473 4365 2524 4418 si
2564 4364 2758 4428 feceris
2787 4361 2934 4433 quod
2958 4363 3192 4432 postulo,
3239 4364 3436 4417 iterum
3483 4378 3728 4433 pascam,
3779 4371 3842 4420 et

2064 4440 2434 4506 Dcustodiam
2473 4466 2668 4520 pecora
2713 4455 2827 4506 tua.
2867 4453 2982 4517 Nil,
3030 4451 3110 4506 ait
3161 4451 3328 4518 ratio,
3378 4459 3514 4520 ate,
3547 4467 3581 4507 ο
3625 4460 3841 4509 sancta

2131 4539 2349 4602 civitas,
2397 4539 2612 4595 terreni
2639 4539 3009 4595 emolumenti
3049 4553 3266 4610 quam,
3301 4539 3397 4595 sed
3445 4539 3492 4596 si
3528 4543 3840 4610 gyraveris

2131 4643 2307 4684 omnes
2357 4642 2544 4696 greges
2585 4632 2742 4696 tuos,
2794 4627 2850 4683 id
2897 4634 2982 4684 est
3031 4627 3078 4682 si
3134 4627 3246 4682 alio
3299 4627 3840 4698 circumspectiouis

2131 4715 2354 4772 ambitu
2385 4729 2613 4772 omnem
2641 4715 2872 4772 virtutis
2915 4715 3216 4772 utilitatem
3250 4715 3439 4772 videre
3467 4730 3558 4772 me
3587 4717 3838 4776 obtentu

2132 4811 2234 4860 tuo
2291 4803 2506 4871 feceris,
2567 4811 2623 4860 et
2679 4805 3040 4874 separaveris
3101 4819 3278 4858 omnes
3335 4821 3454 4859 oves
3517 4808 3724 4871 varias,
3773 4814 3834 4862 et

2132 4907 2324 4962 sparso
2348 4893 2559 4960 vellere,
2607 4892 2665 4948 in
2697 4893 2834 4963 ipsis
2873 4893 3084 4949 scilicet
3113 4893 3424 4949 virtutibus
3451 4893 3575 4949 vitii
3619 4895 3834 4964 cujus-

2136 4996 2250 5052 que
2297 4980 2694 5038 admistionem
2743 4989 2799 5037 et
2841 4981 3048 5052 operis,
3097 4995 3198 5052 per
3237 4981 3506 5039 favorum
3555 4995 3729 5039 auras
3760 4997 3834 5041 ac

2135 5069 2183 5126 si
2237 5069 2466 5126 velleris
2532 5084 2648 5140 quo
2716 5070 2976 5126 membra
3033 5084 3207 5140 super
3269 5077 3482 5127 terram
3547 5079 3835 5142 teguntur

2135 5157 2518 5228 sparsionem,
2585 5157 2910 5214 discernere
2967 5157 3108 5213 mihi
3169 5157 3581 5229 impetraveris,
3649 5159 3835 5229 quod—

2134 5262 2344 5314 cunque
2377 5245 2574 5302 rufum
2607 5245 2779 5302 fuerit
2808 5247 3070 5316 passione
3099 5247 3362 5304 desiderii
3389 5249 3477 5304 vel
3505 5249 3836 5320 cognitione

2137 5335 2373 5406 peccati,
2420 5335 2527 5391 hoc
2571 5334 2724 5400 enim
2767 5334 2922 5391 color
2966 5335 3068 5392 iste
3113 5336 3432 5408 significat,
3479 5338 3836 5408 quodcunque

2135 5425 2466 5479 maculosum
2509 5422 2836 5480 incursione
2879 5423 3088 5492 delicti,
3124 5431 3180 5480 et
3209 5428 3432 5480 varium
3479 5426 3836 5496 subripiente

2137 5511 2444 5582 hypocrisi,
2496 5525 2600 5582 pro
2644 5525 2857 5583 magno
2901 5512 3043 5567 mihi
3093 5527 3332 5570 munere
3376 5516 3564 5584 patiar
3603 5515 3832 5587 ascribi,

2136 5599 2219 5656 nil
2268 5613 2406 5656 sane
2449 5599 2589 5656 mihi
2635 5599 2838 5656 utilius
2889 5613 3067 5670 quam
3123 5603 3373 5672 cognitio
3423 5603 3554 5658 mei.
3613 5605 3838 5662 Dicitur

2137 5687 2290 5744 enim
2342 5703 2356 5742 :
2403 5687 2681 5744 Iudicium
2744 5693 2794 5744 et
2847 5687 3053 5746 deinde
3100 5688 3386 5760 justitiam
3445 5693 3505 5746 in
3549 5694 3712 5748 Iacob
3771 5701 3832 5752 tu
