3972 6452
138 427 299 485 1137
1128 442 1705 498 DEFlDTLlTlONlCS
1745 446 1780 499 S

1907 448 2192 503 PATRUM.
2234 481 2289 488 -—
2326 449 2449 503 LIB.
2492 450 2562 504 II.
3386 446 3519 500 1138

130 559 588 615 revertantur.
628 561 913 635 Ejusmodi
953 582 1084 622 vero
1127 567 1405 623 dissolutis
1453 567 1670 630 tunicis,
1717 582 1815 622 ca-
1847 565 1901 624 A
1936 569 2098 641 vigila
2132 587 2290 640 supra
2322 572 2564 627 actiones
2595 580 2755 626 tuas:
2807 572 3118 645 pastoribus
3173 568 3522 641 vigilantibus

127 642 257 713 pite
299 644 743 722 disc00perto,
775 664 828 709 et
856 671 948 710 ore
1006 657 1262 711 obvoluto
1320 658 1509 711 sedere
1533 657 1811 725 jubcntur,
1930 674 2091 727 supra
2121 677 2347 730 gregem
2378 678 2532 715 suum
2565 642 2820 732 angelica
2852 662 2991 716 facta
3021 670 3101 716 est
3142 660 3279 715 visio
3306 666 3357 714 et
3386 656 3520 713 allo-

131 735 634 794 mundatiunem
669 742 837 812 leprae
871 755 1302 814 exspectantes:
1353 745 1630 799 dissolutis
1680 743 1816 796 tuni-
1928 748 2091 801 cutio.

131 834 251 897 cis.
294 837 359 891 id
404 849 511 895 est
555 844 816 898 omnibus
850 847 1074 902 secretis
1118 847 1434 914 manifestis,
1495 847 1671 916 οςψὶῐρ
1704 847 1818 898 dis-

128 935 476 995 cooperto,
523 941 655 987 uta
685 935 889 987 cunctis
948 938 1065 1003 ejus
1120 936 1343 989 nudatio
1402 936 1683 997 videatur;
1718 951 1814 988 ονε

130 1012 383 1080 clauso,
428 1035 518 1072 ne
562 1021 792 1075 ulterius
824 1023 989 1093 impia
1033 1024 1225 1079 doceat
1258 1025 1345 1078 vel
1392 1024 1667 1095 loquatur.
1708 1022 1813 1077 Sed

131 1112 354 1168 adhuc
429 1116 625 1186 ejecit
682 1119 960 1191 Scriptura
1017 1121 1221 1191 lepram
1254 1139 1378 1177 esse
1426 1122 1477 1175 in
1512 1122 1681 1183 vasis,
1715 1137 1812 1191 pa-

129 1199 415 1256 rietibus
444 1206 691 1271 domus,
724 1208 777 1261 in
810 1218 1155 1279 vestimento,
1185 1211 1319 1264 intra
1362 1210 1676 1265 maceriam.
1709 1211 1805 1263 Le-

130 1306 254 1360 pra
294 1292 363 1346 iu
426 1295 755 1364 parietibus
786 1298 983 1353 domus
1026 1300 1414 1354 haereticorum
1454 1298 1812 1369 congregatio

127 1388 529 1457 denotatur,
562 1411 685 1465 quas
713 1411 812 1466 per
862 1397 1198 1452 sacerdotem
1231 1397 1453 1469 purgati
1482 1397 1658 1451 debet.
1704 1395 1813 1450 Le-

130 1494 257 1549 pra
295 1479 370 1534 in
415 1482 681 1538 vasculis
733 1483 1022 1555 unicuique
1064 1484 1267 1541 homini
1324 1484 1527 1556 proprii
1569 1484 1813 1555 corporis

2001 855 2148 910 Scito
2180 856 2430 926 leipsum,
2467 859 2609 912 unde
2658 857 2856 913 dicitur
2891 875 2903 911 :
2943 881 2963 903 «
2999 856 3210 921 Redite,
3245 851 3518 925 prazvari-

1928 954 2159 1001 calores.
2188 945 2254 997 ad
2284 962 2377 999 cor
2426 946 2553 1013 (15a.
2588 952 2760 1015 vai).
2806 970 2827 992 η
2865 946 2999 1000 Dina
3033 961 3152 1014 qua?
3183 949 3447 1012 evagatur
3486 956 3519 994 ο.

1926 1041 2168 1111 principe
2203 1051 2357 1096 terrae
2378 1045 2763 1113 corrumpitur.
2798 1044 2919 1097 Non
2953 1042 3094 1096 vadit
3131 1042 3182 1094 ir.
3215 1037 3514 1094 Samariam

1927 1129 2015 1199 qui
2048 1145 2315 1183 excussus
2341 1147 2369 1183 a
2410 1132 2668 1200 prOpri.s,
2702 1132 2880 1185 aliena
2911 1129 3129 1200 negotia
3161 1135 3307 1185 curat
3359 1126 3511 1180 Con-

1926 1218 2047 1273 silio
2076 1218 2267 1288 puellm
2294 1219 2426 1273 abiit
2454 1220 2521 1274 ad
2554 1220 2816 1286 Eliseum,
2852 1227 2905 1273 et
2934 1219 3173 1289 pulsavit
3212 1216 3276 1269 ad
3309 1214 3511 1269 ostium

1924 1316 2117 1371 domus
2137 1317 2259 1387 ejus
2292 1319 2386 1387 (IV
2408 1321 2544 1388 Reg.
2608 1322 2681 1389 v).
2731 1319 2938 1373 Eliseus
2991 1320 3147 1373 salus
3178 1314 3403 1371 Domini
3431 1312 3515 1366 in-

1926 1413 2273 1476 terpretatur.
2314 1406 2413 1461 llic
2443 1414 2525 1463 est
2554 1407 2716 1462 Iesus
2747 1406 2998 1463 Salvator
3044 1404 3251 1465 mundi.
3286 1402 3378 1472 qui
3407 1400 3514 1456 sal-

1924 1510 2051 1550 vum
2086 1493 2215 1549 fecit
2243 1495 2503 1565 populum
2534 1511 2688 1550 suum
2721 1512 2753 1551 a
2781 1494 3023 1566 peccatis
3045 1508 3235 1549 eorum
3275 1489 3501 1561 (Matth.

1922 1582 1987 1653 1).
2027 1582 2110 1637 Dc
2130 1598 2237 1653 quo
2255 1582 2526 1653 Propheta
2557 1601 2570 1638 :
2599 1604 2620 1631 α
2643 1583 2807 1639 Salus
2827 1591 2939 1652 tua,
2970 1581 3139 1652 Deus,
3164 1578 3404 1651 suscepit
3422 1591 3512 1633 me

1921 1679 2097 1751 (Psal.
2128 1679 2338 1749 vani).
2380 1704 2401 1728 ι»
2436 1680 2504 1735 Et
2524 1680 2640 1751 ipse
2668 1681 2737 1735 de
2785 1696 2845 1735 se
2874 1696 2887 1736 :
2924 1702 2942 1728 ι
2978 1678 3134 1734 Salus
3169 1676 3354 1749 p0puli
3402 1688 3509 1747 ego

1920 1783 2042 1822 sum
2072 1768 2245 1838 (Psal.
2278 1769 2493 1839 xxxiv).
2529 1792 2551 1817 ι
2578 1770 2785 1824 Domus
2816 1770 2933 1839 ejus
2978 1775 3104 1823 sunt
3132 1773 3334 1822 sancta:
3363 1763 3512 1820 Scri-

1923 1864 2117 1927 pturaa,
2149 1857 2235 1911 vel
2259 1857 2507 1913 Ecclesia
2529 1858 2617 1913 vel
2636 1857 2909 1930 religiosae
2928 1871 3197 1929 personae,
3228 1854 3283 1909 in
3316 1853 3511 1925 quibus

1918 1952 2123 2007 habitat
2174 1969 2271 2023 per
2322 1954 2579 2026 gratiam.
2644 1953 2857 2009 Ostium
2900 1960 2984 2009 est
3029 1950 3364 2024 pmnitentia,
3408 1963 3510 2020 per
3562 2014 3565 2017 η

1918 2058 2078 2112 quam
2107 2040 2374 2097 intramus
2404 2042 2475 2097 ad
2504 2058 2647 2108 eum,
2681 2050 2733 2097 et
2761 2042 2877 2113 ipse
2908 2041 2978 2097 ad
3025 2056 3145 2097 nos.
3196 2039 3348 2097 Unde
3375 2036 3513 2094 dici-

1916 2142 2041 2189 tur:
2077 2153 2098 2178 α
2133 2130 2329 2186 Adhuc
2359 2138 2410 2186 te
2430 2130 2704 2203 loquente,
2739 2131 2936 2196 dicam,
2968 2143 3097 2186 ecce
3144 2128 3336 2183 adsum
3374 2128 3509 2198 (Ira.

1914 2231 2045 2299 L11);
2075 2252 2096 2276 n
2131 2237 2185 2285 et
2211 2228 2375 2283 illud:
2414 2252 2436 2277 α
2468 2228 2824 2284 Revertimini
2870 2227 2941 2285 ad
2971 2243 3080 2299 me,
3114 2234 3166 2282 et
3192 2241 3297 2298 ego
3326 2240 3506 2281 rever-

1914 2324 1999 2372 tar
2016 2317 2085 2371 ad
2118 2331 2216 2371 vos
2243 2315 2505 2387 (Zachar.
2538 2318 2605 2386 1).
2651 2339 2673 2365 s
2709 2315 2914 2371 Aversi
2973 2331 3161 2369 sumus
3214 2313 3281 2367 ab
3310 2312 3421 2381 illo,
3456 2318 3511 2368 et

1914 2405 2008 2461 ille
2036 2422 2258 2461 aversus
2288 2412 2371 2460 est
2400 2421 2431 2458 a
2463 2404 2639 2471 nobis,
2662 2413 3013 2460 revertamur
3043 2403 3114 2458 ad
3134 2402 3304 2467 illum,
3336 2409 3391 2457 et
3418 2400 3511 2457 ille

1914 2503 2217 2550 revertetur
2244 2492 2311 2549 ad
2340 2510 2441 2549 nos
2466 2510 2479 2548 :
2525 2493 2741 2549 Eliseus
2768 2493 2968 2548 sedens
3009 2491 3065 2545 in
3094 2491 3355 2547 cathedra
3384 2505 3504 2557 sua,

1915 2583 2063 2639 misit
2092 2583 2161 2637 ad
2194 2599 2315 2638 eum
2376 2598 2599 2653 puerum
2658 2598 2814 2637 suum
2844 2581 2899 2636 in
2947 2581 3063 2636 haec
3092 2579 3299 2636 verba:
3332 2578 3506 2646 Vade,

1915 2681 2193 2736 descende
2221 2681 2276 2736 in
2306 2681 2621 2747 Iordanem,
2654 2687 2707 2736 et
2734 2680 2923 2734 lavare
2953 2678 3174 2750 septies,
3203 2684 3257 2732 et
3282 2677 3509 2732 munda-

1914 2770 2062 2825 bcris
2093 2770 2187 2841 (IV
2219 2772 2343 2841 Reg.
2378 2772 2453 2840 v).
2506 2769 2720 2824 Eliseus
2770 2776 2960 2824 noster
3007 2767 3255 2822 sublatus
3284 2780 3318 2820 a
3347 2764 3508 2820 nobis

1913 2859 2296 2930 corporaliter,
2329 2858 2486 2914 sedet
2506 2859 2576 2913 ad
2607 2859 2861 2913 dextram
2888 2856 3088 2925 Patris,
3115 2854 3169 2910 in
3192 2855 3275 2910 bis
3299 2853 3508 2912 scilicet

1914 2977 2035 3032 quae
2065 2961 2193 3014 sunt
2206 2956 2445 3027 potiora,
2462 2970 2564 3011 nec
2584 2963 2814 3026 apparet
2832 2954 2997 3010 modo
3011 2952 3392 3025 corporaliter,
3407 2951 3507 3008 sed

131 1565 492 1626 delictum.
535 1571 706 1642 Lepra
735 1571 791 1627 in
820 1572 1071 1628 domibus
1102 1573 1187 1629 vel
1216 1573 1271 1628 iu
1317 1574 1656 1642 vestimento,
1691 1589 1812 1645 qua:

131 1672 319 1720 extra
381 1682 618 1740 corpus
673 1669 993 1739 nutriuntur,
1051 1670 1136 1726 vel
1195 1687 1315 1744 quas
1344 1671 1399 1725 in
1429 1671 1547 1742 ipso
1579 1686 1812 1740 corpore

133 1762 619 1826 perpetrantur,
671 1766 852 1814 tamen
901 1768 954 1814 at
999 1759 1234 1815 hominis
1261 1760 1441 1814 anima
1469 1759 1808 1829 intelligitur,

135 1852 199 1898 et
226 1851 462 1901 turma
503 1845 809 1902 mollissimi
842 1848 1089 1919 corporis
1131 1865 1345 1905 sensus.
1381 1847 1539 1917 Quod
1571 1863 1704 1903 vero
1735 1846 1811 1902 le-

135 1942 322 2012 prosi
393 1943 469 1998 in
536 1942 662 2014 lege
719 1944 788 1999 ad
838 1946 1176 2001 sacerdotem
1208 1947 1512 2011 mittuntur,
1538 1944 1809 2015 judicatur

140 2046 267 2101 pro
342 2032 731 2089 mundatione
778 2034 1155 2090 haereticorum
1208 2051 1387 2089 annua
1445 2033 1711 2090 sacriﬁcia
1750 2032 1808 2087 in

142 2128 464 2187 Ecclesia
494 2131 698 2187 debere
728 2131 932 2201 oﬁ'erri,
989 2140 1046 2189 et
1099 2132 1179 2189 sic
1235 2131 1575 2190 reconciliari
1603 2131 1808 2187 unitate

141 2217 480 2275 Ecclesia;
492 2261 506 2275 .

146 2325 504 2383 Mor-alita:
537 2326 608 2383 de
647 2329 903 2385 ll'aaman
946 2329 1100 2402 Syro,
1125 2333 1182 2385 et
1196 2329 1283 2385 die
1312 2329 1551 2401 septimo
1584 2328 1809 2384 (aratur

822 2420 886 2474 in
922 2418 1186 2474 Iordane.

236 2522 527 2577 Naaman
556 2521 817 2594 princeps
846 2523 1050 2580 militias
1079 2525 1228 2595 regis
1246 2524 1417 2596 Syriae
1433 2531 1552 2579 erat
1577 2523 1658 2579 vir
1685 2539 1805 2579 ma-

155 2624 336 2679 gnus
377 2619 445 2666 et
467 2611 648 2676 dives,
672 2612 771 2667 sed
788 2613 1060 2682 leprosus,
1084 2621 1138 2667 et
1157 2612 1396 2667 habebat
1429 2612 1483 2667 in
1512 2612 1674 2668 domo
1705 2628 1808 2667 sua

154 2698 443 2767 puellam
474 2700 765 2772 quamdam
785 2700 1037 2757 ancillam
1068 2717 1139 2756 ex
1163 2709 1301 2756 terra
1321 2701 1542 2756 Israelis
1562 2701 1658 2769 (IV
1672 2704 1798 2772 Reg.

160 2793 254 2863 v).
276 2795 531 2852 chest
552 2796 725 2852 series
743 2798 984 2853 historiae
1004 2812 1166 2869 quam
1190 2798 1538 2853 retexuimus.
1563 2798 1805 2853 Historia

167 2890 269 2936 est
312 2884 661 2941 ductrinalis
689 2900 842 2951 area,
872 2885 926 2940 in
959 2901 1065 2956 qua
1094 2886 1220 2942 boni
1253 2886 1600 2942 discursores
1628 2886 1794 2959 ﬂagel

161 2968 243 3024 lis
277 2972 602 3045 diligentia:
623 2981 671 3029 et
703 2974 1012 3030 ventilabro
1040 2975 1409 3047 inquisitionis
1438 2991 1613 3048 grana
1644 2990 1675 3029 a
1708 2991 1809 3046 pa-
1914 2977 2046 3059 (ιιξεε,
2065 2968 2564 3027 ευηῑροῐιοηνηθο
2584 2968 2819 3059 “apart”.
2832 2968 2949 3059 φοίξ

163 3064 290 3123 leis
329 3039 624 3141 separant.
658 3071 808 3127 Sicut
853 3071 986 3128 latet
1032 3039 1138 3128 mel
1169 3073 1270 3128 sub
1298 3039 1533 3138 ceraret
1560 3039 1787 3127 nucleus
1914 3048 2072 3146 miti“
2103 3060 2328 3118 puerum
2372 3060 2593 3146 fqu',
2624 3043 2906 3146 Puerﬁisie
2927 3042 3241 3146 Ξηίέῃθῗξξλδ
3284 3039 3506 3146 θῗινθι

165 3156 285 3212 sub
320 3130 511 3214 testa:
542 3159 623 3216 sic
649 3160 753 3215 sub
774 3160 976 3218 cortice
1022 3161 1263 3217 historiae
1307 3130 1541 3219 dulcedo
1572 3162 1802 3219 morali-
1913 3137 2066 3240 "l_i°_
2111 3150 2268 3207 μηδ’
2326 3131 2870 3240 ⁸Ξ,ίω⁸Ψ⁰θΑωΑΡθί
2923 3130 3093 3240 faeta:
3125 3130 3224 3186 Hic
3252 3136 3503 3240 “apum:

176 3246 356 3301 tatis.
397 3249 651 3304 Naaman
692 3249 1076 3320 interpretatur
1105 3252 1288 3315 decor,
1336 3252 1426 3307 vel
1456 3253 1713 3318 decorus,
1746 3261 1787 3308 et

1912 3234 2005 3305 qui
2036 3234 2106 3288 de
2135 3240 2313 3302 strage
2344 3229 2581 3286 ﬁliorum
2631 3238 2680 3285 et
2730 3228 2963 3284 filiarum
3005 3227 3155 3284 solus
3199 3227 3392 3293 evasit,
3444 3235 3503 3282 ut

168 3333 481 3404 signiﬁcat
509 3336 710 3394 divites
745 3338 909 3407 hujus
937 3339 1144 3405 mundi,
1169 3340 1269 3411 qui
1300 3339 1555 3395 videntur
1572 3339 1625 3394 in
1655 3356 1790 3396 ocu-

168 3430 245 3488 lis
277 3434 412 3489 suis
431 3443 684 3505 potentes
716 3444 768 3491 et
789 3436 1058 3506 prmolari.
1096 3438 1161 3491 Hi
1195 3437 1405 3508 praediti
1421 3438 1574 3509 capia
1593 3455 1785 3508 rerum,

166 3520 426 3591 gloriosi
454 3523 624 3578 titulis
678 3534 983 3593 parentum,
1034 3526 1296 3581 sublimes
1342 3526 1664 3583 celsitudine
1694 3544 1792 3584 no-

172 3617 402 3676 torum,
459 3612 728 3668 habentes
756 3613 1036 3669 scientiam
1087 3614 1373 3670 litteralem
1404 3624 1457 3671 et
1492 3615 1787 3683 forensem,

170 3705 399 3779 leprosi
424 3716 607 3765 tamen
633 3712 1060 3767 sunt‘varietate
1103 3713 1416 3769 criminum.
1456 3714 1792 3785 Multiplicati

176 3800 384 3861 fructu
410 3804 689 3871 frumenti,
723 3806 831 3861 vini
862 3816 914 3862 et
969 3807 1077 3863 olei
1133 3817 1276 3871 sunt,
1319 3809 1464 3881 quod
1507 3819 1590 3867 est
1620 3820 1789 3868 male-

186 3890 281 3946 ria
315 3900 376 3948 et
402 3894 784 3964 opportunitas
821 3896 1105 3966 peccandi,
1131 3898 1417 3968 proniores
1456 3908 1581 3954 sunt
1610 3900 1681 3955 ad
1712 3900 1789 3955 vi-

175 3986 284 4058 tia,
321 3996 379 4044 et
405 3990 711 4060 paratiores
741 3992 812 4047 ad
844 3992 1072 4061 scelera,
1105 3994 1177 4048 ad
1205 3994 1455 4063 iniuriam
1498 3995 1787 4051 liberiores

182 4075 342 4133 sicut
399 4078 627 4134 dicitur:
697 4102 718 4127 ιν
783 4081 988 4135 Prodiit
1044 4082 1200 4153 quasi
1245 4099 1312 4137 ex
1343 4083 1502 4154 adipe
1531 4084 1788 4155 iniquitas

176 4179 388 4221 eorum
419 4168 601 4235 (Psal.
639 4169 847 4235 LXXII).
891 4192 913 4217 ι»
965 4170 1100 4225 Cum
1128 4179 1307 4226 tamen
1336 4173 1547 4228 venerit
1576 4181 1789 4244 tempus

1905 3321 2233 3377 renuntiaret
2265 3319 2389 3374 Iob.
2430 3318 2527 3373 Vel
2555 3333 2695 3387 puer
2723 3317 2825 3373 iste
2854 3325 2938 3372 est
2984 3316 3214 3387 Spiritus
3254 3322 3497 3382 sanctus,

1900 3412 2029 3483 quia
2059 3425 2261 3482 pueros
2291 3407 2417 3463 facit
2447 3406 2649 3462 malitia
2680 3405 2956 3476 parvulos,
2989 3413 3042 3460 et
3067 3418 3272 3475 pueros
3287 3402 3496 3475 simpli-

1895 3509 2074 3567 citate.
2107 3506 2205 3562 Vel
2254 3522 2389 3577 puer
2438 3504 2494 3559 in
2549 3519 2711 3560 sacra
2757 3501 3041 3574 Scriptura
3086 3501 3156 3556 ob
3193 3500 3492 3572 puritatem

1897 3596 2190 3661 sermonis,
2224 3603 2275 3649 et
2308 3595 2379 3650 ob
2409 3592 2622 3664 eloquia
2676 3600 2846 3648 casta.
2889 3590 2995 3647 Hic
3037 3590 3219 3662 itaque
3249 3605 3389 3660 puer
3416 3588 3490 3645 di-

1896 3687 1968 3743 cit
2001 3704 2013 3740 :
2051 3707 2074 3737 ι
2105 3683 2392 3739 Descende
2422 3683 2490 3738 de
2522 3680 2700 3753 Syria,
2733 3680 2789 3735 id
2818 3687 2901 3736 est
2930 3680 2999 3736 de
3030 3678 3284 3735 elatione.
3331 3678 3489 3750 Syria

1896 3785 2097 3858 quippe
2126 3781 2381 3839 sublimis
2411 3780 2820 3850 interpretatur,
2865 3779 2921 3832 in
2965 3777 3282 3844 Iordanem,
3314 3775 3371 3831 id
3400 3781 3489 3833 est

1893 3874 1964 3928 ad
1999 3870 2434 3930 conformitatem
2481 3867 2675 3923 Christi
2724 3883 2845 3939 quae
2876 3874 2954 3923 est
2995 3864 3294 3921 humilitas.
3330 3884 3353 3916 ι
3388 3866 3485 3920 Ti-

1894 3962 2040 4017 tulus
2068 3974 2303 4030 namque
2358 3956 2563 4012 diaboli
2620 3954 2875 4026 superbia
2931 3962 3032 4023 est,
3066 3953 3251 4008 titulus
3289 3953 3485 4009 Christi

1893 4058 2185 4114 humilitas.
2218 4055 2394 4126 Hujus
2422 4054 2563 4110 enim
2596 4053 2898 4124 disciplinae
2941 4050 3220 4124 proposuit
3249 4068 3309 4107 se
3325 4053 3485 4108 scho-

1894 4148 2069 4204 larem
2096 4144 2482 4218 magistrorum
2510 4143 2699 4199 dicens
2731 4159 2746 4198 :
2803 4143 2925 4198 Non
2979 4141 3048 4195 ad
3094 4140 3320 4197 oracula
3349 4156 3485 4212 pro-

1894 4237 2203 4309 phetarum,
2234 4248 2343 4289 non
2374 4232 2446 4287 ad
2470 4230 2765 4303 aenigmata
2812 4246 2910 4286 vos
2939 4230 3114 4297 mitto,
3147 4230 3246 4286 sed
3278 4253 3300 4281 «
3335 4246 3369 4286 a
3394 4246 3486 4288 me

1897 4325 2019 4396 ipso
2049 4323 2240 4379 discite
2261 4320 2390 4395 quia
2418 4320 2564 4375 mitis
2593 4335 2711 4374 sum
2743 4326 2797 4373 et
2825 4318 3043 4374 humilis
3071 4319 3235 4375 corde
3262 4321 3484 4390 (Matth.

1900 4422 1998 4491 x1).
2033 4440 2057 4470 υ
2089 4421 2273 4489 Ipsum
2303 4432 2392 4472 me
2421 4430 2669 4487 propono
2723 4415 2884 4471 vobis
2915 4414 3215 4488 speculum.
3268 4418 3491 4474 Humili-

1902 4518 1987 4564 tas
2015 4517 2189 4563 autem
2214 4505 2456 4561 exterior
2484 4519 2675 4575 parum
2706 4504 2871 4570 valet,
2916 4505 3021 4559 nisi
3067 4504 3212 4560 adsit
3240 4506 3486 4576 interior,

180 4255 517 4322 miserendi,
577 4265 632 4312 et
681 4265 898 4328 tempus
968 4258 1288 4315 visitationis
1353 4277 1542 4316 eorum
1593 4263 1793 4318 habent

183 4344 482 4400 consilium
514 4345 736 4417 puellm.
780 4346 963 4402 Puella
993 4347 1098 4403 ista
1153 4357 1235 4404 est
1282 4349 1468 4404 divina
1496 4351 1674 4423 gratia
1707 4359 1792 4413 vel

191 4441 469 4514 sapientia
500 4458 623 4514 quae
653 4444 808 4516 virgo
837 4453 921 4499 est
957 4453 1183 4517 propter
1230 4447 1621 4518 integritatem,
1655 4445 1794 4506 sicut

188 4529 285 4585 illa
320 4530 527 4602 Abisag
556 4547 663 4602 qua
694 4548 856 4587 senes
894 4533 1167 4602 calefacit,
1222 4534 1457 4605 juvenes
1506 4554 1614 4593 non
1664 4539 1794 4593 urit.

190 4618 334 4688 Quae
364 4592 525 4673 etiam
554 4592 735 4690 puella
757 4621 951 4676 ancilla
972 4631 1073 4691 est,
1106 4592 1243 4694 quia:
1253 4625 1506 4681 omnibus
1530 4592 1790 4684 officiosa:
1822 4621 1875 4682 D
1907 4615 2038 4655 vera
2067 4596 2270 4652 scilicet
2298 4592 2622 4694 obedienlia'
2653 4593 2790 4694 Ηῶθ,
2813 4592 2913 4649 "ia
2941 4594 3111 4666 “ign
3138 4609 3171 4649 ⁸
3202 4601 3347 4694 tell“
3374 4596 3488 4651 hu-

185 4715 350 4772 Unde
380 4716 615 4772 dicitur:
651 4739 672 4764 α
705 4716 979 4788 Sapientia
1002 4719 1237 4775 clamitat
1270 4721 1322 4775 in
1346 4724 1562 4793 plateis.
1587 4726 1790 4797 Usque-

180 4821 324 4877 quo,
348 4805 582 4875 parvuli,
614 4805 841 4877 diligitis
876 4807 1156 4863 infantiam
1187 4811 1364 4880 (Prov.
1400 4815 1461 4881 ι).
1500 4836 1520 4861 ιι
1555 4813 1623 4867 Et
1652 4815 1786 4869 sub-

184 4892 361 4949 inde:
400 4915 421 4940 ε
460 4894 669 4949 Donum
702 4896 903 4950 bonum
935 4897 1162 4951 tribuam
1194 4899 1348 4954 vobis
1378 4902 1565 4970 (Prov.
1608 4906 1703 4974 iv).
1758 4927 1780 4952 η

192 4990 264 5045 Ει
316 5006 583 5045 rursum:
625 5013 643 5038 ι
698 4992 870 5048 Bibite
927 4998 1120 5049 vinum
1183 4998 1329 5067 quod
1381 4998 1573 5054 miscui
1620 5000 1779 5055 vobis

186 5082 377 5150 (Prov.
417 5080 521 5149 ix),
556 5101 578 5128 υ
613 5080 744 5136 Haec
773 5090 956 5137 tamen
986 5083 1077 5137 vel
1109 5084 1308 5140 ancilla
1327 5086 1519 5142 sedula
1547 5096 1597 5142 et
1627 5088 1781 5159 puel-

183 5164 258 5233 la,
290 5182 416 5222 cum
448 5167 504 5221 in
533 5182 593 5223 se
626 5183 739 5223 non
770 5169 963 5224 habeat
995 5171 1270 5227 maculam
1301 5180 1393 5228 aut
1422 5188 1633 5246 rugam,
1664 5192 1783 5231 ser-

189 5256 262 5313 vit
288 5262 471 5310 tamen
506 5255 710 5327 leprosi
739 5256 1005 5329 principis
1034 5260 1276 5332 conjugi,
1332 5262 1462 5316 dum
1492 5264 1782 5321 scelerato-

188 5369 307 5408 rum
337 5359 619 5423 potentum
673 5354 903 5410 naturali
955 5355 1183 5412 interius
1234 5358 1434 5414 rationi
1464 5361 1648 5416 salutis
1677 5363 1779 5419 de-

189 5442 448 5497 siderium
478 5456 545 5498 ac
603 5442 975 5514 cognitionem
1019 5444 1454 5515 subministrans,
1495 5450 1781 5507 decolora-

194 5539 277 5587 tos
306 5530 543 5602 peccatis
570 5531 862 5602 praclaros
896 5533 1077 5589 reddit
1105 5544 1159 5590 et
1192 5535 1452 5606 fulgidos.
1485 5539 1611 5595 Haec
1641 5555 1781 5614 ergo

192 5620 280 5676 dat
299 5618 583 5676 consilium
597 5620 863 5686 Naaman,
888 5620 1113 5678 dicens:
1142 5640 1154 5677 :
1184 5647 1205 5672 α
1231 5623 1379 5680 Vade
1399 5626 1453 5681 in
1477 5627 1781 5685 Samariam

195 5718 263 5774 ad
290 5717 541 5773 Eliseum
574 5718 914 5788 prophetam,
964 5728 1017 5774 et
1056 5722 1270 5776 sanabit
1297 5729 1350 5776 te
1379 5738 1413 5778 a
1440 5724 1591 5795 lepra
1618 5738 1780 5795 quam

195 5807 360 5862 habes
392 5806 485 5874 (IV
527 5808 652 5877 Reg.
698 5806 776 5875 v).
823 5828 844 5854 υ
887 5807 1126 5864 Samaria
1172 5810 1560 5879 interpretatur
1590 5820 1781 5872 custo-

198 5896 311 5954 dia.
351 5894 505 5952 Vade
535 5893 588 5949 in
619 5892 936 5965 Samariam,
991 5898 1110 5954 redi
1155 5897 1222 5953 ad
1261 5903 1406 5954 tuam
1450 5903 1774 5976 custodiam,

1897 4697 2097 4753 milites
2128 4694 2315 4749 sedeat
2344 4692 2400 4746 in
2449 4692 2636 4757 corde,
2686 4691 2945 4763 patientia
2990 4700 3240 4749 servetur
3280 4693 3336 4748 in
3367 4710 3481 4764 ore,

1895 4782 2309 4859 perseverantia
2337 4789 2588 4837 teneatur
2613 4779 2666 4835 in
2697 4795 2889 4851 opere.
2928 4781 3101 4836 Verba
3146 4783 3307 4837 etiam
3337 4799 3480 4840 con-

1893 4890 2109 4947 sonant,
2133 4902 2155 4929 α
2182 4879 2454 4936 descende
2470 4878 2525 4933 in
2543 4878 2855 4934 Iordanem.
2877 4901 2899 4927 ιι
2923 4878 3170 4934 Iordanis
3180 4880 3483 4939 descensus

1890 4970 2291 5040 interpretatur.
2329 4968 2398 5023 Et
2436 4967 2553 5023 haec
2598 4973 2682 5022 est
2706 4966 2953 5037 quaedam
2982 4982 3150 5024 causa
3178 4984 3344 5041 quare
3372 4971 3484 5027 Do-

1889 5069 2070 5123 minus
2116 5068 2262 5122 bunc
2314 5066 2538 5121 ﬂuvium
2598 5064 2911 5136 specialiter
2953 5067 3199 5140 eligeret,
3244 5069 3383 5124 utin
3415 5084 3484 5127 eo

1891 5156 2283 5228 baptizaretur.
2324 5179 2346 5204 α
2382 5156 2589 5212 Lavare
2608 5155 2833 5225 septies,
2860 5178 2882 5205 »
2909 5156 2964 5212 id
2988 5164 3074 5213 est
3102 5157 3374 5228 perfecte.
3412 5159 3484 5216 Et

1889 5245 2207 5317 indignatus
2229 5244 2494 5310 Naaman,
2527 5244 2811 5316 respondit
2840 5259 2853 5300 :
2890 5268 2911 5294 ι
2945 5245 3208 5317 Nunquid
3237 5261 3348 5303 non
3377 5262 3484 5305 me-

1890 5348 2058 5404 liores
2088 5352 2210 5401 sunt
2240 5346 2442 5401 Abans
2473 5354 2526 5402 et
2557 5347 2802 5418 Parphar
2828 5346 2985 5405 ﬂuvii
3013 5348 3269 5405 Damasci
3301 5349 3485 5406 omni-

1889 5436 1992 5494 bus
2021 5433 2174 5507 aquis
2202 5434 2388 5502 Israel,
2404 5442 2464 5490 ut
2483 5435 2637 5492 laver
2651 5434 2706 5490 in
2720 5436 2802 5491 eis
2825 5443 2878 5492 et
2897 5436 3164 5493 munder.’
3179 5461 3203 5486 ι
3238 5438 3334 5508 (IV
3357 5440 3485 5512 Reg.

1889 5534 1970 5604 v.)
2002 5532 2305 5588 Damascus
2331 5530 2719 5601 interpretatur
2770 5532 2958 5590 bibens
2988 5534 3353 5605 sanguinem.
3391 5534 3495 5594 Hic

1891 5637 1973 5686 est
2020 5628 2255 5683 mundus
2285 5628 2377 5701 qui
2432 5638 2612 5684 nostra
2664 5632 3070 5701 aeterna‘morte
3101 5631 3499 5692 delectabiliter

1890 5735 1989 5791 per
2015 5725 2296 5773 cruentum
2319 5718 2527 5789 peccati
2577 5719 2835 5790 poculum
2866 5720 3205 5791 linebriatur.
3249 5723 3501 5796 Parphar

1894 5818 2054 5882 talpa
2082 5814 2298 5882 dicitur,
2348 5815 2483 5871 illud
2533 5815 2781 5876 deforme
2829 5827 2883 5876 et
2911 5836 3115 5877 mecum
3165 5822 3374 5879 animal
3403 5839 3507 5896 pro

1891 5903 2168 5962 domicilio
2216 5903 2452 5962 latebras
2510 5912 2670 5963 terra:
2727 5915 2779 5965 et
2834 5923 3101 5969 cavernas
3155 5910 3497 5981 inhabitans,
