3972 6406
542 331 647 385 139

1613 342 1957 400 WERNERI
1994 346 2281 404 ABBATIS
2320 350 2382 406 S.
2431 351 2653 409 BLASlI

3677 372 3799 424 1140

509 454 813 531 hortosque
843 466 896 514 et
924 468 1042 515 sata
1071 460 1398 517 saﬂodiens.
1444 462 1732 535 Signiﬁcat
1777 475 1959 524 autem
1987 471 2110 525 avi-
2142 473 2193 534 Α
2220 476 2368 532 Deus
2398 495 2553 535 meus
2581 482 2793 538 dederit
2824 485 2955 542 mihi
2985 503 3188 560 panem
3234 493 3301 548 ad
3341 492 3610 549 edendum
3638 502 3689 551 ει
3716 512 3803 551 γε-

515 545 738 602 ditatem
768 556 1129 617 terrenorum,
1164 551 1255 621 qui
1284 552 1484 608 oculos
1514 569 1641 608 suos
1671 563 1971 613 statuerunt
2004 560 2106 616 de-

505 633 715 692 clinare
744 636 797 690 in
830 645 1053 693 terram.
1084 641 1212 695 Haec
1238 649 1318 695 est
1368 650 1424 695 et
1477 642 1683 698 mulier
1720 661 1910 713 curva,
1946 666 2104 719 quam

508 724 779 780 Dominus
809 727 1000 782 erexit.
1028 729 1221 783 Abana
1250 731 1428 786 latere
1448 732 1675 802 lapides
1692 735 1813 804 ejus
1843 736 2105 810 interpre-

500 828 659 875 tatur.

571 999 674 1054 Per
702 999 846 1069 quod
877 1001 1340 1076 praecipuiquiquc
1407 1005 1697 1077 signantur
1729 1009 1995 1069 Ecclesiae
2019 1016 2106 1072 vel

497 1086 658 1156 hujus
686 1089 888 1144 saeculi.
938 1090 1218 1158 Ecclesiae,
1252 1095 1552 1150 secundum
1587 1097 1754 1153 illud:
1785 1120 1807 1150 α
1856 1102 2106 1173 Dispersi

504 1183 632 1231 sunt
661 1176 873 1247 lapides
907 1181 1165 1235 sactuarii
1197 1181 1250 1236 in
1283 1182 1460 1253 capita
1508 1187 1749 1242 omnium
1798 1190 2105 1259 platearum

496 1270 736 1342 '(Thren.
777 1278 851 1345 iv)
880 1293 895 1341 ;
926 1299 949 1324 κ
978 1277 1182 1343 saeculi,
1212 1279 1365 1347 juxta
1396 1280 1529 1336 illud
1561 1284 1803 1352 ejusdem
1826 1290 2104 1359 prophetae

498 1371 691 1418 contra
720 1364 1090 1436 Babylonem:
1130 1391 1150 1414 -
1186 1368 1377 1424 Tollite
1409 1370 1476 1425 de
1506 1369 1590 1426 via
1620 1372 1831 1444 lapides
1864 1378 2005 1434 (Jer.
2040 1382 2100 1450 ι),

497 1451 626 1523 quia
655 1451 912 1509 videlicet
944 1454 1184 1512 honores
1234 1459 1480 1514 ambiunt
1516 1460 1609 1531 qui
1640 1463 1959 1520 humilitatis
1990 1470 2103 1523 for-

496 1556 644 1595 mam
676 1542 947 1599 abnuunt.
986 1543 1102 1600 Hoc
1134 1548 1476 1618 respondent
1524 1552 1765 1622 quotidie
1794 1555 2102 1613 dicentibus

495 1638 656 1693 nobis
679 1648 738 1694 ut
761 1640 999 1697 visibilia
1023 1651 1376 1699 contemnant
1401 1663 1413 1699 :
1437 1646 1633 1702 Nonne
1654 1649 1849 1705 melius
1871 1661 1952 1706 est
1969 1653 2104 1707 divi-

496 1726 596 1782 tias
627 1728 855 1797 habere,
880 1730 1089 1802 epulari
1109 1732 1251 1788 laute
1268 1742 1321 1788 et
1342 1734 1596 1805 delicate,
1613 1738 1853 1794 molliter
1872 1741 2097 1810 cubare,

496 1817 568 1872 ad
596 1816 812 1872 libitum
845 1818 1219 1888 deambulare,
1281 1831 1333 1877 et
1362 1823 1417 1877 in
1465 1825 1765 1882 honoribus
1813 1829 2096 1898 oblectari,
2130 1835 2182 1895 B
2205 1816 2627 1914 ξ’έίήἑξῐξξῦο

497 1922 662 1978 quam
688 1909 1002 1981 expendere
1032 1910 1150 1966 dies
1173 1919 1394 1967 nostros
1418 1912 1473 1967 in
1520 1913 1904 1972 afﬂictionibus
1924 1920 1952 1972 ?
1982 1921 2099 1977 Hoc

496 2012 575 2059 est
605 2004 830 2061 dicere:
870 2028 890 2054 α
926 2007 1185 2080 Nunquid
1228 2025 1336 2065 non
1380 2011 1639 2066 meliores
1668 2022 1792 2069 sunt
1828 2016 2016 2073 Abana
2044 2026 2100 2073 et

492 2094 739 2165 Farphar
794 2094 1048 2151 omnibus
1099 2097 1254 2170 aquis
1310 2100 1574 2156 Israelis?
1618 2124 1640 2150 υ
1688 2103 2097 2176 Constipatores

491 2182 745 2239 dixerunt
774 2183 824 2239 ei
854 2192 907 2240 et
935 2184 1223 2242 laterales:
1258 2206 1281 2238 ι
1311 2190 1375 2243 Et
1405 2190 1450 2243 si
1481 2207 1595 2245 rem
1626 2193 1890 2264 grandem
1921 2196 2094 2250 dixis-

494 2281 582 2328 set
610 2273 706 2327 tibi
761 2274 1049 2345 propheta,
1110 2284 1261 2332 certe
1307 2278 1580 2334 debueras
1634 2282 1846 2349 facere;
1893 2293 2093 2355 quanto

492 2361 670 2433 magis
749 2362 869 2434 quia
948 2363 1085 2418 dixit
1152 2365 1293 2421 tibi:
1362 2368 1574 2425 Lavare
1629 2378 1681 2425 et
1738 2375 2092 2429 mundaberis

493 2461 589 2529 (IV
639 2462 768 2533 Reg.
803 2462 876 2530 v).
913 2484 934 2511 υ
999 2463 1271 2520 Laterales
1327 2468 1496 2521 nostri
1562 2469 1743 2541 angeli
1786 2479 1931 2538 sunt,
1981 2472 2091 2528 dati

489 2549 649 2604 nobis
671 2550 741 2605 ad
762 2550 1084 2621 custodiam,
1103 2561 1155 2607 et
1178 2553 1279 2609 viri
1305 2554 1584 2626 reliogiosi
1616 2559 1708 2629 qui
1731 2558 1944 2615 dicunt:
1981 2562 2091 2616 Etsi

490 2638 629 2694 ultra
650 2638 965 2695 facultatem
993 2650 1140 2696 esset
1191 2643 1336 2715 quod
1379 2646 1713 2717 praecipitur,
1763 2648 1947 2705 facere
1994 2651 2088 2707 de-

490 2734 712 2805 bueras,
744 2746 795 2792 et
853 2746 1164 2810 proponunt
1220 2756 1439 2797 crucem
1490 2744 1651 2809 Petri,
1697 2761 1891 2802 ensem
1921 2749 2087 2823 Pauli,

490 2824 777 2897 equuleum
809 2826 1102 2895 Vincentii,
1135 2829 1402 2886 craticula
1431 2830 1736 2890 Laurentii.
1769 2835 1891 2906 Ipse
1923 2838 2088 2895 etiam

490 2914 732 2970 camelus
760 2922 949 2971 noster
1001 2933 1100 2988 per
1136 2917 1385 2975 foramen
1426 2936 1578 2988 acus,
1610 2921 1667 2978 id
1696 2932 1776 2979 est
1833 2926 2086 2985 Christus

493 3013 800 3086 angustiam
859 3016 1134 3087 passionis
1194 3018 1480 3085 transivit;
1514 3038 1637 3093 qua:
1666 3023 1711 3078 si
1757 3024 2082 3096 intueamur,

486 3102 648 3158 etiam
677 3102 724 3158 si
751 3104 977 3177 grandis
1006 3121 1099 3160 res
1129 3107 1287 3162 nobis
1317 3108 1634 3180 imperetur,
1686 3130 1944 3172 recusare
1974 3134 2083 3173 non

486 3190 774 3260 debemus,
808 3193 936 3265 quia
965 3210 1073 3250 non
1103 3205 1224 3251 sunt
1253 3199 1543 3271 condignae
1594 3202 1881 3271 passiones
1918 3208 2084 3275 hujus
2119 3201 2168 3263 C

485 3282 752 3353 temporis
804 3283 872 3338 ad
923 3282 1159 3339 futuram
1217 3286 1456 3358 gloriam
1512 3292 1687 3360 (Rom.
1723 3296 1865 3365 vm).
1923 3297 1988 3351 Et
2041 3299 2088 3354 si

488 3398 604 3438 rem
618 3384 906 3455 grandem,
930 3384 985 3439 in
1001 3385 1179 3456 prima
1198 3390 1476 3445 creatione
1490 3392 1635 3446 Deus
1655 3409 1742 3448 me
1763 3394 1915 3450 dedit
1935 3397 2085 3465 mihi,

485 3470 544 3527 in
572 3474 990 3545 regeneratione
1019 3492 1107 3530 me
1137 3477 1269 3531 mihi
1300 3480 1554 3546 reddidit,
1588 3497 1649 3537 se
1676 3484 1839 3538 etiam
1869 3501 1971 3557 pro
1998 3503 2088 3543 me

490 3562 659 3617 dedit.
693 3562 833 3632 Quid
867 3565 1051 3637 magni
1097 3564 1293 3622 faciam
1325 3585 1429 3639 pro
1470 3569 1562 3624 tali
1609 3571 1753 3639 dato,
1800 3590 1901 3644 pro
1940 3583 2089 3633 tanto

489 3651 687 3723 pretio,
719 3669 820 3724 pro
852 3670 938 3710 me
968 3664 1197 3728 erogato
1220 3657 1248 3709 ‘?
1273 3680 1295 3705 «ι
1323 3657 1466 3726 Quid
1499 3660 1797 3716 retribuam
1833 3665 2084 3737 Domino,

487 3767 591 3822 pro
619 3752 873 3807 omnibus
904 3770 1028 3824 quae
1055 3754 1304 3809 retribuit
1332 3755 1507 3811 mihi?
1529 3780 1550 3804 η
1595 3759 1771 3827 (Psal.
1805 3765 1957 3835 cxv.)
1986 3767 2092 3822 Mo-

486 3839 615 3907 riar,
642 3842 781 3897 dixit
801 3842 1090 3913 Propheta,
1122 3844 1228 3900 hoc
1258 3852 1341 3900 est
1365 3845 1531 3916 enim,
1569 3847 1799 3904 calicem
1834 3853 2090 3911 salutaris

491 3931 761 4002 accipiam
791 3933 997 4003 (ibid.).

561 4105 763 4160 Eorum
795 4105 1039 4161 consiliis
1081 4106 1391 4177 descendit,
1443 4119 1495 4167 et
1541 4112 1670 4169 lavit
1707 4131 1767 4171 se
1795 4119 1999 4189 septies
2029 4121 2087 4176 in

487 4194 727 4250 Jordane
776 4196 867 4264 (IV
907 4198 1033 4268 Reg.
1076 4197 1159 4267 v).
1217 4197 1437 4269 Septem
1488 4210 1614 4257 sunt
1668 4204 1963 4264 lavationes
2003 4211 2091 4266 vel

492 4284 850 4356 purgationes
894 4302 907 4339 :
958 4285 1178 4342 Levatio
1227 4296 1384 4345 extra
1435 4306 1656 4362 corpus,
1706 4293 1906 4352 lavatio
1946 4299 2089 4357 circa

490 4397 709 4453 corpus,
742 4381 944 4438 lavatio
976 4383 1033 4437 in
1061 4399 1307 4456 corpore,
1341 4388 1549 4460 duplex
1580 4390 1857 4465 inlingua,
1885 4396 2087 4470 duplex

490 4472 547 4528 in
593 4479 795 4526 mente.
839 4471 1055 4528 Lavatio
1093 4482 1248 4529 extra
1287 4490 1490 4548 corpus
1552 4488 1639 4535 est
1685 4482 2088 4544 abrenuntiatio

2217 566 2530 623 stimentum
2580 587 2688 643 quo
2733 575 2954 646 operiar
3002 578 3162 643 (Gen.
3206 588 3416 650 xxvui).
3460 607 3483 632 υ
3523 585 3648 639 Non
3676 583 3801 639 dixit

2216 670 2324 726 qua
2356 659 2691 728 superbiam,
2728 664 2822 718 sed
2867 666 2934 719 ad
2969 670 3264 739 tegendam
3306 672 3633 727 nuditatem.
3669 674 3800 728 Ter-

2215 753 2292 807 tia
2321 754 2519 811 lavatio
2550 757 2602 812 in
2644 775 2876 832 corpore
2921 773 3004 819 est
3040 767 3388 825 mortificatio
3415 770 3798 840 membrorum,

2215 845 2503 915 castigatio
2560 850 2824 920 corporis.
2876 853 3031 909 Unde
3092 857 3286 913 Paulus
3340 859 3462 914 ait:
3518 883 3538 906 ιι
3577 859 3800 932 Castigo

2213 948 2413 1004 corpus
2444 952 2647 1004 meum,
2672 947 2722 994 et
2752 940 2806 994 in
2830 942 3148 1000 servitutem
3179 946 3368 1021 redigo
3398 950 3449 1019 (Ι
3477 950 3601 1006 Cor.
3644 950 3741 1019 ix).
3768 974 3791 999 i-

2215 1031 2343 1088 Haec
2372 1033 2626 1091 videlicet
2669 1052 2800 1093 caro
2837 1048 2920 1095 est
2948 1047 3119 1115 Agar,
3152 1046 3529 1103 contradicens
3568 1048 3797 1104 dominae

2214 1137 2352 1176 suae.
2390 1123 2470 1179 De
2500 1142 2608 1197 qua
2663 1128 3033 1207 Ambrosius:
3084 1134 3211 1191 Jure
3254 1135 3472 1207 pertulit
3516 1136 3795 1208 injuriam,

2215 1228 2335 1282 qua:
2376 1212 2625 1270 induerat
2684 1217 3051 1278 insolentiam.
3096 1223 3239 1280 Caro
3268 1234 3455 1281 nostra
3481 1234 3562 1282 est
3599 1227 3797 1282 animal

2213 1307 2526 1379 lasciviens,
2591 1314 2745 1371 asina
2801 1318 3039 1387 petulca,
3097 1322 3197 1377 sed
3250 1322 3566 1397 castiganda
3612 1334 3713 1391 est,
3746 1334 3800 1380 ut

2212 1398 2449 1457 domina:
2495 1402 2742 1459 obediat.
2807 1405 2941 1463 Duae
2982 1407 3285 1467 lavationes
3336 1413 3391 1467 in
3440 1412 3623 1487 lingua
3667 1422 3801 1469 sunt

2212 1503 2405 1545 cavere
2446 1492 2675 1547 verbum
2730 1495 3004 1563 iactantiae
3052 1498 3107 1553 in
3163 1502 3456 1571 prosperis.
3499 1502 3545 1558 si
3584 1504 3799 1575 quando

2211 1580 2636 1649 prosperitatem
2667 1582 2756 1638 dat
2804 1585 2951 1641 Deus
2979 1586 3035 1641 in
3063 1589 3371 1645 carnalibus
3402 1592 3485 1647 vel
3514 1592 3801 1663 spirituali-

2211 1676 2330 1742 bus,
2367 1685 2419 1732 et
2461 1694 2659 1735 cavere
2708 1682 2934 1738 verbum
2975 1684 3249 1754 patientiae
3278 1686 3333 1742 in
3372 1688 3641 1745 adversis.
3688 1688 3797 1759 Qui

2205 1765 2349 1834 juste
2379 1768 2601 1836 punitur
2657 1778 2710 1824 et
2765 1772 3051 1844 impatiens
3091 1784 3191 1840 est,
3249 1777 3430 1833 socius
3464 1787 3543 1833 est
3570 1778 3795 1834 latronis

2632 1859 2765 1915 mini
2803 1862 3124 1933 pendentis;
3180 1866 3269 1938 qui
3321 1867 3519 1937 injuste
3578 1868 3795 1938 punitur

2208 1957 2260 2009 et
2290 1955 2558 2025 patienter
2580 1957 2703 2026 fert,
2738 1975 2968 2015 consors
3019 1961 3218 2018 Christi
3265 1965 3385 2019 est)
3430 1964 3520 2037 qui
3559 1972 3612 2020 et
3650 1965 3793 2033 juste

2206 2044 2425 2115 punitur
2446 2050 2501 2100 et
2530 2046 2747 2118 patiens
2777 2056 2878 2117 est,
2913 2049 3105 2105 similis
3154 2060 3235 2107 est
3277 2053 3469 2108 latroni
3521 2068 3553 2108 a
3591 2054 3794 2110 dextris

2207 2140 2298 2211 qui
2333 2140 2506 2196 dixit:
2563 2168 2585 2193 α
2648 2145 2766 2200 Nos
2814 2147 3031 2217 quidem
3076 2148 3242 2221 digna
3299 2150 3455 2207 factis
3508 2150 3795 2223 recipimus

2206 2230 2363 2298 (Luc.
2398 2233 2587 2301 XXIII).
2617 2257 2638 2281 η
2676 2234 2809 2289 Dure
2850 2235 3148 2292 lavationes
3186 2239 3243 2293 in
3281 2248 3461 2295 mente
3507 2249 3628 2294 sunt
3657 2257 3793 2311 pro—

2205 2318 2339 2389 priae
2386 2320 2679 2376 voluntatis
2733 2323 3021 2392 abdicatio,
3071 2334 3123 2381 et
3171 2329 3514 2400 propriorum
3545 2329 3796 2385 consilio-

2204 2424 2323 2462 rum
2372 2425 2479 2464 non
2537 2421 2972 2483 praesumptuosa
3025 2415 3297 2472 defensio.
3346 2418 3658 2475 Abdicanda
3707 2427 3790 2475 est

2204 2496 2477 2565 voluntas,
2512 2506 2568 2554 ut
2600 2501 2691 2572 qui
2720 2501 2885 2558 habet
2913 2503 3148 2560 exterius
3178 2505 3450 2562 silentium
3491 2515 3544 2563 et
3570 2507 3624 2562 in
3651 2523 3791 2578 pro-

2201 2594 2376 2666 speris
2417 2604 2470 2651 et
2511 2596 2564 2650 in
2604 2597 2877 2666 adversis,
2930 2616 3037 2656 non
3098 2602 3330 2659 retineat
3382 2603 3605 2659 interius
3653 2619 3787 2674 pro-

2199 2685 2374 2755 priam
2414 2684 2765 2754 voluntatem,
2815 2705 2883 2744 ne
2917 2689 2987 2744 sit
3024 2691 3316 2747 conformis
3348 2692 3584 2749 diabolo.
3634 2693 3783 2750 Sicut

2198 2772 2341 2829 enim
2369 2773 2515 2829 Deus
2537 2790 2596 2830 se
2626 2776 2792 2831 voluit
2821 2793 2987 2833 unum
3017 2795 3141 2836 esse
3170 2780 3491 2853 principium
3519 2782 3777 2849 omnium,

2198 2871 2271 2926 ita
2314 2879 2368 2927 et
2425 2888 2577 2927 suam
2614 2874 2946 2931 voluntatem
3013 2877 3255 2933 retinens
3299 2894 3407 2934 non
3463 2880 3781 2936 submittens

2197 2976 2315 3016 eam
2359 2962 2495 3027 Deo,
2537 2963 2817 3018 constituit
2853 2965 3008 3037 quasi
3049 2966 3275 3022 alterum
3324 2968 3646 3039 principium
3681 2983 3783 3025 vo-

2202 3052 2495 3105 luntatum.
2534 3052 2655 3107 Non
2684 3060 2767 3108 est
2788 3056 3233 3125 praesumendum
3265 3057 3335 3112 de
3365 3057 3617 3114 consilio.
3655 3057 3785 3127 Qui-

2195 3146 2321 3200 dam
2385 3146 2530 3201 enim
2590 3148 2799 3203 addunt
2852 3152 3227 3207 auctoritatem
3270 3153 3565 3224 Scriptura:
3595 3154 3664 3208 ab
3693 3154 3787 3210 ob-

2199 3236 2456 3291 struenda
2511 3253 2606 3292 ora
2664 3238 2896 3294 aliorum
2951 3248 3005 3294 et
3060 3241 3411 3297 astruendam
3468 3241 3785 3298 sententiam

2198 3338 2379 3379 suam.
2428 3326 2521 3380 Hae
2572 3336 2779 3397 septem
2836 3328 3144 3385 lavationes
3180 3329 3237 3384 in
3285 3330 3504 3387 Christo
3539 3330 3776 3387 fuerunt.

2200 3422 2422 3477 Lavatio
2469 3431 2627 3480 extra
2671 3441 2887 3496 corpus,
2948 3427 3068 3499 quia
3108 3442 3230 3483 cum
3272 3427 3426 3483 dives
3455 3436 3621 3491 esset.
3650 3444 3786 3500 pau-

2199 3526 2299 3581 per
2326 3527 2425 3581 pro
2456 3513 2614 3567 nobis
2649 3513 2823 3570 factus
2854 3524 2972 3576 est;
3006 3515 3202 3571 lavatio
3230 3515 3378 3572 circa
3407 3533 3628 3588 corpus,
3661 3516 3787 3589 quia

2200 3608 2359 3654 natus
2389 3609 2492 3667 est,
2518 3601 2569 3655 in
2589 3604 2924 3674 praesepicst
2950 3604 3179 3675 pasitus,
3219 3604 3415 3676 pannis
3456 3606 3699 3673 obsitus;
3732 3607 3786 3659 in

2199 3713 2450 3768 corpore,
2482 3699 2608 3771 quia
2647 3701 2911 3771 jejunavit
2961 3709 3017 3758 et
3046 3702 3098 3756 in
3139 3702 3383 3759 oratione
3422 3707 3782 3775 pernoctavit;

2199 3796 2251 3850 in
2297 3796 2543 3868 linguam
2593 3814 2702 3854 non
2741 3799 2969 3857 offendit
3015 3817 3116 3871 per
3156 3817 3439 3873 prospera,
3492 3803 3618 3875 quia
3659 3820 3779 3861 cum

2201 3885 2399 3941 vellent
2418 3904 2543 3942 eum
2572 3905 2759 3959 regem
2791 3890 2996 3957 facere,
3030 3889 3168 3961 fugit
3194 3910 3207 3958 ;
3243 3906 3353 3946 non
3374 3890 3596 3949 offendit
3624 3893 3676 3948 in
3698 3895 3788 3950 ad-

2201 3984 2390 4051 versis,
2425 3985 2551 4058 quia
2582 3988 2716 4043 sicut
2746 3989 2865 4044 ovis
2894 4005 3077 4045 coram
3109 3990 3365 4046 tondente
3399 4008 3458 4048 se
3485 3993 3775 4049 obmutuit.

2201 4086 2549 4143 Lavationem
2583 4090 2639 4143 in
2670 4089 2839 4146 corde
2888 4091 3094 4159 habuit,
3129 4092 3253 4164 quia
3287 4108 3396 4148 non
3428 4095 3574 4151 venit
3610 4096 3785 4152 facere

2200 4184 2537 4242 voluntatem
2566 4203 2741 4255 suam,
2775 4190 2872 4244 sed
2922 4190 3106 4258 Patris,
3137 4198 3189 4246 et
3221 4190 3463 4247 divinum
3505 4194 3785 4250 consilium

2199 4276 2497 4345 praeposuit
2551 4277 2779 4334 consilio
2837 4278 2981 4334 Petri
3035 4279 3266 4336 dicentis
3313 4302 3326 4338 :
3376 4305 3397 4331 α
3446 4282 3662 4338 Absita
3712 4291 3781 4351 te,

2199 4363 2450 4432 Domine,
2485 4382 2593 4421 non
2621 4366 2721 4423 erit
2778 4368 2875 4422 tibi
2930 4369 3032 4425 hoc
3085 4373 3305 4441 (Matth.
3360 4373 3498 4443 xvr).
3535 4397 3557 4421 η
3592 4373 3781 4427 Iterum

2199 4485 2325 4527 cum
2355 4470 2595 4527 dicerent
2624 4473 2825 4543 Joseph
2860 4480 2912 4528 et
2940 4484 3113 4531 mater
3138 4494 3234 4532 sua
3268 4496 3330 4533 ει
3380 4477 3494 4543 Fili,
3534 4477 3661 4550 quid
3714 4476 3786 4533 fe-

490 4560 803 4618 divitiarum
853 4569 905 4616 et
946 4563 1378 4633 possessionum,
1437 4585 1561 4639 qua:
1599 4578 1752 4625 extra
1811 4574 2082 4647 dicuntur,

2204 4561 2322 4616 cisti
2354 4561 2512 4615 nobis
2562 4561 2641 4617 sic
2664 4562 2693 4617 ?
2737 4563 3058 4634 respondit:
3111 4565 3249 4636 Quia
3278 4566 3333 4623 in
3364 4566 3447 4622 his
3477 4583 3596 4640 quae
3624 4566 3785 4621 Patris

489 4661 617 4733 quia
644 4676 748 4716 nec
777 4660 997 4731 corpori
1034 4662 1337 4730 adhierent,
1382 4681 1485 4722 nec
1527 4668 1595 4723 de
1634 4668 1754 4739 ejus
1783 4673 2089 4731 substantia

489 4758 646 4807 sunt.
702 4749 951 4805 Secunda
996 4750 1197 4807 lavatio
1252 4753 1399 4811 circa
1437 4770 1660 4827 corpus,
1722 4770 1804 4814 est
1837 4772 2092 4819 contem-

490 4848 620 4911 ptus
666 4839 923 4911 pretiosae
965 4840 1155 4907 vestis,
1204 4841 1331 4914 quia
1380 4843 1431 4898 si
1470 4860 1580 4900 non
1610 4855 1761 4903 esset
1804 4864 2089 4921 peccatum

483 4938 560 4993 uti
604 4937 846 5009 pretiosa
886 4945 1060 5003 veste,
1102 4954 1209 4994 non
1254 4938 1462 4996 diceret
1509 4944 1846 5013 Apostolus:
1892 4971 1913 4997 α
1964 4949 2088 5005 Non

484 5025 542 5082 in
570 5035 722 5084 veste
778 5026 1014 5097 pretiosa
1053 5028 1102 5097 (Ι
1132 5029 1272 5084 Tim.
1310 5030 1371 5099 ιι)
1420 5050 1443 5081 ι
1478 5032 1649 5088 Item:
1701 5034 1751 5089 si
1794 5051 1910 5092 non
1945 5046 2089 5095 esset

484 5114 762 5172 laudabile
790 5116 868 5171 uti
896 5123 1049 5173 veste
1079 5116 1190 5185 vili,
1215 5132 1325 5174 non
1356 5126 1435 5175 tot
1464 5121 1800 5179 haberemus
1830 5127 2085 5184 testimo-

483 5215 594 5283 nia,
631 5222 711 5271 tot
745 5214 1250 5272 commendationes
1288 5217 1492 5273 Christi
1521 5219 1592 5275 de
1619 5223 1828 5278 Joanne
1861 5232 1913 5279 et
1946 5225 2082 5294 Elia,

483 5311 575 5385 qui
605 5310 807 5369 vilibus
826 5310 1066 5367 usisunt.
1096 5312 1268 5369 Iacob
1292 5328 1511 5386 quoque
1536 5316 1613 5371 ait
1639 5335 1652 5372 :
1680 5340 1703 5367 ει
1731 5318 1793 5375 Si
1821 5320 2086 5378 Dominus

2202 4659 2309 4714 mei
2339 4667 2462 4714 sunt
2490 4668 2700 4731 oportet
2729 4676 2815 4716 me
2844 4678 2966 4716 esse
3016 4663 3173 4732 (Luc.
3233 4668 3316 4734 ιι).
3354 4689 3376 4713 n
3408 4674 3460 4721 et
3488 4672 3665 4721 tamen
3693 4680 3780 4721 se-

2202 4755 2470 4825 quebatur
2526 4771 2639 4820 eos,
2691 4764 2744 4811 et
2800 4766 2915 4811 erat
2972 4758 3224 4817 subditus
3279 4760 3387 4815 illis
3414 4760 3620 4829 (ibid.).
3664 4781 3684 4811 ι
3718 4760 3782 4815 Et

2201 4842 2342 4899 facta
2373 4852 2456 4898 est
2483 4859 2614 4900 caro
2645 4844 2787 4914 ejus,
2813 4847 2955 4901 sicut
3003 4864 3129 4904 caro
3181 4850 3332 4920 pueri
3361 4848 3450 4919 (IV
3478 4852 3606 4923 Reg.
3643 4846 3715 4916 v),
3752 4874 3773 4898 ι

2198 4932 2253 4986 id
2304 4942 2389 4988 est
2426 4933 2493 4987 ad
2534 4933 2947 4989 similitudinem
2995 4937 3209 4993 Christi.
3261 4940 3369 4994 Iste
3398 4945 3481 4995 est
3521 4953 3673 5009 puer,
3719 4937 3783 4993 de

2198 5049 2307 5104 quo
2348 5031 2591 5087 dicitur:
2640 5055 2661 5079 α
2710 5030 2861 5087 Puer
2908 5041 3072 5089 natus
3122 5042 3205 5090 est
3237 5034 3395 5092 nobis
3440 5035 3569 5107 (ha.
3611 5040 3711 5103 ιι).
3757 5058 3777 5083 ιι

2198 5123 2372 5178 Adam
2404 5121 2635 5194 perdidit
2664 5121 3052 5191 conditionem,
3085 5123 3473 5194 innocentiam,
3504 5124 3783 5180 immorta-

2197 5221 2424 5278 litatem.
2468 5222 2595 5278 Haec
2653 5220 2747 5274 tria
2800 5220 2978 5279 retulit
3020 5220 3179 5277 nobis
3223 5222 3327 5281 iste
3368 5239 3520 5295 puer.
3565 5222 3673 5279 Ista
3707 5231 3783 5281 est

2196 5328 2406 5392 septem
2438 5320 2612 5375 alutio
2641 5321 2889 5375 Naaman
2917 5321 2975 5375 in
3005 5321 3261 5378 Jordane.

1248 5487 1868 5597 DOMINICA
1948 5446 2428 5601 DE—CIMA
2507 5493 3023 5619 QUINTA.

1722 5686 2116 5752 Secundum
2158 5688 2574 5754 Matthmum.

554 5855 575 5881 α
606 5833 783 5890 Nemo
857 5844 998 5892 otcst
1027 5835 1239 5894 duobus
1270 5842 1503 5898 dominis
1542 5844 1771 5903 servire.
1808 5850 1914 5904 Aut
1945 5848 2089 5906 enim

2204 5867 2372 5907 unum
2422 5850 2548 5907 odio
2592 5849 2814 5905 habebit
2861 5860 2911 5907 et
2956 5850 3184 5905 alterum
3233 5848 3467 5923 diliget:
3513 5857 3600 5906 aut
3632 5866 3781 5906 unum
