3972 6462
161 375 296 427 illi

158 499 481 554 sustinebit
528 509 586 559 et
624 500 862 556 alterum
901 507 1204 554 contemnet
1237 500 1461 567 (Matth.
1495 497 1587 565 vi).
1628 520 1647 542 »ι
1673 495 1792 548 Non
1823 494 1875 553 A
1906 494 2194 550 rimentum
2273 498 2494 564 florum,
2555 500 2688 552 sicut
2764 499 2960 555 dicitur
3013 521 3024 556 :

156 589 410 655 potestis
447 591 580 645 Deo
623 590 832 644 servire
873 597 922 642 et
975 603 1319 648 mammonm,
1357 587 1406 639 id
1433 594 1512 639 est
1533 601 1666 654 opus
1705 583 1790 635 di-

153 692 340 732 versae
386 679 679 732 voluntati
728 679 1068 732 dominorum
1134 692 1238 729 non
1280 675 1526 729 convenit
1565 689 1576 727 :
1622 675 1790 725 Ellam-

153 789 330 828 mona
368 776 642 846 Syriaca,
678 775 874 830 divitiae
922 781 1302 843 nuncupantur
1341 771 1549 827 Latine.
1600 770 1792 824 Audiat

153 863 264 917 hoc
295 879 554 920 avarus.
601 867 725 921 Non
764 863 920 928 dixit,
965 862 1055 934 qui
1095 862 1256 915 habet
1301 861 1538 923 divitias,
1581 860 1674 912 sed
1701 859 1790 927 qui

151 953 360 1018 servit,
411 953 478 1008 id
516 962 596 1008 est
622 954 711 1025 qui
752 951 985 1007 custodit
1013 961 1068 1005 ut
1099 966 1311 1014 servus,
1372 957 1423 1003 et
1458 965 1564 1002 non
1604 948 1792 1001 distri-

150 1049 275 1102 buit
309 1058 374 1103 ut
412 1051 708 1105 dominus.
751 1051 1056 1104 Hammona
1113 1049 1257 1118 apud
1302 1047 1561 1100 llebrmos
1591 1045 1791 1098 divitia}

151 1137 466 1205 dicuntur,
517 1140 718 1195 Punice
758 1147 938 1192 autem
1002 1152 1298 1202 mammon,
1370 1136 1421 1188 id
1462 1142 1544 1188 est
1583 1134 1789 1188 lucrum

148 1227 388 1282 dicitur.
446 1228 566 1297 Qui
621 1227 785 1282 servit
823 1242 1149 1280 mammonae
1197 1223 1414 1278 diabolo
1471 1222 1655 1285 servit,
1699 1221 1789 1292 qui

148 1327 441 1396 princeps
478 1327 645 1394 hujus
672 1325 861 1380 saeculi
891 1339 921 1378 a
946 1323 1177 1378 Domino
1207 1322 1399 1376 dicitur
1438 1323 1622 1390 (Joan.
1658 1321 1786 1387 xiv).

156 1445 179 1472 ε
223 1424 296 1477 Ει
362 1425 614 1478 alterum
672 1424 880 1493 diliget,
946 1447 965 1469 ι
1011 1422 1063 1475 id
1105 1431 1186 1475 est
1227 1421 1423 1473 Deum.
1473 1420 1606 1487 Quis
1648 1418 1788 1472 enim

153 1511 468 1566 diabolum
503 1512 737 1584 diligit?
771 1512 970 1565 Patitur
1000 1521 1178 1563 tamen
1231 1509 1422 1578 aliquis
1478 1524 1620 1572 eum,
1656 1508 1793 1560 sicut

154 1599 258 1670 qui
297 1600 361 1652 in
416 1615 631 1670 magna
670 1599 834 1652 domo
883 1598 1061 1668 aliqua
1101 1598 1292 1651 aliena:
1322 1596 1531 1650 ancilla:
1562 1595 1791 1662 conjun-

153 1705 308 1759 ctus,
363 1707 603 1766 pr0pter
640 1695 989 1766 cupiditatem
1023 1710 1177 1747 suam
1237 1694 1425 1745 duram
1458 1691 1656 1761 patitur
1687 1707 1794 1745 ser-

153 1785 437 1849 vitutem,
520 1783 686 1838 etiam
730 1785 774 1837 si
849 1783 1099 1837 dominus
1137 1782 1345 1835 ancillae
1421 1797 1527 1834 non
1580 1779 1789 1849 diligat.

1141 372 1719 427 DEFLORATXONES
1760 370 1860 421 FS.
1913 370 2211 426 PATIlUM.
2247 404 2310 411 —
2346 373 2473 426 LIB.
2519 375 2590 427 11.

3358 380 3490 432 illi

3085 500 3274 572 Operit
3329 501 3489 556 istum

1901 584 2084 637 rubor.

1977 696 1997 717 α
2034 673 2088 726 Si
2119 683 2295 728 autem
2347 673 2550 740 fenum,
2589 677 2736 748 quod
2772 678 2932 732 hodie
2959 687 3042 733 est
3071 687 3123 733 et
3153 695 3272 735 cras
3302 679 3355 732 in
3385 679 3491 734 cli-

1902 770 2098 824 banum
2133 772 2377 837 mittitur,
2415 775 2560 827 Deus
2592 775 2669 829 sic
2698 777 2878 839 vestit,
2915 784 3117 847 quanto
3147 776 3324 847 magis
3370 793 3488 844 vos,

1901 860 2126 914 modicze
2159 860 2280 914 lidei
2328 865 2355 913 ‘2
2413 863 2597 927 Vestit,
2633 863 2685 916 id
2735 872 2815 917 est
2846 864 3078 919 adornat.
3105 866 3252 919 Deus
3282 865 3486 931 fenum,

1901 949 2005 1001 hoc
2037 957 2117 1002 est
2148 949 2338 1003 herbas
2397 960 2449 1004 et
2501 951 2728 1021 pulchro
2787 952 2971 1007 colore
3020 961 3072 1008 et
3124 953 3268 1008 bono
3297 956 3488 1009 odore.

1900 1045 2058 1113 Quod
2109 1062 2231 1100 cum
2282 1047 2539 1102 siccatum
2605 1048 2767 1102 fuerit
2815 1050 3056 1104 mittetur
3085 1050 3138 1104 in
3194 1051 3488 1117 clibanum,

1900 1134 1953 1187 id
1983 1142 2064 1187 est
2096 1135 2148 1187 in
2180 1151 2436 1190 acervum
2468 1137 2758 1190 habentem
2807 1137 3044 1206 speciem
3093 1137 3308 1194 clibani.
3371 1141 3491 1194 Mo-

1899 1223 2017 1276 dica
2046 1221 2182 1277 fides
2213 1233 2293 1279 est
2326 1241 2446 1296 quae
2477 1241 2578 1280 nec
2626 1225 2694 1280 de
2727 1226 2964 1280 minimis
3009 1235 3152 1282 certa
3209 1235 3309 1294 est,
3357 1243 3493 1283 nec-

1901 1321 2029 1374 dum
2058 1331 2263 1376 :eterna
2321 1331 2526 1391 sperat.
2582 1347 2602 1370 ιι
2650 1323 2828 1378 Nolite
2887 1341 3022 1397 ergo
3051 1324 3270 1380 solliciti
3344 1341 3490 1392 esse,

1901 1409 2142 1463 dicentes
2178 1428 2189 1462 :
2222 1409 2364 1478 Quid
2412 1411 2880 1480 manducabimus,
2913 1422 3002 1467 aut
3052 1414 3182 1484 quid
3212 1415 3487 1480 bibemus,

1904 1505 1996 1551 aut
2027 1514 2131 1568 quo
2161 1499 2512 1568 operiemur?
2545 1501 2670 1555 Haec
2701 1501 2840 1554 enim
2873 1501 3051 1555 omnia
3082 1510 3275 1573 gentes
3304 1502 3495 1572 iniqui-

1902 1601 2043 1647 runt.
2123 1595 2232 1648 Scit
2262 1595 2407 1648 enim
2465 1596 2622 1650 Pater
2675 1605 2856 1650 vester
2927 1597 3053 1668 quia
3109 1599 3194 1652 his
3240 1599 3493 1653 omnibus

1901 1682 2176 1752 indigetis.
2235 1682 2469 1751 Quaerite
2499 1693 2679 1738 autem
2727 1687 2963 1754 primum
3014 1702 3240 1759 regnum
3270 1687 3390 1754 Dei,
3444 1697 3497 1744 et

1895 1771 2157 1840 justitiam
2181 1774 2350 1843 ejus:
2399 1781 2452 1827 et
2507 1774 2623 1827 hrec
2654 1773 2836 1828 omnia
2883 1774 3208 1842 adjicientur
3236 1776 3409 1831 vobis.
3473 1799 3495 1824 ιι

159 1897 182 1919 α
221 1874 292 1927 Et
319 1846 571 1928 alterum
601 1880 977 1928 contemnet.»
1005 1871 1138 1939 Quis
1159 1873 1335 1924 Deum
1356 1878 1531 1939 potest
1562 1846 1744 1923 odisse
1764 1871 1792 1922 ‘?
1824 1846 1876 1904 Β
1908 1868 2181 1922 Gentibus
2205 1869 2513 1924 nulla‘cura
2550 1878 2630 1923 est
2661 1869 2728 1924 de
2762 1871 2974 1938 futuris,
3007 1872 3102 1926 sed
3126 1888 3344 1942 semper
3364 1889 3506 1944 pra:-

157 1971 506 2026 Contemnit
560 1979 737 2024 tamen
813 1969 1009 2039 aliquis
1049 1985 1192 2032 eum,
1235 1968 1287 2021 id
1357 1972 1439 2020 est
1471 1983 1575 2020 non
1619 1966 1793 2030 timet,

157 2075 295 2114 cum
387 2058 557 2113 nimis
596 2059 664 2112 de
705 2059 822 2127 ejus
861 2057 1239 2111 misericordia
1292 2056 1590 2126 praesumit.
1635 2053 1795 2107 Unde

160 2147 312 2202 illud
343 2163 357 2201 :
405 2172 426 2194 α
467 2146 584 2209 Fili,
619 2162 686 2200 ne
715 2146 944 2216 adjicias
974 2154 1251 2215 peccatum
1292 2160 1456 2212 super
1487 2151 1789 2213 peccatum,

163 2256 223 2299 et
264 2246 439 2300 dicas
477 2262 488 2297 :
523 2243 901 2298 misericordia
933 2243 1029 2296 Dei
1062 2257 1260 2311 magna
1287 2249 1367 2294 est
1407 2242 1603 2306 (Ec-cli.
1650 2243 1725 2307 v).
1760 2261 1782 2287 ι

165 2335 366 2389 Lucas
399 2334 561 2387 habet
598 2356 618 2379 α
655 2331 949 2385 adhzercbit
975 2333 1132 2390 (Luc.
1172 2337 1308 2393 xm),
1349 2353 1366 2374 ιι
1395 2328 1484 2381 ubi
1515 2331 1796 2382 Matthreus

164 2423 312 2477 dicit
356 2445 382 2472 ει
418 2421 724 2476 sustinebit.
765 2445 784 2466 υ
823 2421 887 2474 Ει
917 2429 1202 2490 utrumque
1254 2418 1474 2487 respicit
1503 2418 1565 2470 ad
1598 2417 1795 2470 diabo-

163 2521 315 2586 lum,
354 2521 447 2577 cui
481 2522 620 2576 male
651 2520 1004 2591 acquirentes
1049 2518 1268 2572 divitias
1297 2517 1625 2570 adhazrendo
1665 2533 1794 2570 sus-

168 2611 443 2665 tinebunt
474 2610 644 2665 illum.

254 2720 279 2749 α
323 2700 462 2753 Ideo
492 2699 614 2753 dico
646 2697 820 2762 vobis,
864 2713 963 2751 nec
1003 2694 1224 2749 solliciti
1283 2693 1398 2747 sitis
1445 2692 1636 2746 animae
1697 2710 1795 2748 ve-

179 2805 328 2851 strae
365 2797 499 2868 quid
529 2795 888 2862 manducetis,
930 2811 1108 2865 neque
1155 2793 1369 2863 corpori
1415 2802 1601 2846 vestro
1660 2793 1795 2864 quid

175 2885 526 2939 induamini.
568 2909 586 2930 ι
620 2885 700 2938 De
731 2884 934 2938 carnali
965 2883 1088 2936 cibo
1120 2891 1170 2936 et
1195 2882 1516 2935 vestimento
1548 2883 1649 2935 hoc
1706 2897 1788 2936 ac-

181 2973 515 3043 cipiendum
547 2981 649 3034 est.
684 2973 806 3044 quia
831 2973 898 3026 de
929 2970 1304 3040 spiritualibus
1359 2987 1584 3039 semper
1613 2969 1788 3023 debe-

181 3087 316 3124 mus
351 3086 475 3124 esse
533 3069 768 3124 solliciti.
825 3070 1004 3123 Labor
1060 3069 1414 3131 exercendus,
1475 3067 1567 3121 sed
1599 3067 1793 3121 sollici-

1906 1958 2078 2011 sentia
2110 1966 2378 2028 quaerunt.
2430 1959 2686 2012 Filiorum
2739 1967 2920 2014 autem
2978 1969 3058 2014 est
3110 1977 3355 2031 quaerere
3412 1977 3504 2017 re-

1905 2063 2074 2117 gnum
2113 2047 2211 2099 Dei
2245 2065 2258 2112 ;
2293 2053 2343 2100 et
2375 2048 2490 2102 hmc
2508 2049 2690 2102 omnia
2712 2056 2945 2119 paterna
2973 2049 3142 2120 gratia
3174 2049 3506 2120 adjicientur

1907 2145 2067 2198 etiam
2103 2160 2206 2197 non
2239 2145 2627 2217 quaerentibus,
2661 2153 2719 2199 ut
2773 2163 2873 2202 nec
2904 2147 2958 2200 in
2998 2147 3255 2217 praesenti
3299 2163 3402 2203 nec
3447 2149 3505 2202 in

1909 2232 2084 2287 futuro
2117 2233 2258 2286 desit
2289 2233 2366 2286 eis
2397 2233 2581 2304 aliqua
2611 2235 2810 2305 gratia.
2854 2236 3238 2290 Verumtamen
3288 2236 3333 2290 si
3363 2254 3504 2305 prae-

1909 2323 2081 2376 sentia
2106 2323 2514 2388 subtrahuntur,
2548 2323 2612 2375 ad
2646 2323 3025 2394 probationem
3059 2333 3168 2393 est;
3205 2325 3249 2378 si
3280 2325 3499 2392 dantur,

1905 2419 1974 2474 ad
2006 2420 2307 2491 gratiarum
2365 2419 2635 2475 actionem
2673 2436 2683 2474 :
2723 2438 2844 2491 quze
2875 2422 3053 2475 omnia
3113 2431 3504 2494 comparantur

1906 2510 1956 2563 in
1993 2510 2212 2562 bonum.
2271 2508 2380 2562 Scit
2411 2509 2552 2562 enim
2579 2509 2818 2564 cmlestis
2861 2511 3103 2565 medicus
3161 2528 3283 2582 qua;
3338 2511 3501 2567 nobis

1903 2601 2131 2652 daturus
2163 2605 2246 2651 est
2292 2599 2359 2650 ad
2415 2598 2840 2652 consolationem
2877 2616 2889 2661 ;
2945 2600 3074 2670 quid
3103 2615 3237 2654 vero
3293 2601 3502 2654 subtra-

1905 2705 2090 2751 cturus
2121 2695 2187 2748 ad
2221 2694 2686 2750 exercitationem.
2758 2696 2878 2750 Non
2925 2697 3070 2750 enim
3123 2697 3370 2765 jumento
3401 2713 3501 2752 suo

1906 2786 2068 2840 homo
2099 2784 2298 2839 cibaria
2331 2784 2451 2838 sine
2484 2799 2650 2840 causa
2679 2785 3086 2839 detrahit.Cum
3115 2786 3255 2840 dixit
3288 2803 3301 2840 :
3339 2810 3360 2834 α
3390 2787 3503 2840 Pri-

1904 2891 2048 2928 mum
2084 2875 2312 2945 qurerite
2346 2889 2576 2944 regnum
2609 2873 2728 2940 Dei,
2769 2896 2790 2921 ι»
2826 2873 3150 2945 signiﬁcavit
3205 2875 3502 2946 temporale

1903 2973 2171 3042 posterius
2216 2971 2564 3041 qurerendum
2619 2986 2726 3025 non
2759 2981 3022 3042 tempore,
3084 2973 3180 3027 sed
3211 2972 3496 3044 dignitate.

1904 3061 2038 3114 lllud
2097 3067 2352 3131 tanquam
2402 3059 2620 3127 bonum,
2682 3061 2781 3114 hoc
2814 3068 3061 3131 tanquam
3105 3061 3495 3128 necessarium,

186 3160 330 3214 tudo
387 3169 466 3213 est
501 3158 760 3222 tollenda,
838 3158 905 3212 de
935 3156 1240 3212 carnalibus
1297 3157 1513 3227 quidam
1562 3156 1786 3221 addunt,
1824 3198 1872 3260 Ο
1903 3151 1998 3204 sed
2032 3148 2402 3203 necessarium
2436 3156 2659 3260 propter
2683 3147 2811 3254 illud
2846 3149 3073 3203 bonum.
3122 3152 3318 3219 Aperte
3348 3150 3492 3204 enim

187 3263 380 3319 neque
415 3246 542 3317 quid
573 3246 793 3300 bibatis.

271 3367 294 3391 α
333 3343 531 3396 Nonne
563 3342 744 3397 anima
783 3342 905 3414 plus
954 3349 1036 3396 est
1094 3358 1250 3412 quam
1309 3357 1456 3406 esca,
1490 3349 1542 3395 et
1588 3356 1788 3410 corpus

180 3432 316 3502 plus
347 3447 511 3501 quam
545 3431 925 3485 vestimentum
946 3432 1000 3483 ‘?n
1026 3431 1228 3484 Sensus
1260 3438 1372 3483 est:
1408 3430 1510 3498 Qui
1544 3429 1789 3499 praéstitit

182 3521 420 3592 majora,
453 3519 737 3590 praestabit
775 3527 826 3573 et
861 3518 1092 3573 minora.
1174 3520 1271 3572 Pro
1316 3520 1418 3573 hac
1468 3519 1576 3570 vita
1609 3518 1788 3588 posuit

180 3618 456 3682 animam,
528 3617 688 3688 juxta
736 3617 915 3671 illud:
973 3640 994 3663 α
1025 3615 1128 3684 Qui
1178 3625 1318 3670 amat
1366 3615 1596 3670 animam
1628 3631 1786 3669 suam

182 3706 387 3778 perdet
418 3721 539 3760 eam
573 3708 762 3770 (Joan.
802 3709 925 3774 xu).
965 3727 984 3751 υ

259 3790 538 3861 Respicite
613 3789 852 3844 volatilia
907 3789 1050 3855 cmli,
1128 3790 1384 3861 quoniam
1433 3804 1539 3843 non
1598 3796 1783 3843 serunt

181 3902 377 3958 neque
452 3895 676 3952 metunt,
727 3902 906 3957 neque
962 3895 1305 3958 congregant
1362 3887 1416 3940 in
1458 3888 1673 3951 horrea,
1729 3896 1781 3942 et

181 3979 351 4031 Pater
407 3983 587 4030 vester
616 3974 857 4030 caelestis
915 3975 1090 4045 pascit
1117 3992 1180 4030 ea
1215 3993 1227 4029 :
1260 3976 1453 4030 Nonne
1485 3992 1582 4029 vos
1604 3978 1780 4049 magis

181 4065 360 4137 pluris
418 4065 556 4118 estis
588 4063 693 4117 illis
723 4065 750 4116 ?
807 4065 921 4119 Hoc
978 4065 1047 4118 ad
1087 4064 1320 4118 litteram
1359 4065 1777 4133 intelligendum

181 4172 299 4228 est,
333 4163 459 4232 quia
489 4162 752 4217 Dominus
781 4161 1069 4216 manifeste
1113 4177 1329 4215 omnem
1377 4177 1559 4216 curam
1593 4180 1776 4217 rerum

185 4251 552 4324 prmsentium
609 4251 882 4315 admonet,
961 4259 1010 4304 et
1057 4258 1290 4304 attentos
1336 4257 1540 4304 tantum
1572 4253 1776 4306 essein

182 4357 288 4412 spe
319 4339 481 4394 futuri
511 4340 690 4394 docet.
768 4338 1045 4394 Rationale
1097 4339 1293 4392 animal
1353 4339 1438 4394 cui
1495 4342 1776 4395 aeternitas

180 4436 518 4510 promittitur
544 4435 666 4506 plus
695 4443 776 4490 est
815 4452 976 4507 quam
1021 4435 1353 4490 irrationale.
1391 4458 1413 4482 α
1449 4437 1622 4508 Magis
1651 4438 1775 4507 plu-

1900 3247 2137 3300 ostendit
2167 3261 2273 3298 non
2333 3244 2647 3315 temporalia
2679 3244 2756 3299 sic
2783 3246 3110 3315 appetenda,
3160 3254 3216 3299 ut
3269 3255 3494 3317 propter

1898 3338 2012 3405 ipsa
2045 3336 2181 3388 bene
2215 3334 2394 3388 facere
2452 3333 2764 3400 debeamus,
2828 3333 2955 3389 licet
2999 3334 3106 3388 sint
3154 3337 3486 3389 necessaria.

1899 3425 2249 3493 Qumcunque
2300 3422 2446 3476 enim
2523 3422 2772 3488 facimus,
2816 3430 3040 3493 propter
3085 3439 3316 3494 regnum
3389 3424 3491 3480 Dei

1897 3525 2077 3579 facere
2133 3521 2486 3575 instituimur.
2564 3523 2683 3575 Non
2725 3519 2866 3574 enim
2919 3520 3296 3589 evangelizare
3325 3521 3490 3576 debe-

1895 3629 2014 3666 mus
2046 3620 2103 3666 ut
2132 3610 2547 3673 manducemus,
2592 3609 2687 3663 sed
2745 3609 3076 3665 manducare
3135 3618 3191 3663 ut
3237 3625 3484 3681 evange-

1894 3703 2119 3757 lizemus
2152 3719 2166 3766 ;
2201 3698 2323 3770 quia
2352 3697 2612 3770 quidquid
2645 3704 2867 3768 propter
2913 3697 3119 3769 aliquid
3149 3697 3296 3752 aliud
3329 3715 3484 3770 qum-

1893 3801 2044 3864 ritur,
2081 3797 2238 3852 vilius
2278 3805 2363 3850 est
2417 3812 2576 3867 quam
2611 3796 2665 3850 id
2723 3804 2944 3866 pr0pter
2999 3796 3139 3866 quod
3190 3797 3470 3869 quaaritur.

1890 3890 2010 3942 Non
2065 3902 2255 3942 omnes
2295 3893 2518 3955 propter
2591 3884 2817 3938 salutem
2849 3884 3102 3940 Ecclesia:
3145 3885 3474 3953 ministrant,

1889 3977 1985 4032 sed
2008 3983 2232 4046 propter
2253 3973 2586 4044 temporalia,
2619 3981 2711 4027 aut
2742 3983 2966 4043 propter
2994 3981 3300 4044 utrumque.
3367 3975 3474 4030 Sed

1887 4089 2052 4143 supra
2082 4073 2280 4127 dictum
2312 4079 2394 4125 est
2427 4088 2439 4124 :
2477 4093 2498 4118 α
2534 4071 2708 4124 Nemo
2739 4078 2924 4140 potest
2977 4071 3189 4124 duobus
3235 4071 3474 4125 dominis

1886 4163 2118 4227 servire,
2158 4184 2179 4208 ι»
2233 4175 2364 4230 ergo
2393 4159 2771 4212 tantummodo
2828 4167 3050 4229 propter
3093 4175 3326 4232 regnum
3374 4159 3474 4215 Dei

1885 4251 2149 4305 debemus
2178 4247 2393 4319 cperari
2428 4249 2644 4313 bonum,
2677 4255 2729 4301 et
2760 4263 2866 4301 non
2919 4248 2971 4302 in
3017 4249 3120 4302 hac
3150 4248 3473 4318 operatione

1885 4348 1968 4403 vel
2002 4348 2124 4416 spla
2154 4345 2241 4400 vel
2271 4361 2394 4399 cum
2420 4360 2593 4416 regno
2623 4344 2723 4398 Dei
2755 4345 3066 4400 mercedem
3096 4347 3473 4416 temporalium

1883 4436 2144 4507 cogitare.
2205 4433 2450 4502 Quorum
2525 4433 2767 4487 omnium
2824 4434 3200 4505 temporalium
3253 4437 3473 4492 nomine

181 4526 286 4591 ris,
324 4548 345 4572 »
381 4525 485 4579 hoc
515 4532 600 4578 est
629 4524 794 4578 multo
824 4524 996 4594 pluris
1023 4524 1183 4595 pretii
1203 4524 1333 4578 estis
1363 4540 1460 4579 vos
1481 4542 1642 4596 quam
1673 4541 1772 4580 vo-
1803 4547 1854 4606 D
1885 4523 2246 4579 Christianum
2277 4522 2472 4592 posuit,
2497 4521 2685 4577 dicens
2717 4540 2728 4576 :

181 4613 353 4668 latilia
378 4612 502 4669 cali
533 4612 682 4666 aerii.

262 4738 284 4762 υ
322 4713 458 4782 Quis
489 4722 673 4768 autem
732 4722 972 4769 vestrum
1030 4715 1276 4785 cogitans
1334 4724 1513 4784 potest
1541 4717 1776 4784 adjicere

182 4802 252 4858 ad
285 4806 550 4857 staturam
583 4818 734 4857 suam
767 4803 1008 4858 cubitum
1035 4820 1199 4857 unum
1220 4803 1249 4858 7
1289 4827 1308 4850 η
1337 4804 1392 4858 Si
1431 4820 1570 4876 ergo
1599 4821 1777 4876 neque

189 4891 340 4964 quod
368 4891 648 4945 minimum
682 4898 771 4946 est
802 4890 1044 4960 potestis,
1069 4892 1196 4962 quid
1229 4892 1294 4946 de
1326 4893 1535 4947 caeteris
1564 4893 1776 4948 solliciti

185 4988 320 5045 estis
347 4990 376 5042 ?
406 4987 489 5040 1111
519 4987 809 5058 relinquite
839 4987 1058 5060 tegendi
1096 4989 1340 5059 corporis
1377 5005 1582 5059 curam,
1618 4992 1776 5061 cujus

185 5092 317 5134 cura
349 5075 547 5130 factum
578 5084 677 5130 est.

262 5189 284 5211 ιι
320 5164 680 5219 Considerate
711 5163 815 5217 lilia
848 5163 968 5235 agri
1028 5166 1295 5235 quomodo
1343 5175 1630 5221 crescunt:
1667 5183 1774 5222 non

185 5263 435 5318 laborant
465 5277 641 5333 neque
696 5268 844 5317 nent.
898 5284 919 5308 ι»
956 5261 1074 5316 Non
1133 5262 1221 5316 hic
1273 5268 1359 5318 est
1403 5263 1568 5334 igitur
1623 5282 1774 5335 quaa-

186 5351 352 5406 renda
383 5349 665 5420 allegoria,
700 5349 837 5404 sicut
858 5364 959 5404 nec
987 5349 1040 5403 in
1071 5349 1279 5416 avibus,
1313 5352 1410 5406 sed
1441 5354 1507 5406 de
1555 5353 1778 5427 minori-

185 5441 287 5495 bus
319 5438 603 5509 persuasio
633 5435 688 5491 ﬁt
717 5438 785 5491 ad
815 5437 1046 5506 majora.

263 5562 283 5585 ι.
319 5537 457 5593 Dico
514 5543 693 5591 autem
751 5536 903 5590 vobis
957 5535 1212 5606 quoniam
1267 5551 1369 5590 nec
1425 5538 1678 5593 Salomon
1717 5540 1773 5592 in

185 5627 331 5684 omni
389 5625 568 5698 gloria
623 5639 719 5678 sua
747 5633 1036 5695 occpertus
1096 5633 1178 5679 est
1208 5624 1345 5679 sicut
1374 5642 1537 5679 unum
1599 5643 1662 5680 ex
1694 5627 1773 5680 is-

181 5725 270 5783 tis.
309 5747 330 5772 ιι
367 5723 499 5792 Quae
529 5737 769 5792 purpura
803 5738 1020 5793 regum,
1085 5738 1204 5791 qua)
1256 5721 1461 5790 pictura
1491 5723 1773 5777 textricum

183 5829 361 5895 potest
408 5819 637 5876 ﬂoribus
668 5819 966 5888 comparari
996 5819 1023 5871 ?
1087 5820 1211 5890 Ipse
1240 5817 1393 5875 color
1421 5818 1614 5875 dicitur
1635 5835 1772 5891 ope-

1962 4641 1983 4665 α
2018 4619 2197 4673 Nolite
2246 4617 2460 4672 solliciti
2491 4633 2612 4672 esse
2639 4617 2706 4672 de
2737 4617 3030 4673 crastino.»
3066 4619 3187 4673 Non
3217 4619 3359 4673 enim
3391 4619 3473 4674 di-

1885 4707 2024 4762 citur
2053 4707 2318 4762 crastinus
2345 4706 2480 4769 dies,
2544 4705 2646 4759 nisi
2694 4705 2749 4759 in
2800 4713 3067 4776 tempore.
3108 4706 3288 4762 Nolite
3337 4724 3472 4781 ergo

1885 4796 2102 4851 solliciti
2133 4812 2254 4850 esse
2286 4795 2338 4848 in
2371 4794 2688 4850 crastinum.
2724 4795 3003 4850 Crastinus
3032 4795 3175 4851 enim
3207 4795 3326 4852 dies
3355 4797 3472 4852 sol-

1885 4893 2063 4950 licitus
2093 4895 2195 4948 erit
2224 4893 2326 4948 sibi
2361 4893 2494 4963 ipse.

1963 5023 1984 5054 ι
2020 5000 2229 5056 Sufﬁcit
2256 4999 2361 5054 diei
2391 4999 2599 5054 malitia
2627 5016 2748 5055 sua.
2791 5021 2814 5052 ι
2848 5003 2928 5056 De
2957 5001 3315 5073 praesentibus
3345 5018 3470 5064 con-

1885 5097 2028 5153 cedit
2057 5114 2179 5152 esse
2209 5096 2490 5163 sollicitos,
2550 5112 2655 5152 non
2687 5099 2755 5152 de
2788 5097 3008 5155 futuris.
3065 5100 3221 5157 Unde
3248 5104 3474 5173 Aposto-

1885 5187 1970 5241 lus
2001 5207 2018 5242 :
2056 5210 2075 5231 α
2111 5187 2282 5240 Nocte
2329 5193 2382 5239 et
2433 5184 2520 5239 die
2566 5185 2811 5240 manibus
2877 5189 3081 5243 nostris
3135 5189 3467 5259 laborantes,

1885 5291 1955 5330 ne
1987 5291 2144 5347 quem
2177 5281 2412 5328 vestrum
2445 5288 2799 5344 gravaremus
2829 5276 2879 5347 (l
2920 5278 3102 5333 Thess.
3153 5278 3240 5349 it).
3287 5301 3310 5327 ι
3337 5278 3470 5334 Cras

1883 5374 1939 5427 in
1973 5371 2267 5442 Scripturis
2306 5370 2546 5426 futurum
2595 5379 2808 5442 tempus
2856 5373 3200 5446 intelligitur,
3259 5375 3472 5432 dicente

1884 5462 2054 5516 Iacob
2091 5477 2103 5514 :
2136 5484 2156 5507 ι
2180 5459 2445 5514 Exaudiet
2466 5476 2553 5514 me
2574 5461 2918 5530 crasjustitia
2939 5479 3055 5516 mea
3079 5463 3246 5532 (Gen.
3272 5466 3466 5536 xxx).»

1888 5551 1992 5606 Per
2007 5549 2151 5604 diem
2196 5549 2572 5619 intelliguntur
2603 5549 2851 5604 homines
2890 5567 3114 5620 quorum
3137 5552 3256 5608 dies
3284 5561 3387 5624 est,
3420 5563 3478 5609 ut

1886 5647 1962 5700 ait
1986 5645 2283 5716 Apostolus
2317 5659 2328 5698 :
2370 5667 2390 5692 α
2426 5643 2782 5698 Redimentes
2829 5653 3048 5717 tempus
3075 5649 3330 5719 quoniam
3361 5651 3479 5706 dies

1891 5734 2024 5789 mali
2053 5740 2172 5786 sunt
2204 5734 2439 5800 (Coloss.
2475 5735 2569 5800 tv).
2596 5755 2616 5779 η
2650 5731 2859 5788 Sensus
2882 5750 3012 5804 ergo
3043 5745 3124 5791 est
3157 5755 3168 5790 :
3201 5737 3331 5794 Dies
3361 5755 3483 5795 cra-

1887 5821 2077 5891 stinus,
2109 5821 2167 5876 id
2198 5830 2280 5877 est
2309 5821 2474 5877 futuri
2527 5821 2811 5893 temporis,
2877 5823 3126 5882 homines
3172 5835 3332 5886 erunt
3361 5829 3478 5885 sol-
