3972 6472
413 446 548 500 1143

1553 444 1904 499 WERNERI
1934 442 2225 498 ABBATIS
2264 443 2320 499 S.
2362 446 2585 501 BLASJI

3578 444 3699 499 1144

414 568 548 626 liciti
577 569 714 627 sibi.
750 570 829 625 'l‘u
881 586 1009 627 vero
1038 570 1113 625 sis
1143 570 1410 627 sollicitus
1467 569 1536 624 de
1575 576 1627 623 te
1667 569 1722 622 in
1763 584 2010 640 praesen-
2039 568 2096 630 A
2125 568 2303 623 aliena
2335 585 2393 625 se
2423 585 2652 626 manum
2681 588 2790 628 non
2818 570 3050 637 mittere,
3093 570 3140 625 si
3173 585 3269 626 sua
3307 569 3699 637 redderentur;

419 660 636 714 tiarum.
681 659 956 715 Sollicitus
1010 659 1069 713 in
1138 658 1473 729 supradictis
1500 656 1771 731 significat
1826 656 2021 711 anxie-

420 756 587 803 tatem
614 767 627 811 ;
660 749 749 804 hic
779 765 908 803 vero
955 747 1381 819 providentiam,
1416 763 1581 819 quam
1610 746 1846 802 futurum
1878 755 2021 801 tem-

420 861 526 918 pus
554 844 741 901 afferet
772 860 976 911 secum,
1011 852 1069 899 ut
1097 861 1225 900 cum
1256 860 1484 900 necesse
1516 844 1620 899 erit
1675 858 1896 898 sumere
1926 843 2023 897 ali-

340 980 357 1011 .\
427 934 559 1006 quid
588 934 886 1005 temporale
917 933 1081 1002 adsit,
1158 934 1287 1006 quia
1332 936 1487 990 novit
1537 935 1686 989 Deus
1735 932 1867 1005 quid
1896 932 2034 988 indi'

425 1038 640 1097 gemus.
682 1021 882 1078 Curam
931 1031 1109 1077 autem
1160 1022 1505 1093 praesentium
1545 1022 1807 1077 malitiam
1846 1030 2026 1089 vocat,

425 1119 552 1190 quia
596 1118 829 1188 poenalis
880 1127 963 1172 est
992 1126 1045 1174 et
1077 1118 1305 1190 pertinet
1351 1120 1419 1173 ad
1448 1118 1834 1174 mortalitatem
1865 1136 2029 1190 quam

424 1207 708 1280 peccando
738 1207 1034 1262 meruimus
1068 1223 1082 1278 ;
1125 1224 1248 1280 quae
1294 1208 1351 1262 in
1396 1224 1457 1263 se
1495 1208 1628 1263 satis
1657 1223 1893 1263 onerosa
1923 1216 2026 1274 est,

427 1295 661 1352 necdum
710 1299 871 1350 etiam
939 1295 1234 1352 futurorum
1301 1313 1493 1352 curam
1570 1296 2027 1368 superaddamus.

428 1394 543 1449 Hoc
568 1392 693 1449 loco
723 1393 1079 1449 vehementer
1107 1394 1409 1450 cavendum
1441 1401 1542 1460 est,
1566 1410 1636 1449 ne
1667 1410 1788 1450 cum
1820 1394 2027 1450 videri-

430 1497 553 1537 mus
573 1481 814 1553 aliquem
845 1498 1062 1537 servum
1127 1484 1225 1538 Dei
1255 1483 1567 1554 providere,
1600 1500 1669 1539 ne
1698 1484 1802 1538 ista
1830 1500 2019 1540 neces-

430 1571 574 1626 saria
602 1570 782 1626 desint
833 1571 921 1626 vel
952 1570 1077 1639 sibi,
1118 1571 1205 1627 vel
1252 1571 1360 1626 sibi
1400 1572 1730 1638 commissis,
1764 1571 1903 1628 forte
1932 1574 2030 1642 ju-

430 1668 681 1725 dicemus
710 1684 833 1723 eum
865 1677 1056 1724 contra
1086 1678 1363 1740 praecepta
1393 1669 1613 1725 Domini
1639 1669 1844 1725 facere.
1890 1673 2030 1726 Nam

432 1765 490 1812 et
516 1757 636 1828 ipse
668 1758 934 1813 Dominus
984 1758 1198 1813 loculos
1237 1758 1443 1814 habere
1483 1759 1741 1832 dignatus
1798 1770 1879 1815 est
1908 1777 2031 1816 cum

433 1846 670 1917 pecunia
725 1864 741 1903 ε
807 1862 876 1901 ne
942 1846 1065 1918 quis
1104 1847 1159 1900 in
1197 1847 1302 1903 hac
1341 1848 1658 1902 scandalum
1697 1852 1975 1919 pateretur
2016 1867 2030 1904 :

2128 659 2380 714 diabolus
2410 660 2542 715 dixit
2574 677 2634 717 se
2661 661 2839 716 aliena
2856 669 3100 731 paratum
3133 658 3381 726 reddere,
3403 659 3450 714 si
3480 673 3579 713 sua
3606 673 3705 714 nou

2130 748 2504 804 auferrentur.
2543 750 2695 805 Deus
2724 750 2858 805 dixit
2886 766 2947 806 se
2995 748 3201 804 nullum
3263 762 3296 804 a
3343 746 3707 803 misericordia

2132 863 2295 918 posse
2334 848 2602 918 repellere
2634 867 2648 914 ;
2691 847 2943 903 diabolus
2979 846 3112 902 dixit
3147 846 3196 902 si
3232 861 3423 902 omnes
3447 844 3706 915 perdent,

2132 951 2243 991 non
2281 952 2341 991 se
2380 952 2544 1007 posse
2584 936 2964 1007 aequanimiter
2992 936 3252 992 tolerare.
3311 936 3457 991 Deus
3485 933 3622 989 dixit
3657 948 3712 988 se

2134 1025 2367 1081 suadere
2402 1034 2455 1080 ut
2484 1026 2538 1080 in
2570 1034 2681 1083 toto
2720 1026 2790 1082 ab
2826 1026 3006 1081 alieno
3031 1024 3157 1095 jure
3186 1024 3467 1081 secederet
3498 1022 3716 1089 ;diabo-

2134 1123 2219 1178 lus
2241 1124 2374 1179 dixit
2404 1141 2464 1180 se
2494 1124 2774 1195 postulare
2806 1133 2864 1180 ut
2893 1124 3094 1181 saltem
3149 1139 3246 1194 pro
3277 1121 3578 1179 reverentia
3604 1120 3716 1192 pri-

2136 1212 2292 1268 stinae
2322 1212 2709 1268 dominationis
2756 1214 2996 1286 aliquam
3024 1213 3082 1269 in
3136 1220 3288 1285 parte
3340 1210 3583 1281 requiem
3620 1209 3721 1263 sibi

2136 1317 2247 1356 non
2277 1310 2533 1374 negaret.
2567 1302 2714 1358 Deus
2752 1302 2886 1358 dixit
2915 1318 2975 1358 se
3002 1317 3124 1358 cum
3163 1301 3314 1374 prius
3350 1300 3557 1372 potiora
3605 1296 3720 1353 ele-

2135 1400 2330 1472 gisset,
2373 1407 2497 1471 post
2536 1400 2614 1454 illi
2652 1400 2952 1469 abjectiora
2991 1414 3379 1456 concessurum
3418 1416 3434 1465 ;
3474 1395 3725 1452 diabolus

2138 1488 2273 1542 dixit
2297 1489 2425 1558 jure
2456 1505 2535 1552 se,
2578 1488 2709 1544 dum
2736 1488 3064 1545 electionem
3102 1488 3307 1544 habere
3363 1502 3469 1541 non
3518 1493 3719 1557 posset,

2139 1578 2335 1632 saltem
2366 1578 2708 1647 partitionem
2740 1578 3034 1634 facturum.
3074 1579 3221 1634 Deus
3248 1576 3387 1632 dixit
3414 1590 3476 1630 se
3504 1572 3727 1645 privile-

2139 1675 2232 1748 gio
2263 1675 2657 1731 dominationis
2717 1677 3000 1748 utriusque
3053 1683 3373 1748 potrstatem
3404 1672 3677 1729 vindicare
3707 1686 3722 1739 ;

2140 1765 2391 1820 diabolus
2445 1764 2583 1820 dixit
2613 1782 2693 1831 se,
2750 1766 2877 1838 quia
2905 1766 3025 1836 jam
3071 1764 3302 1836 amplius
3356 1778 3463 1817 non
3508 1768 3714 1832 posset.

2140 1853 2274 1908 nihil
2304 1870 2369 1908 ex
2397 1855 2538 1921 jure,
2571 1852 2669 1909 sed
2708 1871 2773 1908 ex
2812 1854 3178 1925 permissione
3222 1849 3526 1925 postulare.
3577 1851 3721 1904 Deus

432 1943 633 1999 Paulus
656 1943 819 1999 etiam
848 1943 1062 2000 videtur
1088 1945 1367 2017 cogitasse
1397 1945 1465 2001 de
1494 1946 1754 2013 crastino,
1789 1964 1915 2003 cum
1944 1948 2034 2003 di-
2062 1925 2116 1986 B
2146 1951 2279 2006 dixit
2310 1969 2369 2007 sc
2398 1960 2605 2007 tantum
2641 1952 3035 2023 permissurum
3090 1952 3241 2021 quod
3272 1950 3429 2007 etiam
3459 1947 3602 2004 avari
3638 1947 3721 2001 fa-

435 2033 556 2090 cit:
594 2056 616 2080 «
674 2035 755 2089 De
820 2032 1064 2089 collectis
1120 2038 1302 2088 autem
1355 2035 1495 2091 sicut
1550 2035 1797 2090 ordinavi
1876 2036 2037 2094 facite

439 2123 489 2193 (1
517 2123 639 2179 Cor.
674 2122 812 2192 xvr).
849 2144 871 2170 ι»
916 2123 1003 2177 Ad
1058 2124 1203 2179 hanc
1242 2139 1379 2196 ergo
1419 2125 1663 2196 regulam
1703 2132 1872 2180 totum
1931 2127 2036 2182 hoc

437 2228 775 2293 praeceptum
844 2222 1139 2293 redigitur,
1192 2230 1249 2277 ut
1287 2222 1445 2278 etiam
1484 2223 1541 2278 in
1580 2223 1807 2280 istorum
1846 2224 2037 2296 provi-

438 2310 593 2366 sione
624 2326 858 2383 regnum
931 2310 1033 2365 Dei
1068 2310 1395 2382 cogitemus,
1434 2312 1491 2367 in
1529 2312 1734 2367 malitia
1772 2329 1908 2368 vero
1948 2330 2040 2368 re-

441 2399 537 2473 gni
613 2398 711 2454 Dei
750 2414 860 2453 non
907 2400 1015 2455 ista
1054 2399 1384 2471 cogitemus.
1433 2402 1621 2473 Itaque
1694 2417 1802 2457 non
1880 2402 2042 2457 labor

444 2506 499 2554 et
537 2496 892 2568 providentia
928 2497 1273 2565 damnantur,
1322 2499 1421 2554 sed
1460 2507 1702 2555 mentem
1740 2499 2043 2572 praefocans

442 2600 573 2642 cura
582 2627 596 2640 .

521 2695 760 2752 Collatia
775 2694 873 2750 Dei
888 2710 1019 2750 cum
1036 2692 1252 2751 diabolo
1268 2693 1335 2749 de
1347 2694 1482 2766 jure
1503 2696 1603 2752 Dei
1617 2700 1672 2751 et
1694 2697 1939 2753 hominis
1951 2738 1965 2751 .

517 2793 690 2860 Deus,
732 2807 832 2863 per
870 2790 1149 2847 hominem
1215 2792 1484 2846 mundum
1542 2793 1949 2865 redempturus,
1992 2794 2046 2850 in

451 2881 719 2936 mundum
746 2880 914 2947 venit,
948 2888 1002 2936 et
1057 2879 1155 2936 toti
1194 2881 1398 2936 mundo
1440 2881 1715 2937 diabolum
1755 2883 2047 2939 dominan-

448 2976 559 3027 tem
589 2968 815 3025 invenit.
849 2970 996 3026 Deus
1024 2985 1126 3041 per
1148 2969 1424 3026 hominem
1454 2970 1716 3027 mundum
1746 2972 1975 3029 visitans
1995 2974 2052 3029 in

447 3066 675 3139 propria
713 3066 880 3135 venit,
923 3073 977 3121 et
1041 3067 1209 3122 homo
1245 3082 1346 3138 per
1409 3067 1586 3123 Deum
1636 3070 1899 3125 mundum
1939 3088 2051 3128 non

447 3172 658 3222 amans,
736 3155 827 3210 ubi
866 3155 1162 3212 reclinaret
1221 3163 1385 3227 caput
1441 3172 1548 3213 non
1606 3158 1819 3214 habuit.
1904 3162 2052 3218 Deus

447 3246 614 3301 homo
646 3245 701 3299 in
730 3244 831 3300 hoc
863 3244 1067 3300 mundo
1133 3244 1426 3301 elementis
1463 3246 1765 3316 imperavit,
1808 3258 1862 3305 et
1891 3251 2053 3306 homo

452 3344 603 3399 Deus
634 3343 705 3399 de
733 3344 839 3399 hoc
869 3342 1073 3398 mundo
1126 3360 1370 3416 regnum
1408 3360 1469 3400 se
1506 3360 1618 3400 non
1657 3346 1860 3403 habere
1899 3348 2053 3403 dixit.

452 3433 599 3506 Ergo
631 3433 701 3487 ad
731 3432 940 3504 aliquid
972 3440 1143 3487 totum
1174 3432 1276 3488 Dei
1307 3441 1444 3501 erat,
1477 3442 1531 3489 et
1557 3434 1626 3489 ad
1657 3435 1860 3509 aliquid
1890 3445 2057 3492 totum

456 3521 891 3578 diaboli.Totum
921 3521 1024 3577 Dei
1058 3521 1205 3594 quod
1238 3522 1356 3593 ipse
1384 3522 1622 3589 fecerat;
1661 3532 1827 3580 totum
1857 3526 2061 3582 diaboli

459 3621 604 3694 quod
644 3621 763 3694 ipse
808 3621 1155 3693 possidebat.
1216 3622 1366 3676 Deus
1405 3621 1461 3677 in
1498 3622 1770 3693 principio
1798 3624 2062 3680 mundum

456 3719 761 3778 creaverat,
795 3719 849 3767 et
880 3710 1127 3767 diabolus
1157 3711 1210 3765 in
1237 3710 1505 3783 principio
1527 3712 1792 3768 mundum
1818 3715 2066 3785 posside—

451 3799 568 3855 bat.
608 3801 760 3873 Ergo
790 3808 1068 3856 certamen
1100 3800 1301 3855 factum
1330 3808 1419 3856 est
1445 3801 1663 3870 Deo,[et
1691 3811 1971 3859 certamen
1990 3803 2066 3859 fa-

456 3906 603 3955 ctum
635 3907 715 3955 est
744 3897 990 3954 diabolo.
1030 3898 1179 3954 Deus
1210 3897 1349 3953 dixit
1379 3914 1438 3954 se
1468 3898 1614 3971 quod
1645 3916 1803 3955 suum
1834 3910 1949 3956 erat
1980 3903 2068 3957 de-

458 3988 590 4045 bere
620 3988 867 4059 recipere
901 4006 914 4051 ;
952 3986 1205 4043 diabolus
1235 3986 1377 4042 dixit
1408 4004 1468 4043 se
1496 3988 1551 4042 in
1591 4005 1690 4044 suo
1719 4007 1827 4046 non
1862 3992 2066 4047 debere

458 4077 786 4133 calumniam
817 4077 1115 4132 sustinere.
1148 4077 1296 4132 Deus
1328 4076 1461 4132 dixit
1490 4094 1550 4133 se
1571 4088 1695 4149 post
1719 4092 1827 4134 tam
1845 4080 2064 4153 longam

457 4175 779 4247 patientiam
811 4175 978 4247 digne
1008 4173 1380 4230 satisfactione
1423 4175 1836 4241 honorandum;
1869 4178 2065 4233 diabo-

460 4263 548 4318 lus
577 4262 712 4318 dixit
743 4280 802 4318 se
845 4270 972 4334 post
1002 4271 1114 4317 tam
1157 4262 1379 4334 longam
1408 4264 1806 4336 negligentiam
1829 4283 1925 4321 sua
1946 4284 2070 4338 pos-

464 4352 712 4408 sessione
769 4367 888 4406 non
929 4351 1285 4422 privandum.
1364 4353 1515 4407 Deus
1553 4353 1685 4409 dixit
1725 4354 1905 4411 aliena
1944 4373 2069 4412 eum

467 4448 843 4505 lraudulenter
874 4448 1189 4515 abstulisse,
1216 4449 1481 4505 violenter
1509 4451 1755 4507 tenuisse
1778 4471 1791 4516 ;
1816 4453 2070 4510 diabolus

465 4538 600 4594 dixit
629 4554 753 4593 eum
786 4553 890 4594 nec
928 4553 1054 4594 cum
1084 4538 1313 4594 abstulit
1354 4540 1774 4609 contradixisse,
1807 4558 1909 4599 nec
1946 4559 2071 4601 cum

2142 2057 2286 2096 mem
2317 2040 2516 2096 satiare
2545 2046 2735 2112 posset
2767 2061 2780 2106 ;
2814 2041 3065 2097 diabolus
3093 2041 3227 2096 dixit
3255 2056 3315 2095 se
3365 2054 3475 2093 non
3524 2043 3721 2091 tantum

2143 2139 2490 2200 accepturum
2527 2130 2653 2201 quin
2685 2130 2919 2201 amplius
2954 2130 3154 2201 cupiat,
3187 2128 3234 2184 si
3261 2127 3383 2183 ﬁeri
3411 2125 3602 2197 possit.
3632 2124 3727 2179 His

2146 2229 2306 2285 dictis
2326 2229 2496 2299 jussit
2524 2231 2668 2285 Deus
2687 2230 2839 2286 tendi
2879 2228 3150 2286 funiculos
3179 2229 3232 2283 in
3262 2225 3622 2299 partitionem,
3673 2229 3728 2278 et

2144 2319 2353 2374 invenit
2378 2318 2609 2375 virentia
2637 2328 2691 2374 et
2719 2318 2921 2392 irrigua
2950 2319 3005 2374 in
3049 2318 3282 2375 vallibus
3324 2314 3446 2370 imis
3475 2332 3489 2378 ;
3527 2313 3731 2368 minora

2149 2407 2344 2477 spatio,
2392 2408 2602 2475 majora
2653 2407 2852 2477 pretio,
2914 2415 2963 2464 et
3003 2407 3108 2462 hoc
3145 2403 3404 2478 prmeepit
3443 2400 3629 2473 seponi
3665 2400 3734 2456 ad

2148 2512 2358 2576 partem
2389 2504 2617 2560 alteram
2652 2521 2665 2567 ;
2699 2505 2917 2560 deserta
2944 2513 3123 2559 autem
3150 2511 3202 2559 et
3239 2503 3394 2559 arida
3433 2501 3487 2556 in
3515 2498 3736 2571 rupibus

2151 2602 2205 2649 et
2237 2593 2512 2648 montibus
2542 2593 2665 2647 altis
2697 2612 2712 2661 ;
2753 2593 2861 2649 lata
2904 2601 2957 2649 et
2993 2593 3237 2664 aspectui
3283 2590 3514 2664 patentia
3539 2601 3741 2660 magna

2153 2682 2329 2754 spatio
2358 2697 2372 2754 ;
2406 2682 2538 2737 vilia
2567 2683 2765 2752 pretio,
2796 2691 2850 2739 et
2875 2683 2983 2739 hoc
2997 2683 3155 2751 jussit
3180 2681 3248 2736 ad
3278 2684 3504 2737 alteram
3531 2685 3741 2751 partem

2153 2780 2419 2836 discerni.
2459 2781 2611 2835 Tunc
2641 2779 2918 2835 mandavit
2947 2779 3228 2835 diabolum
3266 2779 3485 2834 adesse.
3514 2777 3580 2831 Et
3607 2773 3744 2830 assi-

2154 2868 2315 2923 stenti
2345 2869 2422 2924 sic
2449 2868 2522 2923 ait
2555 2887 2568 2923 :
2600 2870 2683 2924 Ne
2707 2867 2846 2924 forte
2878 2875 2971 2923 aut
3000 2867 3315 2925 violentiam
3329 2865 3746 2938 judicantis,aut

2155 2957 2435 3013 avaritiam
2458 2957 2637 3014 dantis
2658 2957 2868 3013 causari
2892 2956 3100 3024 valeas,
3138 2955 3400 3029 quidquid
3421 2953 3608 3010 oculus
3626 2960 3748 3007 tuus

2156 3057 2323 3122 videt,
2359 3055 2458 3110 tibi
2492 3056 2659 3112 dabo.
2700 3057 2853 3113 Tunc
2895 3055 3149 3111 diabolus
3196 3056 3290 3125 qui
3329 3069 3489 3110 omne
3518 3050 3748 3107 sublime

2157 3145 2486 3210 considerat,
2518 3154 2570 3200 et
2599 3145 2821 3199 humilia
2852 3161 2958 3200 non
2992 3144 3135 3200 valet
3165 3143 3385 3209 intueri,
3407 3142 3597 3198 levans
3625 3154 3750 3196 ocu-

2160 3226 2248 3290 los
2277 3234 2487 3306 aspexit
2513 3242 2726 3290 montes
2756 3232 2899 3289 altos
2930 3242 2983 3289 et
3012 3247 3146 3288 saxa
3176 3230 3538 3304 prominentia
3565 3229 3620 3284 in
3647 3244 3746 3283 ru-

2167 3331 2348 3403 pibus,
2420 3346 2485 3388 ac
2514 3332 2738 3387 deserta
2793 3331 3046 3402 patentia,
3099 3338 3152 3386 et
3210 3330 3387 3400 quasi,
3423 3336 3592 3383 totum
3649 3324 3753 3380 sibi

2168 3421 2407 3476 cessisse
2437 3421 2701 3492 glorians,
2736 3419 2987 3492 despexit
3018 3418 3161 3491 quod
3192 3416 3339 3475 Deus
3381 3417 3635 3485 elegerat.
3662 3413 3761 3470 Cui

2171 3512 2320 3566 Deus
2375 3510 2668 3581 increpans
2698 3525 2762 3566 ac
2808 3509 3115 3566 caecitatem
3172 3508 3299 3564 elati
3355 3507 3611 3563 deridens
3640 3504 3756 3559 ait:

2176 3631 2198 3656 «ι
2220 3609 2401 3664 Funes
2422 3607 2737 3663 ceciderunt
2760 3607 2893 3661 mihi
2915 3608 2970 3661 in
2992 3604 3267 3677 praeclaris
3291 3605 3466 3663 (Psal.
3491 3606 3605 3672 xv).
3636 3621 3658 3652 ι
3681 3602 3761 3656 Tu

2172 3697 2366 3753 laudas
2397 3697 2542 3768 quod
2574 3696 2748 3764 vides,
2778 3704 2827 3751 et
2856 3710 2964 3768 ego
2995 3694 3156 3751 laudo
3204 3693 3355 3766 quod
3384 3692 3567 3748 video.
3603 3691 3682 3747 Tu
3708 3689 3764 3744 in

2172 3787 2282 3842 imo
2312 3803 2391 3853 es,
2425 3795 2476 3841 et
2506 3795 2799 3857 propterea
2827 3784 2998 3842 oculis
3023 3785 3128 3839 tuis
3156 3782 3260 3838 nisi
3290 3781 3394 3837 alta
3425 3789 3477 3836 et
3504 3778 3765 3836 exstantia

2173 3901 2279 3941 non
2312 3891 2500 3955 patent
2528 3900 2543 3937 :
2577 3898 2683 3956 ego
2711 3884 2950 3952 desuper
2977 3878 3317 3950 contemplor
3344 3893 3503 3949 quam
3533 3875 3765 3931 habeant

2172 3973 2543 4029 ammnitatem
2599 3971 2843 4039 humilia,
2900 3970 3103 4027 etenim
3133 3967 3426 4024 haereditas
3457 3980 3578 4021 mea
3622 3980 3763 4036 prae-

2176 4064 2327 4120 clara
2357 4068 2443 4117 est
2472 4062 2624 4118 mihi.

2175 4162 2251 4218 De
2271 4162 2481 4217 duobus
2512 4158 2774 4224 dominis,
2792 4162 2850 4213 et
2869 4156 3087 4213 duabus
3101 4154 3452 4219 civitatibus,
3469 4156 3526 4209 et
3538 4150 3765 4208 diversis

2802 4247 2936 4303 aliis
2967 4247 3153 4302 rebus.

2250 4359 2383 4413 Duae
2416 4363 2543 4410 sunt
2597 4353 2866 4422 civitates,
2927 4350 3262 4409 Hierusalem
3308 4357 3362 4406 et
3416 4347 3675 4420 Babylon,
3717 4353 3769 4402 et

2178 4455 2285 4509 duo
2314 4453 2503 4524 pOpuli
2531 4470 2545 4519 ;
2568 4460 2837 4507 amatores
2863 4450 2984 4517 Dei,
3010 4450 3158 4506 cives
3177 4445 3609 4512 Hierusalem,et
3627 4458 3764 4499 ama.

2180 4553 2324 4599 tores
2353 4541 2563 4601 mundi.
2595 4540 2743 4597 cives
2762 4538 3056 4612 Babylonis
3080 4556 3093 4601 ;
3126 4546 3180 4594 et
3200 4538 3309 4593 duo
3329 4551 3512 4608 reges,
3530 4532 3769 4590 Christus

467 4628 635 4686 tenuit
668 4627 964 4700 aliquando
996 4628 1282 4698 repetisse.
1316 4629 1466 4683 Deus
1496 4628 1631 4683 dixit
1657 4638 1912 4701 potenter
1926 4651 1983 4689 se
2006 4637 2073 4692 ad
2110 4646 2162 4706 ι)
2188 4649 2282 4688 rex
2312 4630 2658 4686 Hierusalem
2688 4638 2742 4684 et
2773 4628 3028 4684 diabolus
3050 4644 3144 4683 rex
3167 4625 3479 4697 Babylonis.
3502 4626 3647 4680 Inter
3673 4619 3770 4676 has

469 4742 569 4782 sua
601 4725 939 4798 recipienda,
974 4725 1020 4780 si
1048 4725 1234 4790 vellet,
1278 4726 1481 4782 viribus
1512 4725 1587 4780 uti
1621 4745 1634 4790 ;
1668 4726 1919 4784 diabolus
1940 4731 2076 4788 dixit

467 4831 592 4872 eum
621 4825 811 4873 contra
834 4815 1093 4884 justitiam
1126 4831 1236 4870 non
1254 4814 1455 4871 debere
1488 4815 1689 4871 viribus
1707 4817 1893 4873 abutii.
1927 4821 2075 4877 Deus

469 4905 605 4962 dixit
623 4907 827 4976 justum
859 4920 970 4961 non
999 4921 1124 4960 esse
1169 4905 1216 4959 si
1277 4904 1421 4975 quod
1453 4905 1542 4975 pie
1572 4915 1861 4962 creaverat
1900 4912 2081 4979 perire

473 5005 812 5077 permitteret
844 5018 859 5074 ;
899 5003 1150 5059 diabolus
1187 5002 1330 5058 dixit
1375 5003 1644 5075 injustam
1703 5020 1827 5061 esse
1859 5005 1904 5060 si
1936 5008 2083 5079 quod

473 5102 668 5167 sponte
725 5093 984 5166 perierat,
1062 5100 1423 5148 restauraret.
1462 5092 1610 5147 Deus
1658 5092 1791 5148 dixit
1836 5110 1897 5149 se
1941 5096 2084 5153 velle

473 5183 729 5240 misereri
758 5198 859 5254 per
900 5180 1293 5254 benignitatem
1325 5181 1646 5253 propriam;
1681 5181 1931 5239 diabolus
1952 5184 2087 5241 dixit

475 5298 537 5341 se
574 5299 742 5340 nosse
781 5282 1045 5337 damnum
1087 5280 1198 5352 pati
1256 5296 1356 5352 per
1422 5287 1751 5351 potestatem
1811 5280 2074 5339 alienam.

476 5373 625 5430 Deus
662 5372 798 5429 dixit
831 5372 1039 5441 justum
1098 5386 1221 5425 esse
1258 5376 1316 5424 ut
1354 5369 1421 5425 de
1482 5376 1709 5440 peccato
1760 5370 2086 5441 pcenitentes

476 5464 545 5519 ad
604 5464 836 5519 salutem
902 5459 1328 5532 reciperentur:
1382 5459 1633 5514 diabolus
1687 5459 1821 5513 dixit
1872 5460 2082 5527 justum

476 5576 585 5620 non
658 5580 783 5619 esse
823 5562 973 5617 utin
1012 5567 1239 5633 peccato
1295 5557 1654 5629 persistentes
1714 5557 1785 5611 ad
1848 5557 2081 5612 salutem

477 5663 830 5724 cogerentur.
862 5653 1011 5707 Deus
1051 5647 1190 5704 dixit
1228 5664 1288 5702 se
1323 5647 1541 5703 venisse
1599 5654 1654 5701 ut
1683 5646 1931 5703 volentes
1972 5663 2082 5701 non

478 5746 725 5811 cogeret,
759 5740 858 5796 sed
880 5748 937 5795 ut
957 5738 1205 5796 volentes
1224 5737 1507 5806 adjuvaret
1532 5749 1546 5805 ;
1569 5735 1823 5791 diabolus
1840 5735 1975 5791 dixit
1991 5736 2081 5790 in-

477 5840 633 5895 terim
661 5857 760 5911 pro
791 5848 1040 5910 tempore
1067 5836 1450 5908 aequanimitur
1470 5852 1531 5890 se
1560 5851 1849 5905 passurum
1881 5835 2077 5890 volen-

480 5938 562 5988 tes
599 5936 873 6002 amittere,
916 5934 962 5989 si
1000 5934 1249 5990 nolentes
1313 5934 1593 5989 retineret.
1642 5933 1788 5987 Deus
1849 5933 1983 5987 dixit
2023 5932 2077 5987 in

2186 4731 2322 4785 duas
2353 4728 2607 4785 civitates
2630 4735 2681 4782 et
2712 4726 2852 4782 duos
2883 4723 3135 4798 pOpulos,
3196 4730 3250 4778 et
3276 4722 3415 4777 duos
3443 4735 3623 4791 reges,
3656 4716 3769 4772 bel-

2187 4819 2299 4874 lum
2350 4816 2687 4888 estjugiter,
2746 4823 2800 4870 et
2855 4812 3152 4879 discordia,
3185 4820 3238 4867 et
3266 4826 3467 4884 pugna,
3515 4816 3568 4863 et
3597 4807 3771 4877 signat

2188 4916 2424 4979 uterque
2446 4904 2644 4961 milites
2658 4919 2788 4960 suos
2809 4922 2823 4959 :
2849 4902 3096 4959 Christus
3117 4916 3264 4967 suos,
3292 4907 3345 4955 et
3365 4896 3612 4954 diabolus
3626 4910 3770 4963 suos,

2188 5009 2249 5059 ut
2276 5012 2578 5077 agnoscant
2607 5001 2808 5074 quique
2865 5016 3055 5073 regem
3085 5014 3265 5064 suum,
3311 5004 3365 5052 et
3418 5000 3772 5066 agnoscantur

2190 5093 2260 5148 ab
2314 5109 2380 5149 eo
2409 5100 2464 5149 et
2493 5099 2792 5164 sequantur
2820 5105 2966 5146 eum.
3024 5085 3365 5143 Hierusalem
3394 5084 3539 5140 enim
3593 5082 3771 5138 civitas

2192 5201 2278 5249 est
2332 5192 2387 5246 in
2443 5191 2601 5257 coelo,
2637 5189 2893 5262 Babylon
2947 5188 3210 5243 deorsum
3239 5184 3293 5240 in
3324 5192 3502 5248 terra;
3534 5179 3773 5237 similiter

2192 5280 2440 5336 Christus
2503 5295 2724 5335 sursum
2779 5287 2885 5345 est,
2942 5274 3197 5333 diabolus
3251 5275 3531 5330 deorsum.
3584 5268 3770 5325 Milites

2193 5370 2395 5428 Christi
2428 5378 2731 5442 sequuntur
2778 5384 2968 5439 regem
2996 5382 3181 5432 suum,
3241 5372 3294 5420 et
3338 5361 3538 5418 milites
3579 5357 3771 5415 diaboli

2191 5478 2496 5543 sequuntur
2550 5484 2736 5541 regem
2769 5484 2952 5522 suum.
3010 5465 3258 5521 Christus
3290 5462 3466 5517 tribus
3520 5457 3771 5529 exemplis

2191 5561 2337 5618 viam
2384 5557 2546 5616 nobis
2571 5557 2829 5623 ostendit,
2889 5571 3052 5629 quam
3103 5570 3227 5610 cum
3280 5550 3433 5622 sequi
3462 5548 3766 5611 debeamus,

2191 5648 2438 5705 similiter
2464 5647 2718 5704 diabolus
2775 5646 2875 5701 tria
2921 5644 3221 5716 proposuit,
3254 5640 3450 5713 quibus
3477 5646 3606 5711 post
3657 5650 3769 5692 eum

2189 5744 2595 5818 praecipitentur
2650 5742 2745 5813 qui
2786 5756 2909 5797 eum
2983 5745 3303 5812 sequuntur.
3349 5737 3459 5792 lter
3514 5732 3655 5789 enim
3709 5730 3767 5785 ad

2187 5834 2483 5900 Christum,
2516 5831 2639 5904 quia
2668 5847 2889 5885 sursum
2916 5836 3022 5895 est,
3079 5828 3305 5882 arduum
3354 5832 3436 5879 est
3467 5830 3520 5879 et
3574 5831 3766 5877 erctum

2188 5939 2289 5998 est,
2325 5938 2377 5985 et
2407 5929 2629 5999 longum
2687 5927 2741 5981 in
2773 5926 3004 5982 sublime
3039 5943 3051 5989 ;
3084 5925 3186 5980 iter
3212 5923 3280 5979 ad
3309 5920 3604 5989 diabolum,
3656 5917 3765 5990 quia
