3972 6424
196 449 342 504 1145

1160 397 1741 494 Dtcr'LonAriosiEs
1783 437 1886 490 ss.
1938 435 2234 489 PATRUM.
2275 467 2341 474 —
2383 436 2514 488 Lm.
2566 438 2632 490 ιι.

3401 435 3534 488 1146

201 573 480 628 deorsum
518 581 625 639 est,
652 573 817 627 latum
851 578 950 636 est,
985 569 1260 638 breveque
1309 566 1361 619 in
1408 563 1734 635 profundum
1779 570 1833 615 et
1861 561 1916 620 A
1946 560 2325 624 addidit(Gcn.
2350 571 2381 630 ι)
2409 577 2420 630 ;
2448 570 2501 615 ut
2521 562 2830 618 ostenderet
2853 563 2998 634 quod
3021 561 3338 618 similiterin
3372 561 3528 618 ratio-

199 671 274 725 ad
322 671 706 741 praecipitium
759 669 941 724 facile.
1014 667 1143 721 Ideo
1210 664 1458 718 Christus
1525 660 1828 730 exemplum

203 760 577 830 paupertatis
609 759 842 828 reliquit,
873 766 924 811 ut
957 753 1235 810 exonerati
1259 752 1469 805 sarcina
1494 759 1832 804 terrenarum

205 865 419 912 rerum,
453 849 613 904 leves
635 847 990 902 ascendamus
1022 861 1119 914 per
1149 842 1373 896 arduum
1392 838 1699 907 exemplum
1726 837 1830 890 hu-

214 945 511 1010 militatis,
548 954 600 998 ut
635 945 839 999 modici
868 944 984 996 sine
1013 940 1329 996 difficultate
1361 947 1705 991 transeamus
1736 951 1832 1004 per

206 1043 438 1088 arctum
476 1033 803 1103 exemplum
833 1031 1121 1102 patientiae,
1158 1046 1222 1082 ne
1254 1027 1572 1081 deficiamus
1605 1024 1658 1078 in
1700 1025 1823 1077 lon-

204 1138 371 1192 gum.
411 1122 748 1193 Exemplum
777 1119 1107 1191 paupertatis
1138 1118 1283 1171 dedit
1309 1115 1579 1171 cumdixit
1614 1131 1623 1165 :
1656 1138 1676 1159 u
1704 1113 1829 1166 Vul-

207 1235 314 1290 pes
349 1219 554 1274 foveas
587 1220 806 1284 habent,
841 1226 891 1271 et
941 1217 1184 1272 volucms
1243 1214 1372 1269 coeli
1430 1213 1606 1277 nidos,
1669 1210 1830 1264 Filius

210 1316 408 1362 autem
446 1308 691 1363 hominis
725 1324 829 1361 non
852 1307 1016 1360 habet
1047 1305 1137 1358 ubi
1177 1313 1337 1374 caput
1384 1318 1544 1355 suum
1604 1299 1832 1353 reclinet

207 1396 384 1466 (Luc.
414 1403 524 1466 rx).
564 1417 584 1446 ι
621 1395 938 1465 Exemplum
970 1393 1284 1447 humilitatis
1315 1390 1480 1453 dedit,
1515 1405 1634 1444 cum
1652 1387 1779 1440 dixit
1815 1405 1827 1440 :

222 1515 246 1544 ι
289 1495 576 1549 Discitea
609 1511 696 1548 me
745 1494 865 1562 quia
912 1493 1056 1546 mitis
1113 1508 1230 1544 sum
1282 1499 1334 1544 et
1390 1488 1604 1542 humilis
1665 1485 1830 1542 corde

214 1582 478 1651 (Matth.
520 1589 616 1649 χι).
656 1607 678 1630 ιι
714 1583 1032 1652 Exemplum
1074 1580 1346 1650 patientize
1393 1577 1541 1630 dedit
1589 1576 1826 1646 quando,

214 1687 354 1726 cum
390 1680 799 1743 percuteretur,
832 1687 939 1724 non
966 1668 1315 1739 repercussit,
1349 1683 1467 1721 cum
1494 1666 1618 1734 joco
1649 1664 1828 1717 caule-

216 1778 407 1833 retur,
438 1770 701 1823 sustinuit
731 1790 748 1833 ;
777 1767 1090 1838 exemplum
1123 1765 1474 1836 paupertatis,
1509 1763 1628 1831 quia
1656 1763 1706 1815 in
1730 1763 1829 1815 hoc

216 1857 447 1912 mundo
471 1858 688 1911 divitias
717 1858 920 1910 habere
950 1855 1119 1910 noluit
1150 1869 1163 1922 ;
1206 1853 1517 1922 exemplum
1552 1850 1832 1903 humilita-

219 1947 316 2012 tis,
357 1946 496 2016 quia
527 1945 762 2016 gloriam
796 1944 1020 2014 sprevit,
1053 1942 1358 2012 exemplum
1393 1941 1685 2011 patientur,
1709 1939 1834 2008 quia

221 2043 383 2097 mala
423 2042 702 2096 sustinuit.
736 2043 868 2096 Cum
902 2042 1213 2095 laudaretur
1242 2057 1347 2094 non
1383 2038 1688 2100 laetabatur;
1714 2051 1835 2089 cum

224 2131 690 2196 malediceretur,
740 2147 846 2185 non
898 2130 1256 2193 tristabatur;
1307 2144 1426 2183 cum
1479 2133 1834 2196 premeretur,

226 2236 349 2274 non
384 2218 782 2291 frangebatur.
823 2220 918 2273 Ait
947 2218 1164 2287 quidam
1197 2217 1275 2270 illi
1310 2233 1321 2269 :
1354 2238 1373 2259 α
1403 2215 1659 2284 Magister
1675 2213 1834 2266 bone.

229 2314 306 2368 Et
337 2313 661 2383 respondit.
701 2313 842 2380 Quid
870 2329 956 2366 me
982 2312 1121 2366 dicis
1152 2311 1347 2366 bonum
1369 2309 1397 2362 7
1446 2333 1466 2355 ιο
1521 2309 1709 2375 (Marc.
1746 2310 1834 2372 Χ.)

227 2411 390 2468 Ecce
423 2411 724 2465 humilitas.
759 2411 823 2465 Et
854 2410 947 2465 alii
980 2409 1229 2463 dixerunt
1260 2424 1272 2462 :
1312 2431 1332 2454 α
1369 2405 1703 2461 Dmmonium
1737 2405 1838 2457 ba-

230 2500 366 2556 bes.
401 2501 472 2554 Et
500 2500 675 2554 dixit:
701 2501 821 2571 Ego
851 2499 1181 2553 dzemonium
1212 2513 1321 2551 non
1354 2496 1545 2562 habeo,
1599 2495 1692 2548 sed
1735 2495 1838 2546 ho-

233 2588 486 2645 noriﬁco
521 2590 736 2644 Patrem
765 2605 945 2643 meum
978 2590 1158 2657 (Joan.
1184 2601 1320 2655 γιιι).
1349 2610 1368 2632 »
1396 2585 1535 2639 Ecce
1559 2583 1834 2654 patientia.

230 2686 310 2741 Et
339 2703 466 2743 cum
502 2685 803 2756 requireret
831 2701 954 2740 eum
986 2683 1238 2754 populus,
1272 2691 1328 2736 ut
1373 2698 1562 2751 regem
1616 2680 1834 2745 faceret,

233 2775 336 2831 ille
367 2774 684 2830 humilitatis
717 2773 1028 2843 exemplum
1053 2771 1209 2826 nobis
1241 2771 1548 2840 relinquens
1590 2768 1742 2836 fugit,
1785 2775 1838 2822 et

231 2864 480 2935 gloriam
511 2863 713 2933 sprevit
748 2881 761 2916 :
794 2870 847 2917 et
877 2861 1040 2915 multa
1071 2868 1196 2915 Sunt
1234 2860 1301 2914 ad
1343 2860 1458 2913 haec
1519 2856 1837 2927 pertinentia

231 2953 525 3024 exempla.

313 3059 505 3114 Prima
552 3073 684 3129 ergo
723 3065 807 3113 est
845 3064 1154 3127 paupertas,
1210 3064 1264 3109 ut
1320 3054 1641 3122 abjiciamus
1689 3053 1831 3125 quod

233 3156 460 3220 gravat,
493 3148 546 3201 in
577 3163 684 3218 quo
716 3154 797 3201 est
821 3146 1080 3216 peccandi
1130 3145 1366 3200 occasio.
1413 3145 1475 3197 Et
1519 3144 1644 3214 quia
1695 3157 1832 3212 pau-

240 3255 432 3318 pertas
455 3243 773 3315 despicitur,
810 3242 1049 3313 sequitur
1076 3241 1367 3307 humilitas,
1395 3257 1496 3311 qua
1521 3241 1637 3308 ipsa
1668 3238 1828 3292 etiam
1861 3266 1912 3329 Β

235 3343 472 3407 propter
511 3332 802 3387 Dominum
844 3331 1025 3386 vilitas
1065 3339 1290 3392 amatur,
1333 3338 1383 3384 et
1439 3329 1566 3400 quia
1623 3344 1830 3380 rursum

239 3424 342 3497 qui
376 3422 496 3478 vilis
527 3431 607 3477 est
638 3421 754 3475 sine
779 3420 1075 3475 reverentia
1104 3419 1338 3483 laeditur,
1391 3416 1701 3472 necessaria
1752 3425 1834 3470 est

237 3529 371 3594 post
408 3519 760 3574 humilitatem
821 3517 1096 3588 patientia,
1166 3533 1288 3571 cum
1355 3516 1538 3571 omnia
1603 3515 1834 3569 adversa

238 3616 473 3681 propter
502 3607 683 3662 Deum
717 3606 926 3660 fertiter
954 3606 1282 3660 tolerentur.
1324 3606 1622 3675 Paupertas
1654 3605 1833 3657 levem

236 3699 372 3755 facit
399 3706 450 3750 et
505 3696 835 3766 expeditum,
894 3694 1172 3748 humilitas
1229 3695 1525 3759 modicum,
1583 3692 1834 3763 patientia

237 3796 441 3851 fortem
474 3802 527 3849 et
557 3794 860 3849 robustum.
894 3794 1126 3848 Econtra
1155 3792 1410 3846 diabolus
1441 3808 1568 3845 suos
1601 3791 1836 3860 primum

236 3883 552 3938 divitiarum
581 3882 824 3952 pondere
853 3882 905 3934 in
935 3897 1117 3935 amore
1148 3890 1200 3934 et
1229 3881 1279 3934 in
1316 3880 1674 3933 sollicitudine
1706 3894 1836 3933 one-

238 3981 332 4027 rat
361 3981 420 4025 ut
446 3971 711 4026 deorsum
741 3979 900 4024 ruant
935 3989 948 4034 ;
984 3969 1223 4024 secundo
1250 3986 1348 4039 per
1391 3969 1706 4039 superbiam
1755 3967 1838 4020 in-

241 4068 360 4133 flat,
394 4075 450 4122 ut
481 4084 577 4137 per
607 4067 769 4121 latum
800 4066 1056 4121 incedant
1088 4084 1101 4131 ;
1135 4065 1290 4120 tertio
1321 4081 1420 4134 per
1450 4063 1835 4134 impatientiam

245 4156 455 4228 frangit
483 4164 539 4209 ut
569 4156 674 4210 cito
703 4154 978 4210 deficiant.
1012 4154 1079 4208 Hi
1106 4155 1212 4209 duo
1245 4153 1426 4224 pOpuli
1455 4154 1524 4207 ab
1556 4153 1706 4207 initio
1751 4152 1837 4206 sui

243 4245 386 4300 duas
413 4245 666 4299 civitates
697 4244 1105 4299 aeditieaverunt
1130 4261 1142 4297 :
1175 4243 1412 4314 Babylon
1445 4257 1476 4296 a
1503 4242 1631 4296 Cain
1649 4242 1832 4311 coepit,

248 4351 302 4397 ct
332 4341 673 4396 Hierusalem
706 4341 774 4395 ab
804 4341 964 4395 Abel.

323 4439 535 4493 Primus
566 4439 710 4494 enim
744 4439 905 4492 homo
935 4438 1078 4491 duos
1109 4437 1295 4510 genuit
1340 4436 1495 4502 filios,
1557 4436 1837 4490 divisionis

245 4528 594 4599 principium,
627 4535 676 4581 et
710 4527 992 4581 divisionis
1040 4527 1255 4597 signum
1292 4545 1306 4591 ;
1358 4527 1481 4597 quia
1527 4525 1615 4579 illa
1657 4541 1835 4578 massa

1941 650 2047 703 nali
2079 659 2280 704 natura
2309 652 2451 722 quod
2485 653 2718 720 primum
2751 669 2872 707 esse
2903 652 3131 722 primum
3167 651 3364 707 factum
3388 659 3526 719 erat,

1941 747 2130 808 postea
2159 749 2336 793 autem
2369 741 2648 809 pulchrum
2681 758 2802 794 esse
2835 750 2880 793 et
2914 740 3212 794 formosum
3256 757 3377 795 esse
3413 752 3426 803 ;
3476 749 3529 796 et

1941 837 2133 890 melius
2165 837 2473 890 addendum
2505 847 2637 902 erat,
2673 848 2728 891 ut
2757 856 2861 891 non
2907 839 3066 892 nimis
3112 839 3435 908 gloriaretur
3473 839 3529 892 in

1940 941 2004 979 eo
2029 927 2168 996 quod
2191 926 2390 979 bonum
2416 927 2644 995 primum
2671 937 2972 996 acceperat,
2997 927 3091 980 sed
3107 928 3174 980 ad
3197 926 3328 981 illud
3351 927 3530 995 potius

1941 1014 2228 1067 festinaret
2248 1015 2388 1084 quod
2412 1024 2594 1084 postea
2615 1017 2806 1069 melius
2827 1026 3110 1082 acceptura
3133 1023 3268 1070 erat.
3292 1016 3398 1070 Sed
3413 1015 3530 1086 pri-

1941 1111 2250 1180 mOgenitus
2284 1113 2520 1180 primum
2551 1113 2742 1165 dilexit
2765 1122 2817 1167 ut
2860 1113 3105 1180 perderet
3154 1111 3529 1177 novissimum,

1941 1206 1992 1252 et
2021 1199 2140 1252 ideo
2175 1200 2494 1268 reprobatus
2526 1209 2606 1255 est
2637 1210 2688 1254 et
2720 1200 2810 1254 ille
2839 1201 2892 1253 in
2925 1201 3062 1254 cmlo
3083 1208 3134 1254 et
3159 1199 3210 1252 in
3235 1207 3397 1254 terra.
3422 1199 3534 1254 Sed

1940 1286 2029 1340 ille
2061 1288 2126 1342 de
2159 1288 2298 1342 cmlu
2329 1289 2537 1356 ejectus
2568 1290 2620 1342 in
2652 1297 2852 1344 terram
2905 1289 3174 1344 hominem
3231 1305 3330 1358 per
3387 1287 3529 1342 invi-

1940 1383 2086 1436 diam
2119 1385 2487 1454 supplantavit
2520 1405 2532 1452 ;
2568 1386 2669 1441 iste
2699 1387 2750 1440 in
2806 1394 2949 1440 terra
2992 1385 3258 1454 reprobus
3307 1383 3534 1440 effectus

1939 1471 2153 1525 fratrem
2179 1490 2330 1527 suum
2356 1475 2579 1530 zelando
2610 1475 2825 1542 occidit,
2880 1474 3007 1545 quia
3053 1474 3192 1528 enim
3235 1472 3342 1526 vita
3391 1472 3534 1526 illius

1939 1561 2132 1630 gravis
2158 1562 2205 1615 ei
2237 1562 2333 1614 fuit
2365 1580 2377 1616 :
2410 1562 2533 1617 ideo
2565 1563 2632 1616 ad
2658 1572 2886 1617 mortem
2909 1563 3051 1616 illius
3082 1561 3374 1616 festinavit.
3399 1561 3535 1616 Cru-

1940 1659 2183 1714 ciabatur
2211 1660 2355 1713 enim
2388 1677 2617 1731 nequam
2667 1661 3004 1717 conscientia
3049 1659 3292 1732 quotidie
3341 1667 3534 1714 contra

1941 1763 2002 1802 se
2031 1748 2390 1803 testimonium
2421 1765 2656 1804 cernens
2686 1750 2854 1803 vitam
2881 1749 3036 1818 justi,
3072 1756 3126 1802 et
3155 1748 3307 1818 quasi
3355 1747 3536 1820 gravis

1941 1834 1991 1889 ei
2022 1836 2086 1888 ad
2122 1837 2412 1890 videndum
2448 1837 2564 1903 fuit,
2598 1855 2661 1892 ex
2694 1839 2847 1905 cujus
2892 1836 3208 1908 poenitentia
3257 1853 3352 1889 sua
3398 1851 3536 1892 con-

1866 1918 2307 1989 Bdemnabatur
2361 1937 2559 1990 malitia
2640 1937 2844 1991 Idcirco
2901 1937 3116 1990 auferre
3176 1934 3450 1990 festinavit
3504 1949 3536 1988 e

1949 2024 2126 2076 medio
2155 2025 2352 2093 ipsum,
2377 2042 2445 2079 ne
2477 2041 2598 2080 eum
2634 2026 2843 2079 videret
2873 2025 2940 2078 ad
2975 2023 3351 2078 confusionem
3383 2037 3536 2076 suam

1947 2128 2103 2182 quem
2136 2112 2318 2167 videre
2349 2113 2519 2167 noluit
2549 2114 2616 2167 ad
2647 2114 3042 2168 correctionem
3076 2129 3228 2166 suam
3261 2119 3312 2166 et
3343 2127 3535 2166 emen-

1947 2209 2238 2274 dationem,
2273 2210 2500 2266 fortasse
2531 2212 2808 2266 mstimans
2840 2217 3028 2281 postea
3061 2227 3168 2264 non
3216 2209 3330 2265 fore
3362 2211 3536 2264 Deum

1947 2297 2217 2353 vindicem
2241 2299 2554 2369 iniquitatis,
2588 2300 2633 2353 si
2673 2317 2779 2353 non
2822 2307 3132 2370 superesset
3170 2299 3333 2353 homo
3357 2298 3537 2367 justus

1948 2388 2100 2441 testis
2122 2388 2382 2442 veritatis.
2419 2389 2508 2443 Sic
2539 2405 2672 2460 ergo
2701 2389 2828 2443 Cain
2870 2387 3188 2442 interfector
3220 2386 3397 2441 fratris
3441 2387 3537 2440 Ba-

1947 2485 2158 2556 bylonis
2189 2485 2539 2540 fundamenta
2570 2486 2766 2556 posuit,
2801 2486 2941 2540 Abel
2988 2493 3168 2540 autem
3218 2482 3537 2539 interfectus

1949 2575 2215 2646 sanguine
2247 2590 2343 2628 suo
2374 2575 2667 2645 primordia
2700 2575 3041 2629 Hierusalem
3075 2574 3127 2627 in
3160 2581 3306 2628 terra
3345 2587 3538 2628 conse-

1947 2666 2137 2718 cravit.
2173 2663 2261 2719 Sic
2292 2664 2488 2718 Ismael
2515 2663 2922 2734 primogenitus
2955 2663 3222 2733 reprobus
3243 2661 3358 2725 fuit,
3381 2663 3539 2716 Isaac

1947 2774 2080 2813 vero
2111 2759 2316 2814 electus
2350 2779 2362 2820 ;
2395 2761 2535 2813 Esau
2568 2775 2786 2830 queque
2817 2760 2887 2812 ab
2918 2757 3254 2813 haereditatis
3285 2764 3427 2813 sorte
3483 2763 3539 2812 et

1946 2848 2094 2901 dono
2129 2848 2526 2903 benedictionis
2557 2849 2897 2918 reprobatur,
2931 2855 2984 2901 et
3011 2848 3182 2902 Jacob
3207 2845 3454 2918 diligitur
3483 2853 3538 2900 et

1946 2936 2218 3008 erigitur;
2261 2945 2313 2990 et
2353 2937 2647 3006 reprobata
2704 2937 2865 2990 Eliab
2916 2936 3303 3006 primogenita,
3365 2933 3538 2991 David

1937 3030 2126 3098 junior
2144 3031 2211 3084 ad
2238 3031 2390 3099 regni
2419 3031 2696 3100 fastigium
2725 3032 3070 3086 sublimatur.
3107 3032 3336 3101 Semper
3357 3040 3534 3085 autem

1945 3119 2139 3172 milites
2160 3119 2362 3173 diaboli
2382 3120 2563 3174 furore
2602 3127 2997 3191 pugnaverunt,
3022 3128 3073 3174 et
3107 3119 3305 3174 milites
3339 3118 3538 3173 Christi

1944 3208 2198 3277 patientia
2229 3208 2424 3274 vicere,
2460 3225 2644 3280 regem
2680 3225 2834 3262 suum
2867 3208 3202 3278 paupertatis
3250 3222 3439 3262 amore
3484 3213 3538 3261 et

1945 3304 2261 3359 humilitatis
2301 3305 2479 3358 studio
2542 3312 2851 3376 sequentes,
2907 3303 3168 3374 patientia
3221 3311 3397 3356 autem
3466 3301 3537 3356 ad

1942 3394 2118 3464 ipsum
2151 3392 2550 3463 pervenientes.

2175 3491 2449 3562 Exempla
2481 3490 2547 3545 de
2577 3490 2750 3544 varii:
2781 3489 3076 3560 generibus
3099 3489 3307 3543 avium.

2015 3595 2300 3665 Quomodo
2337 3597 2388 3650 in
2423 3596 2676 3666 prmsenti
2709 3594 3001 3668 evangelio
3031 3595 3236 3650 mentio
3267 3594 3407 3650 facta
3453 3601 3536 3649 est

1943 3693 2121 3748 avium
2157 3703 2208 3747 et
2240 3694 2547 3756 herbarum,
2582 3702 2759 3746 ratum
2790 3692 3049 3746 duximus
3105 3692 3287 3763 aliqua
3335 3691 3404 3746 de
3450 3692 3531 3746 eis

1943 3783 2063 3837 huic
2093 3782 2245 3852 operi
2290 3783 2530 3838 inserere
2562 3782 2627 3835 ad
2657 3781 2943 3836 utilitatem
3005 3780 3345 3836 moralilatis.
3400 3780 3538 3836 Dicit

1943 3871 2087 3925 enim
2117 3871 2306 3925 beatus
2339 3870 2659 3924 Ambrosius
2691 3871 2743 3923 iu
2769 3871 3074 3924 Exameron
3102 3869 3169 3923 de
3201 3867 3494 3924 hirundine
3522 3885 3534 3921 :

1945 3968 2189 4023 Hirundo
2230 3967 2533 4023 minuscula
2579 3983 2831 4037 corpore,
2879 3967 2974 4021 sed
3026 3965 3252 4038 egregie
3300 3965 3407 4035 pia,
3461 3981 3542 4019 su-

1946 4057 2125 4110 blimis
2141 4055 2334 4110 affectu
2355 4074 2366 4108 :
2386 4073 2507 4125 quae
2525 4055 2711 4126 indiga
2729 4072 2911 4109 rerum
2930 4054 3169 4109 omnium
3188 4052 3540 4124 pretiosiores

1944 4161 2078 4200 auro
2109 4145 2267 4199 nidos
2301 4144 2478 4209 struit,
2514 4143 2642 4214 quia
2692 4143 2972 4214 sapienter
3001 4142 3256 4198 aediﬁcat.
3309 4165 3330 4189 η
3366 4141 3540 4196 Nidus

1945 4245 2088 4300 enim
2119 4245 2398 4315 sapientiae
2429 4243 2722 4312 pretiosior
2764 4251 2847 4297 est
2894 4259 3054 4298 auro.
3101 4242 3242 4312 Quid
3263 4242 3408 4297 enim
3456 4256 3542 4296 sa-

1944 4334 2180 4403 pientius
2211 4349 2372 4404 quam
2406 4340 2465 4386 ut
2495 4341 2547 4386 et
2576 4331 2793 4386 volandi
2834 4348 2968 4404 vaga
3013 4332 3262 4388 libertate
3307 4330 3542 4402 potiatur

1945 4432 1996 4476 et
2025 4422 2302 4477 hominum
2333 4420 2620 4476 domiciliis
2651 4421 2914 4492 parvulos
2945 4437 3074 4475 suos
3105 4429 3156 4475 et
3198 4428 3342 4476 tecta
3384 4435 3539 4474 com-

1945 4521 2182 4583 mendet,
2233 4519 2323 4573 ubi
2376 4519 2620 4572 sobolem
2653 4517 2835 4572 nullus
2866 4519 3306 4574 incurset?Nam
3333 4525 3384 4572 et
3409 4515 3542 4570 illud

244 4625 454 4671 naturae
485 4617 756 4680 humanae,
790 4632 911 4686 quae
943 4616 995 4668 in
1025 4615 1144 4685 ipso
1175 4615 1405 4685 primum
1439 4630 1534 4684 per
1563 4614 1831 4669 conditio-
1862 4619 1914 4677 D
1945 4619 2025 4662 est
2055 4609 2358 4678 pulchrum,
2387 4616 2441 4660 ut
2471 4623 2498 4659 a
2533 4621 2710 4677 primo
2741 4615 2863 4661 ortu
2893 4607 3071 4676 pullos
3115 4621 3244 4660 suos
3290 4606 3540 4659 humana

245 4729 371 4768 nem
405 4721 516 4767 tota
547 4713 767 4767 condita
790 4720 901 4766 erat
933 4713 1001 4765 ad
1033 4711 1282 4781 gloriam,
1343 4720 1532 4781 postea
1585 4719 1633 4765 et
1695 4727 1838 4780 prae-

245 4802 632 4857 varicationem
665 4809 773 4854 tota
805 4808 918 4854 erat
949 4801 1166 4854 addicta
1197 4801 1266 4854 ad
1298 4816 1536 4869 pernam,
1570 4809 1624 4852 ut
1645 4808 1832 4852 osten-

247 4891 468 4946 deretur
499 4889 644 4960 quod
674 4888 1044 4944 misericordia
1070 4897 1120 4942 et
1143 4890 1341 4943 veritas
1360 4889 1472 4958 jam
1510 4898 1634 4942 tunc
1670 4889 1834 4942 dividi

248 4994 531 5058 cmperunt
559 4985 612 5038 in
644 5000 770 5039 vasa
801 4985 1192 5040 misericordiae
1214 4992 1266 5038 et
1291 4984 1341 5038 in
1366 5001 1490 5038 vasa
1525 4984 1638 5052 iraa,
1663 4991 1716 5038 et
1746 4984 1836 5037 ab-

239 5075 422 5146 jectus
453 5083 535 5128 est
562 5073 958 5143 primogenitus
1003 5081 1184 5137 terrae,
1241 5073 1388 5127 sicut
1444 5073 1838 5144 primogenitus

247 5163 371 5221 caeli
403 5170 711 5225 corruerat,
743 5161 790 5216 si
821 5170 1002 5215 tamen
1034 5161 1430 5232 primogenitus
1462 5169 1574 5215 erat
1607 5162 1698 5231 qui
1746 5178 1839 5232 ge-

246 5261 391 5315 nitus
421 5274 529 5314 non
559 5263 698 5312 erat.
732 5259 810 5312 De
841 5257 961 5327 ipso
1011 5258 1156 5311 enim
1204 5257 1406 5313 dictum
1468 5267 1549 5312 est
1584 5274 1596 5310 :
1653 5280 1674 5304 «
1711 5257 1838 5326 Ipse

247 5347 566 5420 principium
601 5347 807 5400 viarum
840 5347 936 5400 Dei
968 5346 1085 5416 (Job
1116 5345 1225 5401 nl.
1257 5368 1278 5393 ι
1304 5347 1369 5399 Et
1399 5346 1690 5416 reprobata
1717 5354 1840 5400 sunt

245 5438 424 5510 prima
457 5445 514 5490 ut
544 5435 874 5490 ostendatur
904 5435 1028 5506 quia
1061 5433 1182 5487 finis
1211 5434 1481 5504 principio
1529 5434 1722 5488 melior
1760 5444 1844 5489 est

249 5536 342 5607 qui
371 5551 493 5606 qua:
516 5534 569 5587 in
592 5533 856 5603 principio
889 5533 1030 5588 facta
1070 5541 1212 5596 sunt,
1246 5549 1275 5585 a
1321 5533 1436 5586 Deo
1459 5532 1595 5585 bona
1619 5532 1838 5602 quidem

245 5624 384 5679 facta
418 5633 562 5686 sunt,
597 5621 695 5675 sed
727 5622 868 5674 bona
901 5619 1210 5690 incipientia
1242 5639 1254 5682 ;
1289 5637 1409 5692 quae
1429 5629 1608 5674 autem
1639 5620 1691 5674 in
1735 5620 1838 5676 fine

246 5711 498 5768 facienda
529 5717 703 5773 erant,
738 5709 880 5763 bona
911 5708 1154 5764 facienda
1186 5717 1360 5775 erant,
1408 5717 1463 5764 et
1512 5709 1655 5762 bona
1703 5726 1836 5764 con-

249 5819 542 5866 summata.
579 5809 805 5878 Propter
834 5809 935 5862 hoc
967 5808 1127 5861 etiam
1158 5807 1211 5860 in
1264 5808 1382 5876 ipsa
1423 5824 1600 5860 rerum
1644 5807 1838 5863 condi-

245 5899 387 5954 tione
419 5898 653 5969 primum
684 5896 970 5952 materiam
1000 5895 1145 5962 fecit,
1177 5904 1366 5966 postea
1389 5896 1619 5950 formam
1644 5913 1836 5966 super-

1950 4714 2048 4751 usu
2083 4695 2513 4752 conversationis
2553 4702 2848 4758 assuescat,
2895 4703 2949 4748 et
2983 4701 3205 4764 praestet
3253 4693 3321 4748 ab
3366 4693 3544 4746 inimi-

1948 4810 2129 4850 carum
2161 4794 2340 4848 avium
2372 4793 2585 4847 insidiis
2616 4793 2865 4846 tutiores.
2902 4793 2994 4846 Est
3032 4801 3211 4845 tamen
3243 4790 3373 4845 illud
3405 4807 3542 4861 pra:-

1947 4883 2173 4946 clarum,
2205 4898 2310 4952 qua
2329 4882 2503 4953 gratia
2536 4882 2727 4935 domos
2751 4879 2853 4933 sibi
2884 4881 3000 4935 sine
3029 4879 3140 4934 ullo
3154 4879 3400 4948 adjutore
3421 4886 3541 4932 tan-

1946 4987 2106 5042 quam
2137 4970 2269 5024 artis
2303 4970 2474 5035 perita
2505 4976 2812 5035 componat.
2837 4967 3144 5040 Legitenim
3169 4966 3402 5023 festucas
3424 4982 3539 5032 ore,

1948 5081 2153 5136 easque
2171 5064 2279 5118 luto
2295 5064 2472 5129 illinit,
2498 5072 2551 5118 ut
2577 5063 2954 5134 conglutinare
2973 5063 3165 5136 possit.
3190 5063 3295 5118 Sed
3318 5062 3442 5134 quia
3464 5061 3540 5116 lu'

1947 5163 2057 5209 tum
2089 5153 2319 5220 pedibus
2341 5170 2445 5207 non
2465 5161 2641 5222 potest
2658 5151 2895 5218 deferre,
2919 5152 3280 5206 summitatem
3337 5166 3542 5222 penna-

1946 5267 2063 5305 rum
2088 5266 2223 5321 aqua
2245 5248 2502 5314 infundit,
2525 5257 2580 5302 ut
2603 5248 2759 5304 facile
2781 5250 2865 5303 his
2887 5249 3065 5320 pulvis
3081 5249 3357 5303 adhaereat
3381 5255 3433 5303 et
3451 5246 3544 5302 ﬁat

1947 5347 2126 5414 limus,
2148 5362 2254 5418 quo
2275 5347 2534 5416 paulatim
2564 5346 2818 5413 festucas,
2873 5345 2958 5401 vel
3011 5344 3248 5399 minutos
3295 5343 3546 5400 surculos

1947 5437 2051 5491 sibi
2084 5436 2321 5506 colligat,
2353 5443 2514 5506 atque
2544 5435 2824 5490 adhaerere
2856 5433 3042 5489 faciat.
3083 5434 3162 5489 Eo
3191 5449 3394 5504 genere
3426 5433 3539 5488 nidi

1949 5535 2113 5589 totius
2142 5533 2400 5588 fabricam
2434 5532 2610 5596 struit,
2646 5540 2702 5586 ut
2733 5533 2884 5603 quasi
2917 5531 3213 5602 pavimenti
3243 5530 3382 5596 solo,
3409 5531 3542 5603 pulli

1948 5624 2068 5692 ejus
2098 5623 2242 5677 intra
2272 5623 2419 5676 aedes
2444 5637 2570 5674 suas
2601 5620 2717 5675 sine
2752 5619 3057 5676 oﬂensione
3090 5629 3394 5686 versentur,
3445 5636 3547 5676 nec

1948 5713 2145 5783 pedem
2191 5710 2387 5782 aliquis
2439 5710 2723 5764 interserat
2762 5726 2859 5780 per
2909 5709 3132 5764 rimulas
3183 5717 3544 5776 texturarum,

1945 5818 2039 5864 aut
2063 5808 2264 5865 teneris
2307 5808 2478 5880 frigus
2498 5806 2722 5876 irrepat.
2755 5807 2862 5861 Sed
2885 5807 2987 5861 hoc
3006 5806 3282 5861 industriae
3304 5805 3539 5861 ofﬁcium

1945 5913 2118 5969 prope
2148 5913 2435 5953 commune
2471 5895 2651 5950 multis
2673 5896 2861 5951 avibus
2894 5915 2905 5959 ;
2931 5895 3062 5950 illud
3087 5911 3216 5951 vero
3241 5895 3538 5963 singulare,
