3972 6406
376 342 514 398 1147

1521 345 1854 405 WERNERI
1893 347 2180 404 ABBATIS
2221 348 2277 404 S.
2309 348 2530 405 BLASlI

3545 355 3678 408 1148

375 465 430 521 in
460 484 568 538 quo
596 477 676 526 est
706 472 968 543 praeclara
997 491 1124 531 cura
1159 475 1370 548 pietatis
1399 482 1453 529 et
1489 475 1768 544 prudentis
1813 475 1976 530 intel-
2007 473 2062 535 Α
2092 474 2332 546 degener
2353 482 2402 530 et
2427 481 2571 531 tanto
2593 475 2848 549 indignus
2867 484 3088 547 parente
3109 477 3365 547 rejicitur,
3399 495 3497 534 nec
3537 479 3679 535 aesti-

373 554 564 627 lectus,
590 567 642 614 et
660 563 987 634 cognitionis
1007 563 1240 637 insigne,
1266 573 1376 619 tum
1407 563 1655 634 quaedam
1695 565 1980 620 medicinae

370 646 498 700 artis
529 648 738 718 peritia,
776 651 920 721 quod
949 653 993 708 si
1024 670 1129 724 qua
1157 653 1288 725 pulli
1338 653 1454 722 ejus
1502 653 1698 707 fuerint
1742 653 1980 708 caecitate

375 733 559 791 suﬂ‘usi
587 738 642 791 in
697 740 880 795 oculos
934 742 1047 797 sive
1101 743 1431 814 compuncti,
1495 743 1653 797 habet
1709 741 1982 812 quoddam

375 824 626 881 medendi
658 844 832 900 genus
861 844 966 898 quo
993 831 1164 901 possit
1193 847 1380 888 eorum
1433 832 1638 886 lumina
1687 831 1984 902 intercepto

372 921 511 980 visui
547 925 870 982 reformare.
917 929 1092 984 Nemo
1131 929 1295 1002 igitur
1330 929 1397 983 de
1450 929 1634 1000 inepia
1691 937 1980 1000 quaeratur,

376 1013 520 1082 quod
541 1029 739 1070 vacuas
759 1017 1004 1087 pecuniae
1023 1019 1268 1090 proprias
1311 1019 1457 1074 aedes
1499 1019 1796 1088 reliquerit,
1843 1034 1984 1090 pau-

377 1101 561 1170 perior
589 1111 670 1158 est
696 1105 948 1176 hirundo,
983 1123 1104 1177 qua:
1147 1123 1320 1164 vacua
1367 1107 1490 1163 aeris
1532 1107 1776 1162 abundat
1821 1107 1987 1162 indu-

374 1190 536 1246 stria.
574 1191 822 1249 IEdiﬁcat
849 1211 950 1251 nec
979 1195 1264 1266 impendit,
1312 1204 1451 1251 tecta
1491 1196 1701 1264 attollit,
1747 1202 1802 1251 et
1855 1195 1989 1250 nihil

387 1281 562 1337 aufert
587 1281 657 1338 de
687 1284 923 1354 proximi
954 1283 1273 1357 indigentia,
1306 1301 1405 1340 nec
1433 1292 1750 1357 paupertate
1779 1285 1846 1340 ad
1893 1301 1991 1340 no-

387 1377 617 1434 cendum
649 1379 740 1434 alii
767 1381 1132 1452 compellitur,
1161 1398 1262 1438 nec
1300 1382 1357 1436 in
1401 1383 1556 1456 gravi
1601 1380 1833 1438 ﬁliorum
1879 1383 1988 1436 im-

385 1465 677 1523 becillitate
707 1467 974 1540 desperat.
1008 1471 1120 1526 Nos
1153 1487 1280 1526 vero
1313 1478 1365 1526 et
1394 1479 1682 1542 paupertas
1710 1470 1890 1536 afficit,
1938 1478 1992 1524 et

385 1555 672 1628 plerosque
703 1557 1001 1630 indigentia
1019 1560 1168 1632 cogit
1192 1560 1248 1614 in
1276 1559 1562 1632 ﬂagitium,
1598 1561 1728 1615 lucri
1778 1576 1990 1630 quoque

387 1645 563 1702 studio
593 1647 647 1700 in
677 1646 895 1702 fraudes
922 1665 1201 1704 versamus
1231 1649 1531 1722 ingenium,
1566 1659 1725 1721 atque
1754 1650 1812 1704 in
1857 1665 1990 1721 gra-

386 1735 620 1790 vissimis
649 1737 989 1808 passionibus
1015 1755 1169 1808 spem
1207 1738 1547 1810 deponimus,
1595 1739 1888 1810 improvidi
1942 1745 1995 1794 et

385 1824 584 1880 inertes
614 1825 885 1895 jacemus,
926 1843 1050 1882 cum
1089 1827 1156 1882 de
1207 1828 1394 1884 divina
1454 1827 1799 1884 miseratione
1865 1835 1990 1882 tunc
2019 1839 2070 1898 Β

385 1915 714 1983 sperandum
754 1917 988 1989 amplius
1017 1918 1104 1987 sit,
1137 1933 1259 1972 cum
1290 1918 1543 1991 praesidia
1571 1919 1808 1974 humana
1844 1917 1994 1973 defe-

387 2003 582 2061 cerint.

1013 2125 1091 2180 De
1121 2124 1370 2180 cornice.

462 2234 685 2292 Discant
710 2237 960 2293 homines
989 2254 1174 2294 amare
1211 2237 1352 2294 ﬁlios
1409 2255 1476 2292 ex
1531 2255 1631 2292 usu
1690 2246 1740 2293 et
1797 2237 1994 2309 pietate

395 2325 695 2394 cornicum,
729 2343 850 2397 qum
885 2327 1048 2383 etiam
1102 2328 1347 2382 volantes
1402 2327 1542 2382 ﬁlios
1589 2327 1844 2382 comitatu
1901 2343 1992 2381 se-

393 2412 520 2470 dulo
553 2425 952 2486 prosequuntur
980 2425 1033 2473 et
1059 2417 1306 2482 sollicite,
1349 2433 1419 2472 ne
1465 2417 1634 2471 teneri
1678 2415 1815 2471 forte
1861 2414 1994 2470 deﬁ-

391 2501 554 2570 ciant,
588 2503 768 2559 cibum
813 2514 1132 2579 suggerunt,
1191 2522 1254 2562 ac
1305 2506 1538 2578 plurimo
1593 2513 1832 2577 tempore
1887 2521 1992 2559 nu-

393 2591 585 2647 triendi
613 2592 793 2651 oﬂicia
823 2610 930 2650 non
957 2595 1286 2666 relinquunt.

952 2719 1024 2775 De
1051 2718 1441 2790 accipitribus.

468 2825 770 2898 Accipitres
799 2827 1042 2884 feruntur
1068 2829 1262 2884 duram
1292 2828 1694 2884 inclementiam
1724 2829 1779 2883 in
1809 2845 1874 2884 eo
1904 2829 1998 2885 ad-

397 2930 611 2971 versum
641 2917 892 2988 proprios
919 2917 1059 2972 fetus
1087 2917 1308 2988 habere,
1345 2918 1489 2990 quod
1519 2918 1611 2973 ubi
1658 2935 1752 2974 eos
1797 2919 1996 2974 adver-

397 3004 559 3060 terint
588 3013 790 3062 tentare
817 3007 1028 3064 volatus
1055 3007 1370 3078 primordia,
1415 3007 1554 3062 nidis
1601 3007 1822 3078 ejiciunt
1865 3009 1992 3078 suis,

397 3095 759 3166 continuoque
788 3096 1088 3165 eliminant,
1119 3113 1182 3152 ac
1220 3097 1264 3152 si
1310 3105 1604 3166 morentur,
1659 3098 1992 3168 propulsant,

2091 571 2268 619 matur
2305 563 2623 620 educatione
2660 565 2857 638 dignus
2895 567 2985 636 qui
3041 565 3140 621 fuit
3195 567 3447 640 indignus
3497 585 3680 624 susce-

2091 653 2302 724 ptione.
2340 653 2463 708 Non
2494 669 2624 726 ergo
2657 671 2780 710 eum
2811 655 3102 712 acerbitate
3131 663 3352 724 naturas,
3401 658 3494 713 sed
3537 657 3680 713 indi-

2091 742 2161 798 cii
2191 741 2502 814 integritate
2524 744 2871 814 condemnat,
2903 762 3005 800 nec
3043 745 3194 816 quasi
3242 762 3395 801 suum
3449 747 3677 817 abdicat,

2092 832 2186 886 sed
2217 832 2367 902 quasi
2388 833 2622 888 alienum
2652 841 2880 889 recusat.

2591 948 2668 1004 De
2695 949 2828 1018 fene
2863 949 2948 1005 vel
2973 949 3176 1019 fulica.

2169 1061 2301 1116 Avis
2329 1077 2448 1132 quae
2506 1062 2697 1119 Graece
2751 1064 2946 1119 dicitur
3002 1062 3124 1120 fene
3181 1072 3482 1137 susceptum
3538 1065 3686 1120 illum

2099 1151 2215 1207 sive
2253 1151 2560 1206 abdicatum
2599 1152 2795 1222 aquilae
2833 1153 3039 1226 pullum
3078 1170 3201 1209 cum
3237 1170 3333 1209 sua
3370 1154 3517 1226 prole
3551 1170 3686 1211 con—

2099 1239 2282 1307 nectit,
2315 1249 2475 1310 atque
2504 1241 2876 1297 intermiscens
2901 1243 3030 1309 suis,
3065 1243 3255 1299 eodem
3295 1259 3402 1314 quo
3447 1243 3691 1315 proprios

2101 1329 2242 1384 fetus
2279 1337 2536 1386 maternae
2575 1331 2872 1386 sedulitatis
2908 1331 3088 1388 ofﬁcio
3127 1339 3182 1387 et
3224 1333 3340 1404 pari
3393 1331 3691 1387 nutrimen-

2099 1436 2275 1484 torum
2310 1427 2804 1484 subministratione
2834 1429 3002 1502 pascit
3033 1438 3085 1484 et
3126 1431 3314 1486 nutrit.
3370 1431 3511 1502 Ergo
3567 1430 3692 1484 fene

2101 1515 2308 1572 alienos
2338 1517 2501 1572 nutrit
2531 1531 2545 1586 ;
2581 1534 2680 1572 nos
2706 1535 2835 1575 vero
2884 1526 3098 1574 nostros
3144 1519 3338 1574 immiti
3383 1518 3690 1574 crudelitate

2101 1605 2438 1676 projicimus.
2474 1607 2668 1678 Aquila
2696 1623 2823 1663 vero
2853 1605 2898 1663 si
2925 1605 3160 1678 projicit,
3190 1623 3298 1664 non
3353 1608 3501 1679 quasi
3537 1623 3690 1662 suum

2102 1694 2358 1766 projicit;
2399 1695 2494 1750 sed
2533 1696 2684 1766 quasi
2740 1696 3067 1769 degenerem
3135 1711 3243 1752 non
3308 1697 3686 1770 recognoscit:

2101 1799 2218 1848 nos,
2253 1784 2396 1854 quod
2437 1785 2588 1856 pejus
2644 1792 2744 1855 est,
2804 1801 2939 1856 quos
3000 1793 3212 1842 nostros
3265 1785 3695 1858 recognoscimus

2101 1872 2434 1930 abdieamus.

2663 1991 2738 2046 De
2770 1990 3094 2047 turturibus
3106 2031 3119 2045 .

2173 2086 2493 2142 Turturibus
2521 2087 2668 2144 Deus
2695 2087 2894 2144 infudit
2923 2089 3065 2144 hunc
3086 2087 3356 2158 affectum,
3405 2090 3545 2144 hanc
3587 2086 3694 2144 vir-

2104 2182 2270 2231 tutem
2308 2177 2654 2232 continentiae
2685 2177 2833 2232 dedit
2865 2196 2876 2232 :
2910 2178 2998 2248 qui
3040 2179 3187 2235 solus
3227 2185 3404 2248 potest
3445 2177 3693 2250 prmscri-

2103 2263 2230 2320 bere
2271 2265 2414 2336 quod
2476 2282 2666 2320 omnes
2729 2273 3040 2338 sequantur.
3109 2267 3302 2324 Turtur
3365 2282 3472 2322 non
3533 2265 3699 2320 uritur

2101 2361 2234 2418 flore
2259 2362 2573 2432 juventutis,
2605 2379 2716 2418 non
2768 2369 2994 2418 tentatur
3039 2363 3372 2422 occasionnis
3426 2363 3694 2418 illecebra.

2103 2451 2298 2505 Turtur
2332 2451 2502 2506 nescit
2539 2451 2770 2524 primam
2828 2452 3034 2508 irritam
3101 2453 3300 2520 facere,
3368 2437 3492 2523 quia
3549 2451 3698 2506 novit

2101 2540 2474 2596 castimoniam
2514 2557 2731 2596 servare
2764 2583 2778 2610 ,
2819 2542 2995 2612 prima
3047 2541 3303 2598 connubii
3361 2549 3500 2597 sorte
3551 2555 3695 2612 prae-

2101 2629 2284 2684 missa.
2328 2629 2534 2686 Caetera
2571 2629 2637 2684 de
2677 2637 2877 2685 turture
2914 2645 3034 2701 quae
3071 2631 3129 2685 in
3165 2630 3485 2704 Evangelio,
3531 2652 3552 2678 ιι
3596 2629 3696 2684 Vi-

2104 2717 2238 2774 dens
2275 2718 2541 2774 Dominus
2579 2719 2851 2776 civitatem
2891 2719 3040 2776 ﬂevit
3094 2736 3257 2792 super
3320 2719 3468 2775 illam
3529 2717 3688 2790 (Luc.

2104 2810 2243 2878 nx).
2281 2831 2304 2857 η

2707 2919 2785 2973 De
2815 2918 3066 2974 vulture.

2175 3015 2458 3087 Negantur
2484 3014 2721 3071 vultures
2749 3015 3031 3088 indulgere
3059 3015 3369 3072 concubitui
3407 3024 3460 3071 et
3503 3017 3697 3088 conju-

2107 3104 2216 3176 gali
2249 3105 2481 3174 quodam
2513 3121 2610 3159 usu
2641 3105 2999 3176 nuptialisque
3027 3106 3236 3177 copulae
3281 3113 3423 3161 sorte
3467 3105 3694 3174 misceri,

398 3184 685 3240 verberant
722 3185 841 3256 alis,
882 3194 1192 3258 coguntque
1247 3186 1446 3242 audere
1503 3186 1648 3256 Quod
1704 3187 1996 3256 trepidant,
2027 3197 2076 3262 Ο
2105 3200 2265 3264 atque
2295 3193 2370 3248 ita
2398 3193 2515 3248 sine
2542 3193 2651 3248 ullo
2707 3194 3069 3250 masculorum
3126 3192 3339 3266 concipi
3393 3194 3596 3250 semine
3647 3202 3700 3250 et

393 3288 492 3328 nec
519 3273 686 3328 ullum
717 3283 908 3347 postea
935 3275 1185 3330 deferunt
1211 3275 1295 3330 his
1323 3291 1518 3330 munus
1545 3275 1839 3331 alimoniae.
1883 3276 1992 3332 Ca-

391 3370 519 3418 vent
553 3364 733 3432 itaque
766 3380 834 3419 ne
863 3365 918 3419 in
947 3372 1134 3420 tenera
1173 3371 1331 3420 aetate
1377 3365 1704 3437 pigrescant,
1754 3380 1822 3420 ne
1877 3365 1994 3420 sol-

392 3469 586 3517 vantur
611 3463 841 3531 deliciis,
877 3480 946 3519 ne
975 3470 1318 3520 marcescant
1359 3463 1488 3530 otio,
1545 3480 1612 3518 ne
1657 3463 1866 3519 discant
1909 3464 1993 3518 ci-

394 3548 524 3604 bum
555 3552 733 3624 magis
771 3559 1086 3624 exspectare
1133 3569 1294 3624 quam
1352 3568 1613 3622 quaerere,
1674 3569 1739 3608 ne
1791 3559 1994 3608 natura:

394 3654 504 3694 suae
551 3641 828 3712 deponant
887 3643 1156 3714 vigorem.
1229 3640 1594 3695 Intermittunt
1649 3641 1824 3697 studia
1887 3659 1993 3697 nu-

394 3728 608 3810 triendi,
641 3738 700 3787 ut
727 3732 782 3786 in
810 3748 937 3787 usus
965 3731 1212 3804 rapiendi
1242 3731 1440 3786 audere
1468 3731 1822 3801 compellant.

1025 3858 1100 3913 De
1128 3858 1346 3929 aquila.

457 3971 652 4042 Aquila
689 3971 920 4044 plurimo
989 3985 1242 4028 sermone
1292 3980 1596 4044 usurpatur,
1665 3973 1810 4044 quod
1869 3989 1996 4028 suos

391 4059 606 4117 abdicet
637 4060 776 4116 fetus
806 4079 821 4128 ;
853 4061 949 4117 sed
979 4077 1088 4117 non
1119 4069 1403 4132 utrumque
1433 4079 1622 4118 verum
1657 4081 1670 4118 :
1710 4065 1877 4118 unum
1925 4079 1994 4117 ex

389 4149 551 4220 pullis
584 4149 817 4219 duobus,
849 4151 993 4220 quod
1023 4150 1189 4220 aliqui
1235 4159 1579 4220 putaverunt,
1627 4151 1994 4224 geminando—

389 4254 510 4294 rum
531 4239 910 4296 alimentorum
933 4238 1148 4296 fastidio
1176 4240 1442 4298 occidere.
1494 4239 1603 4298 Sed
1647 4239 1703 4294 id
1749 4256 1858 4296 non
1905 4239 1994 4296 fa-

391 4335 494 4392 cile
523 4335 774 4405 creditur,
807 4337 1104 4408 praesertim
1135 4354 1258 4393 eum
1314 4339 1525 4410 Moyses
1578 4345 1785 4393 tantum
1841 4337 1994 4392 testi-

391 4425 638 4480 monium
669 4425 883 4496 pietatis
909 4427 966 4481 in
1011 4427 1186 4499 pullos
1241 4445 1366 4485 suos
1421 4428 1546 4484 huic
1599 4427 1748 4483 dedit
1801 4427 1888 4482 avi
1937 4435 1997 4482 ut

396 4513 600 4571 diceret
629 4533 642 4571 :
675 4514 826 4572 Sicut
856 4516 1040 4586 aquila
1068 4518 1301 4590 protegit
1328 4517 1514 4572 nidum
1544 4534 1720 4584 suum,
1755 4525 1803 4573 et
1837 4532 1999 4588 super

393 4605 574 4675 pullos
601 4620 728 4660 suos
755 4605 1004 4674 considit,
1035 4607 1296 4679 expandit
1339 4607 1452 4662 alas
1508 4623 1632 4664 suas
1681 4615 1735 4662 et
1787 4622 1992 4661 assum-

390 4694 500 4765 psit
527 4709 644 4763 eos,
675 4702 728 4750 et
757 4695 991 4766 suscepit
1038 4712 1203 4767 super
1242 4697 1490 4768 scapulas
1539 4713 1684 4764 suas,
1734 4695 1998 4751 Dominus

391 4791 539 4847 solus
571 4790 800 4848 ducebat
826 4807 920 4848 eos
948 4793 1140 4862 (Deut.
1170 4796 1369 4862 xxx").
1401 4791 1687 4861 Quomodo
1717 4807 1848 4864 ergo
1899 4807 1996 4848 ex-

393 4881 585 4951 pandit
613 4881 728 4938 alas
756 4897 900 4948 suas,
932 4882 977 4937 si
1022 4881 1282 4938 occiderit
1334 4881 1563 4936 alterum
1593 4883 1621 4934 ‘l
1677 4881 1832 4937 Unde
1887 4896 1996 4936 non

393 4977 524 5042 puto
552 4971 778 5028 avaritia
807 4971 1072 5026 nutriendi
1103 4987 1228 5026 cum
1271 4971 1649 5027 inclementem
1707 4968 1843 5038 ﬁeri,
1901 4969 1997 5024 sed

395 5060 644 5117 examine
676 5059 978 5132 judicandi.
1035 5059 1264 5130 Semper
1326 5061 1473 5115 enim
1538 5059 1706 5114 fertur
1767 5058 1997 5131 probare

397 5165 531 5220 quos
557 5149 765 5223 genuit,
796 5166 866 5205 ne
893 5150 1112 5222 generis
1139 5150 1220 5205 sui
1251 5149 1388 5204 inter
1413 5165 1604 5206 omnes
1642 5165 1770 5204 aves
1816 5147 1996 5218 quod-

395 5237 521 5294 dam
550 5238 738 5312 regale
780 5238 1053 5310 fastigium
1111 5237 1397 5310 degeneris
1448 5245 1632 5309 partus
1685 5237 2001 5293 deformitas

394 5326 688 5384 decoloret.
724 5330 911 5397 Itaque
939 5327 1194 5382 asseritur
1223 5327 1367 5396 quod
1416 5327 1594 5396 pullos
1649 5341 1776 5382 suos
1837 5325 2003 5380 radiis

395 5417 524 5472 solis
551 5415 795 5487 objiciet,
829 5424 989 5486 atque
1017 5415 1069 5470 in
1101 5416 1241 5471 aeris
1268 5415 1449 5471 medio
1480 5416 1571 5486 pio
1601 5413 1855 5487 parvulos
1893 5431 1999 5468 un-

395 5521 503 5575 gue
532 5505 827 5576 suspendat
859 5524 873 5572 ;
907 5521 969 5560 ac
997 5505 1041 5560 si
1063 5505 1183 5575 quis
1231 5521 1574 5577 repercussus
1618 5503 1748 5559 solis
1797 5503 2002 5558 lumine

398 5591 722 5665 intrepidam
753 5594 1034 5649 oculorum
1064 5595 1238 5650 aciem
1295 5592 1560 5649 inoffenso
1616 5593 1855 5648 intuendi
1911 5593 2000 5649 vi-

397 5696 530 5752 gore
561 5682 858 5738 servaverit
887 5697 901 5752 ;
936 5683 980 5736 is
1012 5683 1270 5754 probatur
1297 5683 1440 5753 quod
1470 5682 1750 5738 veritatem
1799 5689 2003 5737 natura:

403 5769 598 5824 sinceri
638 5769 855 5824 obtutus
901 5772 1198 5826 constantia
1242 5771 1733 5841 demonstraverit;
1783 5771 1826 5825 si
1876 5786 2002 5826 vero

406 5855 611 5914 lumina
641 5874 738 5914 sua
767 5859 1092 5931 praestrictus
1137 5859 1264 5916 solis
1303 5859 1456 5916 radio
1505 5859 1790 5926 inflexerit,
1849 5861 2000 5930 quasi

2024 4565 2078 4626 D

2103 3291 2218 3345 sine
2251 3289 2631 3361 conjunctione
2659 3307 2940 3363 generare,
2973 3300 3230 3362 natosque
3261 3307 3328 3348 ex
3356 3291 3438 3346 his
3460 3291 3515 3348 in
3555 3292 3698 3346 mul-

2104 3388 2213 3435 tam
2242 3387 2458 3436 aetatem
2489 3381 2668 3453 longae
2697 3381 2821 3436 vitae
2851 3379 3160 3452 procedere,
3192 3388 3250 3436 ut
3277 3397 3443 3451 usque
3471 3381 3540 3436 ad
3559 3397 3690 3437 cen-

2105 3476 2216 3523 tum
2247 3485 2418 3524 annos
2445 3469 2572 3526 vitae
2601 3485 2785 3524 eorum
2814 3469 2982 3525 series
3010 3469 3352 3541 producatur,
3388 3486 3486 3527 nec
3533 3469 3690 3526 facile

2100 3574 2195 3614 eos
2223 3558 2436 3630 angusti
2467 3559 2571 3613 aevi
2599 3556 2722 3612 ﬁnis
2752 3559 3002 3630 excipiat.
3036 3557 3178 3628 Quid
3208 3559 3356 3614 aiunt
3385 3559 3478 3630 qui
3521 3559 3693 3614 solent

2101 3655 2284 3702 nostra
2325 3646 2500 3702 ridere
2555 3647 2826 3718 mysteria.
2885 3663 3008 3702 cum
3066 3646 3286 3702 audiunt
3341 3647 3485 3718 quod
3539 3647 3692 3720 virgo

2101 3736 2402 3809 generavit,
2434 3744 2488 3791 et
2513 3736 2905 3806 impossibilem
2933 3736 3190 3808 innupta,
3241 3735 3396 3806 cujus
3433 3735 3691 3809 pudorem

2103 3825 2250 3880 nulla
2287 3823 2390 3882 viri
2423 3825 2751 3880 consuetudo
2807 3833 3138 3892 temerasset,
3199 3824 3509 3880 existimant
3563 3841 3692 3896 par-

2103 3929 2213 3978 tum
2244 3923 2273 3976 ?
2301 3920 2643 3993 Impossibile
2665 3928 2882 3991 putatur
2909 3921 2965 3976 in
2997 3921 3093 3976 Dei
3122 3929 3312 3990 matre,
3342 3921 3486 3993 quod
3506 3921 3561 3976 in
3579 3921 3696 3978 vul-

2103 4011 2309 4067 turibus
2339 4010 2595 4082 possibile
2625 4026 2732 4066 non
2775 4016 3027 4082 negatur.
3091 4009 3239 4064 Alius
3292 4009 3406 4066 sine
3457 4010 3694 4066 masculo

2100 4101 2262 4172 parit,
2294 4107 2348 4156 et
2375 4099 2552 4154 nullus
2576 4099 2794 4164 refellit,
2827 4106 2880 4154 et
2907 4097 3033 4170 quia
3061 4097 3381 4170 desponsata
3416 4099 3532 4155 viro
3575 4100 3694 4154 Ma-

2102 4190 2183 4246 ria
2211 4188 2442 4260 peperit,
2475 4187 2698 4261 pudoris
2728 4187 2847 4258 ejus
2875 4187 3078 4243 faciunt
3097 4187 3464 4258 quaestionem.
3504 4188 3697 4244 Nonne

2104 4285 2434 4344 advertimus
2463 4286 2606 4357 quod
2632 4286 2896 4340 Dominus
2941 4301 3008 4340 ex
3051 4285 3166 4357 ipsa
3223 4292 3412 4340 natura
3467 4285 3696 4356 plurima

2106 4377 2357 4448 exempla
2395 4384 2518 4430 ante
2559 4375 2838 4447 praemisit,
2888 4374 3083 4445 quibus
3137 4382 3395 4445 suscepta
3445 4373 3694 4430 incarna-

2108 4465 2268 4521 tionis
2295 4465 2551 4520 decorem
2581 4464 2855 4534 probaret,
2887 4471 2938 4518 et
2967 4471 3225 4519 astrueret
3251 4464 3527 4520 veritatem
3555 4463 3584 4516 ‘l

2467 4583 2543 4637 De
2573 4581 2792 4654 apibus.
2831 4579 3106 4650 Quomodo
3137 4579 3349 4634 vivant.

2173 4685 2315 4754 Apes
2343 4681 2472 4738 solae
2501 4679 2558 4734 in
2597 4679 2746 4734 omni
2801 4693 3003 4750 genere
3053 4677 3404 4732 animantium
3447 4690 3694 4732 commu-

2104 4788 2230 4827 nem
2268 4770 2521 4826 omnibus
2555 4767 2800 4824 sobolem
2839 4766 3058 4836 habent,
3098 4782 3263 4820 unam
3313 4781 3501 4820 omnes
3554 4764 3699 4820 inco-

2104 4861 2221 4916 lunt
2250 4859 2608 4928 mansionem,
2641 4857 2797 4912 unius
2851 4854 3039 4928 patriae
3093 4853 3410 4911 clauduntur
3461 4853 3644 4909 limine
3677 4869 3690 4924 ;

2105 4950 2160 5005 in
2201 4965 2491 5006 commune
2543 4946 2797 5003 omnibus
2856 4943 3104 5000 laborum
3165 4943 3466 4999 communis
3525 4942 3694 5013 cibus,

2105 5038 2410 5096 communis
2451 5036 2714 5108 operatio,
2759 5043 2813 5089 et
2859 5032 3160 5089 communis
3216 5049 3341 5088 usus
3394 5039 3448 5088 et
3500 5031 3698 5087 fructus

2107 5145 2205 5204 est,
2239 5135 2544 5192 communis
2571 5133 2806 5189 volatus.
2843 5131 2986 5202 Quid
3015 5132 3170 5204 plura
3188 5131 3217 5184 ‘l
3236 5129 3547 5187 Communis
3590 5145 3699 5185 orn-

2106 5227 2266 5281 nibus
2293 5223 2593 5298 generatio,
2627 5221 2904 5294 integritas
2933 5236 3146 5292 quoque
3177 5219 3416 5290 corporis
3451 5217 3692 5292 virgina-

2106 5316 2172 5371 lis
2199 5334 2212 5378 ;
2239 5313 2493 5370 omnibus
2521 5311 2826 5368 communis
2855 5315 2907 5364 et
2935 5317 3134 5382 partus,
3167 5307 3419 5379 quoniam
3449 5307 3556 5363 ullo
3595 5323 3698 5362 ne-

2107 5421 2213 5476 que
2239 5403 2527 5460 concubitu
2557 5400 2864 5467 miscentur,
2918 5415 3018 5454 nec
3073 5397 3295 5453 libidine
3349 5397 3698 5463 resolvuntur,

2108 5510 2210 5550 nec
2238 5499 2421 5566 partus
2449 5489 2760 5562 quatiuntur
2787 5487 3080 5543 doloribus.
3104 5487 3168 5541 Et
3199 5486 3376 5541 subito
3408 5485 3700 5540 maximum

2107 5591 2343 5648 ﬁliorum
2375 5605 2605 5646 examen
2633 5587 2904 5653 emittunt,
2937 5604 2966 5641 e
2997 5585 3139 5641 foliis
3168 5591 3220 5640 et
3247 5583 3426 5640 herbis
3471 5598 3561 5639 ore
3608 5598 3702 5637 suo

2109 5681 2316 5754 prolem
2359 5679 2626 5752 legentes.
2675 5677 2814 5748 Ipsae
2852 5673 2954 5730 sibi
3014 5689 3199 5746 regem
3258 5671 3522 5740 ordinant,
3579 5672 3706 5744 ipsa:

2108 5769 2211 5825 sibi
2243 5769 2472 5841 populos
2499 5773 2701 5828 creant.
2735 5773 2788 5820 et
2813 5765 2936 5820 licet
2983 5763 3172 5835 positae
3226 5761 3325 5816 sub
3380 5776 3530 5833 rege,
3587 5767 3707 5814 sunt

2112 5867 2291 5916 tamen
2319 5857 2524 5914 liberae.
2554 5857 2695 5912 Nam
2724 5862 2778 5911 et
2814 5851 3229 5926 praerogativam
3271 5849 3461 5920 judicii
3503 5857 3702 5916 tenent,
