3972 6404
234 401 392 457 1149

1183 403 1765 460 DEFLORATIONES
1810 403 1915 459 ss.
1967 388 2274 461 PATRUM.
2321 437 2387 445 —
2427 407 2561 461 LIB.
2612 409 2685 462 η.

3435 411 3571 465 1150

233 534 292 582 et
324 525 446 584 fide
492 529 819 586 devotionis
865 528 1135 596 affectum,
1197 530 1325 602 quia
1382 538 1434 586 et
1465 540 1717 601 tanquam
1750 549 1779 586 a
1812 549 1871 587 se
1901 527 1957 589 Α
1987 538 2042 586 ιιι
2072 532 2203 585 mihi
2233 531 2482 587 videatur
2535 534 2654 590 haec
2705 551 2913 590 summa
2971 535 3093 604 ejus
3149 551 3273 591 esse
3320 534 3565 605 intentio,

233 616 625 674 substitutum
684 618 934 687 diligunt,
995 625 1051 673 et
1107 626 1256 673 tanto
1304 621 1565 676 honorant
1597 623 1866 676 examine.

238 705 479 776 Apibus
523 724 621 764 rex
651 716 856 763 natura:
903 707 1085 764 clarus
1132 708 1393 764 formatur
1437 710 1782 783 insignibus;
1816 714 1873 765 ut

234 804 660 876 magnitudine
692 806 936 875 corporis
979 814 1198 876 praestet
1247 814 1298 861 ct
1353 808 1553 877 specie,
1589 817 1698 862 tum
1730 811 1875 880 quod

235 891 302 947 in
352 910 508 962 rege
566 894 903 965 praecipuum
943 899 1026 949 est
1064 910 1274 950 morum
1314 898 1695 953 mansuetudo.
1736 901 1875 954 Nam

235 980 355 1037 etsi
390 982 572 1038 habet
598 982 882 1049 aculeum,
930 990 1114 1038 tamen
1144 999 1213 1038 eo
1241 999 1349 1038 non
1381 984 1549 1039 utitur
1592 987 1663 1042 ad
1694 987 1874 1043 vindi-

236 1078 527 1134 candum.
566 1079 711 1135 Sunt
741 1080 883 1136 enim
926 1080 1079 1152 leges
1125 1090 1347 1148 naturae,
1396 1099 1503 1138 non
1534 1084 1751 1155 scripta-
1779 1086 1872 1140 lit-

238 1168 416 1234 teris,
454 1169 560 1225 sed
617 1170 906 1241 impressae
952 1170 1219 1236 moribus,
1280 1176 1339 1226 ut
1394 1172 1631 1228 leniores
1670 1174 1777 1228 sint
1804 1177 1871 1230 ad

235 1257 611 1327 puniendum
640 1258 731 1330 qui
762 1258 999 1314 maxima
1024 1269 1292 1329 potestate
1336 1262 1639 1332 potiuntur.
1681 1264 1790 1319 Sed
1820 1273 1873 1320 et

236 1369 395 1425 apes
455 1354 569 1411 illae
607 1372 730 1427 quas
767 1372 877 1412 non
914 1357 1410 1427 obtemperaverint
1468 1359 1684 1429 legibus
1721 1363 1869 1432 regis

240 1443 560 1513 paenitenti
588 1460 649 1501 se
677 1444 907 1501 multant
934 1447 1406 1514 condemnatione,
1460 1458 1519 1501 ut
1547 1450 1869 1505 immorian-

242 1538 347 1587 tur
382 1531 573 1588 aculei
603 1533 687 1588 sui
729 1534 975 1589 vulnere.
1032 1535 1209 1590 Nullae
1255 1552 1285 1590 e
1315 1536 1567 1592 domibus
1595 1540 1748 1593 exire
1776 1556 1870 1595 au-

240 1628 422 1694 dent,
453 1645 567 1685 non
598 1630 652 1684 in
682 1631 898 1703 aliquos
926 1632 1151 1701 prodire
1181 1642 1391 1702 pastus,
1433 1634 1536 1689 nisi
1582 1651 1672 1689 rex
1706 1636 1869 1691 fuerit

239 1731 558 1788 egressus,
590 1727 643 1775 et
668 1720 885 1775 volatus
933 1720 1035 1774 sibi
1082 1721 1436 1777 vindicaverit
1465 1722 1858 1792 principatum.

240 1805 566 1862 Processus
597 1816 778 1864 autem
810 1817 894 1864 est
921 1825 1021 1879 per
1051 1826 1175 1865 rura
1204 1810 1531 1878 redolentia,
1574 1813 1665 1867 ubi
1704 1814 1864 1868 inha-

1983 635 2089 689 quo
2129 620 2322 691 possit,
2354 637 2460 675 non
2491 623 2669 676 minus
2697 623 2946 679 dulcibus
2985 623 3221 678 modulis
3252 638 3415 694 quam
3445 623 3553 678 lotu

1987 709 2238 778 corporis
2282 709 2527 765 animare
2594 711 2649 765 in
2711 712 2849 766 fetus
2900 728 3001 768 ova
3041 728 3159 781 quas
3198 711 3370 766 fovet.
3421 712 3571 765 Hanc

1984 801 2229 856 imitatur
2283 802 2459 858 tenuis
2510 803 2604 858 illa
2662 805 2853 860 mulier
2899 806 2997 860 sed
3062 804 3279 874 pudica,
3320 804 3374 857 in
3413 819 3570 859 usum

1983 892 2144 945 molas
2169 890 2402 961 lapidem
2435 892 2661 949 brachio
2691 895 2926 961 trahens,
2958 899 3019 947 ut
3057 893 3227 963 possit
3257 890 3571 947 alimentum

1983 979 2142 1049 panis
2182 980 2297 1035 suis
2337 984 2572 1051 parvulis
2593 999 2700 1037 non
2731 984 2925 1037 deesse
2950 989 3216 1038 nocturno
3245 989 3405 1036 cantu
3443 996 3576 1036 mce-

1982 1085 2124 1132 stum
2156 1082 2488 1150 paupertatis
2514 1082 2716 1138 mulcet
2764 1082 3040 1145 affectum,
3082 1090 3135 1135 et
3164 1080 3412 1152 quamvis
3444 1095 3573 1133 sua-

1980 1166 2198 1223 vitatem
2233 1169 2477 1225 lusciniae
2505 1186 2614 1226 non
2644 1171 2816 1240 possit
2846 1170 3066 1236 imitari,
3107 1169 3353 1225 imitatur
3392 1176 3572 1223 tamen

1980 1272 2103 1315 eam
2133 1258 2421 1314 sedulitate
2459 1258 2699 1330 pietatis.

2604 1367 2682 1421 De
2711 1369 2946 1421 noctua.

2046 1473 2251 1528 Noctua
2300 1472 2436 1542 ipsa,
2495 1471 2960 1543 quemadmodum
2989 1469 3200 1542 magnis
3257 1477 3311 1525 et
3340 1468 3547 1541 glaucis

1976 1562 2153 1617 oculis
2223 1570 2611 1616 nocturnarum
2678 1561 3026 1615 tenebrarum
3092 1558 3419 1630 caligantem
3458 1574 3571 1615 non

1975 1651 2140 1705 sentit
2179 1650 2485 1715 horrorem,
2528 1658 2579 1704 et
2619 1665 2724 1720 quo
2776 1648 2935 1703 fuerit
2982 1663 3095 1703 nox
3133 1647 3447 1711 obscurior,
3489 1663 3558 1703 eo

1974 1755 2166 1803 contra
2205 1762 2361 1801 usum
2400 1747 2583 1801 avium
2640 1754 2968 1801 caeterarum
3006 1743 3307 1800 inoffensos
3347 1751 3572 1799 exercet

1975 1835 2207 1890 volatus.
2250 1836 2454 1890 Exorto
2484 1843 2663 1890 autem
2691 1835 2801 1903 die,
2841 1843 2893 1889 et
2923 1834 3247 1889 circumfuso
3276 1832 3570 1903 splendore

244 1900 440 1958 lautis
479 1904 623 1959 horti
651 1905 838 1970 ﬂores,
872 1906 962 1961 ubi
994 1905 1208 1975 fugiens
1255 1907 1407 1962 rivus
1445 1925 1545 1978 per
1589 1911 1861 1981 gramina,

1978 1924 2129 1992 solis,
2172 1924 2322 1977 visus
2359 1924 2484 1994 ejus
2521 1884 2826 1991 hebetatur,
2871 1924 3027 1994 quasi
3068 1884 3393 1993 quibusdam
3424 1929 3569 1976 erret

250 1990 361 2045 ubi
397 2007 616 2048 amna
646 1992 887 2064 riparum
921 2014 939 2051 :
968 1994 1077 2049 illic
1120 1995 1277 2050 ludus
1307 1996 1498 2053 alacris
1545 1999 1861 2068 juventutis,

252 2077 384 2136 illic
414 2090 729 2151 campestre
758 2083 1100 2149 exercitium,
1138 2083 1247 2138 illic
1282 2101 1538 2140 curarum
1579 2087 1854 2144 remissio.

255 2172 432 2245 Opus
471 2176 651 2247 ipsum
681 2193 850 2233 suave
876 2179 950 2235 de
978 2179 1222 2245 ﬂoribus,
1257 2181 1325 2236 de
1354 2183 1539 2237 herbis
1576 2184 1860 2240 dulcibus:

252 2263 597 2320 fundamina
624 2275 924 2322 castrorum
977 2268 1153 2337 prima
1208 2279 1503 2340 ponuntur.
1539 2271 1680 2340 Quid
1711 2274 1859 2329 enim

253 2351 420 2408 aliud
454 2362 540 2409 est
574 2353 747 2421 favus,
788 2355 897 2412 nisi
935 2357 1180 2427 quaedam
1246 2367 1547 2414 castrorum
1588 2362 1798 2431 species
1836 2365 1864 2419 τ

252 2450 526 2522 Denique
555 2451 628 2507 ab
681 2453 766 2507 bis
820 2454 1155 2524 praesepibus
1183 2472 1343 2526 apum
1391 2474 1589 2513 succus
1618 2469 1853 2515 arcetur.

253 2537 481 2595 Omnes
513 2547 724 2596 certant
753 2542 823 2597 de
852 2559 1097 2610 munere,
1129 2544 1249 2600 alia:
1267 2546 1551 2617 invigilant
1571 2551 1864 2620 querendo

257 2627 461 2695 victui,
501 2628 623 2685 aliae
659 2629 953 2687 sollicitant
1003 2631 1197 2687 castris
1234 2634 1498 2690 adhibere
1536 2637 1859 2705 custodiam,

259 2727 397 2785 alia
424 2727 632 2785 futuros
684 2731 966 2801 explorare
994 2732 1204 2787 imbres
1256 2741 1309 2789 et
1355 2736 1623 2805 speculari
1670 2754 1861 2794 cursus

254 2816 533 2885 nubium;
562 2818 681 2875 alia
712 2819 781 2876 de
809 2818 1037 2875 ﬂoribus
1062 2837 1214 2877 ceras
1261 2821 1495 2895 ﬁngere,
1527 2825 1650 2881 aliae
1678 2843 1859 2883 rorem

252 2903 505 2960 infusum
537 2905 762 2961 ﬂoribus
791 2923 886 2963 ore
913 2909 1173 2980 colligere
1221 2910 1500 2968 videntur.
1546 2914 1713 2969 Nulla
1755 2931 1859 2970 au-

255 3001 375 3050 tem
404 2993 599 3049 alienis
628 2994 903 3051 laboribus
932 2997 1215 3053 insidiatur
1244 3006 1295 3055 et
1320 3011 1476 3071 rapto
1507 3001 1666 3057 vitam
1698 3020 1856 3074 quae-

256 3090 332 3145 rit
362 3107 376 3144 :
411 3098 576 3162 atque
604 3090 805 3147 utinam
838 3102 1119 3163 raptorum
1154 3095 1380 3150 insidias
1429 3113 1539 3153 non
1594 3099 1808 3154 timeret
1842 3100 1854 3156 l

256 3179 484 3235 Habent
511 3189 694 3235 tamen
724 3181 940 3251 spicula
970 3198 1089 3250 sua,
1140 3191 1193 3238 et
1238 3184 1382 3239 inter
1433 3186 1594 3241 mella
1635 3187 1858 3243 fundunt

256 3283 504 3324 venena.
544 3268 603 3323 Si
629 3268 827 3324 fuerint
872 3270 1158 3339 lacessitis,
1183 3273 1395 3328 animas
1419 3291 1633 3347 quoque
1655 3286 1859 3346 ponunt

255 3364 321 3422 in
352 3365 578 3421 vulnere
602 3365 798 3423 ardore
828 3367 1102 3424 vindictae.
1141 3370 1289 3440 Ergo
1319 3372 1515 3427 mediis
1547 3381 1855 3429 castrorum

253 3458 492 3515 vallibus
544 3460 745 3515 humor
798 3459 892 3517 ille
948 3462 1086 3517 roris
1114 3462 1397 3529 funditur;
1440 3466 1701 3535 paulatim
1735 3484 1859 3537 pro-

253 3563 422 3605 cessa
453 3549 717 3618 temporis
745 3548 801 3604 in
830 3549 997 3606 mella
1044 3552 1291 3623 cogitur:
1345 3570 1471 3609 cum
1500 3554 1662 3610 fuerit
1691 3556 1855 3629 liqui-

257 3644 364 3700 dus
394 3646 464 3700 ab
494 3646 723 3702 exordio
752 3654 805 3701 et
834 3647 1032 3703 coalitu
1060 3664 1203 3703 certe
1226 3650 1523 3721 ﬂorumque
1550 3653 1720 3709 odore
1750 3655 1856 3709 ﬂa-

256 3750 427 3809 grare
476 3734 640 3790 melle
691 3735 884 3805 incipit
935 3737 1282 3793 suavitatem.
1349 3738 1508 3808 Quod
1558 3742 1691 3807 mel,
1748 3759 1855 3799 non

257 3831 439 3887 solum
471 3832 748 3903 voluptati,
808 3832 907 3888 sed
937 3833 1098 3888 etiam
1158 3835 1314 3890 saluti
1359 3845 1442 3891 est
1473 3855 1487 3893 :
1536 3838 1721 3894 fauces
1752 3842 1855 3895 ob-

255 3920 445 3978 dulcat
473 3928 528 3975 et
556 3928 716 3976 curat
742 3921 1007 3987 vulnera;
1055 3924 1285 3978 iutemis
1331 3942 1547 3998 quoque
1581 3928 1855 3985 ulceribus

255 4009 720 4064 medicamentum
750 4008 1000 4065 infundit.
1042 4010 1235 4081 Itaque
1263 4028 1387 4068 cum
1415 4014 1484 4068 sit
1531 4015 1740 4071 infirma
1769 4033 1856 4073 ro-

258 4107 419 4170 bore,
449 4106 568 4177 apis
595 4106 778 4162 valida
804 4114 884 4162 est
915 4108 1113 4179 vigore
1145 4110 1432 4179 sapientiae
1460 4120 1513 4167 et
1543 4129 1729 4169 amore
1757 4116 1858 4170 vir-

260 4195 415 4252 tutis.
455 4195 708 4268 Denique
736 4212 927 4267 regem
958 4213 1113 4251 suum
1147 4215 1360 4253 summa
1388 4203 1722 4271 protectione
1762 4206 1858 4259 de-

264 4283 519 4353 fendunt,
582 4283 843 4340 incolumi
877 4301 1011 4354 rege
1039 4287 1291 4342 nesciunt
1318 4298 1521 4345 mutare
1570 4290 1855 4360 judicium,

259 4390 499 4439 mentem
530 4382 809 4437 inﬂectere
837 4384 1041 4438 amisso
1066 4400 1080 4450 ;
1138 4382 1303 4439 ﬁdem
1334 4388 1589 4441 servandi
1618 4390 1858 4445 muneris

262 4471 667 4543 derelinquunt,
700 4479 864 4541 atque
885 4472 1018 4542 ipsa:
1037 4488 1138 4528 sua
1153 4474 1313 4529 mella
1338 4474 1617 4546 diripiunt,
1640 4480 1858 4547 quando

1972 2022 2028 2077 in
2068 2023 2330 2077 tenebris.
2366 2021 2487 2091 Quo
2516 2022 2719 2077 indicio
2757 2022 2841 2076 sui
2880 2022 3117 2076 declarat
3173 2037 3296 2075 esse
3330 2021 3564 2092 aliquos,

1974 2110 2067 2182 qui
2107 2126 2229 2165 cum
2259 2112 2449 2166 oculos
2514 2112 2747 2165 habeant
2797 2111 2867 2165 ad
2924 2110 3219 2165 videndum
3252 2109 3438 2163 videre
3459 2123 3570 2162 non

1973 2197 2203 2266 soleant,
2238 2206 2292 2252 et
2322 2199 2467 2252 visus
2498 2198 2579 2252 sui
2609 2196 2842 2254 cilicium
2873 2197 3005 2251 solis
3033 2197 3390 2251 infundantur
3417 2204 3569 2251 tene-

1975 2294 2105 2348 bris.
2132 2293 2280 2363 Quos
2312 2293 2514 2347 habent
2552 2292 2824 2362 sapientes
2863 2292 3046 2347 mttndi
3102 2299 3154 2345 et
3207 2307 3315 2345 non
3356 2291 3560 2358 vident,

1971 2382 2025 2437 in
2066 2383 2183 2437 luce
2215 2381 2348 2435 nihil
2405 2390 2651 2444 cernunt,
2693 2381 2747 2435 in
2788 2380 3029 2435 tenebris
3080 2380 3377 2445 ambulant,
3433 2380 3562 2434 dum

1974 2470 2375 2525 daemoniorum
2433 2470 2723 2524 tenebrosa
2770 2470 3059 2535 rimantur,
3103 2477 3155 2523 et
3193 2468 3318 2524 coeli
3358 2468 3462 2522 alta
3501 2483 3563 2523 se

1971 2560 2158 2615 videre
2191 2559 2439 2623 credunt,
2481 2558 2855 2614 describantes
2886 2558 3037 2613 radio
3074 2556 3356 2623 mundum,
3395 2571 3564 2611 mem-

1972 2672 2152 2713 suram
2185 2657 2329 2712 aeris
2357 2657 2528 2728 ipsius
2557 2656 2894 2728 colligentes,
2929 2664 2982 2710 et
3011 2663 3211 2711 caetera
3232 2653 3561 2723 bmusmodi;

1971 2746 2195 2801 hebetes
2234 2746 2299 2802 ad
2340 2754 2563 2815 aeterna,
2606 2752 2659 2800 et
2699 2745 2852 2817 quasi
2897 2744 3133 2800 scientes
3184 2742 3367 2800 omnia
3404 2749 3564 2797 acuta

1968 2835 2037 2890 ad
2068 2849 2233 2890 vana.

2490 2941 2564 2995 De
2596 2940 2995 3011 vespertilionc
3009 2981 3022 2994 .

2038 3027 2382 3097 Vespertilio,
2440 3027 2639 3082 animal
2695 3028 2957 3098 ignobile,
3019 3043 3050 3081 a
3096 3043 3328 3097 vespere
3359 3042 3557 3081 nomen

1965 3117 2202 3187 accepit.
2252 3116 2347 3169 Est
2380 3124 2559 3170 autem
2615 3116 2848 3171 volatilis
2904 3116 3091 3170 eadem
3134 3116 3468 3187 quadrupes,
3510 3123 3562 3169 et

1893 3236 1941 3300 Ο
1971 3204 2220 3259 dentibus
2251 3204 2418 3258 utitur
2450 3221 2462 3258 :
2496 3219 2633 3275 quos
2672 3203 2728 3257 in
2774 3204 2893 3258 aliis
2925 3205 3115 3259 avibus
3169 3204 3413 3273 reperire
3453 3217 3559 3258 non

1969 3293 2177 3349 soleas.
2218 3292 2381 3359 Parit,
2416 3300 2469 3346 ut
2509 3291 2901 3363 quadrupedia,
2943 3308 3052 3347 non
3082 3307 3202 3357 ova,
3245 3292 3343 3345 sed
3384 3291 3560 3361 pullos

1965 3390 2247 3456 viventes;
2281 3389 2467 3445 volitat
2512 3397 2695 3443 autem
2750 3389 2804 3443 in
2836 3404 2965 3444 aere
3015 3389 3195 3444 avium
3238 3404 3413 3453 more,
3463 3388 3560 3443 sed

1967 3478 2287 3550 crepusculo
2355 3481 2669 3549 vespertino
2733 3479 3017 3534 consuevit
3054 3476 3286 3533 offundi.
3362 3477 3561 3533 Volitat

1965 3577 2141 3624 autem
2182 3583 2291 3621 non
2330 3568 2516 3639 aliquo
2569 3584 2887 3638 pennarum,
2944 3568 3040 3622 sed
3078 3566 3409 3622 membrana:
3448 3580 3561 3621 sum

1966 3658 2097 3713 fulta
2137 3657 2392 3729 remigio,
2428 3672 2537 3728 quo
2576 3672 2845 3727 suspensa
2872 3656 3018 3712 velut
3039 3670 3339 3727 pennarum
3377 3655 3559 3711 volatu

1964 3755 2350 3810 circumfertur
2413 3764 2571 3827 atque
2630 3764 2939 3828 vegetatur.
2988 3757 3159 3811 Habet
3197 3764 3248 3810 et
3286 3756 3417 3810 illud
3458 3756 3562 3810 hoc

1966 3843 2076 3901 vile
2116 3844 2334 3910 animal,
2379 3845 2524 3915 quod
2557 3844 2665 3898 sibi
2705 3845 2944 3899 invicem
2982 3844 3277 3907 adhaerent,
3310 3851 3362 3898 et
3402 3840 3557 3915 quasi

1965 3932 2020 3987 in
2062 3932 2299 4003 speciem
2340 3932 2479 3987 botri
2518 3948 2589 3987 ex
2629 3933 2811 4005 aliquo
2850 3933 2972 3989 loco
3001 3932 3278 4004 pendent;
3321 3947 3385 3988 ac
3424 3931 3470 3985 si
3501 3947 3560 3986 se

1967 4029 2157 4084 ultima
2194 4045 2422 4100 quaeque
2455 4030 2732 4095 laxaverit,
2764 4046 2962 4085 omnes
2992 4030 3357 4085 resolvuntur.
3400 4027 3559 4097 Quod

1963 4118 2021 4173 ﬂt
2092 4117 2327 4188 quodam
2393 4135 2627 4174 munere
2686 4119 3019 4175 charitalis:
3079 4134 3199 4191 quas
3250 4116 3467 4174 diﬂicile
3504 4117 3557 4172 in

1968 4206 2277 4262 hominibus
2314 4206 2623 4277 hujusmodi
2655 4209 2949 4279 reperitur.

2638 4308 2715 4362 De
2740 4307 2908 4377 gallo.

2039 4396 2182 4452 Galli
2217 4406 2409 4453 cantus
2475 4399 2657 4454 suavis
2697 4407 2779 4453 est
2817 4399 2872 4453 in
2911 4398 3201 4454 noctibus:
3233 4414 3333 4454 nec
3385 4397 3561 4453 solum

1967 4486 2173 4551 suavis,
2203 4488 2300 4543 sed
2354 4496 2513 4543 etiam
2547 4486 2715 4543 utilis.
2784 4487 2896 4555 Qui
2927 4488 3089 4559 quasi
3121 4488 3294 4542 bonus
3334 4486 3558 4542 cohabi-

261 4569 311 4624 is
341 4568 430 4639 qui
459 4568 818 4639 principatum
866 4569 1055 4623 habuit
1082 4572 1323 4625 muneris
1365 4571 1722 4643 interemptus
1751 4584 1852 4631 est.
1884 4593 1937 4653 D
1968 4583 2113 4631 tator
2150 4584 2203 4630 et
2232 4576 2594 4631 dormientem
2628 4575 2849 4641 excitat,
2884 4585 2935 4631 et
2966 4576 3253 4631 sollicitum
3284 4575 3559 4641 admonet,

263 4660 450 4729 Itaque
478 4673 602 4712 cum
633 4672 764 4712 aves
790 4656 911 4713 alia:
975 4658 1071 4712 vix
1124 4657 1178 4712 in
1236 4674 1381 4715 anno
1412 4661 1575 4715 edant
1610 4663 1858 4735 singulos

263 4746 425 4815 fetus,
458 4761 591 4816 apes
620 4747 870 4818 geminos
900 4754 1105 4811 creant,
1136 4755 1189 4801 et
1215 4747 1416 4818 duplici
1437 4751 1652 4806 caeteris
1673 4752 1859 4808 fecun-

261 4843 434 4899 ditate
465 4841 909 4913 praeponderent.
934 4842 1123 4897 Merito
1144 4843 1297 4914 quasi
1319 4843 1517 4899 bonam
1548 4848 1857 4916 operarium

265 4932 547 5003 Scriptura
584 4946 744 5001 apem
782 4930 1044 5001 praedicat
1090 4931 1326 4987 dicens:
1370 4933 1517 4988 Vade
1571 4936 1639 4989 ad
1696 4952 1856 5007 apem

263 5030 317 5078 et
341 5019 465 5077 vide
496 5020 770 5089 quomodo
799 5019 1054 5089 aperaria
1083 5028 1191 5074 est.
1272 5019 1661 5091 Operationem
1708 5042 1855 5096 quo-

265 5125 376 5182 que
432 5124 595 5180 quam
654 5107 1025 5163 venerabilem
1080 5117 1375 5173 mereatur,
1415 5110 1570 5179 cujus
1610 5112 1855 5169 laborem

263 5214 431 5271 reges
463 5205 515 5252 et
544 5196 854 5251 mediocres
883 5196 951 5250 ad
974 5196 1204 5251 salutem
1239 5197 1494 5253 sumunt!
1528 5201 1699 5255 Audis
1730 5203 1857 5272 quid

265 5286 411 5343 dicat
458 5286 744 5356 propheta.
799 5283 962 5339 Mittit
1017 5285 1204 5356 utique
1259 5293 1331 5351 te,
1372 5295 1431 5341 ut
1458 5287 1687 5357 apiculze
1714 5289 1858 5348 illius

265 5382 513 5455 sequaris
542 5380 871 5452 exemplum,
924 5382 1148 5436 imiteris
1179 5383 1569 5453 Operatiouem,
1603 5388 1729 5458 quia
1756 5404 1855 5460 ap-

264 5479 504 5554 petibilis
533 5486 616 5535 est
636 5482 689 5535 et
720 5478 972 5534 omnibus
1004 5479 1173 5535 clara.

866 5576 941 5631 De
982 5576 1251 5633 luscinia.

340 5670 596 5728 Luscinia
627 5677 710 5726 est
740 5668 856 5724 avis
910 5686 1031 5743 quae
1088 5670 1319 5740 pervigil
1350 5678 1555 5739 custos,
1598 5689 1720 5729 cum
1751 5690 1855 5732 ova

271 5761 505 5834 quodam
538 5760 658 5814 sinu
689 5758 934 5828 corporis
989 5767 1040 5814 et
1069 5758 1280 5828 gremio
1336 5760 1499 5824 fovet,
1546 5761 1849 5820 insomnem

266 5851 447 5926 longae
476 5849 651 5906 noctis
680 5847 925 5901 laborem
976 5846 1261 5903 cantilena:
1319 5847 1587 5905 suavitate
1619 5850 1847 5925 solatur,

1964 4682 2016 4728 et
2053 4674 2290 4728 viantem
2326 4674 2547 4740 solatur,
2585 4689 2904 4744 processum
2952 4674 3125 4729 noctis
3156 4689 3360 4729 canora
3391 4673 3558 4744 signi-

1964 4758 2216 4816 ﬁcatione
2256 4770 2591 4831 protestans.
2643 4762 2761 4817 Hoc
2793 4771 3019 4817 canente
3050 4762 3183 4816 latro
3230 4777 3357 4816 suas
3389 4762 3561 4817 relin-

1965 4851 2083 4921 quit
2120 4851 2374 4905 insidias.
2452 4852 2565 4906 Hoc
2604 4852 2722 4922 ipse
2787 4849 2980 4906 lucifer
3046 4851 3309 4906 excitatus
3365 4850 3558 4917 oritur,

1965 4939 2270 5009 coelumque
2310 4940 2602 4994 illuminat.
2661 4940 2776 4995 Hoc
2814 4948 3043 4994 canente
3065 4938 3377 4994 maestitiam
3434 4946 3552 4993 tre-

1961 5034 2121 5104 pidus
2160 5045 2319 5090 nauta
2356 5036 2598 5106 deponit,
2640 5036 2926 5107 omnisque
2984 5037 3180 5092 crebro
3227 5035 3557 5106 vespertinis

1965 5123 2182 5179 ﬂatibus
2220 5125 2463 5180 excitata
2483 5133 2776 5196 tempestas
2805 5134 2856 5181 et
2888 5126 3126 5196 parcella
3164 5124 3418 5180 mitescit.
3446 5125 3562 5180 Hoc

1966 5212 2192 5268 devotus
2223 5211 2420 5268 affectu
2449 5213 2712 5268 exsilitad
2732 5215 3090 5285 precandum,
3111 5212 3328 5285 legendi
3347 5228 3560 5284 quoque

1965 5316 2165 5355 munus
2194 5300 2485 5355 instaurat.
2544 5302 2661 5358 Hoc
2693 5311 2967 5372 postremo
3010 5310 3239 5358 canente
3285 5301 3426 5373 ipse,
3458 5302 3561 5356 Ec-

1966 5389 2146 5444 clesiae
2184 5397 2355 5459 petra,
2390 5390 2603 5461 culpam
2661 5405 2815 5444 suam
2847 5391 3026 5457 diluit,
3059 5406 3243 5462 quam,
3296 5390 3558 5461 priusque

1964 5485 2144 5558 gallus
2182 5494 2438 5554 cantaret,
2472 5486 2727 5557 negando
2775 5495 3144 5543 contraxerat.
3188 5488 3347 5543 Istius
3387 5494 3558 5543 cantu

1966 5597 2092 5651 spes
2130 5582 2379 5638 omnibus
2429 5583 2589 5646 redit,
2649 5583 2811 5654 aegris
2861 5584 3074 5639 levatur
3126 5584 3555 5651 incommodum,

1964 5671 2223 5728 minuitur
2261 5671 2419 5727 dolor
2444 5671 2753 5739 vulnerum,
2795 5671 3024 5727 febrium
3081 5673 3367 5745 ﬂagrantia
3412 5673 3560 5728 miti-

1962 5778 2140 5841 gatur,
2174 5770 2474 5825 revertitur
2512 5768 2645 5824 fides
2700 5769 2887 5840 lapsis.
2918 5772 3077 5826 Jesus
3108 5770 3404 5827 titubantes
3447 5787 3544 5825 re-

1966 5858 2145 5930 spicit,
2179 5865 2422 5921 errantes
2461 5857 2705 5930 corrigit.
2740 5858 2982 5929 Denique
3029 5861 3272 5931 respexit
3312 5861 3549 5927 Petrum,
