3972 6400
413 383 549 440 1131

1543 382 1883 439 WERNl‘IBl
1923 380 2216 439 ABBATIS
2258 383 2320 437 Β.
2372 379 2591 437 BLASII

411 517 465 567 et
495 510 672 567 statim
702 527 861 568 error
888 511 1177 579 abscessit,
1228 510 1379 583 pulsa
1428 518 1509 566 est
1541 509 1783 582 negatio,
1818 515 2003 564 secuta
2033 507 2089 568 Α
2117 506 2442 562 medicinam
2476 506 2739 578 suggerit,
2765 515 2815 562 et
2848 523 2995 579 saepe
3025 508 3217 564 eadem
3260 527 3383 582 quas
3419 510 3514 566 tibi
3560 509 3709 566 noxia

413 598 709 653 confessio.
744 599 977 669 Respice
1009 615 1109 654 nos
1143 615 1382 670 quoque,
1419 598 1647 653 Domine
1694 597 1847 662 Jesu,
1885 604 1939 650 ut
1970 603 2022 651 ct

414 698 517 737 nos
544 684 766 754 propria
807 700 1274 756 recognoscamus
1322 692 1519 750 errata,
1582 683 1858 737 solvamus
1919 680 2023 751 piis

417 781 634 837 ﬂetibus
690 782 928 853 culpam,
984 799 1298 837 mereamur
1345 782 1737 853 indulgentiam
1770 788 2025 851 peccato-

419 887 564 924 rum.
605 871 734 927 Haec
782 871 851 925 de
887 871 1081 926 avitus
1120 872 1264 927 dicta
1324 870 1612 925 sufficiant.
1671 868 1810 938 Quid
1844 878 2024 923 autem

415 968 484 1023 de
523 968 705 1025 herbis
733 969 1198 1024 considerandum
1232 970 1320 1035 sit,
1357 969 1541 1040 aliqua
1576 968 1914 1045 intimemus.

922 1068 1198 1139 Exempla
1228 1068 1293 1124 de
1325 1067 1533 1123 herbis.

483 1166 759 1221 Admouet
811 1182 913 1223 nos
977 1168 1170 1222 beatus
1226 1167 1554 1222 Ambrosius
1616 1166 1671 1220 in
1712 1166 2023 1220 Exameron

413 1253 763 1310 considerare
794 1254 908 1309 lilia
940 1256 1056 1326 agri
1086 1273 1099 1311 :
1132 1264 1368 1327 quantus
1400 1255 1470 1308 sit
1508 1254 1722 1310 candor
1763 1253 1816 1307 in
1858 1252 2023 1322 foliis,

407 1343 869 1415 quemadmodum
901 1344 1099 1415 stipata
1121 1345 1241 1415 ipsa
1265 1344 1394 1400 t'olia
1424 1344 1494 1398 ab
1520 1343 1629 1397 imo
1652 1343 1720 1397 ad
1756 1358 2029 1396 summum

416 1431 707 1487 videantur
725 1447 1042 1505 assurgere,
1076 1440 1132 1488 ut
1179 1433 1371 1505 scyphi
1420 1433 1731 1502 exprimant
1777 1430 2026 1488 formam,

413 1531 470 1577 ut
498 1521 617 1577 auri
648 1522 902 1593 quaedam
950 1523 1163 1593 species
1222 1523 1370 1578 intus
1428 1520 1732 1593 eﬂ'ulgeat:
1795 1536 1916 1591 quae
1948 1523 2029 1572 ta-

425 1636 550 1675 men
589 1621 737 1678 vallo
777 1621 834 1676 in
883 1621 1112 1678 circuitu
1175 1620 1326 1677 ﬂoris
1380 1621 1613 1689 obsepta
1649 1619 1780 1674 nulli
1824 1625 2007 1689 pateat

388 1708 656 1780 injuriae.
697 1710 754 1766 Si
783 1710 906 1783 quis
937 1711 1082 1766 hunc
1128 1710 1321 1767 ﬂorem
1377 1711 1658 1781 decerpat.
1695 1716 1748 1764 ct
1776 1723 1877 1763 sua
1906 1707 2021 1762 sol-

413 1808 506 1854 vat
534 1798 590 1854 in
622 1799 773 1867 folia,
799 1816 932 1870 quae
951 1800 1087 1855 tanti
1116 1808 1198 1855 est
1228 1799 1461 1856 artiﬁcis
1490 1815 1686 1854 manus
1715 1814 1839 1869 quae
1855 1794 2030 1867 possit

2132 604 2281 663 sunt,
2341 604 2431 650 aut
2491 596 2708 661 avibus,
2760 606 2850 651 aut
2880 598 3012 653 feris
3062 598 3344 655 innoxium
3398 600 3704 656 ministrant

2130 685 2418 755 pabulum.
2474 687 2722 759 Denique
2778 688 2953 742 sturni
3013 698 3306 744 vescuntur
3350 691 3558 745 conio:
3614 705 3709 745 nec

2130 780 2305 837 fraudi
2335 793 2417 838 est
2448 784 2552 848 eis,
2586 786 2837 857 quoniam
2871 787 3130 859 qualitate
3161 789 3239 843 sui
3270 789 3517 858 corporis
3553 804 3715 843 vene-

2131 887 2260 925 num
2292 874 2441 928 succi
2490 873 2705 928 lethalis
2757 877 3014 931 evadunt:
3078 877 3293 948 Frigida
3325 878 3465 932 enim
3494 878 3574 932 vis
3605 879 3717 947 ejus

2134 970 2216 1016 est
2247 962 2420 1028 succi,
2455 979 2616 1034 quam
2650 965 2941 1019 subtilibus
2961 966 3111 1036 poris
3143 967 3390 1023 incordis
3419 968 3507 1022 sui
3538 968 3716 1021 sedem

2132 1057 2477 1125 ducentibus,
2513 1062 2748 1130 praecoci
2801 1063 3110 1134 digestione
3139 1063 3490 1134 praeveniunt,
3540 1064 3718 1134 prius-

2134 1162 2300 1219 quam
2349 1148 2536 1204 vitalia
2592 1151 2713 1220 ipsa
2772 1160 3069 1222 pertentet.
3136 1153 3481 1208 Hellehorum
3541 1161 3720 1207 autem

2133 1237 2298 1307 periti
2328 1238 2622 1309 loquuntur
2689 1257 2870 1296 escam
2914 1258 3040 1297 esse
3083 1243 3447 1306 coturnicum,
3479 1255 3545 1296 eo
3575 1245 3718 1313 quod

2134 1335 2372 1390 naturali
2403 1338 2637 1408 quodam
2695 1347 3139 1411 temperamento
3184 1341 3266 1395 sui
3320 1340 3566 1411 corporis
3612 1339 3719 1395 vim

2137 1424 2319 1495 pabuli
2347 1427 2592 1481 nocentis
2623 1428 2847 1485 evitent.
2881 1430 3089 1485 Etenim
3131 1430 3178 1484 si
3208 1430 3411 1486 ratione
3439 1429 3719 1486 medicinae

2136 1521 2462 1597 plerumque
2514 1528 2581 1583 ad
2641 1529 3008 1586 salubritatem
3064 1530 3284 1585 humani
3339 1545 3553 1603 quoque
3604 1544 3722 1585 cor-

2137 1612 2289 1682 poris
2344 1621 2701 1687 temperatur,
2768 1618 2858 1675 cui
2913 1620 3123 1675 videtur
3176 1635 3299 1676 esse
3374 1618 3714 1683 contrarium,

2137 1710 2337 1772 quanto
2362 1707 2539 1777 magis
2595 1707 2915 1779 proprietati
2968 1717 3174 1765 natura?
3212 1708 3281 1764 ad
3310 1708 3487 1765 cibum
3516 1704 3724 1778 proﬁcit

2141 1799 2284 1870 quod
2315 1802 2527 1859 medica
2586 1820 2749 1860 manu
2807 1807 3143 1863 convertitur
3187 1807 3255 1861 ad
3286 1806 3512 1861 salutem
3538 1807 3567 1861 ἢ
3619 1804 3725 1859 Per

410 1894 509 1950 lilii
537 1896 778 1967 speciem
819 1896 1164 1953 reformare?
1197 1896 1333 1967 Quis
1396 1904 1579 1952 tantus
1627 1866 1872 1949 imitator
1927 1908 2030 1948 na-
2058 1866 2113 1926 Β
2142 1866 2570 1961 mandragoram
2621 1910 2836 1967 quoque
2901 1912 3124 1952 somnus
3176 1895 3492 1968 frequenter
3535 1908 3722 1951 accer-

412 1991 568 2051 turae,
610 1992 668 2040 ut
725 1984 914 2041 ﬂorem
944 1987 1090 2042 hunc
1155 1987 1539 2059 redintegrare
1586 1992 1902 2056 praesumat,
1944 1986 2032 2040 cui

418 2073 684 2129 Dominus
740 2081 951 2129 tantum
1011 2075 1383 2132 testimonium
1422 2075 1590 2141 dedit,
1655 2082 1713 2128 ut
1767 2074 2027 2128 diceret:

426 2193 448 2219 ι
489 2172 609 2228 Nec
647 2171 909 2228 Salomon
948 2172 1005 2227 in
1044 2174 1230 2228 omnia
1268 2172 1444 2243 gloria
1497 2187 1599 2228 sua
1640 2172 1719 2228 sic
1759 2171 2032 2227 vestieba-

417 2266 525 2329 tur,
557 2259 699 2316 sicut
728 2277 871 2316 unus
901 2277 966 2317 ex
998 2261 1116 2317 istis
1177 2262 1397 2329 (Matth,
1457 2262 1560 2332 ιν).
1616 2262 1737 2317 Rex
1795 2260 2030 2333 opulen-

421 2349 667 2406 tissimus
747 2359 802 2405 et
886 2350 1331 2421 sapientissimus
1420 2350 1649 2406 inferior
1709 2350 2029 2419 judicatur;

421 2467 693 2523 quamque
749 2450 907 2519 hujus
962 2448 1111 2506 ﬂoris
1160 2449 1487 2519 puchritudo
1543 2457 1648 2504 est.
1685 2447 1831 2518 Quid
1887 2464 2029 2502 enu-

424 2556 629 2596 merem
658 2555 859 2596 succos
917 2540 1204 2596 herbarum
1261 2539 1511 2594 salubres
1538 2539 1567 2593 ‘l
1594 2537 1725 2610 quid
1755 2535 2025 2608 virgulto-

424 2644 555 2684 rum
609 2644 677 2684 ac
727 2627 987 2683 foliorum
1055 2627 1293 2683 remedia
1322 2627 1351 2682 τ
1409 2628 1619 2683 Cervus
1662 2642 1811 2697 aeger
1840 2642 2030 2679 ramu-

426 2716 610 2774 sculos
640 2717 779 2773 oleae
836 2716 1061 2783 mandit,
1126 2725 1173 2772 et
1199 2733 1363 2771 sanus
1393 2714 1450 2769 ﬁt
1485 2734 1497 2770 :
1531 2716 1769 2772 locustas
1816 2730 2031 2787 quoque

429 2813 562 2868 folia
592 2813 728 2869 olere
766 2829 956 2869 arrosa
995 2813 1227 2868 liberant
1259 2813 1328 2867 ab
1360 2812 1707 2885 aegritudine.
1740 2811 1879 2868 Rubi
1909 2810 2030 2865 folia

427 2903 733 2974 superiecta
788 2903 1028 2974 serpenti
1074 2903 1393 2957 interimunt
1448 2917 1593 2956 eum.
1640 2902 1856 2957 Culices
1920 2916 2029 2956 non

426 2999 661 3065 tangunt
691 2999 762 3058 te,
795 2992 843 3047 si
876 2992 1154 3063 absynthii
1211 2991 1434 3046 herbam
1466 3007 1590 3046 cum
1640 2989 1764 3045 oleo
1796 3004 2028 3060 coquas,

424 3098 477 3147 et
506 3105 573 3145 eo
594 3097 647 3145 te
678 3089 1031 3161 perunxeris.
1070 3089 1176 3145 Sed
1210 3088 1352 3144 forte
1383 3089 1567 3145 dicant
1593 3087 1760 3159 aliqui
1796 3106 1806 3141 :
1842 3086 2029 3156 Quid?

423 3179 568 3252 quod
596 3195 721 3235 cum
752 3178 974 3234 utilibus
1002 3178 1167 3232 etiam
1224 3177 1448 3232 letlialia
1485 3186 1540 3233 et
1569 3177 1884 3248 perniciosa
1924 3192 2027 3246 ge-

426 3275 715 3334 nerantur,
748 3283 872 3324 cum
904 3267 1080 3323 tritico
1139 3266 1349 3332 lolium,
1401 3266 1549 3338 quod
1594 3265 1736 3321 inter
1764 3265 2029 3320 alimenta

427 3358 552 3414 vita:
602 3356 824 3413 noxium
882 3356 1176 3427 reperitur,
1219 3364 1274 3411 et
1325 3354 1430 3410 nisi
1496 3354 1795 3426 prmvisum
1852 3352 2030 3419 fuerit,

425 3456 708 3513 consuevit
737 3454 893 3510 saluti
922 3470 1143 3510 nocere.
1161 3455 1308 3509 Inter
1334 3453 1442 3509 alia
1464 3468 1683 3525 quoque
1707 3451 2035 3507 nutrimenta

424 3545 550 3602 vitae
581 3544 929 3601 helleborum
958 3544 1405 3614 deprehenditur,
1436 3542 1654 3600 aconita
1684 3558 1901 3614 quoque
1939 3539 2036 3595 fal-

425 3633 544 3689 lunt
570 3633 886 3705 frequenter
913 3641 968 3687 et
989 3632 1269 3703 decipiunt
1298 3631 1679 3704 colligentem,
1699 3633 1799 3686 sed
1831 3631 1935 3686 hoc
1963 3630 2037 3684 ita

431 3740 519 3788 est
574 3747 642 3787 ac
697 3730 744 3786 si
802 3730 1180 3801 reprehendas
1238 3738 1458 3798 terram,
1511 3729 1640 3801 quia
1686 3744 1797 3784 non
1844 3743 2038 3783 omnes

429 3820 681 3878 homines
714 3820 844 3877 boni
877 3835 890 3875 :
926 3820 1023 3876 sed
1064 3819 1213 3891 quod
1242 3819 1366 3889 plus
1393 3826 1484 3875 est
1513 3818 1723 3888 accipe,
1769 3816 1898 3889 quia
1926 3832 2037 3872 non

428 3926 625 3967 omnes
657 3910 785 3967 boni
812 3909 997 3983 angeli
1023 3910 1079 3963 in
1111 3908 1277 3965 crelo.
1325 3909 1470 3963 Num
1501 3907 1665 3981 igitur
1694 3908 1919 3979 dignum
1951 3914 2039 3962 est

428 4006 570 4063 utin
606 4007 691 4062 his
738 4024 860 4079 qua:
908 4006 1061 4062 utilia
1117 4014 1242 4061 sunt
1303 4004 1698 4076 posthabentes
1739 4003 2038 4059 conditoris

429 4097 666 4169 gratiam
695 4094 967 4164 conﬁteri,
1000 4110 1163 4167 quam
1194 4104 1417 4166 propter
1445 4094 1632 4164 aliqua
1660 4092 2036 4148 alimentorum

433 4185 601 4241 noxia
657 4183 937 4241 Creatoris
997 4181 1404 4255 prospicientiae
1473 4183 1822 4255 derogemus,
1881 4179 2039 4251 quasi

432 4273 616 4330 omnia
656 4272 799 4345 gula)
855 4288 1023 4329 causa
1074 4272 1323 4329 debuerit
1379 4271 1684 4343 procreari.
1716 4278 1808 4325 aut
1838 4270 2037 4341 exigua

430 4371 557 4437 sint,
592 4387 715 4443 quae
746 4370 924 4425 ventri
982 4379 1171 4427 nostro
1224 4370 1411 4426 divina
1467 4368 1810 4442 indulgentia
1841 4368 2036 4423 minis-

430 4458 654 4516 traverit
679 4461 708 4515 ‘I
740 4459 990 4515 Deﬁnitae
1012 4460 1169 4514 nobis
1199 4476 1341 4516 escae
1371 4468 1498 4515 sunt
1526 4468 1579 4516 et
1608 4468 1751 4516 notae
1778 4458 2038 4514 omnibus

2061 3222 2111 3286 Ο

2140 1985 2279 2040 situr
2323 1988 2417 2043 ubi
2461 1989 2769 2063 vigiliarum
2817 1992 2955 2064 aegri
2995 1992 3318 2049 afﬂictantur
3352 1991 3715 2048 incommodo.

2139 2075 2278 2130 Nam
2310 2077 2401 2149 qui
2431 2077 2501 2133 de
2531 2080 2658 2150 apio
2689 2080 2881 2153 loquar
2909 2083 2938 2137 *Ρ
2986 2082 3130 2154 quod
3179 2083 3340 2137 etiam
3369 2080 3524 2137 nobis
3553 2079 3723 2151 quoti-

2139 2164 2302 2221 diano
2324 2183 2599 2238 propensu
2621 2170 2869 2236 innotuit,
2901 2177 3167 2242 quantum
3188 2170 3408 2227 dolores
3423 2186 3488 2225 eo
3508 2168 3723 2241 gravis-

2140 2260 2261 2315 simi
2290 2263 2630 2319 internorum
2662 2281 2809 2337 saepe
2830 2266 3105 2322 viscerum
3134 2266 3429 2337 sopiuntur.
3456 2266 3572 2321 Nec
3594 2262 3725 2319 illud

2138 2352 2390 2423 praeterit
2421 2355 2565 2425 quod
2605 2355 2765 2410 conio
2821 2355 3140 2427 plerumque
3195 2355 3407 2410 furores
3448 2354 3725 2409 libidinum

2138 2450 2503 2509 marcuerunt,
2527 2451 2579 2498 et
2599 2444 2882 2500 hellebore
2910 2452 3138 2500 vetustae
3159 2444 3444 2516 passiones
3460 2442 3591 2516 aegri
3609 2458 3725 2499 cor-

2136 2540 2285 2611 p0ris
2323 2550 2450 2596 sunt
2508 2542 2726 2597 solutae.
2792 2543 2917 2598 Non
2963 2542 3138 2599 solum
3197 2542 3365 2616 igitur
3391 2540 3532 2597 nulla
3559 2540 3612 2596 in
3640 2540 3725 2596 his

2138 2630 2499 2700 reprehensio
2530 2632 2829 2697 Creatoris,
2889 2633 2987 2688 sed
3033 2632 3200 2687 etiam
3229 2633 3617 2687 incrementum
3643 2636 3727 2686 est

2138 2720 2466 2791 gratiarum.
2496 2721 2553 2776 Si
2582 2722 2806 2793 quidem
2845 2721 2994 2794 quod
3047 2722 3119 2777 ad
3172 2721 3468 2793 periculum
3498 2720 3725 2791 putabas

2138 2834 2262 2875 esse
2292 2828 2630 2892 generatum,
2686 2822 2757 2877 ad
2813 2821 3054 2877 remedia
3082 2820 3179 2876 tibi
3209 2820 3397 2875 salutis
3428 2827 3715 2891 Operatur.

2135 2910 2278 2965 Nam
2308 2918 2363 2966 et
2390 2910 2446 2965 id
2477 2911 2619 2981 quod
2650 2911 2880 2982 periculi
2909 2919 2993 2967 est
3020 2927 3122 2982 per
3148 2909 3539 2982 providentiam
3568 2908 3728 2965 decli-

2137 3006 2315 3066 natur,
2345 3006 2397 3052 et
2427 2998 2482 3052 id
2508 2999 2661 3070 quod
2688 3000 2878 3054 salutis
2904 3015 3004 3071 per
3041 2999 3359 3053 industriam
3390 3013 3497 3053 non
3527 2996 3724 3052 admit-

2138 3096 2281 3151 titur.
2342 3098 2423 3151 An
2461 3111 2598 3152 oves
2653 3103 2708 3152 et
2761 3112 2942 3168 capras
2998 3112 3063 3152 ea
3113 3112 3233 3169 qme
3263 3104 3386 3151 sunt
3434 3094 3538 3150 sibi
3568 3093 3726 3149 noxia

2139 3185 2417 3241 declinare
2480 3185 2811 3253 didicerunt,
2872 3194 2926 3241 et
2970 3186 3097 3241 solo
3125 3185 3293 3241 odore
3330 3199 3428 3255 per
3454 3182 3726 3256 quoddam

2141 3275 2394 3331 naturale
2447 3275 2788 3346 mysterium,
2844 3292 2968 3331 cum
3026 3274 3133 3330 sint
3180 3274 3403 3330 rationis
3454 3279 3724 3343 expertes,

2143 3364 2408 3419 rationem
2442 3372 2625 3420 tamen
2652 3364 2924 3419 evadendi
2941 3363 3170 3436 periculi
3195 3363 3282 3419 vel
3305 3361 3519 3418 tuendas
3544 3359 3730 3415 salutis

2143 3475 2473 3532 agnoscunt.
2531 3462 2810 3534 noxiaque
2857 3463 3061 3534 pariter
3115 3477 3179 3518 ac
3234 3459 3508 3532 profutura
3535 3457 3730 3514 distin-

2144 3560 2280 3623 gunt
2314 3569 2325 3604 :
2361 3551 2436 3607 ila
2463 3560 2521 3606 ut
2552 3552 2877 3623 plerumque
2926 3567 3051 3607 cum
3098 3559 3309 3606 armata
3349 3547 3573 3604 venenis
3624 3546 3732 3603 tela

2144 3641 2437 3707 senserint,
2471 3649 2628 3696 notas
2659 3650 2844 3712 petere
2880 3641 3102 3702 herbas.
3131 3647 3295 3711 atque
3321 3638 3408 3693 his
3437 3636 3729 3693 remedium

2146 3737 2363 3793 vulneri
2392 3738 2647 3793 dicantur
2675 3737 2959 3793 adbibere.
2986 3737 3152 3792 Cibus
3171 3736 3314 3791 illius
3334 3734 3602 3791 medicina
3628 3741 3729 3800 est,

2143 3837 2199 3884 ut
2234 3827 2446 3883 resilire
2478 3829 2712 3899 sagittas
2737 3826 2927 3882 videas
2949 3843 2980 3882 e
3000 3826 3223 3882 vulnere
3237 3833 3290 3881 et
3301 3824 3733 3897 fugere,venena

2144 3933 2256 3973 non
2322 3932 2569 3989 serpere.
2632 3917 2879 3989 Denique
2924 3917 3105 3973 cervis
3133 3914 3286 3972 cibus
3324 3929 3592 3971 venenum
3617 3919 3726 3967 est.

2146 4016 2385 4072 Coluber
2413 4031 2645 4071 cervum
2675 4014 2834 4089 fugit,
2869 4014 3085 4072 leonem
3112 4013 3384 4069 interﬁcit.
3415 4013 3590 4068 Draco
3616 4010 3732 4067 ele-

2145 4107 2409 4177 phantem
2468 4106 2616 4176 ligat,
2668 4106 2826 4175 cujus
2872 4104 3027 4160 ruina
3066 4119 3214 4159 mors
3267 4102 3487 4158 victOris
3525 4108 3652 4157 est:
3684 4106 3735 4155 et

2140 4193 2272 4250 ideo
2302 4211 2513 4250 summe
2563 4195 2815 4266 utrinque
2855 4201 3067 4250 certant
3099 4210 3112 4248 :
3157 4192 3247 4248 ille
3277 4199 3335 4247 ut
3363 4190 3557 4263 pedem
3610 4187 3734 4245 alli-

2146 4293 2262 4357 get,
2293 4284 2348 4339 in
2379 4301 2487 4356 quo
2515 4300 2675 4339 casus
2703 4284 2830 4340 victi
2878 4284 2983 4338 sibi
3039 4297 3237 4338 nocere
3257 4296 3366 4336 non
3407 4279 3605 4350 possit;
3637 4278 3735 4333 iste

2145 4390 2215 4430 ne
2268 4374 2576 4445 posteriore
2633 4383 2909 4429 extremus
2983 4371 3127 4445 pede
3172 4378 3264 4427 aut
3305 4369 3445 4427 calle
3492 4367 3736 4439 capiatur

2145 4481 2404 4546 angusto,
2434 4473 2531 4528 ubi
2586 4472 2671 4528 vel
2721 4472 2839 4544 ipse
2868 4487 2929 4526 se
2954 4471 3094 4543 lnon
3125 4477 3285 4543 queat
3331 4475 3655 4538 retorquere,
3685 4473 3738 4521 et

435 4566 556 4621 quas
588 4558 641 4606 et
688 4548 1026 4620 voluptatem
1075 4558 1362 4625 generant,
1396 4557 1449 4604 et
1493 4548 1742 4619 corporis
1798 4547 2029 4603 salubri-

2158 4562 2456 4619 draconem
2513 4562 2668 4633 gravi
2716 4569 2997 4633 proterere
3051 4560 3303 4631 vestigio,
3345 4557 3434 4614 vel
3468 4555 3740 4626 sequentis

430 4655 621 4704 tatem.
687 4647 920 4721 Singula
965 4655 1152 4703 autem
1210 4664 1400 4703 eorum
1459 4663 1578 4718 quae
1625 4655 1961 4719 generantur
2008 4661 2040 4700 e

437 4747 598 4802 terris
637 4746 933 4817 specialem
990 4746 1284 4818 quamdam
1340 4747 1543 4801 habent
1598 4745 2042 4816 rationemque:

432 4853 529 4907 pro
570 4835 713 4891 virili
742 4835 990 4906 portione
1018 4835 1293 4907 complent
1321 4836 1596 4891 universae
1634 4833 2026 4905 plenitudinem

437 4941 720 4990 creaturae.
756 4932 873 4987 Alia
903 4948 1039 5005 ergo
1088 4932 1229 4995 esui,
1278 4932 1383 4987 alia
1411 4932 1501 4987 alii
1553 4940 1852 4986 nascuntur
1886 4929 2033 4984 usui.

434 5021 583 5079 Nihil
612 5028 789 5083 vacat,
815 5020 951 5075 nihil
1005 5021 1168 5077 inane
1225 5020 1504 5094 germinat
1559 5029 1728 5075 terra.
1763 5018 1919 5088 Quod
1948 5018 2043 5073 tibi

436 5118 597 5182 putas
626 5108 837 5173 inutile,
861 5108 983 5165 aliis
1015 5109 1144 5165 utile
1175 5119 1262 5166 cst
1296 5127 1308 5165 :
1361 5111 1472 5165 imo
1501 5108 1608 5179 ipsi
1651 5108 1749 5163 tibi
1780 5107 2045 5179 frequen-

446 5216 532 5265 ter
586 5205 697 5262 alio
753 5213 838 5262 est
891 5206 1019 5261 usui
1077 5207 1228 5263 utile.
1268 5206 1427 5277 Quod
1472 5223 1655 5264 escam
1684 5222 1796 5261 non
1826 5204 2049 5276 adjuvat

2157 4653 2432 4723 elephanti
2462 4652 2721 4708 auxilium
2750 4667 2859 4705 non
2918 4652 3146 4706 habere.
3202 4650 3348 4720 Ergo
3378 4646 3424 4701 si
3453 4646 3738 4702 irrationa-

2153 4750 2285 4805 bilia
2340 4750 2593 4805 animalia
2651 4757 2846 4805 norunt
2902 4749 3100 4820 quibus
3141 4747 3245 4801 sibi
3273 4752 3362 4801 aut
3408 4743 3740 4799 medicentur

2153 4849 2356 4913 herbis,
2388 4857 2481 4904 aut
2503 4847 2764 4903 subsidiis
2790 4863 2952 4917 opem
2979 4844 3227 4909 aderant,
3276 4844 3439 4899 homo
3459 4841 3630 4898 nescit
3655 4839 3739 4896 cui

2152 4938 2492 4994 rationabilis
2548 4953 2743 4992 sensus
2797 4936 3119 4993 innascitur.
3154 4935 3221 4989 Et
3248 4932 3372 4989 ideo
3411 4932 3482 4988 de
3534 4929 3739 4985 irratio-

2153 5036 2430 5091 nabilibus
2474 5037 2643 5091 rebus
2672 5035 2873 5091 dantur
2901 5034 3059 5090 nobis
3103 5032 3370 5103 exempla,
3402 5038 3461 5087 ut
3510 5045 3608 5102 per
3625 5029 3742 5085 haec

2155 5126 2442 5181 veniamus
2472 5126 2540 5182 ad
2572 5124 3074 5182 rationabilitatem.

1230 5485 1851 5589 DOMINICA
1929 5482 2405 5587 DECIMA
2497 5482 2956 5588 SEXTA.

1728 5728 2124 5794 Secundum
2158 5729 2436 5794 Lucam.

529 5931 551 5957 α
596 5907 710 5963 Ibat
735 5910 895 5966 Jesus
925 5913 979 5970 in
1035 5916 1316 5973 civitatem
1346 5933 1469 5990 quae
1499 5922 1726 5974 vocatur
1753 5913 1938 5971 Naim.
1971 5917 2039 5972 Et

2149 5916 2302 5972 ibant
2329 5932 2451 5975 cum
2485 5916 2577 5974 illo
2608 5916 2867 5991 discipuli
2895 5917 3031 5988 ejus,
3064 5920 3117 5972 et
3147 5910 3298 5969 turba
3341 5910 3587 5984 c0piosa.
3622 5906 3748 5964 Cum
