3972 6404
292 416 426 470 1153

289 638 384 686 tus
439 627 779 684 efferebatur
844 627 984 683 filius
1016 630 1206 685 unicus
1260 631 1452 684 matris
1496 644 1625 685 suae.
1658 629 1725 682 Et
1771 628 1889 683 hmo

287 725 456 781 vidua
517 734 636 780 erat
698 743 710 778 :
772 735 823 780 et
879 727 1031 779 turba
1105 727 1331 782 civitatis
1400 726 1565 779 multa
1623 741 1744 780 cum
1802 724 1890 777 illa

288 815 432 884 (Luc
465 817 583 882 vn).
625 837 644 858 ο
680 815 840 868 Naim
870 814 1060 870 civitas
1085 824 1166 870 est
1196 815 1436 869 Galilet‘e.
1465 813 1890 882 Defunctus,qui

285 917 476 959 coram
528 902 714 956 multis
743 911 891 956 extra
922 912 1082 972 porta
1126 903 1362 965 effertur,
1406 903 1679 973 signiﬁcat
1706 901 1890 956 crimi-

291 991 495 1046 naliter
533 999 855 1060 peccantem
914 1001 964 1046 et
995 992 1286 1046 multorum
1342 993 1546 1046 notitia:
1577 1007 1672 1060 per
1725 989 1892 1044 verba

287 1098 345 1145 et
385 1105 579 1160 opera,
622 1090 777 1158 quasi
834 1106 932 1160 per
971 1091 1107 1144 ostia
1147 1107 1258 1144 sua:
1298 1090 1551 1154 civitatis,
1612 1097 1890 1158 peccatum

283 1177 690 1249 propalantem.
735 1177 840 1246 Qui
886 1178 1024 1233 bene
1053 1179 1249 1234 unicus
1279 1178 1473 1232 matris
1503 1194 1613 1232 suae
1644 1176 1892 1247 perhibe-

286 1275 400 1333 tur,
436 1267 561 1338 quia
611 1267 738 1322 licet
778 1273 960 1322 mater
989 1267 1232 1322 Ecclesia
1278 1267 1476 1322 multos
1507 1267 1706 1320 habeat
1755 1264 1893 1319 filios

289 1356 471 1411 bonos
499 1363 553 1410 et
582 1355 779 1422 malos,
812 1371 912 1424 pro
958 1371 1065 1409 una
1096 1364 1274 1410 tamen
1308 1371 1541 1426 persona
1585 1355 1711 1409 mali
1739 1353 1893 1408 acci-

292 1445 544 1516 piuntur,
587 1452 842 1514 quantum
902 1444 972 1499 ad
1010 1444 1271 1499 malitiam
1327 1444 1602 1514 pertinet:
1637 1441 1894 1513 quemad-

296 1542 529 1596 modum
558 1541 726 1596 etiam
759 1541 886 1596 boni
916 1558 1020 1596 una
1052 1557 1288 1612 persona
1319 1541 1663 1610 accipiuntur
1691 1555 1891 1594 secun-

297 1631 431 1685 dum
460 1629 782 1684 bonitatem.
822 1631 891 1684 Et
919 1630 1126 1685 electus
1154 1631 1397 1700 quilibet,
1443 1629 1660 1699 quando
1694 1627 1893 1682 imbui-

296 1727 393 1773 tur
419 1719 487 1773 ad
523 1717 706 1783 fidem,
742 1717 885 1772 filius
923 1727 1025 1782 est,
1060 1720 1277 1789 quando
1306 1719 1442 1772 alios
1472 1718 1664 1771 imbuit
1720 1723 1894 1770 mater

294 1815 407 1862 est.
449 1807 604 1862 Unde
638 1806 833 1861 Paulus
865 1824 883 1861 :
921 1832 941 1855 «ι
973 1807 1148 1862 Filioli
1194 1807 1322 1870 mei,
1356 1823 1492 1878 quos
1523 1806 1712 1860 iterum
1762 1819 1892 1874 par-

1207 415 1778 471 DEFIDRATIONES
1821 416 1918 467 SS.
1972 416 2265 470 PATRL'M.
2305 447 2372 455 —-—
2417 416 2538 469 LIB.
2583 418 2654 470 ll.

290 548 474 596 autem
523 539 992 612 appropinquaret
1019 548 1190 611 porta:
1218 541 1476 606 civitatis,
1519 556 1643 595 ecce
1682 539 1880 594 defun-
1912 542 1968 603 Α

3447 422 3580 474 1154

2076 563 2096 586 υ
2126 539 2193 593 Et
2243 540 2369 594 exiit
2400 541 2483 594 hic
2513 556 2694 595 sermo
2714 540 2766 594 in
2799 540 3112 597 universam
3141 542 3388 597 Judaeum
3410 543 3478 598 de
3500 559 3583 616 co,

1999 637 2046 682 et
2079 643 2293 682 omnem
2325 629 2472 683 circa
2505 630 2806 700 regionem,
2855 629 2906 682 id
2940 638 3022 684 est
3050 631 3103 684 in
3134 647 3351 685 omnem
3403 632 3588 705 regio-

2000 732 2124 770 nem
2155 716 2301 771 circa
2327 717 2599 770 Iudaeam.
2636 740 2656 764 ιι
2693 717 3004 789 Allegorice
3027 717 3121 773 fuit
3147 721 3589 793 appropinquare

1998 813 2180 865 Jesum
2231 822 2399 883 porta:
2429 813 2685 880 civitatis,
2737 815 2880 885 quod
2943 816 3167 869 verbum
3199 831 3329 872 caro
3387 817 3586 874 factum

2000 902 2257 970 gentilem
2317 902 2574 971 populum
2644 919 2741 972 per
2778 911 2972 972 portas
3012 902 3140 957 fidei
3202 905 3270 958 ad
3310 906 3588 963 caelestem

2003 989 2342 1043 Hierusalem
2374 991 2605 1044 induxit.
2671 992 2812 1045 Ecce
2841 991 3298 1060 Judaicnsjunior
3356 995 3590 1066 populus

2001 1079 2227 1148 perfidia
2257 1078 2543 1133 defunctus
2575 1078 2818 1144 effertur,
2856 1080 3110 1151 quoniam
3135 1091 3310 1136 mater
3342 1083 3589 1139 Ecclesia

2002 1175 2076 1228 nil
2108 1177 2159 1228 in
2189 1177 2392 1232 mundo
2424 1178 2577 1246 quasi
2610 1179 2891 1248 proprium
2924 1178 3240 1248 possidens,
3273 1180 3456 1234 multis
3484 1197 3588 1251 po-

2001 1265 2247 1334 pulorum
2279 1265 2452 1319 turbis
2499 1266 2702 1321 circum
2733 1275 2883 1336 septa
2933 1267 3022 1336 pio
3052 1265 3250 1322 affectu
3281 1268 3478 1338 plorat,
3539 1278 3594 1325 et

2002 1353 2071 1406 ad
2101 1353 2257 1407 vitam
2291 1370 2551 1409 revocare
2586 1354 2797 1408 laborat
2833 1372 2845 1417 ;
2879 1355 3021 1426 quod
3053 1364 3107 1410 et
3137 1355 3351 1411 interim
3379 1357 3430 1411 in
3463 1375 3596 1429 pau-

2001 1441 2079 1496 cis
2105 1443 2413 1496 Judzeorum
2445 1443 2748 1502 conversis,
2808 1453 2855 1496 et
2888 1444 3110 1498 tandem
3142 1444 3195 1497 in
3253 1445 3594 1515 plenitudine

2001 1541 2272 1611 impetrat.
2307 1543 2480 1597 Locus
2507 1558 2614 1613 quo
2639 1543 2882 1597 defertur
2913 1559 3110 1613 corpus
3158 1552 3240 1598 est
3272 1545 3590 1615 humanum,

1999 1630 2291 1700 portitores
2324 1640 2444 1684 sunt
2475 1631 2600 1684 mali
2632 1647 2834 1694 mores.
2871 1633 2960 1700 qui
2990 1633 3058 1686 ad
3090 1642 3318 1687 mortem
3352 1636 3592 1694 trahunt.

2002 1719 2110 1772 Sed
2129 1719 2287 1772 Jesus
2317 1719 2553 1774 loculum
2595 1721 2765 1792 tangit
2795 1736 2915 1775 cum
2951 1721 3198 1792 fragilem
3234 1731 3477 1778 naturam
3537 1725 3591 1779 in

2001 1831 2162 1871 cruce
2183 1817 2369 1888 erigit.
2421 1817 2514 1872 Vel
2547 1818 2788 1890 tangitur
2826 1818 3035 1874 loculus
3066 1821 3261 1875 mortui
3292 1821 3528 1878 hominis
3558 1839 3593 1880 a

289 1895 439 1950 turio
494 1895 640 1966 (Gal.
675 1896 781 1963 Iv).
821 1894 954 1948 Cum
1014 1895 1183 1965 igitur
1229 1894 1354 1949 boni
1411 1893 1737 1948 unanimiter
1766 1901 1884 1946 stn-

2001 1906 2128 1970 Deo,
2188 1905 2240 1959 id
2273 1914 2354 1959 est
2385 1922 2479 1976 per
2528 1906 2732 1978 lignum
2758 1912 2958 1973 crucis,
2979 1907 3103 1978 quia
3132 1907 3467 1978 periithomo
3492 1928 3595 1982 per

292 1983 464 2038 deant
540 1998 802 2038 revocare
878 1983 1070 2047 malos,
1114 1991 1162 2038 et
1229 1982 1354 2038 boni
1427 1991 1599 2036 mater
1665 1990 1717 2036 et
1762 1978 1891 2033 mali

289 2079 438 2134 filius
495 2081 689 2134 unicus
720 2089 1121 2150 nuncUpantur.
1157 2082 1313 2135 Porta
1343 2081 1597 2143 civitatis,
1656 2095 1766 2152 qua
1796 2081 1894 2135 de-

292 2168 514 2224 functus
545 2167 788 2234 effertur,
821 2169 1018 2240 aliquis
1051 2179 1135 2223 est
1165 2170 1231 2223 de
1263 2170 1516 2224 sensibus
1562 2185 1668 2240 quo
1697 2169 1890 2240 aliquis

289 2257 348 2312 in
385 2265 668 2328 peccatum
711 2257 935 2323 corruit,
998 2266 1053 2312 ut
1084 2257 1171 2329 qui
1203 2258 1345 2312 videt
1376 2258 1443 2312 ad
1495 2258 1893 2328 concupiscen-

291 2347 450 2414 dum,
485 2346 576 2418 qui
608 2361 792 2400 aurem
840 2346 1027 2401 otiosis
1061 2347 1143 2400 vel
1164 2347 1411 2416 turpibus
1441 2347 1744 2414 audiendis,
1802 2344 1892 2417 qui

292 2445 543 2516 linguam
600 2444 912 2498 commodat
964 2443 1168 2514 litigiis,
1221 2452 1556 2513 caeterosque
1637 2443 1728 2514 qui
1783 2459 1890 2497 non

291 2539 486 2588 servat
519 2548 734 2599 sensus,
769 2531 956 2586 mortis
987 2531 1094 2585 sibi
1129 2540 1334 2586 reserat
1366 2532 1563 2585 aditus.
1590 2532 1779 2586 Omnis
1801 2530 1892 2601 qui

291 2619 556 2676 meminit
587 2619 890 2674 Ecclesiam
945 2619 1132 2690 sponsi
1189 2620 1269 2673 sui
1325 2629 1496 2674 morte
1536 2620 1888 2689 redemptam,

307 2716 582 2782 agnoscat
602 2723 722 2764 eam
746 2724 866 2763 esse
883 2708 1123 2764 viduam.
1143 2709 1322 2777 Hujus
1336 2709 1583 2763 miraculi
1612 2708 1760 2762 multi
1780 2707 1893 2762 fue-

294 2815 424 2861 runt
462 2814 651 2872 testes,
693 2814 750 2860 ut
788 2805 1148 2861 multifierent
1178 2805 1277 2860 Dei
1315 2805 1644 2861 laudatores.
1675 2804 1890 2873 «Quam

290 2909 421 2951 cum
480 2895 712 2950 vidisset
752 2894 1037 2960 Dominus,
1095 2893 1473 2948 misericordia
1511 2902 1690 2948 motus
1728 2909 1894 2962 super

292 2983 477 3051 illam,
517 2981 655 3037 dixit
696 2982 771 3036 illi
814 3001 827 3036 :
869 2983 991 3037 Noli
1021 2983 1175 3037 ﬂere.
1229 3006 1250 3030 η
1298 2983 1528 3037 Pulchre
1558 2981 1892 3053 evangelista

294 3080 597 3136 Dominum
663 3079 812 3150 prius
850 3080 1229 3136 misericordia
1297 3089 1501 3134 motum
1541 3096 1665 3134 esse
1729 3095 1894 3148 super

292 3176 554 3237 matrem,
584 3184 649 3224 ac
671 3169 750 3224 sic
781 3167 949 3222 filium
986 3168 1250 3224 suscitare
1307 3176 1558 3235 testatur,
1593 3176 1649 3222 ut
1677 3167 1730 3221 in
1786 3182 1892 3221 uno

1999 1993 2203 2064 lignum
2271 1994 2523 2065 paradisi,
2599 1994 2885 2050 Portitores
2955 1997 3148 2050 mortui
3179 2007 3306 2052 sunt
3360 2007 3593 2070 quatuor

1999 2082 2289 2146 elementa,
2345 2099 2579 2154 quorum
2609 2083 3023 2154 intemperantia
3065 2093 3150 2140 est
3198 2085 3592 2143 irritamentum

2000 2171 2262 2240 peccandi
2293 2171 2344 2224 in
2381 2172 2624 2226 homine.
2660 2173 2810 2226 Stant
2841 2173 3150 2242 portitores,
3197 2175 3322 2245 quia
3353 2191 3461 2230 non
3490 2193 3592 2231 va-

2001 2257 2107 2313 lent
2131 2259 2270 2313 sicut
2299 2262 2449 2330 prius
2478 2260 2543 2313 ad
2577 2269 2805 2314 mortem
2837 2261 3082 2316 trahere.
3148 2263 3319 2334 Loqui
3349 2265 3478 2319 Jesu
3507 2273 3592 2321 est

1999 2347 2204 2402 monita
2233 2347 2423 2402 salutis
2455 2348 2754 2413 infundere,
2808 2349 2950 2404 unde
2982 2349 3275 2421 languidus
3329 2353 3396 2406 ad
3429 2353 3589 2408 vitam

2001 2435 2232 2506 erigitur
2279 2436 2436 2490 bonis
2467 2436 2698 2503 actibus,
2733 2445 2784 2491 et
2842 2436 2917 2491 sic
2950 2439 3192 2493 redditur
3229 2441 3393 2494 matri
3458 2458 3588 2498 suae.

2001 2525 2216 2578 Timent
2255 2540 2466 2590 omnes,
2535 2525 2662 2596 quia
2701 2525 2860 2579 unius
2904 2527 3154 2598 exemplo
3219 2528 3372 2583 multi
3412 2531 3591 2586 corri-

2000 2621 2219 2686 guntur.

2170 2757 2245 2812 De
2273 2757 2664 2823 morientibus,
2699 2761 2754 2812 et
2784 2758 2850 2813 de
2878 2759 3044 2814 exitu
3074 2760 3421 2817 animarum.

2074 2896 2356 2968 Scriptura
2396 2897 2528 2952 dicit
2570 2915 2582 2953 :
2631 2922 2651 2946 α
2697 2899 2838 2953 Beati
2893 2899 3089 2953 mortui
3129 2900 3219 2971 qui
3267 2901 3321 2956 in
3359 2903 3592 2961 Domino

1999 2985 2301 3040 moriuntur
2329 2989 2517 3056 (Apoc.
2551 2988 2689 3056 χιν).
2735 3009 2757 3034 ιι
2793 2987 2849 3040 In
2890 2987 3124 3043 Domino
3154 2991 3454 3046 moriuntur
3479 2993 3592 3064 qui,

2000 3073 2055 3128 in
2084 3089 2250 3128 carne
2274 3074 2491 3144 quidem
2515 3075 2831 3138 morientes,
2857 3075 2908 3128 in
2941 3076 3172 3132 Domino
3194 3086 3371 3134 tamen
3402 3081 3593 3138 viven-

1999 3170 2080 3217 tes
2111 3163 2480 3217 inveniuntur.
2509 3161 2648 3231 Quid
2684 3171 2766 3217 est
2797 3163 2850 3215 in
2883 3163 3113 3219 Domino
3141 3165 3169 3219 τ
3197 3166 3254 3220 Id
3278 3175 3356 3222 est
3378 3168 3430 3221 in
3461 3168 3592 3235 fide,

293 3258 462 3313 nobis
503 3257 819 3328 exemplum
860 3257 1135 3312 imitandae
1173 3257 1386 3326 pietatis
1453 3257 1764 3312 ostenderet
1797 3255 1886 3317 ;in
1920 3250 1969 3312 C
1999 3260 2051 3306 et
2089 3267 2186 3321 spe
2224 3259 2276 3305 et
2304 3251 2588 3306 charitate.
2634 3252 2734 3306 Per
2763 3251 2866 3305 ista
2889 3251 3031 3305 enim
3066 3252 3256 3308 vivitur
3286 3255 3336 3307 in
3359 3255 3451 3311 illa
3482 3259 3595 3314 vita

290 3347 466 3404 altero
495 3345 658 3402 fidem
691 3346 953 3402 miranda:
981 3345 1202 3418 pietatis
1233 3354 1518 3401 astrueret.

371 3490 482 3545 «Et
502 3491 735 3546 accessit
783 3498 835 3546 et
857 3489 1296 3563 titigitloculum.
1344 3489 1610 3543 Hiautem
1641 3488 1729 3560 qui
1755 3503 1890 3557 por-

295 3580 487 3635 tabant
522 3587 806 3634 steterunt.
845 3603 865 3629 ει
903 3579 1134 3634 Loculus
1186 3579 1242 3632 in
1267 3595 1372 3650 quo
1417 3586 1661 3632 mortuus
1692 3576 1892 3632 effere-

292 3668 474 3734 batur,
507 3667 649 3722 male
680 3683 875 3723 secura
908 3667 1180 3737 desperati
1210 3667 1520 3737 peccatoris
1561 3666 1891 3721 conscientia

296 3756 408 3803 est.
477 3746 581 3815 Qui
621 3763 751 3804 vero
807 3747 1188 3818 sepeliendum
1230 3755 1447 3816 portant
1488 3746 1572 3801 vel
1611 3745 1892 3799 immunda

295 3835 570 3891 desideria
601 3844 725 3890 sunt
763 3852 884 3907 quae
949 3835 1198 3889 homines
1237 3835 1456 3904 rapiunt
1493 3836 1548 3887 in
1587 3833 1889 3899 interitum,

293 3923 386 3980 vel
419 3933 687 3978 venenata
718 3923 987 3978 lenocinia
1001 3923 1416 3986 blandientium,
1453 3939 1572 3994 quae
1602 3931 1894 3992 peccantes

294 4013 456 4085 quasi
487 4028 696 4084 aggere
730 4020 888 4067 terra;
914 4013 1180 4067 obruunt.
1233 4012 1471 4067 Domino
1502 4011 1736 4066 loculum
1768 4020 1892 4065 tan-

289 4110 458 4174 gente
522 4102 729 4156 funeris
791 4101 958 4170 bajuli
1027 4109 1310 4166 steterunt,
1377 4101 1507 4172 quia
1558 4099 1893 4154 conscientia

292 4197 499 4244 attacta
569 4189 857 4244 formidine
927 4189 1152 4260 superni
1211 4189 1401 4258 judicii
1465 4189 1756 4244 revertitur
1823 4188 1890 4242 ad

291 4279 560 4348 seipsam,
629 4294 892 4334 coercen
954 4278 1206 4333 carnales
1242 4278 1550 4348 voluptates
1580 4285 1636 4332 et
1664 4277 1894 4344 iniustos

290 4365 635 4423 laudatores.

373 4533 394 4560 ‹‹
427 4509 496 4564 Et
527 4509 600 4565 ait
635 4524 646 4563 :
681 4509 1036 4576 Adolescens,
1077 4508 1173 4562 tibi
1204 4508 1348 4574 dico,
1387 4523 1578 4580 surge.
1643 4507 1711 4561 Et
1741 4522 1891 4562 rese-

2001 3356 2106 3409 qua
2137 3339 2328 3394 vivitur
2383 3339 2436 3392 in
2470 3339 2721 3393 Domino.
2773 3340 2840 3393 Et
2885 3339 3134 3410 quaedam
3181 3342 3286 3396 vita
3334 3360 3437 3414 qua
3470 3361 3594 3402 cor-

2001 3445 2103 3500 pus
2125 3427 2252 3484 vivit
2286 3443 2354 3482 ex
2385 3428 2581 3491 anima,
2643 3434 2696 3482 et
2726 3435 2807 3481 est
2831 3427 3078 3497 quazdam
3110 3429 3224 3483 vita
3279 3447 3379 3502 qua
3413 3434 3591 3491 anima

2002 3517 2132 3573 vivit
2171 3532 2240 3571 ex
2286 3517 2421 3572 Deo.
2459 3517 2616 3571 Nunc
2644 3515 2863 3586 quidem
2903 3515 3027 3582 fide,
3070 3525 3122 3572 et
3153 3535 3250 3588 spe
3281 3524 3335 3574 et
3363 3521 3592 3580 charita-

2004 3623 2056 3671 te
2089 3633 2103 3681 ;
2135 3623 2325 3686 postea
2351 3629 2486 3668 vero
2522 3629 2622 3684 pro
2663 3612 2767 3668 fide
2798 3621 2852 3668 et
2882 3630 2997 3683 spe,
3033 3617 3511 3688 contemplatione,
3533 3638 3590 3677 re

2000 3712 2255 3759 manente
2286 3703 2598 3757 dilectione.
2647 3703 2768 3757 Non
2795 3702 2960 3773 igitur
3015 3718 3215 3759 nocere
3245 3711 3423 3775 potest
3464 3710 3590 3764 ani-

2003 3810 2132 3862 mae,
2164 3792 2210 3847 si
2239 3808 2440 3862 corpus
2473 3791 2636 3844 vitam
2676 3806 2830 3844 suam
2862 3791 3064 3860 perdit,
3099 3795 3318 3862 quando
3351 3795 3471 3865 ipsa
3501 3799 3592 3852 vi-

1999 3892 2106 3936 tam
2159 3897 2331 3944 suam,
2392 3880 2448 3933 in
2480 3878 2608 3943 ﬁde,
2664 3888 2716 3933 et
2746 3896 2842 3949 spe
2883 3887 2935 3934 et
2970 3879 3231 3935 charitate
3262 3885 3586 3953 persistens,

2001 3989 2111 4026 non
2145 3971 2360 4025 amittit.
2402 3969 2576 4022 Nemo
2633 3984 2764 4039 ergo
2796 3968 2925 4022 mihi
2981 3969 3126 4024 dicat
3159 3985 3172 4022 :
3207 3969 3308 4038 Qui
3366 3989 3590 4041 parvam

2002 4067 2191 4136 fidem,
2243 4076 2295 4121 et
2333 4082 2484 4136 spem
2516 4081 2744 4135 parvam
2785 4075 2837 4120 et
2867 4082 3088 4136 parvam
3136 4068 3456 4124 charitatem
3487 4073 3582 4127 ha-

2000 4157 2149 4220 bent,
2182 4171 2289 4210 non
2313 4154 2611 4209 salvantur.
2664 4156 2814 4226 Ergo
2842 4171 2948 4210 non
3001 4171 3290 4212 mensuro.
3331 4159 3590 4216 Crescant

2002 4255 2260 4318 quantum
2293 4243 2496 4299 volunt.
2552 4241 2764 4310 Quanto
2815 4244 3069 4312 majores,
3103 4252 3248 4302 tanto
3305 4247 3581 4305 meliores.

2002 4337 2207 4392 Tamen
2237 4348 2340 4405 ego
2369 4332 2490 4387 illos
2521 4333 2892 4389 condemnare
2923 4349 3033 4388 non
3062 4335 3240 4391 audeo
3299 4347 3588 4408 quantum-

2000 4433 2083 4489 vis
2112 4432 2270 4504 parvi
2310 4431 2441 4485 sint.
2491 4431 2572 4484 Ex
2616 4446 2721 4502 quo
2747 4431 2859 4485 nati
2889 4439 3014 4486 sunt
3054 4448 3118 4487 ex
3151 4434 3287 4498 Deo,
3330 4433 3423 4489 filii
3468 4445 3590 4492 sunt

2002 4522 2121 4578 Dei.
2158 4522 2317 4576 Putas
2347 4519 2472 4590 quia
2502 4535 2738 4590 magnos
2765 4517 2906 4574 ﬁlios
2938 4521 3087 4576 Deus
3115 4521 3366 4590 salvabit,
3387 4532 3438 4578 et
3458 4541 3590 4595 per-

291 4599 372 4655 dit
401 4599 491 4670 qui
522 4608 637 4654 erat
669 4606 944 4662 mortuus,
980 4604 1032 4652 et
1060 4597 1224 4666 coepit
1249 4596 1417 4668 loqui.
1449 4598 1516 4650 Et
1548 4596 1694 4650 dedit
1736 4595 1886 4649 illum

2004 4622 2100 4664 vos
2155 4602 2885 4673 condemnabit‘IScriptura
2930 4605 3060 4659 mihi
3105 4605 3232 4660 dicit
3266 4623 3278 4659 :
3314 4630 3334 4652 «ι
3371 4610 3589 4679 Imper-

290 4687 454 4744 matri
488 4703 620 4742 suae.
671 4710 691 4735 η
727 4686 952 4741 Residet
981 4685 1071 4756 qui
1099 4693 1217 4740 erat
1246 4694 1494 4740 mortuus
1535 4701 1658 4740 cum
1681 4683 1890 4738 interna

294 4783 714 4854 compunctione
743 4782 1022 4837 reviviscit
1044 4789 1319 4852 peccator.
1345 4781 1536 4852 Incipit
1561 4779 1730 4852 loqui,
1765 4795 1887 4835 cum

295 4871 545 4928 ostendit
576 4887 640 4925 se
669 4871 854 4925 redire
879 4871 950 4926 ad
980 4887 1164 4927 veram
1196 4871 1379 4926 vitam.
1424 4870 1685 4925 Redditur
1704 4868 1888 4936 matri,

291 4976 418 5017 cum
450 4976 547 5030 per
575 4959 911 5014 sacerdotale
935 4961 1195 5028 judicium
1229 4959 1599 5015 communioni
1650 4959 1890 5013 sociatur

291 5049 572 5105 Ecclesiae.

369 5215 390 5238 σι
427 5190 654 5260 Accepit
692 5200 872 5245 autem
931 5207 1122 5246 omnes
1162 5194 1321 5246 timor
1362 5199 1412 5246 et
1471 5189 1890 5262 magnificabant

287 5279 487 5345 Deum,
517 5281 796 5335 dicentes:
823 5279 959 5347 Quia
984 5281 1246 5349 prOpheta
1279 5295 1513 5350 magnus
1566 5277 1804 5333 surrexit
1833 5279 1887 5332 in

286 5369 468 5431 nobis,
528 5377 584 5421 et
615 5369 745 5439 quia
775 5369 922 5422 Deus
942 5368 1179 5423 visitavit
1220 5369 1434 5439 plebem
1487 5365 1889 5422 suam.0mnes

285 5454 738 5528 magniﬁcabant,
773 5456 826 5510 id
861 5465 943 5511 est
965 5456 1262 5510 laudabant
1291 5459 1487 5518 Deum,
1523 5455 1650 5527 quia
1686 5463 1888 5524 quanto

288 5546 512 5618 gravior
541 5551 625 5599 est
663 5560 842 5609 casus,
875 5552 1025 5598 tanto
1074 5544 1250 5613 pietas
1283 5543 1548 5612 erigentis
1571 5541 1780 5615 gratior
1837 5550 1891 5596 et

290 5657 422 5713 spes
451 5641 642 5696 salutis
670 5641 1058 5711 pmnitentibus
1111 5650 1193 5694 est
1224 5641 1439 5697 certior.
1467 5639 1712 5695 Visitavit
1740 5639 1888 5693 Deus

288 5730 529 5802 plebem,
577 5741 631 5784 et
660 5729 790 5783 dum
841 5730 1068 5784 Verbum
1120 5745 1278 5784 suum
1313 5726 1485 5783 semel
1541 5726 1888 5795 incorporari

289 5818 594 5886 constituit,
652 5825 704 5872 et
735 5816 975 5887 quotidie
1031 5815 1287 5885 Spiritum
1345 5823 1599 5871 sanctum
1630 5815 1686 5870 in
1721 5813 1889 5869 corda

289 5915 482 5966 nostra
511 5904 771 5961 mittendo
799 5912 855 5959 ut
882 5901 1229 5960 suscitemur.

1998 4697 2196 4752 fectum
2211 4709 2389 4748 meum
2411 4692 2663 4748 viderunt
2686 4692 2828 4747 oculi
2850 4692 2942 4760 tui,
2979 4693 3112 4746 etin
3163 4693 3300 4749 libro
3333 4701 3427 4751 tuo
3459 4713 3582 4753 om-

1997 4801 2097 4840 nes
2128 4784 2441 4840 scribentur
2470 4783 2646 4852 (Psal.
2670 4784 2966 4848 cxxxvm).
3004 4803 3025 4828 υ
3064 4782 3120 4835 Si
3149 4797 3341 4837 omnes
3368 4801 3506 4858 ergo
3536 4797 3591 4842 et

1997 4875 2180 4947 magni
2210 4882 2262 4928 et
2283 4872 2457 4943 parvi,
2501 4872 2631 4943 quid
2654 4878 2736 4925 est
2754 4892 2775 4919 «
2801 4869 2942 4925 oculi
2987 4869 3327 4926 tuividerunt
3353 4872 3383 4926 τ
3417 4897 3438 4921 η
3472 4876 3587 4946 Ap-

2000 4965 2385 5035 probaverunt.
2422 4959 2566 5028 Quid
2599 4967 2678 5014 est
2714 4983 2736 5008 α
2773 4959 2824 5012 in
2856 4958 2996 5013 libro
3016 4959 3326 5014 scribuntur
3354 4964 3381 5015 ‘?
3417 4987 3438 5011 η
3472 4965 3589 5019 sal-

1997 5053 2292 5108 vabuntur.
2332 5051 2480 5120 Ergo
2498 5047 2797 5118 imperfecti
2824 5063 3040 5118 quoque
3072 5048 3445 5105 salvabuntur.
3482 5052 3589 5122 Qui

1997 5152 2139 5206 enim
2179 5147 2487 5219 imperfecti
2519 5153 2664 5211 sunt,
2697 5143 2901 5214 aliquid
2931 5152 3076 5212 sunt,
3111 5153 3165 5200 et
3195 5145 3356 5218 aliqui
3414 5159 3538 5205 sunt
3571 5167 3584 5206 :

1998 5258 2050 5306 et
2106 5249 2158 5302 in
2206 5260 2433 5301 numero
2480 5251 2752 5314 ponuntur
2805 5249 2856 5296 et
2896 5242 3229 5298 scribuntur.
3296 5244 3400 5312 Qui
3456 5247 3589 5302 nihil

1997 5346 2142 5405 sunt,
2175 5335 2308 5390 nulli
2366 5341 2488 5387 sunt
2523 5348 2535 5385 :
2569 5347 2669 5386 nec
2691 5330 2854 5385 scribi
2902 5339 2992 5384 aut
3050 5333 3327 5386 numerari
3383 5333 3587 5392 habent

1998 5428 2087 5500 qui
2117 5424 2248 5479 nihil
2278 5422 2498 5477 habent.
2532 5421 2678 5492 Ergo
2708 5440 2729 5470 ι
2789 5419 2937 5474 omni
2966 5419 3183 5474 babenti
3239 5421 3473 5492 dabitur,
3535 5434 3589 5482 et

1997 5522 2293 5580 abundabit
2327 5520 2550 5589 (Matth.
2582 5521 2699 5587 xv).
2730 5540 2750 5564 η
2777 5516 2939 5571 Omni
2970 5517 3188 5572 habenti
3207 5520 3459 5576 meritum
3480 5523 3584 5579 da—

1996 5616 2143 5669 bitur
2173 5610 2480 5684 praemium.
2519 5608 2639 5662 Non
2662 5605 2826 5660 dixit:
2854 5606 3085 5661 Habenti
3127 5623 3388 5679 magnum
3427 5614 3588 5667 meri-

2001 5712 2111 5759 tum
2139 5701 2355 5756 dabitur
2385 5695 2688 5769 prmmium,
2721 5701 2775 5749 ct
2800 5709 3032 5764 parvum
3088 5697 3334 5752 meritum
3367 5701 3588 5758 habenti

1997 5815 2108 5855 non
2139 5797 2352 5852 dabitur
2386 5813 2399 5849 :
2433 5794 2528 5849 sed
2556 5791 2702 5849 omni
2731 5790 2975 5859 habenti,
3024 5792 3216 5864 inquit,
3259 5795 3496 5865 dabitur,
3537 5807 3590 5853 et

1946 5889 1952 5896 ’
1997 5896 2321 5955 abundabit.
2359 5894 2511 5966 Ergo
2533 5892 2697 5950 etiam
2712 5889 2804 5947 ille
2835 5889 2930 5964 qui
2957 5905 3186 5963 parvum
3215 5894 3478 5952 meritum
3500 5896 3590 5953 ha-
