3972 6404
430 387 572 441 1155

1574 389 1913 446 WERNERI
1952 392 2243 448 ABBATIS
2283 394 2337 450 S.
2382 395 2599 452 BLASII

3594 405 3743 459 1156

434 513 545 582 bet,
587 527 710 567 cum
742 511 1027 583 prtemium
1057 513 1330 584 acceperit
1353 512 1486 568 satis
1514 513 1757 578 habebit,
1782 513 2029 584 quamvis
2058 516 2112 575 A
2144 517 2258 572 sola
2312 520 2638 584 subsistens.
2698 522 2770 577 ad
2801 523 3049 594 corporis
3104 524 3521 583 vivificationem
3558 526 3745 583 eﬂ‘usa

433 618 544 658 non
574 609 782 657 tantum
812 602 1029 656 habebit
1060 611 1320 673 quantum
1347 602 1440 656 ille
1470 601 1561 674 qui
1585 618 1845 672 magnum
1875 603 2032 658 meri-

432 699 547 746 tum
587 692 840 747 habebit.
888 691 1043 747 Solus
1106 691 1208 747 iste
1273 691 1576 747 excluditur
1612 708 1641 746 a
1680 692 2030 763 percipiendo

429 788 666 860 praemio
696 789 788 861 qui
826 788 959 842 nihil
994 789 1151 843 habet
1190 788 1258 843 de
1288 790 1510 845 merito.
1550 790 1753 845 Omnes
1787 806 1922 859 ergo
1940 789 2027 859 qui

431 880 484 933 in
548 879 781 934 Domino
821 876 1149 939 moriuntur,
1217 878 1358 932 beati
1415 885 1557 943 sunt,
1602 878 1723 950 quia
1764 889 1879 948 post
1909 894 2026 933 mc—

429 969 590 1023 ritum
669 966 880 1021 virtutis
956 968 1281 1037 perveniunt
1355 968 1424 1022 ad
1489 968 1773 1039 praemium
1808 968 2031 1023 beatitu-

426 1058 587 1114 dinis.

493 1183 573 1238 De
606 1182 749 1237 exitu
779 1189 963 1237 autem
993 1183 1299 1237 animarum
1355 1182 1513 1237 multi
1544 1191 1807 1254 quaerunt.
1866 1183 2026 1238 Multa

424 1281 605 1330 autem
637 1271 808 1344 quaeri
848 1279 1082 1342 possunt
1116 1292 1126 1327 :
1164 1272 1211 1326 si
1242 1280 1424 1327 tamen
1438 1272 1620 1327 omnia
1637 1273 1807 1342 quaeri
1826 1272 2029 1328 debent

430 1378 547 1435 qua:
577 1368 810 1434 possunt
842 1361 1032 1432 quaeri.
1067 1359 1330 1429 Quaerunt
1361 1361 1609 1416 homines
1638 1361 1707 1416 de
1729 1361 1871 1416 exitu
1910 1361 2028 1416 ani-

426 1464 640 1507 marum
674 1449 907 1522 qualiter
936 1465 968 1505 a
991 1450 1246 1506 cordibus
1267 1457 1481 1519 exeant,
1517 1458 1569 1505 et
1597 1465 1703 1521 quo
1760 1457 2026 1506 exeuntes

421 1556 674 1622 pergant,
710 1546 822 1613 vel,
856 1563 984 1603 cum
1032 1548 1387 1618 pervenerint
1440 1562 1547 1619 quo
1576 1554 1833 1620 pergunt,
1895 1546 2027 1619 quid

421 1637 730 1707 inveniant,
794 1637 878 1692 vel
904 1636 1034 1707 quid
1070 1635 1382 1708 percipiant
1425 1638 1839 1691 autsustineant
1867 1636 2022 1692 ?Sed

420 1729 539 1784 haec
575 1725 769 1782 omnia
801 1726 982 1797 magis
1024 1725 1262 1780 timenda
1305 1731 1433 1780 sunt
1490 1742 1653 1798 quam
1695 1727 2015 1797 quaerenda.

411 1828 542 1882 Ideo
573 1826 781 1898 quippe
832 1824 1155 1880 abscondita
1186 1833 1330 1889 sunt,
1366 1841 1435 1879 ne
1466 1832 1783 1896 quaerantur
1813 1832 1905 1879 aut
1935 1824 2023 1878 in-

416 1916 727 1982 veniantur,
768 1915 869 1968 sed
909 1914 1233 1968 timeantur.
1282 1912 1418 1982 Quis
1445 1914 1589 1968 enim
1620 1929 1843 1969 securus
1901 1929 2025 1969 esse

414 2012 597 2077 potest
626 2004 680 2058 in
700 2003 967 2058 incertum
1009 2017 1246 2074 pergens
1268 2004 1296 2055 ‘?
1314 2004 1428 2057 Hoc
1454 2012 1633 2057 autem
1650 2002 1918 2058 incertum
1937 2018 2025 2058 so-

417 2094 528 2151 lum
570 2110 694 2149 esse
738 2108 849 2147 non
890 2093 1076 2157 debet,
1120 2092 1254 2161 quia
1285 2092 1481 2147 bonam
1521 2092 1689 2147 vitam
1724 2092 1878 2164 sequi
1914 2108 2024 2147 non

414 2192 598 2257 potest
639 2181 787 2238 mala
827 2197 997 2235 mors.
1025 2181 1168 2235 Mala
1203 2181 1344 2235 enim
1381 2196 1529 2236 mors
1550 2197 1657 2236 non
1693 2188 1796 2247 est,
1829 2181 1933 2235 nisi
1958 2196 2023 2236 ea

411 2274 531 2329 sola
580 2287 744 2344 quam
791 2270 944 2326 mala
986 2278 1308 2341 sequuntur.
1364 2269 1471 2339 Qui
1516 2286 1650 2342 ergo
1689 2269 1833 2326 bene
1880 2269 2021 2325 mori

409 2369 548 2434 vult,
600 2369 745 2424 bene
768 2368 933 2433 viva’t,
971 2366 1227 2438 quoniam
1276 2382 1342 2421 ea
1366 2382 1483 2437 quae
1505 2348 1874 2437 post‘mortem
1928 2383 2022 2423 ve-

413 2460 591 2525 niunt,
642 2465 833 2513 contra
873 2471 935 2511 ea
977 2456 1359 2527 disponuntur,
1400 2464 1452 2510 et
1474 2456 1773 2511 secundum
1822 2472 1892 2510 ea
1925 2471 2021 2511 re-

412 2549 721 2604 tribuuntur
743 2562 865 2615 quae
885 2552 1011 2599 ante
1055 2552 1285 2599 mortem
1316 2544 1486 2599 invita
1533 2543 1875 2615 praecedunt.
1922 2544 2022 2601 Us-

414 2653 523 2710 que
541 2636 612 2691 ad
634 2644 861 2690 mortem
881 2632 1135 2688 meritum
1175 2641 1257 2688 est
1281 2648 1293 2687 :
1318 2640 1699 2703 postmortem
1719 2649 1850 2689 vero
1879 2649 2021 2704 prae—

407 2736 596 2792 mium.
627 2735 776 2790 Mors
799 2732 984 2788 media
1017 2741 1122 2797 est,
1164 2731 1340 2803 inqua
1389 2731 1509 2786 dies
1548 2732 1768 2787 Domini
1805 2730 2012 2802 incipit,

409 2825 528 2880 dies
552 2822 792 2878 hominis
830 2820 993 2876 ﬁnem
1016 2821 1240 2891 accipit.
1285 2821 1345 2873 In
1368 2821 1456 2875 die
1474 2835 1578 2875 suo
1598 2820 1762 2876 homo
1800 2820 1903 2874 sibi
1939 2837 2021 2875 re-

410 2914 692 2986 linquitur,
732 2910 955 2982 utquod
991 2909 1105 2966 vult
1126 2908 1487 2980 operetur;in
1510 2910 1599 2965 die
1638 2924 1770 2965 vero
1798 2908 2019 2964 Domini

400 3004 517 3076 jam
541 3002 593 3057 in
621 3008 893 3072 potestate
924 3015 1022 3054 sua
1049 3014 1157 3054 non
1176 3008 1259 3054 est
1287 2999 1474 3065 homo,
1499 2999 1595 3054 sed
1633 2998 1688 3053 in
1730 2998 1874 3053 illius
1909 3014 2014 3069 po-

403 3100 600 3150 testate
623 3091 691 3145 ad
721 3105 882 3160 quem
906 3088 1052 3145 venit
1074 3097 1131 3143 ut
1152 3092 1558 3143 remuneretur.
1608 3089 1906 3159 PrOpterea
1943 3088 2012 3143 ad

368 3190 681 3249 .hominem
724 3186 957 3258 pertinet
1002 3193 1063 3240 ut
1113 3185 1167 3241 id
1206 3185 1380 3241 solum
1430 3184 1578 3258 quod
1612 3184 1716 3239 sibi
1746 3185 2007 3240 commis-

400 3294 519 3334 sum
568 3286 655 3334 est
699 3276 838 3331 bene
879 3275 1174 3345 disponere
1225 3275 1441 3329 studeat
1482 3291 1496 3343 ;
1534 3274 1666 3328 illud
1702 3290 1837 3329 vero
1860 3275 2005 3345 quod

407 3390 517 3430 non
547 3372 928 3441 commissum,
978 3370 1073 3425 sed
1096 3370 1430 3442 promissum
1450 3370 1549 3424 sib?
1584 3379 1686 3436 est,
1729 3371 1869 3426 illius
1921 3387 2007 3425 ar-

404 3462 563 3519 bitrio
593 3478 625 3518 a
647 3462 796 3535 quod
815 3460 943 3515 illud
966 3460 1180 3531 impleri
1202 3468 1412 3531 oportet
1432 3459 1743 3531 relinquat.-

468 3586 620 3642 Μοιιί
641 3593 888 3658 quaerunt
905 3584 973 3639 de
1000 3584 1151 3639 exitu
1182 3583 1485 3642 animarum
1522 3583 1797 3655 quomodo
1818 3599 1850 3639 a
1868 3599 2001 3640 cor-

396 3678 627 3750 poribus
668 3673 1016 3748 egrediantur
1051 3674 1267 3743 animae,
1302 3672 1417 3728 sive
1451 3673 1660 3729 scilicet
1685 3673 1790 3729 hoc
1835 3674 1999 3729 modo

401 3776 460 3824 ut
495 3764 863 3824 essentialiter
913 3772 966 3819 et
1018 3762 1271 3819 localiter
1324 3761 1473 3819 foras
1510 3762 1883 3835 egrediantur,
1943 3770 2000 3818 ut

394 3872 551 3921 extra
585 3878 710 3919 esse
748 3859 1033 3931 incipiant,
1066 3859 1224 3931 quasi
1250 3859 1649 3915 exclusaezsive
1671 3859 1776 3915 hoc
1822 3857 1999 3914 solum

401 3954 481 4011 eis
511 3950 705 4025 egredi
738 3950 824 4019 sit,
861 3948 1008 4021 quod
1031 3963 1137 4004 sea
1159 3946 1522 4003 viviﬁcatione
1540 3963 1830 4019 corporum
1870 3948 1997 4003 sub-

394 4044 643 4109 trahunt,
668 4048 721 4098 et
742 4037 899 4112 quasi
912 4038 983 4093 ad
1004 4053 1064 4093 se
1087 4036 1410 4108 colligentes
1425 4052 1458 4093 a
1487 4037 1827 4109 vegetatione
1874 4052 1996 4093 cor-

386 4148 585 4208 porum
618 4136 860 4196 cessant,
897 4136 957 4183 ut
989 4126 1044 4181 in
1097 4125 1405 4196 semetipsis
1445 4126 1774 4181 subsistant.
1827 4125 1994 4181 Verbi

387 4223 563 4296 gratia
603 4238 617 4276 :
659 4218 877 4292 quando
925 4217 1082 4272 ﬂatus
1100 4216 1203 4272 iste
1236 4232 1537 4287 corporeus
1557 4214 1807 4287 spiratur,
1830 4231 1992 4288 egre-

387 4321 540 4378 ditur
567 4336 599 4375 a
619 4334 874 4389 corpore,
922 4315 1114 4387 incipit
1150 4315 1510 4371 essentialiter
1543 4322 1707 4388 atque
1742 4315 1993 4372 localiter

388 4420 544 4469 extra
577 4424 781 4480 corpus
803 4422 926 4462 esse
942 4405 1034 4478 qui
1054 4406 1205 4477 prius
1239 4404 1607 4461 essentialiter
1652 4412 1816 4477 atque
1841 4404 1990 4461 loca-

387 4510 510 4566 liter
557 4506 701 4563 infra
751 4521 951 4577 corpus
1001 4503 1400 4561 continebatur.
1447 4502 1608 4560 Unde
1646 4518 1776 4559 vero
1797 4511 1990 4560 cortex

386 4614 644 4657 arescere
674 4595 862 4666 incipit
896 4595 951 4649 in
1001 4594 1218 4660 arbore,
1255 4595 1370 4650 exit
1404 4593 1599 4649 humor
1653 4593 1724 4649 ab
1781 4592 1893 4661 illo,
1936 4600 1991 4649 et
2019 4613 2070 4674 Ι)

385 4688 722 4747 contrahitur
753 4686 822 4740 ad
855 4683 1132 4750 interiora,
1191 4699 1374 4755 neque
1413 4682 1563 4738 foras
1599 4682 1877 4753 egreditur
1931 4689 1989 4736 ut

390 4787 544 4836 extra
576 4777 664 4843 sit,
693 4775 794 4832 sed
834 4773 1063 4831 interius
1082 4780 1328 4828 remanet
1355 4772 1409 4827 in
1440 4787 1507 4827 eo
1528 4771 1673 4843 quod
1697 4771 1839 4826 intus
1878 4777 1985 4837 est,

388 4878 505 4935 sive
525 4878 578 4933 in
604 4875 774 4949 ligno,
803 4873 917 4929 sive
934 4872 989 4926 in
1010 4869 1270 4936 medulla,
1309 4871 1437 4925 utin
1461 4870 1669 4926 cortice
1702 4869 1823 4940 ipso
1876 4885 1985 4925 non

379 4976 471 5032 sit.
508 4975 660 5030 Tunc
705 4971 929 5028 omnino
975 4968 1087 5025 exit
1133 4984 1165 5023 a
1210 4966 1434 5033 cortice,
1464 4975 1521 5022 ut
1550 4966 1604 5021 in
1635 4966 1839 5022 cortice
1877 4981 1986 5022 non

380 5065 468 5131 sit,
503 5080 682 5134 neque
718 5069 876 5117 extra
914 5058 1072 5131 quasi
1139 5057 1416 5113 exteriora
1456 5056 1688 5121 effusus,
1731 5056 1830 5111 sed
1875 5056 1986 5111 exit

380 5154 536 5228 quasi
563 5153 631 5208 ad
660 5150 914 5206 interiora
953 5147 1243 5203 collectus.
1296 5146 1360 5200 Et
1377 5146 1424 5201 si
1447 5145 1583 5201 forte
1615 5146 1811 5201 humor
1856 5161 1984 5199 rur-

380 5269 498 5309 sum
516 5251 588 5309 ab
612 5248 855 5306 interiori
894 5260 995 5302 suo
1030 5244 1281 5316 prodeat,
1326 5250 1385 5298 ut
1422 5258 1482 5298 se
1506 5243 1700 5297 iterum
1739 5241 1983 5298 etiundat

376 5341 435 5399 in
454 5342 737 5406 corticem,
779 5351 989 5392 rursum
1027 5332 1309 5389 revirescit
1334 5340 1530 5389 cortex
1572 5332 1683 5399 ille,
1721 5331 1980 5403 quoniam

376 5439 570 5497 humor
588 5439 645 5495 in
691 5438 812 5509 ipso
846 5441 929 5491 est
950 5436 1060 5490 vita
1084 5433 1227 5503 ejus.
1295 5430 1383 5486 Sic
1414 5437 1665 5502 quaerunt
1699 5430 1768 5485 de
1798 5429 1980 5484 anima

374 5530 593 5601 quando
647 5527 754 5583 exit
805 5540 840 5581 a
874 5537 1106 5595 corpore
1148 5529 1327 5577 utrum
1362 5521 1466 5576 hoc
1488 5519 1669 5576 solum
1706 5518 1787 5575 illi
1829 5518 1978 5575 exire

376 5627 467 5691 sit,
498 5626 646 5698 quod
675 5640 733 5679 se
770 5622 996 5678 retrahit
1050 5620 1118 5675 ad
1165 5636 1225 5675 se
1255 5635 1287 5674 a
1310 5618 1676 5675 viviﬁcatione
1705 5618 1973 5690 corporis,

376 5732 428 5778 et
457 5725 510 5779 in
532 5726 638 5778 hoc
681 5720 800 5791 ipso
818 5721 929 5789 jam
966 5719 1021 5773 in
1060 5733 1290 5789 corpore
1312 5734 1418 5772 non
1442 5725 1546 5784 est,
1580 5718 1726 5789 quod
1772 5732 1975 5787 corpus

377 5819 658 5875 viviﬁcare
675 5821 876 5873 cessat.
892 5818 953 5870 In
975 5817 1079 5871 hoc
1100 5816 1243 5871 enim
1265 5815 1501 5881 videtur,
1525 5815 1653 5886 quia
1693 5815 1811 5887 jam
1831 5830 1973 5885 quo-

374 5905 838 5964 dammodoextra
855 5916 1020 5959 omne
1030 5916 1238 5975 corpus
1254 5911 1357 5970 est,
1382 5904 1553 5976 quod,
1576 5904 1633 5959 in
1668 5904 1970 5974 semetipsa

2141 622 2250 662 non
2283 616 2385 663 est.
2422 609 2652 677 Quando
2683 627 2813 668 vero
2842 613 2895 667 in
2928 628 3159 685 corpore
3196 632 3306 671 non
3342 622 3443 681 est,
3489 631 3594 673 non
3648 626 3747 674 est

2141 695 2193 749 in
2227 696 2367 763 loco,
2401 700 2524 769 quia
2553 700 2710 756 locus
2739 718 2848 757 non
2880 711 2959 759 est
2988 701 3088 758 nisi
3120 703 3176 759 in
3206 720 3458 777 corpore.
3500 705 3745 775 Quando

2140 794 2317 840 autem
2350 797 2509 843 extra
2540 807 2737 861 Corpus
2794 800 2895 853 est,
2929 802 2977 847 et
3025 801 3177 849 extra
3209 792 3385 851 locum
3433 805 3552 852 est:
3588 795 3745 859 inter

2141 884 2311 953 ipsam
2343 893 2398 940 et
2443 902 2645 958 corpus
2675 904 2784 942 non
2816 898 2897 943 est
2950 888 3120 957 locus,
3154 898 3205 945 et
3235 890 3513 963 aequaliter
3563 892 3748 947 distat

2137 974 2206 1027 ab
2237 975 2383 1029 omni
2412 991 2666 1047 corpore,
2702 978 2829 1049 quia
2858 977 2999 1033 inter
3028 980 3202 1050 ipsam
3218 988 3271 1035 et
3299 995 3497 1052 corpus
3522 980 3744 1035 nullum

2138 1070 2220 1117 est
2249 1079 2467 1135 corpus.
2503 1067 2558 1122 Si
2584 1082 2710 1122 vero
2741 1068 2880 1123 inter
2909 1069 3084 1139 ipsam
3115 1078 3170 1124 et
3197 1086 3399 1140 corpus
3427 1069 3631 1127 nullum
3650 1078 3746 1126 est

2136 1167 2355 1224 corpus,
2388 1164 2604 1211 constat
2649 1155 2897 1226 profecto
2927 1158 3056 1229 quia
3097 1158 3239 1213 inter
3291 1159 3468 1230 ipsam
3487 1167 3539 1214 et
3566 1174 3745 1216 omne

2136 1264 2340 1322 corpus
2368 1253 2550 1308 nullus
2583 1262 2667 1309 est
2693 1254 2862 1320 locus,
2900 1256 3032 1327 quia
3062 1255 3216 1313 locus
3234 1272 3346 1312 non
3384 1264 3466 1312 est
3483 1256 3576 1312 ubi
3618 1272 3744 1312 non

2136 1348 2220 1395 est
2268 1356 2498 1413 corpus.
2563 1343 2719 1399 Unde
2773 1344 2944 1416 igitur
2978 1353 3132 1400 extra
3186 1361 3348 1402 omne
3402 1360 3601 1417 corpus
3647 1352 3743 1401 est

2137 1440 2396 1502 quantum
2430 1432 2504 1486 ad
2550 1432 2751 1497 locum,
2811 1433 3097 1505 mqualiter
3114 1450 3289 1506 prope
3319 1443 3402 1491 est
3430 1435 3578 1491 omni
3608 1450 3741 1493 cor-

2135 1528 2420 1600 pori,quia
2450 1530 2497 1583 si
2526 1539 2688 1585 extra
2725 1546 2926 1603 corpus
2980 1532 3157 1602 posita
3187 1532 3282 1587 uni
3309 1532 3527 1605 corpori
3588 1548 3738 1605 pro-

2134 1617 2272 1688 pior,
2291 1626 2348 1673 et
2375 1619 2533 1674 alteri
2562 1620 2827 1676 remotior
2870 1629 3036 1686 esset,
3086 1621 3225 1678 intra
3251 1621 3426 1693 ipsam
3480 1621 3740 1693 profecto

2134 1722 2187 1770 et
2217 1731 2416 1788 corpus
2446 1718 2682 1788 spatium
2739 1726 2909 1774 esset.
2976 1720 3032 1774 Si
3062 1719 3291 1790 spatium
3348 1727 3511 1786 esset,
3571 1719 3736 1776 locus

2133 1812 2279 1859 esset
2313 1821 2328 1874 ;
2360 1806 2405 1859 si
2436 1806 2591 1862 locus
2620 1814 2787 1875 esset,
2837 1822 3038 1879 corpus
3066 1816 3238 1864 esset.
3279 1808 3336 1865 Si
3361 1815 3539 1865 autem
3585 1808 3739 1864 inter

2054 1881 2106 1941 Β
2137 1892 2309 1963 ipsam
2342 1902 2395 1949 et
2424 1910 2587 1952 omne
2642 1912 2861 1968 corpus,
2894 1912 3097 1968 corpus
3147 1904 3313 1963 esset,
3363 1904 3518 1953 extra
3563 1912 3737 1954 omne

2134 1997 2335 2054 corpus
2366 2000 2563 2056 corpus
2592 1993 2757 2053 esset,
2790 1986 2935 2057 quod
2964 1986 3083 2042 ﬁeri
3116 2001 3223 2042 non
3252 1993 3453 2058 potest.

2204 2109 2390 2181 Itaque
2442 2109 2647 2165 dictum
2703 2117 2787 2165 est
2812 2111 2934 2183 quia
2964 2111 3142 2166 anima
3172 2126 3350 2183 neque
3379 2126 3479 2183 per
3532 2126 3731 2182 corpus

2133 2213 2166 2254 a
2195 2214 2428 2269 corpore
2461 2201 2683 2268 recedit,
2717 2216 2897 2273 neque
2913 2217 3014 2272 per
3035 2216 3234 2272 corpus
3263 2200 3330 2255 ad
3355 2216 3556 2272 corpus
3576 2215 3734 2257 acce-

2128 2287 2226 2343 dit.
2264 2289 2329 2343 Et
2359 2289 2484 2344 ideo
2511 2305 2612 2345 nec
2632 2289 2757 2345 loco
2788 2298 3059 2357 movetur,
3080 2297 3137 2344 ut
3155 2289 3375 2346 recedat
3425 2305 3457 2345 a
3491 2305 3728 2363 corpore

2132 2377 2280 2449 quod
2311 2386 2392 2433 est
2422 2392 2454 2433 a
2479 2377 2600 2434 loco
2637 2395 2652 2447 ;
2682 2395 2783 2435 nec
2813 2379 2937 2435 loco
2990 2387 3243 2435 movetur
3290 2388 3345 2435 ut
3374 2378 3597 2436 accedat
3652 2379 3728 2434 ad

2130 2490 2331 2546 corpus
2362 2475 2505 2549 quod
2536 2484 2623 2531 est
2653 2475 2707 2531 in
2738 2476 2880 2538 loco.
2919 2478 3066 2532 Inter
3094 2493 3311 2533 omnem
3341 2477 3484 2533 enim
3542 2475 3727 2533 locum

2129 2582 2179 2629 et
2212 2574 2268 2630 id
2299 2576 2443 2647 quod
2475 2585 2556 2631 est
2589 2575 2642 2630 in
2672 2576 2822 2633 nullo
2843 2575 2965 2632 loco
2993 2574 3175 2632 nullus
3196 2584 3278 2632 est
3297 2575 3471 2633 locus.
3489 2576 3728 2648 Propter

2128 2664 2233 2720 hoc
2263 2665 2448 2737 itaque
2478 2664 2681 2721 dictum
2704 2665 3062 2738 putantquod
3080 2666 3306 2737 spiritus
3335 2674 3546 2722 creatus
3576 2673 3720 2721 tem-

2126 2769 2259 2825 pore
2291 2753 2510 2826 quidem
2543 2763 2821 2820 movetur,
2861 2754 2990 2827 quia
3018 2754 3290 2811 motabilis
3320 2762 3438 2826 est;
3466 2754 3563 2810 sed
3594 2753 3717 2811 loco

2123 2868 2233 2908 non
2261 2861 2531 2919 movetur,
2591 2852 2720 2925 quia
2776 2870 2875 2910 nec
2934 2854 3055 2910 loco
3094 2862 3340 2909 movetur
3378 2853 3643 2910 recedens
3686 2868 3720 2909 a

2122 2957 2357 3013 corpore
2390 2943 2534 3015 quod
2554 2951 2640 2998 est
2670 2958 2701 2998 a
2731 2942 2875 3011 loco,
2902 2958 3005 3000 nec
3038 2943 3158 2999 loco
3187 2950 3436 2999 movetur
3454 2941 3721 2999 accedens

2122 3041 2191 3097 ad
2216 3056 2415 3111 corpus
2446 3041 2589 3114 quod
2612 3049 2691 3097 est
2728 3041 2781 3095 in
2831 3041 2978 3097 loco.
3018 3042 3208 3114 Neque
3238 3041 3382 3097 enim
3437 3053 3715 3109 movetur,

2121 3130 2341 3203 quando
2372 3131 2573 3187 recedit
2602 3146 2635 3185 a
2668 3130 2823 3195 loco;
2862 3147 3041 3203 neque
3073 3130 3413 3203 iternmloco
3443 3138 3712 3195 movetur,

2038 3245 2087 3308 C
2118 3227 2337 3299 quando
2367 3228 2582 3283 accedit
2612 3227 2682 3282 ad
2712 3228 2916 3284 locum.
2958 3228 3134 3283 Etiam
3150 3227 3365 3300 quando
3394 3227 3447 3282 in
3477 3243 3711 3299 corpore

2114 3326 2290 3396 posita
2321 3324 2505 3380 anima
2533 3340 2731 3396 corpus
2752 3325 2999 3381 localiter
3028 3333 3228 3392 movet,
3252 3325 3373 3397 ipsa
3413 3332 3591 3380 tamen
3620 3324 3706 3380 lo-

2113 3423 2302 3478 caliter
2332 3440 2440 3478 non
2469 3431 2745 3479 movetur.
2806 3423 2862 3478 Si
2884 3423 3025 3478 enim
3059 3424 3262 3480 idcirco
3292 3423 3534 3479 localiter
3586 3438 3705 3478 mo-

2110 3520 2224 3576 veri
2252 3521 2570 3589 aastimatur,
2629 3521 2757 3591 quia
2786 3520 2840 3575 in
2870 3536 3099 3593 corpore
3146 3530 3231 3577 est
3264 3521 3408 3593 quod
3464 3519 3703 3577 localiter

2109 3618 2376 3680 movetur,
2413 3625 2584 3683 quare
2613 3625 2725 3666 non
2760 3610 3016 3666 similiter
3044 3610 3308 3682 sapientia
3336 3609 3584 3666 localiter
3597 3625 3699 3665 mo-

2108 3708 2228 3765 veri
2256 3709 2490 3775 dicatur,
2524 3709 2650 3780 quia
2678 3708 2734 3765 in
2758 3725 2989 3781 corpore
3019 3716 3102 3765 est
3128 3709 3273 3781 quod
3305 3708 3550 3766 localiter
3573 3723 3695 3764 mo-

2110 3816 2266 3865 vetur
2296 3809 2324 3862 ‘l
2354 3808 2496 3864 Nam
2538 3807 2799 3864 sidicitur
2854 3809 2980 3881 quia
3009 3824 3110 3881 per
3139 3809 3378 3864 animam
3431 3807 3603 3880 ipsam
3641 3806 3697 3863 in

2106 3905 2276 3962 corde
2296 3913 2379 3961 est
2406 3906 2694 3978 sapientia,
2721 3922 2841 3962 cum
2874 3906 3061 3962 anima
3106 3908 3227 3978 ipsa
3258 3922 3355 3978 per
3381 3921 3588 3978 corpus
3616 3904 3694 3961 lo-

2104 3994 2295 4051 caliter
2340 4002 2547 4050 motum
2579 3994 2791 4052 moveri
2823 3995 3039 4066 dicitur,
3070 4011 3244 4068 quare
3273 4011 3383 4053 non
3415 3994 3578 4072 etiam
3600 4010 3694 4067 per

2103 4092 2281 4164 ipsam
2309 4093 2548 4149 animam
2603 4092 2851 4149 localiter
2881 4102 3090 4149 motam
3138 4093 3421 4165 sapientia,
3465 4109 3588 4164 quae
3638 4091 3691 4147 in

2101 4181 2224 4253 ipsa
2252 4182 2432 4238 anima
2489 4191 2592 4249 est,
2624 4181 2876 4238 localiter
2932 4182 3134 4238 moveri
3183 4182 3396 4238 dicatur
3422 4181 3451 4236 ?
3479 4182 3538 4237 Si
3565 4196 3692 4238 vero

2101 4272 2220 4328 hec
2239 4272 2373 4328 ratio
2404 4288 2516 4328 non
2572 4272 2769 4344 probat
2795 4281 2851 4327 ut
2881 4272 3148 4343 sapientia
3180 4271 3429 4329 localiter
3483 4269 3690 4327 moveri

2100 4361 2334 4428 dicatur,
2364 4377 2485 4418 cum
2513 4361 2559 4416 si
2596 4368 2778 4417 tamen
2819 4360 2875 4416 in
2899 4360 3102 4427 anima,
3132 4376 3304 4433 quare
3333 4359 3517 4416 anima
3543 4360 3688 4417 loca-

2099 4448 2220 4505 liter
2239 4450 2449 4505 moveri
2503 4450 2734 4517 dicetur,
2768 4450 3016 4523 quamvis
3071 4450 3128 4504 in
3156 4465 3391 4522 corpore
3420 4449 3492 4504 sit
3548 4448 3686 4522 quod

2100 4548 2346 4605 localiter
2373 4548 2582 4605 moveri
2605 4548 2840 4605 cernitur
2853 4548 2882 4601 ‘?
2895 4548 2995 4618 Huj
3005 4547 3219 4603 usmodi
3251 4546 3682 4603 consideratione

2103 4639 2301 4710 probat
2348 4637 2593 4709 spiritum
2644 4637 2888 4693 localiter
2926 4653 3035 4693 non
3079 4637 3308 4702 moveri,
3351 4636 3598 4708 quamvis
3634 4636 3680 4691 in

2095 4742 2321 4799 corpore
2352 4728 2417 4782 sit
2445 4727 2591 4800 quod
2618 4727 2865 4784 localiter
2894 4736 3158 4794 movetur,
3212 4726 3579 4798 temporaliter
3609 4734 3682 4781 ta-

2092 4832 2220 4873 men
2248 4818 2476 4883 moveri,
2512 4816 2635 4889 quia
2656 4816 3022 4873 vicissitudini
3068 4816 3359 4886 subjacens
3388 4817 3456 4870 de
3500 4815 3606 4871 alio
3633 4816 3679 4870 in

2094 4905 2242 4961 aliud
2272 4913 2526 4973 mutatur,
2560 4906 2671 4961 Sed
2692 4921 2791 4961 nos
2820 4906 2873 4960 in
2896 4904 3124 4962 occultis
3156 4904 3382 4960 nimium
3439 4904 3678 4961 curiosos

2095 5011 2218 5051 esse
2247 5010 2356 5050 non
2387 5003 2619 5066 oportet,
2650 5011 2720 5050 ne
2751 4995 2889 5050 forte
2921 4995 3046 5065 plus
3098 5009 3493 5066 praesumamus
3525 5009 3677 5066 quam

2092 5101 2411 5155 possumus.
2481 5084 2615 5155 Quae
2666 5085 2845 5140 sitvia
2892 5084 3118 5156 spiritus
3175 5084 3324 5139 solus
3370 5082 3521 5139 novit
3595 5083 3676 5155 qui

2092 5173 2218 5231 fecit
2237 5191 2380 5230 eum.
2414 5175 2528 5230 Nos
2558 5182 2739 5230 autem
2773 5190 2950 5246 neque
2981 5174 3183 5229 scimus
3212 5173 3486 5245 quomodo
3540 5172 3674 5228 venit

2089 5289 2268 5345 neque
2298 5274 2814 5345 comprehendimus
2844 5272 3120 5346 quomodo
3166 5271 3401 5329 recedit.
3448 5270 3672 5341 Quando

2090 5361 2249 5419 ﬂatus
2276 5363 2379 5419 iste
2417 5378 2715 5434 corporeus
2742 5363 2993 5430 trahitur,
3029 5361 3387 5434 corporaliter
3442 5360 3671 5433 ingredi-

2088 5459 2174 5507 tur
2204 5469 2221 5522 ;
2251 5453 2470 5524 quando
2525 5462 2707 5510 autem
2737 5453 2993 5525 spiratur,
3028 5451 3393 5522 corporaliter
3415 5458 3467 5507 et
3498 5449 3669 5507 locali-

2088 5549 2169 5598 ter
2198 5542 2499 5615 egreditur.
2541 5542 2649 5598 Sed
2680 5542 2790 5598 alia
2818 5547 2903 5598 est
2931 5550 3127 5597 natura
3157 5540 3401 5612 spiritus,
3434 5539 3541 5595 alia
3566 5553 3670 5597 cor-

2085 5632 2258 5701 poris.
2292 5631 2530 5701 Quando
2562 5631 2738 5704 primo
2756 5632 2961 5686 homini
2982 5632 3105 5687 data
3136 5631 3424 5696 estanima,
3458 5628 3671 5700 inspira-

2086 5719 2161 5775 vit
2188 5722 2337 5776 Deus
2367 5721 2422 5776 in
2452 5720 2644 5776 faciem
2668 5720 2785 5789 ejus
2812 5720 3145 5792 spiraculum
3177 5720 3301 5775 vita:
3321 5722 3341 5792 (
3352 5721 3484 5776 Gen.
3518 5726 3593 5787 ιι).
3612 5720 3666 5775 Et

2082 5817 2174 5889 qui
2203 5818 2387 5874 dicere
2416 5826 2596 5890 potest
2624 5818 2898 5892 quomodo
2942 5817 3224 5889 inspiravit
3252 5817 3401 5874 Deus
3442 5815 3666 5873 animam

2080 5907 2304 5977 corpori
2333 5906 2686 5977 viviﬁcando,
2744 5908 2863 5965 sive
2903 5905 3030 5980 quia
3066 5914 3225 5963 extra
3253 5913 3556 5965 creaturam
3604 5906 3663 5963 ad
