3956 6456
66 439 153 492 2'29
1222 434 1587 492 MORALIUil
1632 437 1703 492 IN
1741 434 2048 493 GENESIM
2082 434 2213 493 LIB.
2246 436 2387 492 VIII.

3458 438 3564 491 230

58 570 218 634 fecisit
270 568 443 633 (Psal.
512 582 706 635 xcvm,
748 566 826 635 4).
882 565 937 621 Si
971 573 1052 635 tu,
1106 566 1370 637 inquam,
1402 582 1435 621 o
1497 566 1743 623 cielestis
1781 573 1827 625 A
1858 566 2217 638 imaginatio,
2269 575 2326 623 et
2397 566 2738 623 sensualitas
2798 566 3083 636 innuitur,
3154 568 3371 639 quibus
3420 569 3562 625 dum

66 665 226 712 mater
250 656 343 726 pia
376 657 682 726 interpres,
719 656 771 711 id
824 654 963 710 mihi
999 655 1283 724 impetres,
1314 655 1418 726 qui
1471 655 1753 711 hactenus

62 746 158 801 sub
211 745 413 801 timore
475 745 608 815 pavi
659 744 870 801 cmlesti
923 744 1134 814 pabulo
1183 759 1433 815 quaeque
1494 744 1753 801 interiori

62 834 262 889 nomini
318 848 607 905 congrua,
639 847 673 888 a
713 833 877 888 modo
911 833 1118 888 iterum
1157 846 1408 902 pascam,
1460 836 1514 888 et
1562 840 1754 888 custo-

61 923 222 990 diam,
259 922 312 978 id
345 931 432 979 est
457 931 518 979 et
542 922 875 978 alimoniam
904 922 1039 979 vitae
1065 922 1412 992 procurabo,
1454 930 1509 977 et
1554 922 1781 977 vitali-.

63 1013 162 1067 bus
206 1010 414 1067 studiis
469 1012 915 1068 sollicitudinem
979 1011 1255 1067 custodite
1318 1011 1613 1082 delegabo.
1680 1012 1755 1065 In

62 1100 235 1154 ovibus
262 1113 399 1155 vero
434 1106 485 1155 et
536 1103 720 1171 capris
748 1100 1069 1156 mercedem
1107 1114 1276 1156 suam
1318 1101 1472 1168 dicit,
1521 1101 1661 1157 dum
1697 1099 1753 1155 in

64 1188 339 1245 beneﬁciis
362 1190 711 1259 actualibus,
755 1204 887 1261 quae
920 1204 1021 1259 per
1061 1204 1197 1246 oves
1244 1190 1570 1261 signantur,
1614 1190 1755 1260 quia

64 1281 189 1344 fetu,
223 1277 440 1346 fructu,
474 1286 530 1334 et
560 1279 768 1335 vellere
808 1286 1073 1349 prosunt,
1101 1286 1156 1334 et
1183 1279 1240 1333 in
1269 1279 1751 1348 contemplativis,

63 1384 185 1444 quae
210 1385 307 1442 per
331 1382 562 1438 capras,
609 1368 748 1437 quia
787 1376 1107 1437 pascuntur
1155 1368 1214 1422 in
1255 1368 1473 1435 arduis,
1512 1368 1570 1422 in
1604 1382 1755 1437 prae-

64 1464 199 1519 senti
228 1459 511 1517 mercedis
552 1456 781 1513 initium
812 1455 1009 1512 credit.
1061 1455 1253 1527 (Vens.
1288 1457 1396 1525 33.)
1446 1456 1756 1526 Responde-

63 1556 132 1606 bit
182 1552 318 1606 mihi
363 1563 488 1604 cras
531 1545 760 1617 justitia
812 1561 950 1613 mea,
1010 1545 1229 1616 quando
1284 1547 1484 1615 placiti
1550 1552 1758 1615 tempus

62 1641 331 1695 advenerit
381 1653 565 1692 coram
596 1641 663 1702 te,
689 1635 764 1705 ,id
794 1642 878 1690 est
904 1636 1260 1705 ﬁconcurret,
1292 1642 1347 1691 et
1387 1635 1565 1706 digna
1608 1648 1758 1691 mer-

60 1730 184 1785 cede
213 1726 519 1785 conveniet
566 1738 633 1779 ac
676 1722 1015 1779 consonabit
1044 1723 1185 1779 mihi
1236 1723 1480 1794 justitia,
1533 1738 1650 1794 qua
1700 1724 1757 1779 in

62 1817 332 1889 principio
362 1815 477 1872 mei
524 1820 826 1869 accusator
850 1812 1115 1880 existam,
1159 1827 1293 1868 cum
1325 1813 1441 1868 Deo
1483 1826 1760 1868 remune-

1861 656 2047 711 media
2076 656 2455 726 intelligentia
2481 657 2832 724 dominatur,
2882 665 3129 727 utraque
3163 671 3261 727 per
3289 673 3348 714 se
3379 658 3561 714 solam

1862 744 2221 800 infructuosa
2248 744 2376 815 ejus
2407 745 2596 801 vicino
2628 760 2830 816 sapore
2872 745 3161 801 conditur.
3195 745 3382 817 Virgae
3415 746 3563 801 viri—

1860 834 1960 889 des
1985 833 2354 890 rectitudines
2410 834 2651 890 internae
2690 842 2826 890 sunt
2881 833 3183 890 charitatis
3223 849 3395 891 succo
3437 849 3566 890 ma-

1861 922 2077 990 dentes,
2105 923 2315 979 horum
2346 922 2522 979 trium
2551 923 2865 993 ordinatos,
2918 930 2974 980 et
3028 923 3205 979 veluti
3259 924 3332 979 ad
3384 938 3567 995 regu—

1863 1010 1975 1066 lam
2025 1012 2227 1068 ductos
2278 1026 2486 1081 mores,
2547 1012 2716 1070 homo
2767 1013 2981 1083 peccati
3038 1012 3347 1069 subversor
3416 1014 3569 1068 idem

1860 1100 2034 1157 Iacob
2065 1102 2291 1171 accipit,
2333 1110 2390 1158 et
2444 1116 2518 1157 ex
2578 1110 2740 1172 parte
2787 1102 3153 1173 superﬁciem
3200 1101 3446 1169 corticis,
3508 1101 3567 1157 id

1862 1197 1947 1246 est
1993 1191 2263 1247 extrariae
2302 1191 2543 1247 visionis
2615 1191 2929 1261 abscindit;
2978 1199 3033 1247 et
3084 1205 3219 1247 mox
3279 1190 3569 1247 interioris

1864 1280 2064 1349 gratiae
2093 1279 2309 1335 candor
2352 1287 2703 1350 apparet;et
2751 1282 2892 1351 quia
2944 1278 3377 1349 imaginationis
3431 1293 3569 1335 sen-

1865 1367 2105 1424 sualitas
2136 1382 2372 1438 prorsus
2399 1382 2433 1423 a
2460 1370 2714 1424 vanitate
2745 1368 3061 1425 visibilium
3101 1367 3239 1423 exui
3270 1381 3387 1422 non
3428 1381 3573 1437 prie-

1865 1457 2038 1525 valet,
2072 1456 2130 1511 in
2163 1455 2251 1512 his
2278 1470 2410 1526 quae
2437 1456 2745 1526 exspoliari
2785 1471 2900 1513 non
2942 1462 3183 1527 possunt
3218 1454 3376 1512 viror
3405 1454 3570 1511 bonae

1868 1545 2200 1602 intentionis
2270 1553 2595 1614 permanet;
2671 1547 2944 1615 perlicere
3030 1545 3185 1602 enim
3250 1543 3568 1601 invenienti

1868 1634 2012 1690 velle
2042 1633 2264 1704 adjacet
2310 1634 2485 1703 (Rom.
2534 1648 2655 1700 VIII,
2718 1635 2829 1702 18),
2871 1642 2929 1690 et
2985 1635 3066 1690 sic
3126 1633 3377 1691 efﬁcitur
3424 1636 3569 1689 color

1866 1727 2075 1789 varius,
2104 1723 2246 1778 dum
2276 1722 2477 1792 incipit
2505 1722 2683 1778 dividi
2709 1723 2989 1779 adversus
3035 1737 3267 1780 carnem
3312 1727 3567 1797 spiritus.

1872 1812 1979 1869 Ubi
2007 1811 2165 1867 enim
2191 1811 2315 1868 haec
2338 1826 2456 1867 non
2482 1821 2565 1868 est
2600 1812 2870 1879 varietas,
2896 1820 3049 1869 totus
3097 1814 3207 1870 sibi
3258 1815 3574 1885 complacet

62 1878 213 1961 rante
242 1878 321 1959 in
388 1911 698 1974 conspectu
756 1908 1091 1958 sanctorum
1146 1901 1264 1957 vita
1317 1915 1447 1958 mea
1474 1900 1761 1972 placuisse
1800 1878 1843 1932 Β
1876 1901 2049 1956 homo
2077 1907 2263 1957 vetus.

62 1994 415 2064 probabitur.

131 2083 297 2141 Vens.
335 2082 505 2138 34.—
517 2083 771 2148 Gratum,
792 2078 1003 2150 inquit,
1027 2078 1235 2147 Laban,
1254 2078 1420 2133 habeo
1432 2078 1584 2149 quod
1593 2081 1758 2149 petis,

61 2173 141 2229 Nil
165 2172 318 2229 enim
341 2171 575 2243 gratius
601 2169 897 2240 spiritibus
920 2168 1121 2234 beatis,
1149 2182 1329 2238 quam
1352 2168 1509 2238 quod
1535 2176 1764 2224 aeternae

64 2262 238 2331 gratia
268 2261 500 2332 geritur
555 2260 779 2315 salutis.
812 2258 945 2314 Haec
992 2266 1182 2313 autem
1217 2271 1351 2313 cum
1400 2257 1765 2314 intellectua-

63 2351 180 2406 liter
209 2349 365 2405 intra
403 2363 509 2404 nos
535 2347 779 2419 agimus,
813 2354 870 2403 et
913 2360 1017 2401 nos
1046 2344 1320 2413 dicimus,
1352 2353 1408 2401 et
1455 2347 1624 2416 quasi
1650 2361 1763 2402 cte-

65 2441 191 2496 litus
231 2439 403 2496 nobis
452 2436 785 2507 responderi
817 2436 1116 2492 sentimus.
1160 2435 1354 2505 (Vens.
1409 2436 1525 2504 35.)
1566 2438 1635 2489 Et
1676 2450 1766 2490 se—

61 2532 271 2598 paravit
297 2531 360 2583 in
390 2529 482 2584 die
528 2528 622 2581 illo
669 2541 886 2595 capras,
937 2525 1170 2595 etloves,
1221 2524 1401 2579 hircos
1452 2529 1503 2579 et
1546 2526 1763 2591 arietes,

68 2622 233 2673 varios
263 2623 315 2673 et
359 2617 685 2676 maculosos.
726 2614 783 2670 id
830 2621 913 2670 est
950 2613 1010 2668 in
1042 2613 1140 2668 illa
1182 2628 1314 2683 quae
1361 2613 1484 2668 haec
1530 2613 1762 2684 cogitat,

65 2707 338 2777 spirituali
372 2706 504 2761 luce
552 2704 878 2759 discernere
905 2702 1034 2758 fecit
1076 2702 1272 2768 Jacob,
1337 2701 1394 2757 id
1441 2709 1545 2769 est,
1599 2701 1769 2757 ratio-

65 2810 202 2862 nem,
232 2797 388 2852 inter
426 2792 875 2863 contemplativa
914 2798 970 2847 et
1012 2791 1284 2859 actualia,
1336 2790 1486 2846 inter
1520 2791 1767 2847 lascivos

65 2894 112 2939 et
133 2885 417 2940 animales
465 2889 677 2949 motus,
732 2888 788 2936 et
835 2880 1043 2935 arietes
1095 2878 1571 2947 rationalitatum,
1634 2894 1768 2949 qum

66 2974 221 3028 nobis
246 2973 516 3043 przebent
567 2971 833 3034 ducatus,
865 2977 920 3024 et
962 2968 1022 3024 in
1066 2967 1157 3024 his
1210 2968 1482 3023 omnibus
1529 2982 1769 3037 pensare

66 3062 197 3129 quid
252 3061 540 3117 varietate
591 3057 928 3128 hypocrisis,
984 3057 1127 3127 quid
1176 3057 1433 3113 naturali
1516 3056 1769 3113 fmditate

70 3157 345 3216 peccatur.
383 3150 650 3205 Cunctum
697 3152 876 3200 autem
926 3161 1141 3214 gregem
1185 3146 1533 3211 unicolorem,
1583 3146 1646 3199 id
1691 3150 1771 3200 est

69 3238 169 3292 albi
204 3244 254 3293 et
300 3240 462 3305 nigri
504 3236 713 3290 velleris
754 3235 992 3290 tradidit
1026 3234 1087 3289 in
1119 3250 1312 3289 manus
1346 3234 1598 3299 ﬁliorum
1644 3250 1768 3289 suo-

68 3343 196 3381 rum.
240 3326 444 3397 (Vnns.
510 3324 623 3395 36.)
655 3326 733 3379 Et
780 3325 965 3394 posuit
996 3325 1240 3393 spatium
1281 3325 1495 3378 itineris
1527 3326 1670 3377 inter
1715 3338 1771 3378 se

68 3420 112 3471 et
147 3431 407 3483 generum
446 3415 667 3470 dierum
696 3416 887 3482 trium,
932 3415 1028 3483 qui
1068 3412 1326 3482 pascebat
1365 3415 1603 3482 reliquos
1651 3428 1772 3481 gre-

67 3520 149 3571 ges
179 3505 319 3573 ejus,
343 3505 403 3560 id
434 3510 522 3559 est
552 3516 780 3559 omnem
828 3503 1115 3558 virtutum
1164 3502 1579 3572 frequentiam,
1637 3515 1770 3572 qum

68 3593 577 3662 perinnocentiam
616 3591 989 3648 unicoloriter
1016 3591 1188 3658 albet,
1240 3599 1429 3647 tamen
1473 3600 1529 3647 et
1570 3592 1773 3662 nigre-

67 3684 247 3739 dinem
283 3683 582 3739 memoriae
613 3688 977 3751 peccatorum
1011 3695 1127 3737 non
1156 3680 1521 3751 passibiliter,
1571 3680 1669 3737 sed
1699 3680 1774 3737 ad

67 3773 257 3841 Deum,
312 3771 421 3843 qui
483 3770 553 3826 de
620 3770 711 3825 his
771 3768 1265 3841 eruitlardentius
1336 3769 1771 3839 praedicandum

66 3860 434 3916 laudabiliter
495 3866 669 3925 tenet,
719 3861 779 3912 in
828 3874 1022 3914 manus
1058 3860 1317 3928 ﬁliorum,
1366 3857 1422 3913 id
1453 3868 1537 3913 est
1570 3858 1628 3914 in
1666 3872 1774 3928 po-

68 3954 257 4005 testate
282 3955 651 4014 sanctorum,
687 3946 903 4017 quibus
933 3954 1089 4003 certa
1134 3948 1257 4018 jam
1299 3946 1398 4003 Dei
1440 3946 1639 4003 ﬁliatio
1668 3954 1770 4014 est,

69 4039 202 4106 quia
229 4038 339 4094 sibi
366 4038 496 4108 jam
531 4035 862 4107 gloriﬁcatis
890 4049 1127 4107 peccare
1157 4035 1437 4103 neclibet,
1471 4050 1577 4092 nec
1619 4035 1772 4105 licet,

69 4126 510 4181 custodiendum
539 4124 770 4194 prabet,
809 4132 865 4180 et
897 4125 1074 4195 ponit,
1122 4124 1179 4180 id
1229 4131 1314 4179 est
1358 4124 1605 4180 aestimat
1658 4124 1776 4181 dii-

72 4216 362 4271 ferentiam
396 4214 555 4270 inter
574 4212 961 4282 proﬁcientem
1014 4213 1366 4270 intellectum
1424 4213 1675 4269 hominis
1720 4220 1777 4270 et

71 4304 345 4360 caelestem
390 4310 687 4370 senatum,
737 4310 793 4358 et
822 4302 1008 4359 active
1060 4310 1117 4359 et
1164 4302 1609 4373 contemplative
1659 4317 1778 4359 ma-

74 4394 311 4464 gistrum
357 4393 622 4449 duarum
674 4405 925 4448 uxorum
985 4392 1304 4463 genitorem
1361 4392 1774 4462 spiritualium,

1942 1989 2115 2047 Vens.
2142 1992 2228 2045 38.
2255 2019 2322 2030 —
2360 1990 2650 2059 Posuitque
2683 2005 2774 2045 eas
2812 1993 2873 2046 in
2908 1992 3209 2048 canalibus.
3253 1993 3368 2050 Has
3414 1993 3574 2064 ponit

1873 2081 1930 2133 in
1969 2080 2252 2134 canalibus
2296 2079 2392 2133 ubi
2421 2094 2570 2148 aqua
2624 2080 3025 2148 effundebatur,
3083 2081 3225 2138 dum
3283 2081 3573 2153 quidquid

1873 2177 2094 2225 rectum
2168 2169 2339 2225 habet
2396 2168 2603 2226 fundat
2657 2169 3082 2239 quodammodo
3136 2178 3192 2227 et
3246 2170 3463 2227 stabilit
3513 2171 3571 2226 in

1876 2258 2219 2326 humilitate,
2254 2271 2320 2314 ac
2350 2258 2633 2328 depressis
2682 2259 2969 2315 interioris
3007 2259 3423 2331 exteriorisque
3466 2260 3575 2316 ho-

1874 2347 2047 2402 minis
2076 2347 2359 2414 sensibus,
2395 2347 2494 2403 ubi
2525 2347 2683 2403 illabi
2709 2347 2851 2404 solet
2877 2348 3077 2419 gratiae
3105 2362 3374 2418 supernae
3414 2349 3574 2405 unda

1873 2435 2118 2504 caelitus,
2143 2435 2355 2491 scilicet
2374 2441 2436 2489 ut
2457 2451 2578 2490 cum
2625 2437 2890 2492 venirent
2918 2451 3112 2505 greges
3163 2437 3239 2490 ad
3286 2435 3577 2492 bibendum

1874 2531 2000 2580 ante
2047 2526 2224 2580 oculos
2255 2526 2513 2580 haberent
2569 2520 2778 2594 virga's,
2832 2526 2888 2581 id
2935 2534 3019 2582 est
3070 2527 3293 2596 quoties
3336 2526 3577 2583 accede-

1873 2622 2002 2671 rent
2030 2614 2465 2686 cogitationum,
2499 2622 2555 2671 et
2574 2623 2915 2671 cancrorum
2948 2622 3212 2672 motuum
3245 2615 3448 2683 turbae,
3502 2616 3574 2671 ad

1872 2704 2252 2773 spiritualitas
2307 2704 2631 2771 consilium,
2721 2704 3022 2773 propositae
3084 2704 3417 2761 directionis
3479 2718 3578 2760 re-

1876 2793 2042 2864 gulas
2073 2793 2352 2849 haberent
2399 2801 2532 2848 ante
2571 2791 2760 2848 cordis
2802 2792 3100 2860 intuitum,
3149 2799 3205 2849 et
3252 2793 3327 2848 ad
3372 2807 3575 2850 earum

1876 2884 2212 2952 conciperent
2239 2882 2431 2938 studia
2468 2890 2523 2937 et
2553 2882 2904 2938 charismata
2932 2882 3170 2938 meliora
3216 2888 3575 2953 conspectum,

1879 2972 2166 3025 Bonorum
2198 2984 2335 3025 sane
2379 2984 2619 3026 suorum
2664 2970 2931 3026 contuitu
2976 2970 3314 3027 accenditur
3350 2969 3424 3025 ad
3476 2984 3575 3040 po-

1877 3059 2026 3114 tiora
2055 3058 2273 3128 probus
2305 3058 2457 3128 quis.

1809 3181 1850 3237 c
1949 3147 2120 3203 Vens.
2155 3149 2242 3202 39.
2276 3177 2340 3186 —
2374 3148 2709 3215 Factumque
2736 3150 2815 3201 est
2850 3150 2913 3200 ut
2940 3148 3000 3200 in
3030 3148 3150 3215 ipso
3178 3147 3352 3201 calore
3382 3148 3579 3216 coitus,

1879 3250 1999 3291 oves
2029 3238 2368 3289 intuerentur
2400 3237 2671 3303 virgas,ei
2695 3239 2953 3304 parerent
2972 3235 3268 3302 maculosa,
3295 3250 3358 3289 ac
3395 3237 3577 3303 varia,

1879 3329 1929 3379 et
1986 3325 2201 3379 diverso
2259 3324 2430 3378 colore
2479 3338 2749 3392 respersa.
2822 3322 2989 3379 Calor
3039 3330 3127 3378 est
3198 3329 3333 3378 ιθι
3393 3324 3580 3379 coitus

1880 3428 2015 3470 cum
2038 3413 2266 3482 torpida
2306 3420 2502 3468 nostra
2555 3411 2884 3467 animalitas
2930 3426 3062 3482 quae
3103 3426 3205 3482 per
3248 3426 3383 3468 oves
3422 3412 3581 3483 ﬁgu-

1881 3510 2067 3569 ratur,
2100 3501 2331 3571 spiritui
2371 3501 2538 3572 quasi
2583 3501 2762 3557 maris
2806 3501 3015 3557 fervori
3065 3501 3464 3572 conjungitur.
3510 3501 3584 3554 In

1881 3592 1992 3649 hoc
2021 3592 2198 3646 calore
2234 3606 2353 3645 oves
2384 3592 2667 3645 intuentur
2706 3592 2915 3659 virgas,
2974 3589 3116 3646 dum
3172 3589 3458 3659 simplices
3516 3603 3584 3645 ac

1883 3681 2114 3737 hebetes
2143 3679 2433 3751 cogitatus
2453 3668 2651 3736 hostri
2695 3687 2864 3735 rectae
2908 3677 3298 3751 intelligentiae
3344 3677 3582 3735 sollicite

1881 3770 2192 3827 intendunt
2232 3768 2563 3836 sententias,
2613 3775 2670 3824 et
2716 3766 2953 3838 pariunt
3002 3768 3214 3824 diverso
3269 3769 3441 3823 colore
3504 3783 3587 3822 re-

1880 3874 2098 3929 spersa;
2123 3872 2241 3927 quo
2267 3856 2422 3913 enim
2461 3855 2733 3912 subtilius
2765 3870 2873 3912 sua
2903 3855 3219 3926 inspiciunt
3250 3855 3456 3912 intima
3484 3870 3587 3927 per

1881 3949 2145 4005 divinam’
2167 3945 2618 4016 inspirationem,
2650 3959 2716 4001 eo
2738 3944 2923 4016 magis
2945 3945 3193 4015 propriae
3232 3945 3584 4001 instabilita-

1882 4038 1977 4106 tis,
2001 4051 2068 4093 ac
2086 4036 2359 4092 vanitatis
2390 4034 2617 4091 veritati
2650 4034 3011 4090 adversantis
3043 4034 3351 4090 inveniunt
3394 4033 3583 4089 varie-

1886 4135 2079 4185 tatem.
2114 4126 2302 4197 (VERS.
2348 4126 2460 4190 40.)
2497 4125 2799 4193 Divisitque
2842 4139 3057 4192 gregem
3087 4123 3271 4191 Iacob,
3301 4127 3352 4177 et
3397 4123 3585 4192 posuit

1882 4220 2073 4286 virgas
2114 4220 2237 4270 ante
2296 4215 2473 4270 oculos
2512 4215 2764 4267 arietum.
2807 4211 3030 4269 Arietes
3073 4225 3348 4283 namque,
3399 4210 3455 4267 id
3498 4215 3585 4266 est

1885 4305 2209 4363 intellectus
2248 4303 2687 4375 cogitationum,
2740 4310 3021 4373 tanquam
3082 4315 3325 4373 gregum
3386 4300 3581 4364 duces,

1886 4394 2026 4449 dum
2062 4393 2333 4464 mysticas
2374 4405 2507 4448 oves
2552 4390 2939 4462 impragnare
2984 4390 3277 4459 nituntur,
3327 4404 3475 4460 opus
3499 4394 3584 4445 est

75 4480 509 4553 integerrimam
567 4479 665 4536 Dei
703 4478 1108 4551 cognitionem,
1171 4480 1230 4536 in
1281 4495 1399 4552 quo
1453 4489 1537 4538 est
1586 4481 1775 4538 Trini-
1815 4488 1950 4545 Dut
1997 4494 2031 4536 a
2076 4480 2382 4551 virgarum
2433 4479 2851 4537 consideranda
2889 4479 3200 4537 directione
3249 4494 3365 4535 non
3412 4492 3586 4536 aver-

75 4570 199 4626 tatis
248 4585 317 4627 ac
371 4571 422 4626 si
487 4570 667 4624 trium
723 4568 950 4624 dierum
1010 4568 1368 4639 mysterium.
1429 4570 1557 4640 Ipse
1603 4569 1777 4626 intel-

75 4659 245 4715 lectus
296 4661 545 4729 reliquos
604 4658 785 4728 pascit
856 4657 974 4727 ejus
1054 4673 1261 4726 greges,
1342 4658 1484 4729 quia
1538 4658 1779 4716 alterius

75 4750 216 4805 modi
246 4750 450 4806 minus
499 4746 717 4803 scilicet
768 4747 1045 4818 perfectas
1089 4747 1147 4803 in
1194 4747 1302 4803 hoc
1325 4746 1536 4804 saaculo
1593 4744 1779 4803 nutrit

77 4839 329 4895 virtutes.

140 4927 305 4985 Vsus.
341 4930 434 4983 37.
503 4956 576 4965 ——
638 4925 841 4980 Tollens
886 4941 1013 4995 ergo
1056 4925 1219 4980 Iacob
1272 4927 1463 4995 virgas
1517 4925 1778 4996 populeas

75 5017 267 5071 virides
338 5023 391 5071 et
473 5013 886 5083 amygdalinas,
943 5019 995 5069 et
1042 5030 1110 5069 ea:
1153 5016 1419 5084 platanis,
1479 5032 1547 5069 ea:
1616 5018 1779 5085 parte

78 5103 422 5161 decorticavit
471 5118 597 5172 eas;
650 5102 1016 5174 detractisque
1061 5104 1371 5170 corticibus,
1426 5105 1483 5158 in
1534 5104 1619 5159 his
1659 5119 1780 5173 quae

78 5196 371 5264 exspoliata
400 5197 656 5262 fuerant,
701 5192 904 5247 candor
957 5195 1240 5263 apparuit.
1291 5193 1405 5247 Illa
1463 5208 1587 5247 vero
1660 5208 1780 5261 qua:

81 5286 281 5352 integra
306 5286 569 5354 fuerant,
596 5281 805 5335 viridia
845 5287 1284 5352 permanserunt,
1319 5288 1485 5351 atque
1531 5285 1590 5336 in
1637 5281 1779 5337 hunc

78 5372 281 5428 modum
317 5374 470 5428 color
550 5371 769 5439 eﬁ'ectus
827 5375 907 5425 est
962 5374 1169 5426 varius.
1229 5370 1333 5427 Per
1403 5370 1779 5442 amygdalum

80 5475 200 5531 quae
228 5462 345 5519 sola
375 5462 439 5518 in
475 5459 673 5517 tribus
715 5458 804 5514 his
845 5459 1141 5517 fructifera
1181 5466 1285 5525 est,
1339 5459 1778 5531 intelligentiam

82 5552 397 5621 accipimus,
432 5551 495 5606 in
529 5562 652 5620 quo
681 5555 765 5604 est
797 5557 1007 5605 cuncta
1035 5549 1369 5619 passionum
1398 5549 1590 5605 carnis
1613 5562 1780 5605 ama-

85 5639 337 5707 ritudine,
415 5647 475 5696 et
535 5636 918 5695 humanitatis
985 5637 1220 5704 duritia,
1253 5651 1320 5694 ac
1358 5637 1413 5697 si
1470 5637 1679 5693 cortice
1724 5644 1778 5695 et

86 5735 212 5783 testa
242 5731 329 5786 Dei
360 5727 574 5786 notitia
619 5725 882 5782 nucleus.
915 5726 1021 5783 Per
1048 5726 1329 5797 populum
1360 5733 1416 5783 et
1475 5724 1777 5797 platanum

1886 4576 2106 4626 tantur.
2138 4572 2315 4624 Erant
2359 4574 2539 4624 autem
2586 4568 2714 4624 alba
2742 4584 2966 4639 quaeque
3021 4572 3070 4623 et
3122 4571 3290 4637 nigra
3355 4568 3582 4634 Laban;

1885 4664 2075 4714 caetera
2099 4675 2244 4725 vero,
2287 4659 2471 4725 Iacob,
2532 4661 2803 4728 separatis
2839 4661 2983 4713 inter
3029 4673 3084 4712 se
3137 4657 3414 4727 gregibus.
3469 4658 3590 4713 Hoc

1887 4749 2060 4820 paulo
2086 4747 2484 4819 supradictum
2514 4755 2618 4814 est,
2650 4762 2756 4803 nec
2784 4754 3058 4815 repetam.

1957 4837 2129 4895 Vnus.
2177 4838 2239 4892 41
2274 4868 2337 4879 -
2397 4839 2583 4903 Igitur
2628 4835 2851 4905 quando
2893 4836 3075 4904 primo
3110 4838 3344 4904 tempore
3399 4849 3586 4890 ascen-

1886 4925 2156 4981 debantur
2179 4942 2318 4992 oves,
2345 4927 2580 4997 ponebat
2603 4924 2765 4981 Jadob
2792 4927 2983 4993 virgas
3020 4927 3147 4978 ante
3181 4924 3387 4979 occulas
3430 4924 3589 4980 arie-

1889 5019 2020 5083 tum,
2044 5022 2150 5071 etc.
2196 5015 2390 5071 Prima
2437 5014 2716 5082 ascensio,
2768 5013 2917 5069 sicut
2966 5011 3153 5083 prima
3218 5014 3585 5083 resurrectio,

1884 5111 1989 5172 est,
2020 5119 2154 5159 cum
2183 5103 2563 5174 spiritualitas
2605 5101 3021 5159 animalitatem
3072 5102 3146 5158 ad
3184 5102 3351 5159 bonis
3394 5103 3591 5173 operi—

1887 5193 1998 5249 bus
2027 5192 2323 5249 fetaudum
2356 5192 2654 5263 subjugat.
2689 5193 2756 5248 In
2795 5191 3078 5246 canalibus
3125 5206 3263 5262 ergo
3311 5206 3590 5249 sensuum

1886 5282 2288 5350 demissorum,
2331 5290 2385 5337 et
2414 5282 2583 5351 quasi
2635 5288 2992 5349 cavatorum,
3028 5281 3127 5336 ubi
3193 5281 3380 5337 ﬂuant
3419 5282 3591 5337 undae

1889 5370 2143 5428 ﬁdelium
2170 5384 2483 5441 aquarum,
2510 5371 2787 5440 ponendae
2828 5377 2965 5426 sunt
2994 5370 3175 5442 virgae
3219 5370 3593 5440 gubernatio-

1886 5474 2051 5529 num,
2135 5467 2269 5515 ante
2327 5458 2841 5515 considerationem
2901 5457 3115 5516 scilicet
3168 5458 3588 5515 intellectuum.

1887 5548 2032 5605 Nota
2069 5548 2384 5605 verborum
2437 5547 2802 5619 singulorum
2854 5562 3043 5613 sonos,
3106 5555 3162 5604 et
3216 5546 3590 5617 concordias;

1888 5637 2188 5694 humilitas
2233 5636 2290 5692 in
2339 5636 2661 5705 canalibus,
2719 5637 2776 5692 in
2826 5650 2983 5707 aqua
3038 5636 3277 5707 spiritus
3330 5643 3591 5708 sanctus,

1888 5726 1991 5797 qui
2025 5725 2250 5797 proprie
2274 5740 2335 5782 sc
2372 5724 2624 5782 infundit
2678 5724 3001 5783 humilibus
3046 5738 3120 5782 ex
3168 5740 3286 5796 quo
3341 5724 3594 5794 procedit
