3972 6392
245 430 401 486 ΗΞίἺ

1270 425 1846 484 DEFLORATIONES
1887 427 1990 484 SS.
2049 427 2345 486 PATRUM.
2382 461 2446 472 —
2486 429 2608 487 LIB.
2633 433 2700 488 11.

3445 441 3579 497 1158

234 549 674 608 vivificandum
711 551 951 618 immisit,
977 551 1094 608 sive
1116 550 1241 621 quia
1273 551 1474 606 ibidem
1507 551 1632 606 fecit
1658 552 1748 606 ubi
1777 568 1884 621 po-
1913 553 1964 614 Α
1994 569 2160 624 gnum
2191 553 2387 624 parari,
2417 571 2515 610 nec
2545 555 2705 627 longe
2729 556 2846 626 jam
2903 575 3017 615 esse
3072 563 3578 619 remunerationem.

233 639 372 708 suit,
409 648 475 696 et
507 643 590 698 ah
627 641 770 697 intus
797 649 1029 697 creatam
1060 638 1476 695 viviﬁcationem
1507 641 1723 711 prodire
1765 641 1882 710 jus-

235 728 330 796 sit,
365 746 484 784 nec
518 731 642 785 alia
671 731 773 786 fuit
801 729 1094 801 inspiratio,
1129 744 1288 798 quam
1321 728 1436 798 ipsa
1465 728 1778 784 viviﬁcatio.
1827 730 1879 783 Si

235 833 382 880 ergo
421 821 708 883 nescitur,
757 818 1027 888 quomodo
1078 818 1376 888 inspiratur.
1437 819 1704 884 quomodo
1761 819 1878 871 sciri

233 923 434 982 potest
467 917 720 984 qualiter
749 916 1049 983 exspiratur
1077 919 1102 967 ’.⁵
1139 916 1274 968 Deus
1302 914 1542 986 inspirat,
1576 917 1737 971 homo
1779 934 1880 970 ex—

240 1003 456 1074 spirat.
499 1005 658 1060 Deus
703 1005 882 1067 mittit,
945 1007 1105 1058 homo
1163 1004 1401 1070 remittit,
1461 1004 1581 1072 quia
1637 1005 1879 1071 mittitur,

235 1108 374 1146 cum
411 1093 694 1148 accedit:
728 1093 916 1146 eadem
963 1093 1264 1158 remittitur,
1311 1109 1430 1146 cum
1480 1093 1704 1147 recedit.
1771 1095 1882 1148 Hoc

235 1195 426 1234 unum
463 1182 704 1248 scimus,
739 1182 884 1251 quia,
916 1181 1196 1234 recedente
1225 1181 1421 1248 anima,
1473 1198 1666 1251 corpus
1722 1183 1882 1234 mori-

235 1275 352 1337 tur,
391 1275 453 1323 et
485 1269 622 1340 ipsa
650 1269 916 1340 separatio
946 1269 1141 1323 anima:
1173 1283 1315 1322 mors
1341 1270 1578 1339 corporis
1615 1277 1718 1324 est.
1767 1271 1882 1324 Hoc

240 1357 421 1411 nobis
453 1356 674 1412 sufficit
704 1358 856 1426 scire,
893 1358 1019 1427 quia
1063 1357 1282 1412 recedit.
1340 1358 1624 1426 Quomodo
1680 1358 1881 1413 recedit

233 1460 308 1499 ex
343 1445 680 1502 abundanti
713 1453 792 1501 est
820 1445 1162 1518 perscrutari.

971 1621 1180 1661 ωνιειο
1187 1647 1200 1660 .

315 1746 526 1802 Multis
556 1747 824 1818 exemplis
851 1747 1135 1801 didicimus
1164 1747 1216 1800 in
1249 1747 1390 1803 exitu
1438 1747 1737 1802 animarum
1775 1764 1876 1802 an-

235 1835 520 1908 gelorum
553 1836 822 1892 malorum
848 1836 963 1891 sive
992 1836 1256 1890 bonorum
1287 1837 1624 1906 prmsentiam
1667 1836 1874 1905 adesse,

239 1923 340 1996 qui
375 1925 516 1979 illas
561 1940 661 1996 pro
709 1925 912 1980 meritis
965 1924 1048 1979 vel
1103 1923 1169 1978 ad
1228 1931 1491 1979 tormenta
1546 1926 1871 1996 pertrahunt,

240 2022 335 2076 vel
394 2022 473 2076 ad
533 2022 780 2092 requiem
840 2021 1126 2077 deducant.
1186 2022 1294 2076 Sed
1351 2029 1399 2076 et
1458 2022 1599 2093 ipsas
1669 2023 1877 2076 animas

241 2109 439 2165 adhuc
475 2111 539 2165 in
571 2126 796 2182 corpore
851 2111 1053 2181 positas
1110 2119 1232 2164 ante
1288 2110 1489 2164 exitum
1549 2111 1713 2165 multa
1769 2111 1874 2164 ali-

243 2198 486 2269 quando
523 2199 595 2252 de
627 2199 708 2252 his
737 2214 856 2268 qua
887 2199 1060 2253 futura
1088 2206 1208 2252 sunt
1259 2216 1419 2269 super
1471 2216 1579 2265 eas,
1637 2199 1748 2254 sive
1805 2215 1875 2254 ex

244 2303 542 2357 responso
572 2287 914 2342 conscientiae
946 2287 1199 2354 interiori,
1233 2288 1344 2342 sive
1389 2303 1484 2357 per
1525 2288 1877 2342 revelationes

248 2377 514 2430 exterius
550 2376 718 2431 iactas
749 2376 966 2446 prtrcise
1008 2377 1411 2446 c0gnoscimus.
1469 2377 1666 2446 Raptas
1713 2378 1874 2430 etiam

249 2469 574 2539 aliquando
604 2478 656 2524 et
697 2469 886 2523 iterum
936 2469 1004 2524 ad
1046 2485 1272 2540 corpora
1321 2470 1585 2535 reductas,
1645 2471 1876 2526 visiones

253 2560 542 2629 quasdam
575 2565 628 2612 et
655 2559 1009 2613 revelationes
1038 2558 1137 2612 sibi
1171 2560 1335 2612 factas
1381 2576 1620 2613 narrasse
1667 2559 1733 2612 de
1774 2568 1878 2614 tor-

251 2650 470 2702 mentis
503 2647 799 2718 impiorum
829 2647 944 2701 sive
964 2647 1030 2701 de
1059 2647 1272 2718 gaudiis
1313 2648 1576 2716 justorum
1610 2667 1623 2703 :
1684 2649 1738 2701 in
1797 2649 1878 2702 his

255 2741 455 2791 tamen
485 2736 626 2790 nihil
655 2737 756 2789 nisi
798 2735 884 2790 vel
925 2737 1204 2806 corporale
1246 2737 1330 2791 vel
1388 2737 1755 2806 corporalibus
1807 2739 1878 2790 si-

255 2825 398 2879 mile
460 2825 724 2882 recitasse
777 2823 1017 2889 ﬂamina,
1073 2823 1338 2892 ﬂammas,
1409 2833 1614 2895 pontes,
1689 2842 1873 2892 naves,

257 2911 490 2979 domus,
522 2927 764 2974 nemora.
823 2919 993 2982 prata,
1051 2912 1228 2978 flores,
1288 2913 1530 2968 homines
1585 2913 1767 2984 nigros
1825 2921 1878 2968 et

258 3000 565 3067 candidos,
597 3007 652 3056 et
683 3007 876 3056 cetera
905 3000 1086 3070 qualia
1111 3000 1166 3054 in
1211 3002 1311 3055 hoc
1354 3002 1556 3056 mundo
1600 3001 1770 3058 videri
1825 3010 1878 3058 et

258 3088 466 3144 haberi
499 3089 694 3156 solent,
725 3096 781 3144 et
805 3088 893 3143 vel
922 3088 990 3143 ad
1018 3089 1275 3160 gaudium
1306 3091 1499 3160 amari,
1532 3090 1635 3144 ved
1663 3090 1731 3146 ad
1769 3098 1878 3145 tor-

259 3186 526 3234 mentum
557 3177 754 3233 timeri.
787 3177 878 3233 Sic
905 3193 1120 3248 quoque
1163 3178 1363 3233 solutas
1403 3179 1720 3250 corporibus
1763 3195 1878 3233 ma-

263 3274 435 3329 nibus
467 3275 630 3342 trahi,
661 3274 890 3344 pedibus
917 3247 1129 3340 deduci,
1185 3277 1324 3330 collo
1365 3247 1636 3346 suspendi,
1692 3276 1878 3347 ﬂagel-
1908 3247 1957 3310 Ο

266 3360 395 3429 lari,
421 3362 774 3434 praecipitari,
798 3369 852 3416 et
870 3363 974 3417 alia
997 3362 1331 3432 hujusmodi:
1356 3365 1445 3432 qui
1475 3364 1575 3417 nisi
1615 3365 1879 3434 corporali

268 3457 490 3505 natura
523 3450 813 3506 convenire
841 3466 948 3505 non
979 3458 1224 3520 possunt.
1283 3450 1418 3519 Quae
1474 3451 1656 3506 omnia
1706 3452 1750 3505 si
1806 3452 1881 3507 ita

273 3537 392 3594 illic
421 3539 714 3596 visibiliter
749 3546 804 3594 et
846 3539 1196 3608 corporaliter
1241 3556 1354 3595 esse
1401 3540 1687 3606 credimus,
1744 3557 1882 3610 prae-

275 3633 360 3681 ter
387 3627 506 3682 alia
534 3643 655 3697 qua
683 3625 916 3682 absurda
971 3635 1278 3696 noscuntur,
1339 3629 1483 3698 ipsas
1533 3629 1712 3699 utique
1767 3630 1883 3685 ani-

275 3731 401 3771 mas
429 3716 598 3772 etiam
636 3732 670 3771 a
692 3715 1007 3786 corporibus
1033 3725 1304 3788 separatas
1353 3733 1583 3787 corpora
1636 3734 1770 3786 esse,
1830 3727 1884 3775 et

275 3804 349 3859 ad
406 3804 820 3860 similitudinem
888 3820 1175 3876 corporum
1249 3806 1507 3862 membris
1575 3815 1884 3879 compactas

278 3899 448 3966 atque
478 3893 758 3949 distinctas
785 3891 1122 3950 confitemur.

349 4018 478 4092 Ego
509 4017 766 4090 quiddam
795 4017 940 4089 quod
967 4017 1036 4074 de
1063 4019 1164 4074 hac
1191 4033 1251 4074 re
1304 4019 1486 4075 audivi
1539 4026 1716 4076 tacere
1770 4037 1882 4077 non

277 4105 482 4164 debeo.
532 4105 768 4177 Quidam
824 4106 1036 4178 probati
1091 4107 1378 4164 testimonii
1433 4108 1596 4165 frater
1649 4111 1886 4166 narravit

278 4195 420 4251 mihi
450 4212 511 4252 se
541 4211 574 4251 a
601 4211 700 4252 suo
727 4194 944 4263 abbate,
977 4196 1236 4252 veraciter
1263 4198 1367 4254 hoc
1413 4197 1734 4262 afﬁrmante,
1779 4216 1883 4255 au-

279 4282 428 4342 disse
459 4285 589 4355 quia
615 4300 740 4340 oum
769 4285 1059 4354 aliquando
1103 4285 1194 4342 ille
1253 4286 1321 4341 ad
1376 4286 1637 4356 quosdam
1693 4287 1886 4344 fratres

281 4383 505 4438 eminus
529 4383 846 4438 constitutos
875 4383 1171 4440 visitandos
1196 4391 1464 4456 pergeret,
1506 4391 1568 4439 ut
1617 4382 1733 4439 ﬁeri
1789 4399 1883 4440 so-

281 4469 376 4539 let,
412 4472 652 4543 quodam
703 4471 824 4528 loco
880 4472 1171 4544 hospitium
1229 4473 1454 4543 accepit,
1512 4473 1604 4528 ubi
1660 4474 1883 4544 factum,

285 4565 414 4616 tunc
443 4561 589 4632 apud
615 4575 805 4616 omnes
833 4561 1076 4631 ejusdem
1139 4562 1241 4616 loci
1273 4561 1605 4618 habitatores
1649 4563 1880 4630 celebre,

1991 652 2167 705 Multis
2197 659 2314 722 post
2344 654 2460 708 haec
2497 653 2674 708 verbis
2728 655 2850 712 hinc
2897 657 3022 715 inde
3065 661 3417 727 currentibus,
3468 671 3580 718 tan-

1991 738 2112 792 dem
2163 740 2431 795 miseriam
2489 749 2542 798 et
2599 743 2811 799 dolores
2866 747 2991 802 vitae
3039 749 3197 816 hujus
3253 753 3434 818 quales
3493 762 3582 807 aut

1994 829 2174 894 quanti
2204 838 2324 883 sunt
2351 831 2590 898 ('thlllli.
2627 832 2800 888 Omne
2830 836 2972 904 quod
3010 838 3093 891 hic
3155 851 3364 894 amatur
3417 857 3576 908 quam

1990 924 2094 978 vito
2128 925 2315 997 fugiat,
2348 935 2396 981 et
2423 930 2538 994 pari
2591 931 2751 983 modo
2807 948 2968 987 omne
3021 936 3164 1002 quod
3223 937 3438 992 timetur
3493 945 3576 995 vel

1992 1011 2220 1079 doletur,
2253 1019 2525 1084 quomodo
2553 1018 2667 1072 sine
2693 1035 2841 1074 mora
2870 1029 3224 1091 pertranseat.
3276 1027 3421 1080 Inter
3464 1029 3580 1084 haec

1991 1108 2042 1153 et
2074 1101 2378 1170 liujusmodi
2407 1106 2710 1160 rationabili
2741 1110 3082 1177 persuasione
3111 1113 3369 1181 paulatim
3411 1117 3578 1174 menti

1990 1198 2222 1251 hominis
2277 1201 2409 1254 nibil
2480 1203 2750 1258 sinistrum
2822 1207 3140 1274 suspicantis
3209 1219 3576 1284 contemptum

1987 1286 2110 1339 vitae
2142 1287 2352 1359 ingerit,
2402 1298 2602 1344 metum
2661 1293 2847 1348 mortis
2898 1296 3054 1352 tollit.
3113 1298 3388 1355 Postremo
3444 1301 3577 1358 nihil

1988 1374 2163 1444 magis
2198 1377 2312 1430 viro
2339 1376 2546 1432 virtutis
2577 1381 2832 1450 expedire
2863 1399 3022 1452 quam
3063 1393 3119 1440 ut
3162 1387 3248 1442 hic
3295 1389 3442 1444 exire
3488 1390 3575 1446 fe-

1986 1471 2163 1536 stinet,
2195 1480 2246 1526 et
2276 1473 2318 1526 si
2351 1473 2456 1528 alia
2483 1475 2571 1530 via
2602 1493 2708 1530 non
2750 1478 2921 1546 detur,
2975 1496 3138 1537 manu
3193 1500 3290 1539 sua
3343 1493 3573 1542 mortem

1989 1556 2194 1612 fortiter
2224 1559 2466 1627 lacessat,
2496 1569 2547 1616 et
2575 1579 2682 1618 non
2713 1567 2982 1636 permittat
3008 1584 3068 1622 se
3115 1569 3170 1624 in
3225 1571 3310 1626 his
3364 1573 3572 1630 dolori-

1987 1645 2086 1698 bus
2105 1647 2193 1700 diu
2226 1649 2410 1714 teneri,
2444 1651 2532 1720 qui
2563 1652 2818 1722 gaudium
2849 1655 2949 1710 sibi
2988 1663 3232 1727 paratum
3289 1675 3406 1716 esse
3463 1679 3573 1719 non

1986 1741 2210 1797 dubitat.
2246 1743 2391 1812 Quid
2424 1748 2589 1802 multa
2619 1749 2646 1802 ?
2685 1749 2948 1822 Deceptus
2979 1753 3330 1813 fraudulentae
3359 1775 3577 1828 persua-

1985 1831 2120 1920 sioni
2153 1849 2425 1888 assensum
2455 1836 2676 1906 praebet,
2709 1846 2762 1893 et
2798 1840 2996 1910 injecto
3033 1843 3173 1899 ferro
3221 1848 3570 1920 semetipsum

1983 1919 2214 1990 jugulat.
2249 1923 2483 1977 Comites
2512 1924 2628 1993 ejus
2657 1926 2747 1980 diu
2789 1943 2888 1997 per
2940 1929 3097 1986 devia
3151 1919 3430 2003 quaerunt,
3465 1943 3574 1992 tan-

1985 2007 2106 2062 dem
2137 2010 2453 2065 exstinctum
2485 2013 2763 2068 inveniunt
2794 2031 2806 2085 ;
2841 2016 2908 2070 ad
2938 2018 3114 2073 vicum
3144 2021 3285 2077 unde
3330 2025 3573 2081 exierant

1983 2107 2214 2160 cadaver
2238 2110 2486 2163 exanime
2515 2120 2831 2180 reportatur.
2881 2115 2944 2169 Et
2999 2118 3122 2187 quia
3179 2121 3372 2191 hospes
3428 2124 3571 2193 apud

1985 2211 2142 2264 quem
2175 2206 2327 2250 nocte
2359 2198 2450 2251 illa
2504 2209 2773 2255 manserat
2828 2203 2988 2272 hujus
3041 2208 3256 2262 sceleris
3309 2212 3574 2266 verisimi-

1986 2284 2104 2338 liter
2131 2287 2374 2339 conscius
2403 2287 2700 2358 videbatur,
2733 2293 2982 2346 eumdem
3034 2294 3167 2350 falsa
3202 2297 3574 2358 criminatione

1985 2384 2052 2438 ad
2085 2401 2298 2455 poenam
2341 2396 2666 2456 exposcunt.
2699 2391 2793 2444 Ille
2824 2391 2951 2446 dum
3007 2395 3365 2454 innocentiam
3421 2419 3572 2460 suam

1985 2472 2098 2526 sine
2131 2489 2288 2528 causa
2319 2477 2602 2545 periclitari
2636 2487 2893 2544 cerneret,
2929 2489 2981 2534 et
3029 2482 3268 2540 divinum
3313 2491 3572 2546 auxilium

1985 2561 2175 2616 intima
2203 2563 2377 2616 cordis
2406 2563 2690 2620 devotione
2720 2567 2821 2621 sibi
2853 2569 3040 2624 adesse
3070 2572 3400 2644 imploraret,
3450 2595 3574 2636 ecce

1985 2659 2159 2713 subito
2191 2660 2279 2728 qui
2310 2669 2549 2715 mortuus
2601 2663 2772 2718 fuerat
2826 2668 3083 2736 surrexit,
3118 2679 3170 2724 et
3198 2686 3309 2726 rem
3367 2684 3576 2747 gestam

1983 2747 2188 2800 cunctis
2217 2749 2513 2804 astantibus
2542 2757 2594 2804 et
2635 2751 2952 2809 mirantibus
3000 2773 3277 2829 exponens
3322 2761 3577 2820 innocen-

1987 2840 2092 2888 tem
2123 2835 2372 2892 absolvit.
2405 2838 2694 2895 Referebat
2721 2858 2778 2896 se
2809 2842 2878 2897 ab
2905 2847 3100 2916 angelo
3159 2850 3324 2920 malo,
3383 2869 3416 2907 a
3471 2870 3576 2924 quo

1985 2936 2053 2990 ad
2083 2936 2506 2993 interfectionem
2537 2940 2618 2993 sui
2649 2958 2931 3012 persuasus
2962 2945 3153 3017 fuerat,
3191 2949 3258 3004 ad
3315 2958 3578 3010 tormenta

1985 3023 2292 3080 deductum.
2327 3026 2434 3082 Sed
2455 3027 2580 3081 dum
2622 3028 2904 3086 duceretur
2951 3035 3238 3102 quemdam
3294 3040 3577 3110 splendida

1985 3111 2125 3168 facie
2150 3113 2347 3184 (ipsum
2378 3123 2555 3170 autem
2586 3125 2828 3174 sanctum
2858 3119 3024 3178 fuisse
3068 3123 3247 3180 aiebat
3289 3127 3573 3202 Iacobum)

1987 3211 2233 3265 euntibus
2294 3213 2610 3283 occurrisse,
2667 3232 2898 3287 eumque
2947 3229 3188 3292 ereptum
3245 3223 3300 3278 in
3378 3227 3572 3284 cmlum

1988 3298 2054 3352 ad
2107 3299 2355 3354 thronum
2408 3301 2610 3356 Judicis
2665 3303 2949 3360 deduxisse
2981 3350 2996 3374 ,
3053 3310 3267 3381 illicque
3324 3315 3576 3385 precibus

1985 3402 2084 3456 pro
2117 3387 2206 3441 illo
2237 3387 2368 3442 fusis
2395 3396 2454 3444 ut
2480 3389 2604 3445 vitae
2652 3391 2828 3447 denuo
2885 3396 3197 3454 redderetur
3247 3400 3566 3461 obtinuisse.

1987 3483 2067 3538 Ibi
2097 3501 2154 3538 se
2179 3485 2345 3539 multa
2375 3487 2688 3557 angelorum
2719 3489 2886 3545 millia
2917 3491 3112 3548 vidisse
3144 3495 3465 3554 afﬁrmabat.
3496 3501 3576 3558 De

1989 3587 2214 3641 quorum
2247 3581 2426 3629 tamen
2454 3581 2588 3630 statu
2619 3585 2672 3630 et
2703 3577 2857 3633 facile
2901 3580 3278 3656 interrogatus,
3335 3589 3467 3644 nihil
3521 3591 3578 3646 in

1988 3661 2092 3716 hoc
2119 3661 2321 3716 mundo
2351 3679 2465 3718 esse
2493 3663 2708 3719 dicebat
2734 3666 2909 3722 simile
2938 3668 3044 3724 illis
3072 3687 3179 3742 quo
3218 3674 3368 3730 illam
3415 3693 3577 3748 quam

1988 3757 2046 3811 in
2075 3757 2205 3826 ipsis
2230 3758 2436 3814 viderat
2457 3761 2766 3830 qualitatem
2796 3765 3100 3836 exprimere
3145 3771 3423 3842 potuisset,
3475 3775 3578 3833 nisi

1991 3846 2126 3901 forte
2155 3845 2338 3918 ignem
2369 3855 2460 3902 aut
2480 3849 2652 3904 lucem
2685 3851 2929 3923 etipsam
2959 3862 3067 3912 tam
3109 3858 3272 3932 longe
3319 3870 3371 3917 et
3421 3865 3578 3921 valde

1990 3934 2325 3990 dissimilem.
2357 3937 2640 3994 Mmrorem
2672 3941 2888 4011 quidem
2932 3960 3069 4012 esse,
3128 3947 3224 4002 sed
3277 3952 3578 4021 exprimam

1989 4033 2136 4089 nullo
2165 4034 2328 4090 modo
2357 4051 2514 4106 posse
2543 4037 2686 4107 quod
2713 4039 2937 4096 viderat.

2062 4167 2176 4224 Hoc
2201 4168 2419 4238 quidem
2447 4186 2871 4231 commemorare
2916 4176 3204 4249 voluimus,
3262 4198 3330 4240 ne
3384 4183 3580 4242 mirum

1991 4255 2256 4349 videatur,
2289 4258 2333 4312 si
2381 4258 2663 4315 animabus
2690 4277 2723 4317 a
2749 4264 3064 4336 corporibus
3119 4271 3366 4342 egressis,
3425 4275 3580 4349 signa

1993 4344 2261 4415 quaedam,
2300 4347 2616 4419 corporibus
2668 4351 2884 4422 similia,
2945 4354 3012 4410 ad
3067 4344 3578 4422 demonstrationem

1991 4443 2308 4534 spiritalium
2338 4453 2746 4517 prazsentantur,
2802 4451 2894 4520 qui
2949 4453 3050 4508 nisi
3097 4455 3154 4510 in
3182 4458 3378 4515 talibus
3405 4468 3458 4516 et
3483 4479 3582 4534 per

1995 4531 2122 4587 talia
2169 4531 2239 4587 ab
2283 4534 2565 4589 animabus
2614 4553 2841 4608 corpore
2895 4541 3068 4596 exutis
3121 4544 3386 4616 videntur,
3434 4531 3581 4608 nullo

285 4611 1884 4722 a1;ateng‘ggagggags;mal'aiaaaargl
1912 4611 1966 4671 D
1997 4620 2161 4722 τιξοάο
2180 4619 2261 4722 ﬁt"
2289 4621 2491 4677 θίεάετη
2553 4624 2622 4679 δά
2675 4642 2904 4695 corpora
2959 4632 3185 4687 "Nmis
3241 4635 3297 4689 in
3355 4653 3579 4710 corpore

285 4739 497 4809 (riuus,
529 4739 788 4794 orationis
819 4755 980 4794 causa
1013 4739 1082 4794 ad
1141 4741 1394 4795 Sanctum
1451 4740 1711 4796 Iacobum
1764 4758 1886 4811 per-

289 4840 450 4897 gens,
482 4827 542 4882 in
567 4827 760 4882 eodem
787 4827 910 4883 loco
939 4827 1236 4899 hospitatus
1263 4837 1362 4884 est.
1393 4830 1582 4896 Nocte,
1616 4837 1674 4884 ut
1719 4829 1885 4885 itine-

288 4917 536 4971 rantibus
565 4931 684 4971 mos
709 4922 809 4982 est,
841 4923 966 4972 ante
1019 4917 1309 4972 diluculum
1369 4919 1629 4974 surrexit.
1693 4919 1887 4991 Egres-

291 5018 382 5060 sus
409 5005 480 5060 de
510 5005 631 5060 vico
661 5005 714 5058 in
744 5005 957 5070 silvam,
991 5021 1110 5075 quae
1140 5005 1315 5062 eidem
1345 5007 1524 5062 vicina
1565 5014 1696 5074 erat,
1756 5025 1884 5078 per-

291 5093 461 5150 venit.
491 5093 573 5149 Ibi
603 5109 636 5148 a
662 5093 948 5150 comitibus
977 5095 1180 5150 itineris
1207 5111 1353 5162 casu,
1384 5103 1442 5150 ut
1495 5096 1648 5165 solet,
1692 5095 1886 5152 discri-

293 5190 442 5247 mine
469 5191 573 5248 viae
601 5190 912 5260 disjunctus,
970 5191 1190 5250 deviare
1241 5193 1421 5264 cmpit.
1479 5194 1719 5263 Cumque
1773 5195 1889 5250 lon-

293 5279 417 5350 gius
445 5279 806 5351 processisset,
831 5280 1050 5337 obvium
1080 5281 1243 5337 habet
1269 5282 1559 5352 quemdam
1595 5283 1886 5340 venerandi

296 5366 514 5425 habitus
541 5375 595 5423 et
621 5368 802 5426 vultus
835 5368 1054 5424 virum:
1111 5386 1142 5425 a
1197 5386 1303 5440 quo
1358 5371 1718 5442 interrogatus
1769 5371 1889 5442 quis

297 5465 388 5512 aut
413 5456 558 5512 unde
587 5463 742 5523 esset,
775 5457 862 5513 vel
890 5466 1157 5530 pergeret,
1182 5473 1400 5526 nomen,
1453 5459 1680 5530 patriam
1728 5459 1889 5516 simul

297 5553 350 5602 et
408 5562 628 5603 causam
681 5545 886 5602 itineris
930 5547 1199 5618 exposuit.
1245 5549 1341 5604 Ille
1383 5564 1443 5604 se
1487 5565 1602 5604 esse
1646 5556 1888 5606 sanctum

298 5643 576 5713 Iacobum,
626 5643 698 5698 ad
743 5659 904 5714 quem
951 5645 1191 5701 tenderet
1237 5652 1558 5716 protestetur
1600 5661 1614 5716 ;
1663 5663 1722 5703 se
1769 5645 1887 5716 jam

300 5733 516 5802 quidem
544 5731 730 5788 omnia
757 5731 919 5786 scisse
949 5749 964 5796 ;
1010 5749 1154 5788 nunc
1179 5748 1306 5790 vero
1352 5735 1504 5802 quasi
1551 5734 1889 5803 beneplacito

299 5827 350 5875 et
375 5830 532 5894 grato
560 5819 772 5875 venisse
798 5817 1042 5874 obviam.
1081 5821 1436 5876 Devotionem
1456 5822 1655 5891 laudat,
1686 5822 1888 5878 bonum

299 5911 632 5986 prepositum
694 5907 1054 5978 commendat,
1112 5909 1394 5981 praemium
1451 5911 1595 5981 apud
1646 5927 1705 5966 se
1775 5927 1891 5968 ma-

1991 4717 2298 4774 viventibus
2326 4728 2379 4774 et
2407 4722 2707 4791 corporalia
2763 4731 2966 4779 tantum
3012 4728 3300 4786 scientibus
3345 4732 3585 4794 diceren-

1993 4814 2093 4862 tur.
2125 4806 2350 4876 Qamvis
2377 4809 2520 4864 enim
2550 4810 2642 4866 illa
2669 4811 2824 4867 aliter
2849 4813 2927 4867 ibi
2956 4831 2988 4870 a
3041 4819 3359 4889 corporibus
3407 4833 3583 4883 exutae

1992 4895 2173 4954 videre
2203 4905 2444 4968 possunt,
2476 4915 2584 4954 non
2611 4906 2789 4956 tamen
2820 4903 2922 4957 hoc
2963 4904 3121 4960 nobis
3157 4907 3312 4964 aliter
3362 4928 3581 4970 narrare

1992 5001 2233 5064 possunt,
2266 5002 2318 5049 et
2346 5004 2625 5051 manerent
2652 5013 2866 5068 semper
2893 5001 3100 5056 occulta
3139 5003 3252 5071 illa,
3309 5023 3411 5064 nec
3467 5026 3585 5070 esse

1994 5083 2136 5154 quod
2165 5082 2234 5138 de
2293 5083 2399 5138 illis
2454 5084 2610 5139 nobis
2665 5102 2696 5141 a
2744 5087 3090 5146 redeuntibus
3143 5091 3424 5164 diceretur,
3482 5101 3584 5156 nisi

1993 5171 2311 5227 exeuntibus
2339 5179 2393 5227 et
2420 5173 2722 5229 videntibus
2761 5177 3055 5233 secundum
3109 5180 3209 5237 ista
3264 5193 3586 5245 monstrare-

1995 5277 2095 5326 tur.
2136 5269 2323 5326 Utrum
2372 5277 2552 5326 autem
2597 5273 2813 5344 animae,
2862 5291 2982 5346 quae
3028 5278 3154 5334 hinc
3199 5282 3432 5354 ampluis
3474 5303 3586 5344 non

1993 5375 2286 5416 reversum
2323 5368 2538 5428 exeunt,
2589 5361 2882 5418 secundum
2927 5366 3068 5422 hunc
3109 5367 3331 5426 modum
3374 5373 3466 5431 illa
3505 5378 3586 5434 vi-

1993 5449 2156 5504 deant
2182 5455 2274 5503 aut
2300 5449 2550 5517 sentiunt,
2587 5450 2808 5507 omnino
2863 5452 3086 5510 dubium
3143 5465 3240 5526 est,
3299 5461 3402 5517 nisi
3459 5468 3586 5535 quia

1993 5545 2326 5617 probabilius
2355 5546 2564 5602 videtur
2591 5547 2732 5618 quod
2761 5549 2855 5605 illa
2882 5567 3002 5621 quas
3047 5552 3102 5608 in
3148 5559 3464 5628 corporibus
3507 5567 3587 5624 vi.

1994 5642 2177 5690 ventes
2207 5650 2302 5704 per
2348 5633 2756 5690 delectationem
2811 5652 2990 5694 rerum
3047 5641 3340 5701 visibilium
3395 5665 3588 5725 corpo-

1993 5722 2194 5778 ralibus
2249 5721 2726 5792 imaginationibus
2781 5725 3112 5798 injiciuntur,
3171 5747 3204 5786 a
3268 5721 3587 5808 corporibus

1994 5820 2051 5876 in
2105 5819 2308 5873 eisdem
2366 5819 2474 5874 illic
2522 5819 3002 5892 imaginationibus
3057 5835 3321 5887 lamenta
3371 5837 3588 5904 patiun-

1995 5915 2103 5964 tur.
2167 5908 2354 5978 Neque
2408 5908 2551 5964 enim
2606 5908 2829 5967 omnino
2900 5915 3238 5989 corporalem
3313 5924 3586 5994 passibiu-
