3972 6430
491 352 628 406 1159

1631 355 1968 412 WERNERI
2028 356 2312 412 ABBATIS
2371 360 2428 414 S.
2489 360 2704 416 BLASII

3667 376 3822 430 1160

494 481 658 530 tatem
715 481 934 545 exeunt,
993 476 1208 546 quando
1265 477 1629 548 corporalium
1687 478 2101 550 imaginationi-
2134 484 2182 542 Α
2214 484 2517 552 prehendit.
2553 486 2732 541 Plorat
2759 487 2937 559 itaque
2968 490 3092 560 quia
3114 490 3252 547 intra
3293 498 3401 549 tam
3454 494 3618 552 breve
3665 514 3814 568 spa-

489 565 590 620 bus
618 564 988 621 delectationis
1017 581 1201 637 pravae
1231 583 1328 620 usu
1377 567 1655 636 impressis
1712 569 1986 624 obvoluta;
2045 577 2098 624 et

487 653 744 710 involutae
763 662 978 710 exeunt.
1011 653 1145 725 Quae
1175 671 1304 710 vero
1361 656 1447 712 hic
1495 665 1776 712 manentes
1823 656 1895 712 ab
1943 658 2096 728 ejus-

490 752 1015 809 modidelectoribus
1045 760 1098 807 et
1145 753 1535 826 cogitationum
1583 756 1862 827 plantasiis
1933 773 2098 811 mun-

496 842 623 898 dare
670 857 728 898 se
757 859 820 897 ac
873 842 1176 913 despoliare
1223 843 1502 914 studuerit,
1562 845 1674 900 illic
1729 847 2093 917 postmodum,

487 939 769 1004 postquam
799 947 831 986 a
859 931 1175 1002 corporibus
1223 950 1455 1004 egressae
1511 933 1728 997 fuerint,
1785 951 2007 1006 pmnam
2041 935 2096 989 in

487 1029 564 1084 eis
616 1036 667 1082 et
716 1035 978 1084 tormenta
1035 1045 1142 1085 non
1198 1030 1478 1084 sentiunt:
1513 1031 1658 1101 quod
1715 1030 1770 1085 in
1817 1032 1920 1086 hoc
1978 1031 2096 1103 ipso

485 1117 886 1190 quodammodo
955 1118 1336 1188 impassabiles
1407 1119 1663 1188 existunt,
1745 1120 1874 1191 quia
1957 1121 2093 1190 nihil

485 1222 644 1280 poena
671 1205 899 1279 dignum
920 1223 1106 1262 secum
1137 1206 1338 1263 ferunt.
1699 1205 1704 1211 ’

481 1323 558 1378 De
582 1324 784 1388 morte,
819 1323 877 1377 et
911 1319 1046 1394 quid
1077 1322 1155 1377 sit
1178 1338 1352 1388 mors,
1380 1325 1438 1378 et
1469 1321 1538 1379 de
1581 1323 1762 1379 tribus
1793 1322 2093 1396 generibus

1160 1420 1368 1476 mortis
1380 1460 1394 1474 .

550 1535 694 1591 Mors
741 1535 886 1590 dicta
932 1542 1032 1603 est,
1087 1535 1232 1605 quod
1287 1535 1357 1590 sit
1410 1551 1618 1599 amara.
1678 1536 1766 1592 vel
1821 1553 1854 1592 a
1909 1553 2090 1593 morsu

478 1624 639 1696 primi
669 1624 904 1679 hominis
933 1624 1224 1694 appellata.
1255 1625 1394 1678 Nam
1427 1641 1549 1680 cum
1607 1624 1814 1697 primus
1871 1627 2090 1680 humani

479 1713 694 1787 generis
721 1729 919 1785 parens
976 1713 1191 1786 lignum
1237 1714 1457 1768 vetitum
1516 1730 1613 1785 per
1664 1714 2088 1770 inobedientiam

477 1813 723 1885 contigit,
756 1829 856 1884 per
883 1828 1122 1867 morsum
1165 1819 1394 1868 mortem
1451 1811 1674 1867 incurrit
1731 1811 1901 1884 (Gen.
1962 1814 2072 1883 in).

477 1901 630 1958 Unde
659 1909 714 1957 et
741 1917 774 1956 a
802 1917 986 1956 morsu
1013 1917 1159 1956 mors
1187 1901 1305 1972 ipsa
1333 1901 1656 1972 appellatur.
1717 1901 1843 1956 Tria
1898 1910 2078 1958 autem

478 1999 600 2046 sunt
627 2007 833 2064 genera
863 1990 1068 2059 mortis,
1101 1991 1156 2044 id
1213 1997 1294 2045 est
1339 1991 1553 2056 acerba,
1609 1991 1918 2061 immatura,
1977 2008 2080 2048 na-

481 2088 689 2144 turalis.
736 2087 946 2143 Acerba
993 2087 1280 2153 infantum,
1324 2087 1615 2143 immatura
1659 2088 1944 2159 juvenum,
1988 2105 2082 2146 na-

479 2178 662 2234 turalis
699 2185 782 2232 est
836 2194 1047 2232 senum.
1103 2179 1237 2233 Item
1296 2176 1486 2232 mortis
1533 2177 1633 2233 tria
1690 2185 1814 2232 sunt
1855 2195 2078 2251 genera.

479 2267 597 2324 Una
625 2283 773 2322 mors
801 2266 1008 2337 peccati
1038 2274 1137 2334 est,
1167 2266 1234 2321 de
1267 2283 1373 2336 qua
1434 2267 1692 2338 scriptum
1716 2275 1798 2323 est
1826 2285 1840 2324 :
1889 2291 1911 2317 α
1943 2268 2079 2323 Ani-

470 2382 562 2422 ma
589 2382 711 2436 quae
741 2365 1062 2436 peccaverit,
1089 2364 1208 2435 ipsa
1237 2364 1498 2419 morietur
1539 2365 1761 2435 (Επειδὴ.
1805 2367 1966 2435 xvm)
1998 2380 2012 2435 ;
2050 2388 2072 2415 ι»

477 2455 584 2511 alia
611 2454 855 2526 mystica,
888 2453 1104 2524 quando
1127 2454 1246 2522 quis
1275 2460 1498 2522 peccato
1549 2454 1796 2521 moritur,
1853 2462 1906 2509 et
1960 2455 2076 2510 Deo

475 2543 627 2611 vivit,
669 2544 739 2600 de
783 2559 891 2613 qua
947 2543 1024 2598 ait
1071 2543 1403 2614 Apostolus:
1469 2564 1491 2592 α
1529 2543 1836 2612 Consepulti
1893 2560 2078 2599 sumus

470 2659 592 2700 cum
623 2641 832 2698 Christo
865 2655 962 2712 per
987 2638 1320 2708 baptismum
1349 2639 1405 2692 in
1435 2647 1607 2694 morte
1655 2639 1824 2711 ipsius
1877 2642 2064 2712 (Rom.

465 2735 543 2803 vi)
575 2747 590 2802 ;
621 2731 779 2787 tertia
806 2745 970 2798 mors,
1018 2744 1125 2799 qua
1153 2743 1368 2784 cursum
1391 2728 1515 2785 vitae
1575 2727 1735 2798 hujus
1788 2737 1843 2784 et
1882 2745 2076 2785 munus

466 2819 772 2892 explemus,
852 2818 907 2872 id
985 2825 1066 2872 est
1131 2816 1330 2872 animae
1395 2817 1743 2887 corporisque
1806 2819 2063 2876 secessio.

465 2917 808 2976 Advertimus
847 2915 1013 2988 igitur
1040 2915 1186 2986 quod
1215 2931 1322 2970 una
1368 2930 1515 2970 mors
1547 2915 1616 2970 sit
1642 2915 1806 2986 mala,
1845 2916 1889 2970 si
1936 2931 2072 2986 pro-

463 3023 584 3087 pter
601 3020 824 3084 peccata
843 3011 1142 3067 moriamur
1172 3025 1186 3080 ;
1229 3011 1336 3065 alia
1375 3026 1522 3066 mors
1546 3011 1690 3065 bona
1745 3010 1832 3080 sit,
1865 3028 1973 3081 qua
2024 3011 2072 3066 is

484 3103 574 3175 qui
633 3101 797 3158 fuerit
840 3108 1084 3156 mortuus
1135 3098 1458 3172 justiﬁcatur
1484 3116 1512 3156 a
1577 3107 1819 3172 peccato.
1890 3101 2068 3156 Tertia

2207 579 2337 634 tium
2369 583 2644 652 acquirere
2675 586 2848 656 potuit
2887 587 3128 643 omnium
3185 589 3422 646 latitiam
3460 595 3817 655 saeculorum.

2204 669 2378 725 Detlet
2407 671 2570 727 etiam
2602 690 2658 728 se
2691 683 2912 746 propter
2938 683 3048 731 tam
3104 677 3285 733 brevis
3338 679 3592 739 illicebraa
3647 686 3815 741 volu-

2203 761 2848 830 ptateminenarrabilem
2897 775 3172 837 perpetua
3227 770 3502 826 suavitatis
3553 774 3810 832 amisisse

2203 860 2562 918 dulcedinem.
2597 863 2898 934 Erubescit,
2931 867 3057 936 quia
3086 876 3306 939 propter
3359 869 3504 926 illam
3557 873 3813 930 substan-

2203 949 2351 1017 tiam,
2395 968 2516 1022 qute
2559 954 2834 1010 vermibus
2885 963 3000 1011 erat
3045 955 3305 1027 obnoxia,
3364 959 3508 1015 illam
3555 963 3810 1036 neglexit

2203 1055 2323 1109 quae
2369 1041 2545 1096 choris
2597 1050 2712 1099 erat
2769 1044 3031 1117 angelicis
3093 1045 3390 1102 inferenda.
3447 1049 3563 1104 Jam
3611 1049 3808 1110 radios

2201 1138 2397 1194 mentis
2423 1139 2634 1208 attollit,
2669 1148 2722 1196 et
2751 1157 2872 1197 cum
2905 1141 3212 1200 divitiarum
3251 1144 3630 1204 immortalium
3677 1151 3808 1223 glo-

2199 1227 2334 1282 riam
2366 1230 2760 1300 contemplatur
2802 1247 2943 1300 eam,
2995 1241 3217 1304 propter
3270 1234 3396 1291 vitas
3451 1236 3610 1308 hujus
3666 1238 3804 1295 ino-

2199 1316 2344 1388 piam
2375 1317 2673 1390 perdidisse
2728 1319 3091 1376 confunditur.
3152 1321 3394 1393 Cumque
3446 1324 3544 1380 sub
3594 1342 3654 1381 se
3700 1343 3802 1385 re-

2198 1413 2566 1472 ﬂectitoculos
2589 1415 2656 1472 ad
2688 1416 2848 1488 hujus
2895 1417 3080 1474 mundi
3138 1421 3438 1494 convallem
3497 1431 3804 1497 tetramque

2197 1501 2507 1574 caliginem,
2556 1521 2718 1576 super
2770 1522 2827 1560 se
2882 1521 3011 1562 vero
3067 1507 3292 1564 miratur
3335 1511 3516 1566 aeterni
3572 1511 3800 1568 luminis

2195 1592 2512 1662 claritatem,
2545 1593 2748 1662 liquido
2776 1593 3130 1664 deprehendit
3157 1597 3282 1668 quia
3309 1614 3420 1655 nox
3455 1609 3568 1656 stat
3611 1610 3667 1657 et
3725 1611 3798 1658 te-

2194 1690 2377 1745 nehrze
2407 1691 2551 1760 quod
2581 1692 2801 1746 amavit.
2844 1692 2890 1748 Ο
2920 1693 2963 1746 si
2993 1693 3293 1750 redivivum
3313 1697 3636 1768 pmnitantiae
3658 1707 3798 1755 tem-

2196 1795 2296 1848 pus
2324 1779 2515 1834 mereri
2545 1781 2822 1852 potuisset,
2856 1797 3017 1852 quam
3050 1781 3199 1839 durae
3227 1785 3646 1843 conversationis
3692 1789 3798 1844 iter

2112 1846 2164 1906 Β
2192 1846 2452 1938 arriperet
2484 1869 2495 1922 !
2531 1846 2711 1939 qualia
2739 1877 2793 1926 et
2811 1846 3019 1941 quanta
3049 1873 3382 1943 promitteret
3408 1875 3420 1928 ι
3471 1876 3686 1946 quantis
3731 1895 3791 1934 se

2191 1965 2538 2021 devotionum
2568 1967 2795 2023 vinculis
2822 1967 3105 2025 innodaret
3135 1969 3148 2024 l
3182 1971 3391 2028 Interea
3429 1971 3554 2027 dum
3611 1974 3789 2032 hebe-

2189 2062 2396 2110 scentes
2450 2055 2591 2112 oculi
2647 2057 3050 2124 contabescunt,
3097 2057 3227 2114 dum
3287 2069 3472 2132 pectus
3537 2063 3786 2136 palpitat,

2188 2160 2410 2199 raucum
2439 2153 2622 2218 guttur
2651 2146 2884 2214 anhelat,
2917 2146 3106 2203 dentes
3141 2149 3400 2220 paulatim
3454 2151 3783 2224 nigrescunt,

2189 2251 2243 2298 et
2271 2245 2559 2314 quamdam
2591 2246 2736 2301 velut
2763 2247 3059 2319 aeruginem
3103 2250 3440 2319 contrahunt,
3489 2251 3784 2322 pallescunt

2188 2349 2302 2402 ora,
2334 2333 2583 2390 membra
2610 2343 2802 2392 cuncta
2829 2334 3122 2407 rigescunt.

2257 2449 2399 2504 Dum
2428 2451 2546 2505 haec
2572 2449 2754 2520 itaque
2783 2459 2834 2506 et
2865 2451 3068 2506 homini
3101 2459 3353 2523 tanquam
3382 2453 3569 2511 vicina:
3619 2457 3780 2513 morti

2185 2547 2547 2616 praecedentia
2575 2548 2908 2604 fumulantur
2932 2547 3132 2618 otiicia,
3163 2557 3345 2606 assunt
3390 2552 3571 2608 omnia
3621 2564 3776 2626 gesta

2183 2635 2343 2690 simul
2373 2643 2427 2692 et
2450 2636 2635 2692 verba.
2669 2637 2798 2693 Haec
2816 2644 2870 2692 et
2897 2637 3029 2710 ipsa;
3071 2639 3423 2712 cogitationes
3466 2641 3674 2714 desunt,
3719 2652 3772 2702 et

2181 2741 2373 2790 cuncta
2427 2736 2545 2790 haec
2593 2750 2838 2790 amarum
2891 2734 3149 2792 adversus
3197 2744 3468 2794 auctorem
3535 2739 3770 2797 testimo-

2179 2822 2328 2877 nium
2359 2823 2608 2879 reddunt.
2641 2824 3040 2880 Coacervantur
3073 2825 3259 2882 omnia
3300 2835 3423 2882 ante
3475 2829 3770 2900 mspuentis

2179 2913 2383 2981 oculos,
2413 2920 2464 2967 et
2493 2928 2614 2982 quae
2641 2913 2954 2984 conspicere
2983 2913 3205 2987 refugit,
3235 2924 3451 2972 coactus
3475 2923 3527 2971 et
3575 2917 3771 2974 invitus

2177 3009 2422 3066 attendit.
2453 3009 2617 3066 Adest
2661 3019 2921 3082 praeterea
2964 3011 3092 3069 hinc
3145 3013 3412 3070 horrenda
3464 3014 3766 3072 daemonum

2177 3099 2354 3165 turba,
2378 3099 2525 3154 illinc
2548 3099 2721 3157 virtus
2749 3101 3013 3172 angelica.
3047 3103 3108 3156 In
3137 3101 3230 3158 illo
3287 3103 3378 3173 qui
3431 3103 3638 3160 medius
3687 3114 3766 3162 est

462 3217 608 3258 mors
661 3199 843 3254 media
896 3199 1002 3266 sit;
1046 3213 1175 3253 nam
1223 3205 1278 3253 et
1319 3197 1466 3254 bona
1515 3197 1676 3268 justis
1727 3197 1956 3265 videtur,
2015 3204 2070 3253 et
2097 3203 2146 3266 C
2175 3188 2381 3259 liquido
2412 3189 2851 3259 deprehenditur.
2882 3191 2967 3246 cui
2993 3191 3136 3261 parti
3173 3191 3296 3262 jure
3346 3195 3612 3263 possessio
3657 3195 3761 3252 vin-

462 3291 731 3366 plerisque
789 3287 1104 3344 metuenda.
1173 3285 1308 3356 Quae
1362 3303 1486 3342 cum
1543 3287 1792 3344 absolvat
1846 3303 2058 3356 omnes,

463 3395 664 3453 paucos
690 3377 964 3446 delectat;
1011 3375 1107 3432 sed
1155 3392 1266 3432 non
1321 3377 1426 3432 hoc
1470 3375 1659 3431 mortis
1713 3383 1794 3432 est
1845 3376 2056 3445 vitium,

463 3479 559 3535 sed
586 3494 784 3542 nostrae
832 3475 1178 3539 inﬁrmitatis,
1236 3475 1327 3546 qui
1381 3475 1657 3546 voluptate
1707 3482 1761 3530 et
1815 3475 2059 3532 delecta-

459 3569 608 3625 tione
633 3567 760 3624 vitae
789 3566 941 3621 istius
959 3565 1224 3637 capimur,
1266 3571 1320 3620 et
1355 3580 1570 3619 cursum
1612 3565 1757 3619 hunc
1797 3579 2057 3620 consum-

456 3674 606 3715 mare
636 3656 966 3728 trepidamus
999 3653 1090 3711 :in
1138 3669 1244 3725 quo
1294 3653 1414 3724 plus
1467 3652 1840 3708 amaritudinis
1893 3669 2055 3725 quam

457 3755 746 3828 voluptatis
773 3762 872 3810 est.
902 3753 992 3808 An
1021 3768 1132 3808 non
1161 3752 1330 3807 sancti
1363 3759 1416 3806 et
1457 3751 1729 3823 sapientes
1781 3751 1904 3817 viri,
1963 3750 2057 3822 qui

453 3845 856 3920 longaevitatem
914 3841 1367 3914 peregrinationis
1419 3840 1580 3911 hujus
1625 3841 2057 3912 ingemiscebant

451 3935 691 4004 dissolvi,
727 3941 780 3990 et
809 3949 930 3989 cum
963 3931 1173 3988 Christo
1205 3948 1320 3986 esse
1351 3930 1626 4000 pulchrius
1655 3929 1998 3986 aestimabant
2025 3931 2053 3984 ‘?

446 4038 518 4094 Et
545 4036 668 4092 ideo
689 4035 815 4106 quia
845 4031 1086 4104 quotidie
1118 4031 1185 4086 de
1217 4039 1387 4086 morte
1417 4030 1748 4104 cogitabant,
1801 4037 1854 4086 et
1901 4029 2053 4101 quasi

451 4143 508 4182 se
537 4125 605 4180 de
635 4126 738 4180 hoc
783 4129 1110 4195 migraturos
1155 4120 1448 4177 credebant
1503 4119 1726 4186 mundo,
1788 4135 1898 4174 non
1943 4119 2052 4174 du-

447 4213 600 4270 bium
649 4221 729 4268 est
782 4211 911 4283 quin
968 4212 1086 4266 haec
1134 4208 1449 4280 quotidiana
1507 4207 1786 4264 meditatio
1863 4207 2052 4265 mortis

446 4329 610 4369 omne
640 4309 830 4366 vitium
863 4309 919 4363 in
947 4307 1026 4363 eis
1071 4307 1378 4379 perimeret.
1434 4305 1519 4362 Ad
1575 4306 1869 4364 devitanda
1920 4325 2048 4363 sane

446 4401 632 4459 omnia
661 4399 765 4455 tela
793 4396 1169 4463 certaminum,
1202 4413 1389 4451 verum
1438 4395 1602 4450 etiam
1657 4396 1726 4452 ad
1772 4396 2050 4454 universos

445 4501 626 4548 motus
679 4486 924 4545 omnium
979 4485 1532 4556 concupiscentiarum
1586 4501 1650 4541 ac
1704 4493 2046 4557 peccatorum

2171 3286 2401 3342 dicetur.
2439 3287 2580 3342 Nam
2611 3288 2656 3342 si
2677 3288 2890 3360 pietatis
2916 3288 2973 3343 in
3003 3305 3068 3346 eo
3095 3289 3345 3346 videntur
3395 3291 3646 3365 insignia,
3683 3293 3758 3349 in-

2168 3376 2442 3432 vitationis
2487 3377 2751 3448 angelicae
2803 3376 3078 3434 blanditiis
3113 3379 3383 3450 delinitur,
3441 3391 3598 3452 atque
3645 3384 3759 3440 bar-

2168 3465 2400 3522 monica:
2453 3466 2708 3522 melodiae
2763 3465 3048 3524 dulcedine
3102 3475 3162 3524 ut
3215 3477 3374 3525 exeat
3419 3479 3750 3542 provocatur.

2168 3560 2325 3630 Quod
2355 3561 2400 3616 si
2428 3578 2552 3617 eum
2599 3561 2829 3618 sinistra;
2887 3565 3024 3634 parti
3069 3565 3382 3622 meritorum
3440 3567 3660 3640 nigredo
3703 3577 3754 3624 et

2167 3650 2424 3706 fmditatis
2445 3651 2664 3722 squalor
2690 3651 2982 3722 adjudicet,
3028 3653 3350 3710 intolerabili
3393 3671 3523 3712 mox
3559 3663 3749 3714 terrore

2171 3740 2492 3810 concutitur,
2537 3741 2806 3813 repentini
2843 3741 3076 3812 impetus
3122 3743 3378 3800 violentia
3405 3747 3749 3817 perturbatur,

2164 3838 2562 3910 praecipitanter
2589 3839 2876 3908 invaditur,
2907 3856 2970 3896 ac
3009 3841 3081 3898 de
3120 3841 3330 3898 miserae
3372 3843 3549 3901 carnis
3589 3859 3743 3918 erga-

2162 3928 2300 3984 stulo
2331 3928 2594 3983 violenter
2618 3929 2886 3998 evellitur,
2917 3937 2976 3985 ut
3007 3930 3076 3985 ad
3098 3939 3300 3986 aeterna
3344 3933 3604 4004 supplicia
3635 3935 3740 4004 jam

2161 4033 2285 4074 cum
2314 4017 2673 4074 amaritudine
2695 4019 3056 4088 pertrahatur.
3087 4019 3207 4076 1am
3237 4037 3368 4078 vero
3411 4029 3536 4092 post
3574 4039 3741 4097 egres-

2159 4115 2367 4170 sionem
2399 4115 2468 4171 de
2493 4130 2721 4186 corpore
2751 4116 2872 4186 quis
2900 4115 3176 4188 explicare
3221 4117 3416 4186 valeat,
3476 4128 3606 4190 quot
3652 4136 3736 4178 ar-

2159 4212 2321 4260 matae
2351 4204 2658 4274 iniquorum
2687 4205 2970 4276 spirituum
3002 4206 3146 4262 acies
3186 4205 3244 4262 in
3279 4206 3486 4262 insidiis
3529 4208 3732 4279 lateant,

2159 4301 2292 4365 quot
2337 4294 2628 4350 frementes
2680 4293 2838 4350 cunei
2888 4294 3146 4350 feralibus
3190 4296 3311 4352 telis
3362 4296 3598 4354 instructi
3645 4298 3736 4354 iter

2158 4391 2461 4459 obsideant,
2493 4398 2546 4447 et
2575 4406 2644 4447 ne
2669 4391 2841 4448 libera
2879 4393 3102 4448 transire
3150 4393 3320 4465 possit
3364 4395 3564 4465 anima,
3605 4396 3732 4453 velut

2155 4481 2380 4537 militari
2408 4497 2559 4538 more
2587 4481 2902 4553 constipata
2944 4481 3188 4554 legiones
3233 4492 3566 4557 oppugnant.
3618 4485 3730 4542 Haec

442 4583 901 4658 comprimendos,
962 4583 1138 4640 nullus
1191 4583 1326 4637 mihi
1373 4581 1585 4639 videtur
1639 4582 1868 4639 validior
1919 4584 2037 4656 cly-

2172 4577 2206 4626 3t
2231 4570 2438 4626 homini
2467 4571 2774 4642 frequenter
2799 4571 2857 4628 in
2883 4571 3044 4627 corde
3073 4588 3308 4642 versare,
3339 4571 3469 4644 quid
3499 4581 3580 4630 est
3601 4574 3727 4631 aliud

447 4695 579 4752 peus
608 4691 772 4749 quam
799 4673 1080 4730 meditatio
1110 4673 1298 4729 mortis
1344 4680 1399 4728 et
1436 4671 1664 4728 extremi
1697 4679 1866 4728 terror
1905 4687 2044 4729 exa-

442 4767 624 4825 minis.

509 4863 850 4922 Pensandum
881 4860 1082 4932 quippe
1112 4867 1210 4926 est,
1242 4875 1364 4916 cum
1389 4857 1507 4929 jam
1541 4857 1814 4930 peccatrix
1859 4857 2042 4914 anima

439 4955 669 5015 vinculis
689 4951 878 5024 incipit
910 4950 1088 5006 carnis
1116 4949 1346 5019 absolvi,
1379 4964 1542 5018 quam
1593 4963 1780 5003 amaro
1838 4954 2040 5004 terrore

433 5045 753 5111 concutitur,
813 5040 1026 5111 quantis
1071 5038 1342 5095 mordacis
1393 5037 1738 5093 conscientiae
1806 5038 2038 5092 stimulis

432 5144 720 5202 laceratur.
760 5137 968 5194 Recolit
995 5137 1160 5193 vetita
1189 5153 1311 5206 quae
1352 5135 1644 5202 commisit,
1696 5135 1846 5191 videt
1883 5153 2038 5191 man-

430 5234 554 5292 data
575 5249 696 5304 qua:
725 5227 968 5300 neglexit
997 5226 1222 5296 implere
1263 5232 1316 5282 et
1357 5225 1708 5295 contempsit.
1766 5225 1926 5281 Dolet
1953 5225 2035 5280 in-

2154 4687 2316 4741 quam
2347 4669 2712 4726 lenocinantis
2739 4671 2865 4727 vitae
2895 4669 3057 4740 hujus
3081 4666 3450 4729 blandimenta
3474 4690 3722 4747 respuere,

2151 4760 2356 4816 mundo
2386 4760 2666 4830 repudium
2697 4759 2846 4827 dare,
2879 4759 3094 4816 illicitos
3119 4769 3297 4817 motus
3323 4763 3497 4818 carnis
3523 4763 3718 4832 elidere,

2148 4851 2432 4921 solumque
2472 4849 2818 4922 perfectionis
2872 4849 3234 4922 adipiscenda
3279 4853 3605 4923 propositum
3653 4853 3721 4909 in-

2147 4947 2542 5004 declinabiliter
2569 4947 2834 5002 custodire
2864 4949 2893 5000 ?
2921 4947 3016 5002 His
3042 4947 3319 5003 addendus
3345 4957 3426 5005 est
3449 4949 3605 5006 etiam
3629 4967 3716 5007 ex-

2149 5036 2303 5092 tremi
2348 5045 2520 5092 terror
2565 5035 2780 5106 jndicii,
2838 5044 2899 5091 ut
2955 5037 3098 5092 illius
3153 5038 3509 5094 amaritudine
3564 5039 3717 5095 valeat

2145 5126 2332 5180 mundi
2362 5125 2522 5196 hujus
2543 5125 2677 5180 falsa
2697 5125 2926 5180 dulcedo
2955 5127 3248 5182 contemni.
3298 5126 3378 5182 Ad
3425 5127 3712 5184 devltandas

2144 5240 2378 5294 namque
2407 5223 2691 5279 diabolicae
2720 5240 2919 5296 pugnas
2947 5225 3221 5280 molestias
3249 5225 3430 5280 valent
3456 5240 3470 5293 ;
3494 5227 3708 5299 assurgi-

2141 5330 2280 5381 mus,
2313 5313 2358 5368 si
2385 5313 2716 5369 necessitatis
2744 5313 2949 5368 ultimae
2999 5315 3298 5385 periculum
3342 5315 3563 5386 provide
3609 5331 3708 5386 per-

2139 5409 2451 5460 tractemus.
2481 5403 2623 5458 Nam
2661 5403 2706 5456 si
2762 5403 3074 5474 repentinus
3129 5403 3220 5460 ille
3271 5411 3430 5474 atque
3484 5404 3704 5461 terribilis

2137 5501 2400 5558 adventus
2446 5501 2639 5556 Christi
2695 5499 2862 5573 digne
2909 5501 3279 5573 perpenditur,
3337 5501 3465 5572 quid
3521 5501 3612 5558 erit
3656 5502 3701 5558 in

2135 5588 2338 5644 mundo
2366 5589 2458 5643 ubi
2489 5605 2642 5643 mens
2671 5589 2908 5644 humana
2935 5589 3024 5643 vel
3071 5589 3344 5660 desipiens
3387 5589 3697 5646 delectetur?

2131 5679 2229 5734 Ille
2259 5694 2452 5749 nempe
2482 5678 2601 5734 dies
2630 5685 2730 5742 est,
2763 5677 2832 5732 ad
2871 5694 3032 5748 quam
3074 5678 3252 5733 omnis
3308 5678 3693 5750 praecedentium

2126 5768 2448 5824 saeculorum
2478 5767 2724 5836 intentio,
2753 5783 2819 5824 ac
2845 5783 3058 5823 summa
3085 5767 3376 5840 colligitur,
3431 5769 3518 5824 cui
3569 5783 3695 5824 cum.

2125 5874 2212 5926 cta
2239 5883 2512 5925 sacrarum
2533 5865 2930 5938 Scripturarum
2959 5867 3236 5926 volumina
3262 5867 3610 5924 famulantur:
3635 5867 3689 5925 de

427 5324 577 5380 dulta
606 5319 939 5395 poenitentiae
970 5324 1213 5388 tempora
1254 5331 1372 5371 sese
1419 5315 1648 5370 inaniter
1701 5315 2028 5386 percepisse,

427 5421 602 5492 plorat
658 5413 998 5474 immobilem
1044 5411 1297 5468 districta:
1345 5413 1562 5469 ultionis
1607 5413 1890 5469 articulum
1947 5413 2029 5468 in-

423 5507 744 5565 evitabiliter
771 5503 1082 5560 imminere.
1120 5503 1338 5556 Manere
1384 5502 1598 5574 satagit,
1644 5501 1721 5557 ire
1775 5501 2025 5576 compel-

423 5594 568 5666 litur,
599 5609 920 5665 recuperare
969 5592 1082 5648 vult
1129 5591 1383 5663 perdita;
1445 5607 1555 5646 non
1599 5591 1837 5647 auditur.
1901 5593 2026 5648 Post

425 5697 575 5765 terga
602 5691 897 5762 respiciens
923 5689 1082 5745 totius
1109 5695 1391 5744 transacta:
1437 5688 1563 5744 vitae
1609 5703 1820 5745 cursum
1875 5690 2024 5747 velut

421 5793 588 5836 unum
613 5779 994 5836 brevissimum
1052 5777 1275 5848 deputat
1329 5776 1534 5832 itineris
1585 5793 1824 5850 passum.
1882 5781 2018 5834 Ante

419 5882 479 5926 se
509 5868 694 5926 oculos
721 5864 910 5939 dirigit
935 5872 990 5920 et
1033 5863 1256 5922 inﬁnitae
1299 5865 1652 5936 perennitatis
1692 5868 1868 5940 spatia
1914 5866 2016 5924 de-
