3972 6400
141 411 280 466 1161
1117 413 1699 473 DEFLORATIONES
1738 414 1840 476 SS.
1886 412 2183 469 PATRUM.
2227 443 2295 458 --
2334 415 2461 472 LIB.
2503 417 2576 475 II.
3352 423 3489 480 11σί

142 549 256 602 quo
291 534 518 592 beatus
558 539 759 592 Petrus
791 544 846 592 ut
877 537 1209 594 audientium
1267 540 1432 596 corda
1471 541 1638 614 digno
1685 550 1793 596 ter-
1821 536 1881 602 Α
1906 537 1960 592 in
1990 554 2192 610 genere
2220 539 2581 608 humano,cui
2613 557 2722 597 non
2755 541 3181 599 sitnecessarius
3201 543 3270 599 ad
3291 543 3494 601 libera-

139 639 270 678 rore
308 634 670 682 concuteret
697 645 709 680 :
744 650 766 674 α
793 627 1075 693 Adveniet,
1095 628 1288 699 inquit,
1315 629 1431 685 dies
1454 631 1665 685 Domini
1686 630 1794 686 sic-
1905 627 2106 682 tionem
2141 652 2162 674 α
2190 628 2450 684 Mediator
2480 630 2577 687 Dei
2609 638 2661 686 et
2688 631 2989 697 hominum,
3032 632 3196 689 homo
3237 632 3490 690 Christus

137 719 197 766 ut
231 711 331 766 fur
365 733 380 777 ;
418 714 483 768 in
523 731 640 785 quo
694 716 817 771 cuali
851 732 1051 788 magno
1106 717 1310 788 impetu
1349 720 1632 785 transient,
1674 719 1792 774 ele-
1901 715 2129 782 Jesus(l
2162 717 2297 771 Tim.
2321 721 2402 785 ιι).
2431 743 2451 766 υ
2481 719 2831 792 Quaecunque
2852 729 3033 776 autem
3055 722 3175 777 sine
3193 723 3370 794 gratia
3387 739 3496 778 me-

140 819 339 864 merita
372 827 528 866 vero
562 814 715 883 ignis
764 813 947 868 calore
992 814 1288 869 solventur.
1325 817 1457 871 Cum
1488 817 1651 888 igitur
1679 817 1795 872 haxc
1903 811 2126 867 diatoris
2143 820 2194 866 et
2217 823 2561 870 sacramento
2579 817 2716 884 ejus,
2742 817 2797 871 id
2819 825 2901 872 est
2921 817 3262 888 baptismate,
3287 820 3340 874 in
3363 835 3492 892 qua-

140 901 344 953 omnia
411 901 792 956 dissolvenda
829 902 956 966 sint,
1018 904 1205 974 quales
1245 911 1461 974 oportet
1498 921 1620 960 esse
1693 921 1794 960 vos
1902 899 2034 954 libet
2058 902 2306 971 corporis
2324 911 2485 957 aetate
2508 905 2575 959 de
2619 920 2848 976 corpore
2868 906 3075 972 exierit,
3109 915 3162 962 et
3189 908 3244 962 in
3274 924 3492 979 pmnam

138 985 196 1041 in
232 989 474 1043 sanctis
506 990 1021 1045 conversationibus
1050 1000 1100 1046 et
1129 993 1443 1063 pietatibus,
1467 1003 1792 1064 exspectan-
1902 988 2136 1044 futuram
2169 999 2220 1044 et
2251 991 2301 1044 in
2335 991 2522 1048 ultimo
2541 992 2748 1062 judicio
2777 1009 2975 1065 corpus
2991 994 3059 1049 ad
3088 1011 3305 1067 pmnam
3339 1014 3494 1055 rece-

135 1092 226 1140 tes
260 1093 323 1141 et
391 1095 788 1158 prOperantes
822 1087 873 1141 in
905 1089 1194 1144 adventum
1239 1090 1346 1145 diei
1380 1091 1593 1145 Domini
1623 1090 1791 1146 nostri
1899 1090 2132 1156 pturam.
2211 1087 2266 1141 Si
2306 1096 2490 1142 autem
2530 1096 2654 1158 post
2708 1090 3120 1162 generationem
3172 1093 3490 1160 humanam.

136 1173 285 1230 Jesu
322 1175 582 1241 Christi,
625 1192 726 1246 per
770 1193 930 1248 quem
997 1177 1122 1233 C(eli
1189 1178 1446 1234 ardentes
1512 1179 1792 1235 solventur
1900 1190 2020 1242 qua!
2050 1173 2192 1229 facta
2231 1183 2314 1230 est
2342 1191 2406 1232 ex
2437 1177 2625 1246 Adam,
2667 1187 3026 1251 regeneralur
3055 1179 3111 1234 in
3148 1179 3380 1252 Christo,
3421 1183 3494 1239 ad

136 1263 218 1333 (ΙΙ
241 1265 422 1319 Petr.
465 1265 578 1334 in).
617 1287 639 1311 -
1899 1263 2016 1331 ejus
2073 1263 2348 1333 pertinere
2397 1266 2711 1320 societatem
2743 1274 2796 1321 et
2825 1267 3072 1339 requiem
3113 1277 3234 1339 post
3262 1279 3492 1327 mortem

700 1368 778 1424 De
809 1369 1029 1438 origine
1060 1371 1289 1425 animm.
1900 1359 2149 1430 corporis
2179 1360 2507 1428 habituram,
2542 1371 2595 1418 et
2625 1379 2823 1434 corpus
2852 1364 2919 1419 ad
2950 1365 3176 1436 gloriam
3233 1377 3491 1439 receptu-

221 1456 528 1528 Legimus
559 1456 613 1511 in
642 1457 954 1514 conditione
990 1474 1193 1523 rerum,
1220 1475 1342 1513 mox
1371 1467 1427 1514 ut
1448 1459 1664 1516 delimo
1690 1467 1795 1515 tcr-
1902 1463 2040 1552 ξ’ξῐη-
2119 1448 2247 1505 “33°
2285 1458 2568 1552 3"?!"qu
2605 1451 2673 1507 de
2702 1452 3262 1552 “nimaﬁrﬂf‘iSSiOﬂe
3307 1465 3488 1552 ιθῐξθοο

140 1563 224 1602 ra:
261 1561 500 1617 corpus
533 1545 789 1600 effectum
822 1555 924 1614 est,
987 1547 1165 1600 statim
1198 1548 1486 1602 Dominum
1516 1547 1792 1604 insuﬂlas-

1904 1537 2372 1609 (CASSIODORUS.)
2402 1539 2515 1594 Hoc
2543 1549 2723 1596 autem
2736 1541 3003 1598 veraciter
3033 1543 3248 1617 ﬁxeque
3264 1546 3494 1602 creden-

141 1661 231 1709 δε,
325 1644 665 1716 factumque
708 1660 830 1698 esse
879 1644 1051 1699 Adam
1117 1647 1169 1698 in
1221 1645 1457 1700 animam
1521 1645 1791 1699 viventem
1902 1632 2032 1688 dum
2066 1643 2147 1689 est
2178 1635 2349 1690 Deum
2389 1636 2599 1692 animas
2629 1653 2841 1704 creare,
2875 1647 2928 1694 et
2984 1642 3199 1697 00611118
3255 1644 3492 1715 quadam

142 1735 323 1800 (Gen.
365 1736 461 1803 ιι).
489 1731 788 1788 Insufilavit
816 1733 957 1787 enim
987 1733 1188 1788 dictum
1212 1734 1372 1788 estad
1388 1733 1792 1804 exprimendam

1904 1723 2112 1778 ratione
2135 1723 2437 1791 justissime
2466 1725 2572 1780 illis
2601 1726 2867 1797 imputare
2921 1729 3065 1799 quod
3092 1730 3256 1802 primi
3309 1733 3491 1789 homi-

144 1823 354 1892 operis
417 1821 782 1894 dignitatem,
805 1830 861 1876 ut
892 1831 1284 1894 agnosceretur
1304 1823 1506 1894 aliquid
1527 1821 1787 1877 eximium

1904 1815 1986 1865 nis
2016 1822 2242 1882 peccato
2273 1821 2526 1868 tenentur
2556 1815 2823 1870 obnoxiae.

143 1923 306 1994 quod
341 1923 485 1993 ejus
513 1937 614 1976 ore
661 1931 744 1974 est
783 1920 1065 1990 prolatum.
1113 1921 1376 1976 Caeterum
1400 1923 1503 1976 hoc
1523 1919 1788 1990 signiﬁcat

145 2010 479 2066 insuﬁlatio
515 2009 658 2078 ejus,
693 2009 836 2079 quod
891 2008 1207 2064 mandatum
1235 2018 1288 2064 et
1309 2009 1509 2079 jussio.
1532 2010 1668 2063 Nam
1698 2010 1787 2063 in-

147 2100 404 2155 sumere
445 2097 911 2171 quemadmodmn
943 2105 1145 2168 potest,
1179 2099 1270 2170 qui
1327 2115 1504 2169 neque
1536 2097 1787 2170 spiritum

150 2197 440 2262 resolvit,
487 2213 665 2267 neque
697 2195 924 2250 buccam
955 2195 1118 2249 habet
1139 2212 1260 2266 qua:
1290 2203 1503 2250 constat
1523 2211 1648 2250 esse
1670 2211 1791 2250 cor-

150 2300 378 2356 porea.
424 2286 546 2339 Hoc
579 2283 822 2338 nonnulli
855 2283 1024 2338 secuti
1057 2283 1326 2348 dixerunt,
1371 2301 1493 2338 mox
1520 2292 1574 2338 ut
1602 2299 1790 2338 semen

155 2375 495 2428 humanum
528 2372 875 2443 coagulatum
909 2371 1078 2426 fuerit
1111 2372 1163 2425 in
1222 2373 1378 2427 vitale
1409 2372 1789 2438 substantiam,

156 2473 321 2528 illico
359 2479 585 2527 creatas
615 2470 826 2524 animas
849 2470 1171 2539 corporibus
1187 2470 1318 2524 dare
1336 2470 1599 2526 discretas
1629 2479 1794 2542 atque

161 2561 489 2632 perfectas.
526 2559 778 2613 Medendi
816 2567 997 2613 autem
1019 2559 1259 2614 artifices
1290 2560 1446 2630 periti
1477 2559 1794 2632 quadrage-

163 2650 318 2706 simo
345 2651 445 2705 die
482 2649 782 2702 humanum
815 2662 878 2702 ac
914 2647 1140 2702 mortale
1161 2664 1334 2719 pecus
1353 2649 1587 2702 animam
1610 2649 1796 2704 dicunt

164 2747 466 2818 accipere,
496 2761 618 2799 cum
640 2761 698 2798 se
723 2744 771 2797 in
799 2751 954 2798 utero
974 2750 1160 2798 matris
1179 2745 1791 2814 cmperitcommovere.

163 2837 346 2893 Unde
387 2851 526 2891 vero
553 2833 673 2888 illas
697 2833 843 2888 Deus
881 2834 1044 2889 faciat
1065 2833 1280 2906 ignoro,
1316 2834 1496 2890 sciens
1523 2835 1627 2891 hoc
1648 2836 1794 2914 quod

165 2928 291 2996 ejus
317 2925 510 2981 facere
534 2922 667 2977 nihil
716 2922 865 2977 aliud
911 2929 997 2977 est
1043 2938 1205 2994 quam
1236 2922 1488 2978 voluntas
1521 2933 1572 2980 et
1595 2924 1792 2992 jussio.

164 3026 423 3080 Sanctus
455 3021 674 3093 quidem
733 3020 1068 3093 Augustinus
1125 3021 1377 3078 scribens
1406 3039 1505 3095 per
1535 3023 1790 3079 Orosium

1904 3009 2080 3064 carnis
2120 3009 2432 3080 suspicetur
2469 3011 2764 3070 otionsam.
2837 3017 3057 3090 Absque
3094 3031 3322 3093 peccata
3374 3025 3492 3083 sine

167 3123 225 3169 et
258 3113 560 3168 Paulinum
628 3109 698 3164 ad
767 3111 986 3164 beatum
1055 3110 1471 3182 Hieronymum,
1544 3111 1622 3168 sic
1660 3112 1789 3167 ait:
1898 3096 2064 3152 dubio
2094 3098 2240 3153 venit
2298 3098 2389 3169 qui
2427 3108 2545 3198 erat
2605 3103 2844 3158 omnium
2899 3116 3122 3176 peccata
3177 3112 3483 3169 soluturus.

170 3201 427 3258 Proinde
460 3216 528 3254 ne
552 3199 773 3271 longum
807 3199 1022 3261 faciam,
1064 3199 1168 3254 hoc
1224 3208 1369 3255 certe
1416 3200 1603 3269 sentis,
1646 3200 1785 3270 quod

1904 3185 2207 3256 Conceptus
2235 3187 2466 3256 mystico
2523 3188 2873 3260 inspiramine
2931 3194 3076 3251 intus
3122 3214 3188 3254 ex
3245 3200 3489 3273 Virgine,

169 3301 434 3372 singulas
472 3298 681 3354 animas
735 3297 967 3367 singulis
1024 3297 1375 3354 nascentibus
1431 3298 1590 3353 etiam
1665 3314 1788 3354 mo-
1825 3282 1868 3292 ν
1898 3282 2106 3391 viiii“?
2137 3284 2571 3391 columis'iion‘im
2616 3288 3180 3391 ριόνδυερεηοῄαηιθ.
3228 3295 3297 3352 de
3318 3297 3486 3352 Adam

173 3393 250 3447 do
271 3371 449 3446 HDeus
490 3386 672 3442 faciat.
750 3386 847 3441 Cui
889 3387 1171 3442 sententiae
1212 3403 1277 3441 ne
1317 3387 1604 3455 objiciatur
1641 3387 1789 3460 quod

1904 3371 2028 3426 nihil
2069 3372 2256 3437 traxit,
2289 3374 2418 3444 quia
2475 3375 2592 3430 sine
2633 3378 3072 3449 concupiscentia
3110 3390 3164 3437 et
3192 3395 3488 3457 conceptus

176 3496 386 3536 omnes
419 3483 702 3532 creaturas
733 3481 882 3529 sexta
916 3475 1004 3529 die
1061 3475 1512 3531 csnsummaverit
1541 3477 1707 3541 Deus,
1741 3483 1792 3531 et
1898 3468 1952 3560 εξ
1980 3460 2197 3576 gallus
2225 3462 2469 3576 ζαὴς-(ἰαί
2501 3472 2559 3518 ιη
2588 3466 2957 3576 τηειιιηζᾼάω
2987 3469 3297 3576 Vincerell‘ur
3323 3476 3490 3576 adve-

173 3577 428 3647 septimo
485 3569 819 3642 requieverit
873 3571 1090 3640 (ibid.),
1150 3571 1348 3628 adhibe
1424 3571 1788 3627 testimonium

1904 3550 1997 3604 nit.
2030 3550 2167 3605 Hinc
2197 3550 2263 3605 ad
2321 3551 2440 3621 ejus
2496 3561 2722 3610 matrem
2779 3555 2981 3612 dictum
3012 3567 3139 3614 est:
3201 3563 3490 3634 Concipies

1904 3663 1996 3670 ___
2026 3661 2207 3670 -______
2239 3647 2411 3670 nm“
2468 3651 2645 3670 μμ--
2677 3659 2716 3670 _.
2875 3654 2887 3664 .
3078 3659 3112 3670 η
3144 3657 3157 3670 .
3323 3662 3338 3670 -

175 3660 476 3730 Evangelii
509 3679 556 3715 ευ
585 3661 741 3713 Pater
769 3674 926 3713 meus
950 3675 1126 3728 usque
1156 3675 1304 3716 nunc
1322 3667 1580 3732 operatur
1604 3662 1788 3728 (Joan.

1904 3663 1996 3718 per
2025 3661 2210 3702 aurem
2239 3647 2648 3728 Deumtparies
2669 3659 2716 3707 et
2743 3652 3043 3711 hominem.
3076 3657 3284 3714 Primus
3323 3662 3488 3719 homo

1904 3735 2131 3762 ..ΛηιΑ-Ξ-
2165 3737 2458 3762 ι-...ιη-..ἒηζι
2495 3739 2714 3762 -..ΣΑΣη-
2774 3742 2994 3762 --Α-ξμκμ
3032 3746 3086 3762 nn
3127 3747 3153 3762 ,o
3193 3754 3203 3762 .
3295 3750 3335 3762 -ι
3438 3750 3450 3762 ο

175 3753 256 3823 v).
300 3778 323 3802 η
364 3752 497 3806 Cum
515 3764 651 3820 ergo
681 3746 893 3802 animas
924 3755 1072 3803 creat
1113 3748 1262 3803 Deus
1311 3765 1480 3804 novas
1544 3749 1791 3821 singulas
1896 3743 2461 3849 posterisjtran‘smisit
2492 3743 2742 3849 exitium,
2774 3743 2999 3849 veniens
3029 3746 3274 3803 Christus
3294 3750 3484 3849 Domi-

181 3850 448 3925 singulis,
484 3863 633 3903 suam
687 3845 884 3915 cuique
923 3847 1165 3902 nascenti
1203 3862 1309 3902 non
1365 3847 1570 3918 aliquid
1609 3847 1791 3904 facere
1894 3824 2830 3944 m1?credentibus{tomulltrfena
2864 3833 3296 3944 οωιρτυηιῖηΡεΐ
3323 3837 3488 3944 istum

178 3941 394 3997 dicitur
425 3937 569 4009 quod
600 3943 722 3989 ante
754 3951 860 3989 non
895 3934 1112 3990 faceret.
1158 3936 1274 3990 Jam
1308 3937 1448 3990 enim
1495 3945 1651 3992 sexto
1702 3936 1791 3992 die

1904 3929 2040 3977 enim
2071 3929 2289 3992 reparat
2318 3929 2578 3978 amissum
2597 3933 2816 3997 statum,
2834 3931 2980 4000 quod
3008 3947 3109 4002 per
3135 3933 3291 3989 illum
3309 3937 3489 4006 perdi-

179 4029 394 4086 fecerat
422 4023 704 4080 hominem
732 4022 800 4077 ad
831 4023 1123 4095 imaginem
1156 4039 1311 4078 suam
1342 4026 1498 4093 (Gen.
1527 4026 1563 4096 ι)
1599 4041 1611 4079 :
1644 4026 1792 4097 quod
1896 4010 2074 4127 dera“
2110 4011 2388 4127 mel'iifm-
2452 4014 2703 4127 ῌθ-ξυδῚίὶη
2756 4020 2866 4127 81"”
2878 4023 2946 4087 i3,
2982 4033 3341 4079 conversatus
3368 4026 3485 4127 Siue

178 4128 374 4201 utique
395 4121 698 4179 secundum
731 4119 966 4175 animam
1017 4121 1336 4177 rationalem
1368 4122 1565 4179 fecisse
1587 4123 1791 4179 intelli-

1904 4100 2133 4165 macula,
2165 4100 2295 4172 quid
2326 4101 2493 4171 potuit
2523 4104 2592 4158 de
2619 4105 2712 4159 illo
2740 4107 2957 4163 trahere
3015 4127 3175 4180 quem
3214 4116 3486 4172 contraria

181 4198 358 4286 gitur.
393 4214 508 4268 Hoc
538 4218 590 4266 et
616 4225 760 4265 nunc
787 4209 932 4276 facit,
992 4225 1099 4264 non
1151 4209 1480 4268 instituendo
1510 4213 1654 4284 quod
1684 4228 1794 4269 non
1898 4198 2044 4253 venit
2073 4198 2286 4286 actione
2314 4198 2623 4256 destruere.
2661 4203 2874 4260 Sanctae
2905 4205 3107 4279 origini
3154 4209 3264 4265 vita
3293 4221 3488 4270 sancta

1969 1908 2074 1962 Sed
2099 1909 2353 1980 quoniam
2374 1910 2427 1964 in
2447 1916 2588 1968 hunc
2608 1912 2784 1970 locum
2809 1924 2965 1974 tenor
2981 1933 3082 1975 nos
3104 1919 3490 1992 disputationis

1894 1997 2140 2064 adduxit,
2174 2008 2229 2052 ut
2259 1999 2467 2054 animas
2496 2017 2622 2056 reas
2644 2019 2744 2074 per
2762 2006 3047 2063 traducem
3073 2012 3281 2079 peccati
3315 2027 3488 2081 gene-

1894 2085 2077 2140 raliter
2137 2103 2255 2141 esse
2303 2088 2628 2153 diceremus.
2689 2095 2942 2150 convenit
2981 2097 3219 2153 animam
3272 2100 3494 2156 Domini

1897 2182 2090 2237 Christi
2122 2183 2176 2238 in
2201 2184 2438 2240 medium
2465 2187 2757 2256 deducere,
2789 2207 2857 2246 ne
2887 2193 3009 2264 quis
3038 2195 3375 2253 calumniosa
3405 2199 3494 2254 in-

1897 2272 2136 2327 tentione
2165 2291 2458 2345 perversus
2491 2276 2654 2332 simili
2685 2295 2803 2334 eam
2835 2290 2985 2352 putet
3015 2284 3325 2342 conditione
3353 2303 3492 2344 con-

1898 2360 2162 2416 strictam.
2194 2363 2494 2419 Audiamus
2514 2365 2681 2436 igitur
2699 2369 2968 2440 originem
2995 2373 3114 2441 ejus
3142 2384 3343 2431 sanctae
3372 2378 3491 2432 Ma-

1898 2459 1994 2514 riae
2025 2476 2242 2532 semper
2269 2463 2480 2534 Virgini
2511 2464 2680 2537 digno
2708 2482 2960 2538 praecone
2988 2470 3158 2528 fuisse
3191 2474 3492 2544 prOpheta-

1899 2555 2007 2602 tam
2033 2566 2046 2602 :
2085 2572 2106 2597 α
2134 2550 2365 2620 Spiritus
2382 2561 2608 2609 sanctus
2631 2558 2975 2626 superveniet
2989 2560 3045 2613 in
3062 2568 3134 2628 te,
3150 2562 3384 2618 etvirtus
3402 2563 3497 2620 Al-

1900 2636 2101 2691 tissimi
2131 2639 2479 2696 obumbrabit
2535 2643 2651 2698 tibi.
2714 2645 3016 2716 PrOpterea
3063 2649 3209 2720 quod
3239 2660 3496 2708 nascetur

1902 2749 1967 2789 ex
1999 2743 2050 2789 te
2080 2734 2361 2803 Sanctum,
2393 2738 2676 2795 vocabitur
2705 2741 2873 2797 Filius
2895 2744 2994 2800 Dei
3026 2747 3181 2813 (Luc.
3213 2751 3310 2817 1).»
3336 2749 3492 2819 Quis,

1902 2837 2059 2896 rego,
2137 2824 2190 2878 in
2247 2825 2353 2881 hac
2405 2827 2694 2896 majestate
2757 2833 3041 2901 nascendi,
3083 2844 3172 2891 aut
3210 2838 3496 2909 originalis

1901 2913 2113 2982 peccati
2145 2913 2327 2969 credat
2348 2930 2472 2969 esse
2502 2917 2733 2988 culpam,
2795 2928 2887 2975 aut
2940 2921 3223 2993 profanam
3253 2927 3493 3000 aliquam

184 4313 329 4369 erat,
364 4301 460 4357 sed
494 4297 909 4369 multiplicando
937 4298 1083 4369 quod
1111 4307 1245 4354 erat.
1279 4299 1432 4356 Unde
1462 4309 1515 4356 et
1542 4300 1677 4356 illud
1707 4318 1797 4359 ve-

185 4419 312 4457 rum
344 4407 426 4456 est
457 4397 604 4470 quod
639 4410 671 4451 a
709 4395 874 4449 rebus
915 4412 1036 4467 qua;
1104 4412 1211 4451 non
1255 4405 1412 4452 erant
1450 4398 1795 4454 instituendis

185 4488 483 4561 requievit,
515 4493 567 4540 et
598 4485 700 4540 hoc
730 4499 918 4539 verum
945 4491 1046 4551 est,
1075 4485 1218 4555 quod
1250 4501 1357 4540 non
1390 4485 1561 4542 solum
1593 4488 1796 4560 guber-

1897 4285 2206 4357 respondit.
2243 4286 2344 4354 Qui
2374 4288 2491 4343 sine
2518 4299 2740 4358 peccato
2796 4299 2878 4348 est
2908 4296 3146 4367 genitus,
3205 4300 3351 4356 nulla
3407 4310 3492 4358 est

1899 4375 2085 4429 mundi
2115 4375 2238 4430 labe
2261 4384 2578 4446 superatus.
2598 4379 2850 4452 Suscepit
2877 4399 3074 4440 verum
3095 4387 3371 4446 hominem
3389 4407 3491 4447 na-

1899 4479 2026 4527 tura
2051 4488 2161 4527 non
2191 4473 2354 4540 vitiis,
2388 4475 2593 4544 respuit
2649 4479 2797 4548 quod
2853 4483 3214 4554 proleplastus
3242 4487 3487 4560 deliquit,

187 4579 376 4634 nando
407 4591 528 4648 qua;
560 4572 708 4642 fecit,
741 4588 933 4627 verum
963 4572 1118 4627 etiam
1139 4573 1343 4645 aliquid
1366 4591 1475 4630 non
1502 4577 1799 4648 quodnon-
1826 4580 1881 4642 D
1901 4574 1950 4617 et
1989 4561 2290 4632 assumpsit
2327 4562 2604 4618 hominem
2657 4567 3008 4636 purissimum
3063 4589 3220 4644 quem
3259 4578 3488 4644 creavit,

187 4678 343 4742 dum,
391 4674 489 4729 sed
521 4671 664 4744 quod
689 4670 804 4740 jam
835 4679 1122 4726 creaverat
1162 4674 1508 4730 numerosius
1536 4677 1791 4743 creando,

187 4779 370 4838 usque
393 4777 538 4818 nunc
567 4767 845 4832 Operatur.
887 4758 1047 4828 Quod
1093 4760 1138 4814 si
1178 4761 1440 4832 quaeritur
1467 4779 1634 4836 quare
1672 4765 1799 4821 fecit

192 4856 404 4910 animas
424 4851 502 4907 eis
524 4864 661 4921 quos
703 4847 853 4904 novit
882 4849 990 4904 cito
1037 4847 1355 4918 morituros,
1377 4867 1668 4922 possumus
1700 4870 1795 4910 re-

192 4950 474 5025 spondere
513 4954 800 5018 parentum
838 4945 967 5002 hinc
1004 4954 1230 5016 peccata
1269 4945 1355 5004 vel
1403 4950 1654 5006 convinci
1709 4950 1798 5008 vel

190 5037 484 5114 ﬂagellari.
515 5034 810 5092 Sciendum
842 5042 1110 5105 prmterea
1129 5035 1380 5108 originali
1433 5038 1641 5095 animas
1669 5055 1799 5112 pec-

192 5139 318 5188 cato
350 5124 601 5195 astringi,
634 5139 737 5179 nec
762 5139 926 5194 posse
959 5124 1026 5178 ab
1057 5139 1123 5180 eo
1154 5123 1396 5193 liberari,
1429 5126 1532 5182 nisi
1562 5144 1661 5200 per
1679 5143 1800 5202 gra-

193 5228 325 5283 tiam
357 5220 576 5279 Domini
604 5219 780 5275 nostri
835 5217 964 5275 Jesu
1026 5218 1252 5275 Christi.
1293 5220 1429 5277 llinc
1460 5221 1653 5278 beatus
1682 5225 1797 5278 Au-

192 5311 493 5387 gustinus:
549 5307 745 5363 Certus
811 5305 975 5360 etiam
1035 5323 1154 5360 sum
1200 5307 1433 5362 animam
1492 5309 1642 5364 nulla
1699 5309 1798 5367 Dei

194 5401 383 5472 culpa,
443 5395 594 5451 nulla
651 5394 751 5449 Dei
779 5395 1108 5450 necessitate
1137 5395 1227 5450 vel
1267 5410 1384 5464 sua,
1443 5397 1541 5452 sed
1580 5398 1799 5470 propria

195 5497 472 5555 voluntate
502 5493 557 5546 in
588 5499 874 5562 peccatum
908 5506 1032 5546 esse
1062 5491 1381 5562 collapsam,
1440 5509 1548 5549 nec
1574 5495 1799 5551 liberari

196 5600 364 5660 posse
396 5582 464 5636 de
488 5595 716 5650 corpore
749 5579 943 5635 mortis
973 5579 1157 5648 hujus,
1208 5579 1294 5635 vel
1342 5597 1456 5637 suae
1511 5583 1801 5639 voluntatis

194 5676 414 5738 virtute,
469 5676 730 5739 tanquam
788 5667 894 5722 sibi
954 5669 1063 5723 hoc
1110 5666 1430 5734 sufficiente,
1490 5670 1577 5726 vel
1632 5671 1802 5742 ipsius

198 5769 447 5843 corporis
471 5779 673 5834 morte,
705 5765 802 5822 sed
835 5767 1007 5838 gratia
1057 5767 1157 5822 Dei
1185 5783 1286 5837 per
1314 5768 1500 5823 Iesum
1527 5769 1801 5826 Christum

206 5867 499 5927 Dominum
527 5869 793 5931 nostrum,
825 5878 930 5919 nec
959 5861 1179 5918 omnino
1208 5878 1329 5919 esse
1372 5863 1608 5921 animam
1633 5864 1799 5924 ullam

511 5990 776 6053 Paraon.
821 5986 1058 6052 CLVII.

1900 4665 2009 4706 non
2039 4658 2322 4721 peccatum
2353 4651 2678 4722 suscipiens,
2721 4655 2818 4710 sed
2844 4671 3061 4713 carnem
3107 4662 3316 4730 peccati
3371 4665 3491 4720 sine

1902 4746 2087 4818 aliqua
2113 4746 2306 4816 injuria
2363 4746 2678 4818 pollutionis
2730 4766 3040 4810 assumens.
3087 4755 3174 4813 De
3203 4759 3308 4816 hoc
3361 4775 3492 4819 vero

1903 4837 2020 4892 Deo
2049 4844 2102 4890 et
2129 4835 2353 4891 homine
2382 4839 2588 4908 peccati
2635 4840 2974 4897 destructore
3025 4846 3245 4915 quidam
3275 4849 3492 4906 Patrum

1901 4923 1982 4980 sic
2012 4924 2087 4980 ait
2119 4939 2131 4978 :
2165 4925 2246 4979 lta
2299 4940 2330 4980 e
2359 4924 2658 4983 visceribus
2714 4929 2902 4985 matris
2930 4939 3014 4987 est
3067 4933 3264 5006 editus,
3321 4945 3380 4993 ut
3407 4939 3493 4996 fa-

1903 5021 2149 5079 cunditas
2176 5029 2394 5092 pareret
2421 5030 2478 5078 et
2508 5024 2790 5098 virginitas
2815 5036 3162 5098 permaneret
3194 5050 3206 5086 :
3264 5050 3372 5090 non
3405 5036 3494 5092 al-

1903 5111 2075 5166 terius
2105 5117 2286 5166 tamen
2317 5115 2526 5168 natura;
2581 5122 2698 5169 erat
2721 5115 2837 5184 ejus
2891 5133 3017 5174 caro
3045 5136 3209 5192 quam
3266 5131 3488 5182 nostras.

1905 5200 2032 5256 Non
2061 5198 2206 5255 enim
2235 5197 2312 5253 illi
2367 5199 2476 5256 alio
2506 5217 2669 5274 quam
2717 5204 2931 5261 caeteris
2975 5207 3281 5267 hominibus
3307 5214 3492 5270 anima

1906 5305 1988 5353 est
2015 5295 2271 5368 inspirata
2299 5296 2586 5368 principio,
2621 5316 2741 5371 quae
2797 5292 3088 5360 excelleret
3116 5321 3226 5362 non
3256 5308 3495 5367 diversi-

1907 5393 2014 5440 tate
2043 5384 2430 5456 generationis,
2465 5387 2560 5441 sed
2593 5388 2924 5448 sublimitate
2978 5393 3219 5448 virtutis.
3259 5397 3334 5451 Ex
3367 5400 3494 5469 qui-

1909 5475 2011 5529 bus
2039 5473 2224 5530 verbis
2271 5475 2657 5545 perpendimus
2704 5477 2941 5534 animam
2981 5481 3174 5538 Christi
3214 5485 3486 5554 ejusdem.

1907 5578 2115 5626 naturae
2145 5587 2286 5635 esse,
2320 5572 2471 5640 cujus
2521 5580 2572 5628 et
2599 5582 2802 5628 nostra:
2832 5584 2956 5631 sunt
2984 5580 3198 5648 animm,
3239 5582 3336 5637 sed
3372 5599 3499 5642 cum

1909 5675 2113 5725 nostrae
2135 5676 2187 5725 et
2208 5669 2471 5738 originali
2520 5679 2748 5740 peccato
2777 5681 2830 5728 et
2868 5676 3067 5731 actuali
3096 5678 3207 5733 sint
3261 5679 3499 5755 infectae,

1911 5767 2054 5823 illius
2079 5767 2314 5822 animam
2355 5767 2626 5824 credimus
2659 5767 2888 5830 ﬁrmiter
2941 5780 2994 5831 et
3020 5782 3267 5835 tenemus
3325 5782 3506 5840 omnis

1907 5865 2122 5936 peccati
2152 5871 2433 5938 expertem
2465 5864 2652 5926 fuisse.

3201 5999 3278 6066 37
