3972 6402
472 432 608 487 1163

1540 416 1543 421 ·
1646 416 1989 476 WERNERI
2030 414 2273 471 ABBATI
2304 415 2402 470 ss.
2448 376 2667 471 sLxsu

3654 420 3801 476 1164

2115 574 2196 589 _

1188 732 1811 843 DOMINICA
1914 731 2391 837 DECIMA
2476 730 3066 838 SEPTIMA.

1780 941 2180 1010 Secundum
2227 942 2509 1008 Lucam.

558 1172 581 1198 κ
614 1148 753 1205 Cum
781 1143 1014 1201 intraret
1045 1141 1212 1197 Iesus
1258 1135 1314 1194 in
1344 1135 1567 1220 domum
1596 1132 1885 1207 cujusdam
1918 1131 2077 1202 prin-
2109 1134 2161 1196 A
2195 1139 2340 1190 etum
2372 1138 2455 1188 est
2485 1145 2717 1204 regnum
2753 1130 3015 1188 caelorum
3044 1130 3251 1188 homini
3280 1131 3395 1205 regi
3424 1132 3515 1204 qui
3535 1131 3668 1190 fecit
3693 1148 3806 1189 nu-

481 1237 618 1311 cipis
663 1232 1064 1292 Pharisaeorum
1116 1226 1361 1284 Sabbato
1406 1222 1738 1279 manducare
1765 1236 1994 1311 panem,
2031 1224 2089 1276 et

480 1309 585 1401 ipsi
613 1319 979 1382 observabant
1008 1334 1154 1374 eum.
1190 1317 1255 1372 Et
1295 1329 1425 1372 ecce
1474 1314 1642 1368 homo
1698 1311 1925 1383 quidam
1980 1309 2088 1382 hy-

483 1425 748 1497 dropicus
774 1427 893 1476 erat
909 1425 1036 1474 ante
1060 1416 1208 1472 illum
1228 1415 1386 1484 (Luc.
1411 1414 1578 1482 x1v).»
1597 1409 1925 1497 Hydt'opisis
1947 1423 2094 1462 mor-

482 1516 585 1573 bus
612 1514 684 1568 ab
722 1523 932 1584 aquoso
963 1509 1187 1562 humore
1242 1501 1577 1558 vocabulum
1609 1499 1778 1554 trahit
1835 1512 1848 1566 ;
1899 1496 2092 1554 Graece

484 1614 631 1673 enim
659 1611 801 1668 ador
835 1600 1018 1681 [ὕδωρ]
1048 1618 1189 1675 aqua
1219 1608 1469 1656 vocatur.
1519 1599 1616 1654 Est
1647 1605 1831 1652 autem
1887 1594 2090 1651 subcu-

480 1720 671 1767 taneus
698 1707 769 1767 de
799 1705 927 1763 vitio
957 1701 1155 1760 vesicae
1178 1706 1356 1764 natus,
1388 1712 1512 1752 cum
1563 1694 1844 1750 inﬂatione
1871 1700 1927 1749 et
1984 1707 2089 1749 an-

474 1800 646 1857 helitu
687 1795 899 1862 fmtido,
960 1789 1348 1864 propriumque
1403 1792 1488 1840 est
1544 1782 1851 1854 hydropici,
1889 1787 2090 1852 quanto

468 1889 658 1962 magis
693 1883 934 1943 abundat
986 1881 1213 1935 humore
1266 1874 1600 1939 inordinata,
1656 1879 1807 1927 tanto
1855 1869 2092 1940 amplius

474 1987 647 2045 sitire.
680 1985 748 2040 Et
767 1981 893 2039 ideo
923 1985 1070 2036 recte
1095 1980 1447 2047 comparatur
1476 1970 1527 2027 ei
1556 1985 1720 2043 quem
1745 1967 1929 2024 ﬂuxus
1958 1981 2093 2024 car-

479 2076 687 2135 nalium
741 2070 1083 2141 voluptatum
1139 2063 1463 2120 exuberans
1518 2065 1807 2133 aggravet,
1861 2071 2091 2127 compa-

479 2175 631 2224 ratur
646 2169 700 2220 et
719 2159 871 2217 diviti
892 2171 1086 2223 avaro,
1121 2152 1215 2231 qui
1248 2154 1455 2226 quanto
1490 2148 1746 2221 copiosor
1775 2153 1861 2204 est
1888 2144 2090 2202 divitiis

466 2262 676 2338 quibus
704 2272 816 2315 non
860 2255 1003 2313 bene
1028 2250 1216 2320 utitur,
1261 2255 1413 2305 tanto
1470 2244 1757 2303 ardentius
1786 2242 1897 2300 alia
1949 2257 2091 2301 con-

480 2365 1076 2517 oufl:t‘stmrespondens
1127 2439 1291 2495 Jesus
1337 2434 1471 2492 dixit
1499 2434 1570 2490 ad
1621 2430 1978 2505 legisperitos
2034 2436 2089 2487 et

480 2538 807 2600 Pharisaaos,
835 2533 1025 2589 dicens
1064 2547 1077 2584 :
1108 2528 1166 2584 Si
1230 2527 1356 2583 licet
1385 2524 1623 2581 Sabbato
1663 2537 1883 2581 curare.
1916 2522 1984 2575 At
2012 2519 2091 2579 illi

476 2632 797 2688 tacuerunt.
837 2646 859 2673 ι
894 2619 1090 2678 Merito
1121 2622 1405 2675 tacuerunt
1443 2613 1535 2686 qui
1583 2628 1645 2668 se
1671 2615 1862 2668 contra
1889 2609 2093 2665 dictum

481 2715 752 2794 quidquid
780 2710 1017 2769 dixerint
1053 2705 1281 2772 vident;
1313 2703 1362 2760 si
1388 2702 1537 2759 enim
1568 2715 1759 2757 curare
1803 2698 1951 2768 licet,
1993 2713 2093 2754 cur

475 2819 772 2876 observant
799 2810 845 2865 si
874 2807 1173 2864 Sabbatum
1202 2800 1456 2858 solverit.
1485 2799 1544 2855 Si
1574 2814 1686 2854 non
1706 2797 1852 2865 licet,
1884 2812 1983 2853 cur
1996 2811 2092 2867 pe-

474 2921 615 2967 cora
641 2908 858 2961 curant.
889 2896 1035 2953 Dixit
1062 2894 1258 2949 dicens
1291 2909 1306 2947 :
1339 2889 1466 2947 talis
1493 2888 1695 2962 positio
1726 2895 1809 2943 est
1864 2884 2043 2957 qualis
2076 2902 2090 2940 :

485 3020 508 3047 ι
542 2995 884 3065 Exspectans
911 2980 1225 3057 exspectavi
1254 2980 1434 3052 (Psal.
1466 2979 1676 3049 xxxix),
1713 2996 1735 3028 ι
1771 2974 2092 3048 signiﬁcans

480 3085 952 3168 perseverantiam
982 3079 1283 3155 loquentis,
1338 3078 1517 3135 donec
1574 3075 1786 3147 expleat
1825 3073 1975 3147 quod
2000 3072 2091 3129 in-

479 3183 749 3343 widlltpse
776 3280 913 3325 vero
942 3261 1354 3335 apprehensum
1403 3255 1617 3313 sanavit
1659 3271 1802 3321 eum,
1834 3269 1898 3311 ac
1925 3250 2093 3309 dimi-

480 3373 576 3430 sit.
613 3372 684 3427 Et
740 3364 1090 3437 respondens
1117 3359 1187 3415 ad
1244 3358 1369 3415 illos
1398 3356 1574 3412 dixit:
1626 3354 1792 3425 Cujus
1850 3361 2093 3408 vestrum

484 3463 675 3520 asinus
705 3466 801 3516 aut
836 3456 939 3510 bos
992 3452 1047 3506 in
1084 3457 1305 3521 puteum
1351 3445 1530 3513 cadet,
1589 3452 1643 3499 et
1674 3458 1783 3498 non
1839 3441 2095 3497 continuo

482 3551 729 3609 extrahet
774 3545 939 3601 illum
966 3541 1057 3597 die
1083 3536 1355 3596 Sabbati?
1385 3536 1451 3590 Et
1484 3549 1593 3591 non
1613 3538 1867 3605 poterant
1897 3530 1965 3585 ad
1994 3530 2097 3585 hoc

474 3647 821 3721 respondere
849 3641 956 3698 illi.
973 3663 995 3689 ιι
1018 3638 1148 3695 Ideo
1169 3642 1295 3691 ante
1308 3631 1612 3721 Pharisaeos
1636 3628 1996 3701 hydropicum
2014 3642 2101 3721 sa-

480 3717 599 3807 nat,
638 3745 692 3796 et
719 3749 844 3791 mox
902 3736 1098 3789 contra
1125 3723 1415 3782 avaritiam
1445 3720 1705 3792 disputat,
1739 3726 1798 3775 ut
1824 3734 1923 3789 per
1952 3717 2099 3807 ejus

484 3825 870 3899 aegritudinem
897 3816 1145 3890 cerporis
1172 3814 1229 3869 in
1259 3812 1368 3869 illis
1397 3810 1797 3882 exprimeretur
1823 3806 2098 3879 aegritudo

485 3925 712 3992 mentis,
759 3928 816 3979 et
853 3913 1159 3990 corporalis
1197 3909 1453 3982 exemplo
1495 3907 1792 3966 curationis
1818 3905 2097 3963 discerent

488 4012 851 4091 spiritualiter
879 4005 1086 4066 curari.
1117 4003 1498 4075 Congruenter
1534 3997 1696 4053 etiam
1728 3994 2093 4091 hydropicum

480 4084 719 4164 animali
750 4097 896 4173 quod
923 4093 1123 4154 cecidit
1150 4092 1209 4147 in
1254 4097 1476 4162 puteum
1522 4092 1819 4156 comparat.
1852 4084 2095 4139 Humore

482 4204 637 4263 enim
666 4200 905 4260 laborat.
942 4195 1049 4251 Bos
1076 4199 1132 4248 et
1164 4188 1350 4245 asinus
1378 4183 1654 4258 sapientes
1681 4190 1739 4240 et
1768 4182 1994 4239 hebetes
2012 4180 2094 4238 si—

494 4290 778 4367 gniﬁcant,
806 4285 903 4342 vel
930 4284 1033 4339 bos
1084 4279 1342 4353 populum
1369 4273 1808 4367 siignilieat‘jugo
1839 4271 1980 4367 legis
2006 4278 2094 4367 at-

494 4360 720 4448 tritum;
752 4375 943 4431 asinus
968 4369 1233 4445 gentilem
1262 4366 1523 4440 populum
1571 4362 1719 4418 nulla
1750 4361 1962 4417 ratione
1988 4360 2097 4416 do-

499 4480 720 4543 mitum,
744 4473 902 4549 quasi
959 4468 1164 4527 animal
1220 4465 1477 4523 stolidum
1530 4470 1585 4520 et
1633 4462 1873 4518 brutum.
1921 4461 2038 4516 Nos
2063 4475 2096 4514 a

493 4578 662 4643 puteo
690 4558 1155 4634 concupiscentia
1210 4554 1465 4613 Salvator
1520 4551 1755 4609 extrahit
1811 4567 1827 4607 :
1901 4563 2096 4605 omnes

491 4659 637 4725 enim
667 4657 1057 4728 peccaverunt.

567 4780 595 4808 α
623 4754 854 4811 Dicebat
879 4758 1061 4804 autem
1092 4753 1145 4801 et
1198 4743 1271 4800 ad
1321 4740 1579 4798 invitatos
1604 4736 1948 4809 parabolam,
1999 4736 2092 4795 in-

491 4846 722 4905 tendens
746 4838 1023 4915 quomodo
1052 4835 1255 4907 primos
1274 4829 1562 4889 accubitus
1591 4828 1880 4901 eligerent,
1905 4826 2096 4915 dicens

490 4938 560 4994 ad
589 4935 713 4991 illos
745 4913 930 4988 {Cum
980 4924 1242 4981 invitatus
1275 4917 1445 4978 fueris
1472 4918 1543 4975 ad
1568 4916 1806 4988 nuptias,
1866 4929 1978 4970 non
2005 4913 2094 4969 di-

493 5033 754 5094 scumbas
780 5028 836 5084 in
865 5024 1043 5100 primo
1068 5022 1214 5088 loco,
1255 5035 1327 5075 ne
1383 5017 1522 5077 forte
1549 5014 1863 5071 honoratior
1916 5021 1972 5070 te
2026 5012 2097 5073 sit

491 5124 751 5183 invitatus
778 5118 850 5175 ab
881 5130 968 5185 eo,
998 5120 1055 5169 et
1097 5109 1325 5168 veniens
1354 5107 1402 5164 is
1432 5105 1522 5180 qui
1562 5113 1613 5163 te
1641 5113 1695 5161 et
1719 5103 1873 5162 illum
1927 5117 2094 5160 voca-

493 5216 578 5273 vit
604 5220 660 5271 et
687 5210 836 5269 dicat
863 5204 963 5262 tibi
995 5220 1009 5258 :
1058 5201 1143 5258 Da
1170 5198 1297 5255 huic
1349 5197 1556 5254 locum.
1586 5194 1657 5251 Et
1684 5202 1814 5250 tunc
1865 5191 2095 5264 incipias

493 5328 617 5373 eum
645 5309 854 5368 rubore
879 5300 1241 5361 novissimum
1267 5296 1452 5354 locum
1499 5302 1712 5353 tenere.
1744 5316 1769 5342 ιι
1801 5290 2097 5349 Intendens

478 5400 766 5475 quomodo
796 5396 867 5454 de
891 5390 1080 5467 primis
1108 5386 1467 5475 accubitibus
1495 5383 1749 5475 laborent
1795 5379 1895 5475 vel
1911 5380 2095 5475 interi.

493 5468 631 5550 deus
654 5491 712 5546 in
733 5484 984 5545 doctrina
1012 5496 1109 5537 sua
1134 5475 1412 5551 quomodo
1442 5473 1678 5531 debeant
1704 5470 1992 5529 accubitus
2037 5468 2096 5525 in

494 5588 746 5647 Ecclesia
772 5585 983 5657 eligere
1005 5580 1170 5637 docet
1199 5575 1558 5633 humilitatem
1586 5588 1698 5630 non
1737 5571 1911 5627 solum
1946 5569 2097 5641 apud

494 5678 673 5735 Deum
700 5679 798 5731 sed
829 5673 988 5728 etiam
1018 5669 1163 5740 apud
1220 5665 1491 5722 homines.
1549 5664 1618 5719 Et
1668 5662 1924 5735 quoniam
1979 5661 2096 5717 haec

497 5764 795 5823 admonitio
824 5763 895 5818 ab
925 5756 1262 5829 evangelista
1294 5761 1521 5811 vocatur
1550 5751 1827 5824 parabole,
1884 5752 2094 5807 intuen-

497 5858 628 5915 dum
684 5865 768 5915 est
824 5854 956 5927 quid
1010 5852 1288 5923 designet.
1352 5849 1570 5921 Nuptiae
1620 5858 1749 5906 sunt
1781 5849 2094 5917 conjunctio

498 5945 695 6004 Christi
724 5953 779 6003 et
803 5940 1089 6001 Ecclesia.
1121 5938 1283 5996 Unde
1305 5938 1589 5994 Matthseus
1606 5937 1682 5993 ait
1712 5954 1727 5996 :
1765 5935 1986 5995 «Simile
2009 5935 2093 5992 fa-

2120 2495 2173 2556 Β

2199 1220 2339 1293 ptias
2367 1219 2478 1275 tilio
2507 1234 2609 1275 suo
2637 1219 2864 1292 (Matth.
2910 1218 3070 1290 χχιι).
3110 1242 3133 1268 ι
3165 1220 3246 1274 Ad
3273 1220 3373 1274 has
3402 1222 3626 1291 nuptias
3672 1220 3804 1292 qui-

2198 1309 2331 1365 libet
2359 1308 2636 1373 invitatus,
2669 1308 2724 1362 id
2760 1316 2843 1361 est
2873 1307 3138 1364 Ecclesiae
3166 1308 3432 1363 mombris
3450 1309 3802 1378 conjunctus,

2200 1414 2309 1453 non
2338 1398 2649 1452 discumbat
2679 1395 2731 1450 in
2762 1396 2939 1468 primo
2968 1397 3109 1463 loco,
3144 1398 3248 1452 hoc
3300 1406 3382 1453 est
3412 1414 3518 1453 non
3576 1399 3805 1454 extollat

2201 1511 2260 1551 se
2287 1494 2576 1568 gloriando
2606 1493 2673 1549 de
2706 1493 2914 1548 meritis
2944 1495 3058 1549 suis
3090 1495 3245 1565 quasi
3274 1495 3345 1550 sit
3372 1495 3657 1551 sublimior
3684 1510 3802 1552 cae-

2200 1584 2352 1640 teris.
2389 1582 2610 1638 Studeat
2651 1590 2801 1638 veste
2851 1583 3080 1653 nuptiali
3136 1585 3341 1653 vestiri,
3406 1585 3508 1640 hoc
3539 1585 3801 1642 virtutum

2201 1672 2416 1745 fulgore
2438 1687 2742 1738 coruscare,
2777 1672 2874 1727 sed
2922 1688 3047 1728 cum
3079 1673 3400 1729 humilitate.
3448 1673 3800 1730 Honoratiori

2197 1771 2427 1827 invitato
2455 1770 2550 1825 dat
2578 1769 2775 1835 locum,
2813 1770 2905 1842 qui
2936 1770 3004 1826 de
3035 1769 3155 1826 aliis
3190 1771 3421 1826 meliora
3452 1786 3799 1845 cognoscens

2199 1859 2462 1933 quidquid
2491 1859 2561 1914 de
2591 1874 2690 1912 sua
2743 1858 3065 1929 operatione
3094 1859 3301 1913 celsum
3335 1860 3593 1915 sentiebat
3626 1876 3799 1932 parva

2199 1954 2434 2020 reputat,
2484 1955 2536 2003 et
2592 1962 2718 2003 cum
2768 1948 3047 2020 Propheta
3097 1964 3157 2004 se
3211 1948 3478 2015 humiliat,
3537 1949 3726 2005 dicens
3782 1967 3796 2002 :

2206 2070 2227 2096 (ι
2253 2046 2463 2118 Pauper
2492 2061 2611 2100 sum
2643 2060 2749 2118 ego
2783 2053 2837 2100 et
2862 2044 2917 2099 in
2946 2045 3230 2101 laboribus
3258 2061 3289 2100 a
3312 2046 3595 2115 juventute
3650 2061 3794 2115 mea,

2199 2133 2463 2191 exaltatus
2520 2142 2699 2190 autem
2774 2133 3087 2189 humiliatus
3133 2150 3253 2191 sum

2199 2233 2376 2306 (Psal.
2407 2234 2679 2301 Lxxxvn).
2718 2254 2741 2280 η
2776 2231 2966 2288 Merito
2996 2247 3119 2288 cum
3167 2231 3368 2288 rubore
3394 2232 3661 2303 pcrnitens
3688 2248 3794 2288 no-

2199 2321 2481 2381 vissimum
2506 2321 2687 2377 locum
2716 2320 2772 2375 in
2802 2319 3056 2378 Ecclesia
3084 2327 3230 2377 tenet
3258 2320 3348 2394 qui
3378 2337 3439 2379 se
3468 2337 3630 2393 super
3655 2320 3794 2378 alios

2199 2411 2402 2468 exaltat
2430 2410 2550 2483 plus
2580 2425 2736 2483 quam
2772 2411 2970 2465 Deum.

2279 2534 2301 2558 α
2336 2509 2451 2567 Sed
2481 2526 2602 2565 cum
2635 2517 2862 2565 vocatus
2891 2507 3062 2565 fueris
3092 2508 3161 2564 ad
3190 2507 3427 2580 nuptias,
3459 2508 3712 2566 recumbe
3740 2509 3795 2565 in

2200 2599 2503 2656 novissimo
2532 2599 2674 2663 loco,
2707 2606 2783 2666 ut,
2817 2614 2937 2653 cum
2970 2598 3181 2654 venerit
3207 2598 3378 2670 quite
3416 2597 3675 2664 invitavit,
3708 2597 3794 2653 di-

2200 2697 2291 2746 cat
2319 2688 2414 2744 tibi
2449 2706 2462 2742 :
2493 2688 2700 2755 Amice,
2721 2687 2960 2743 ascende
2985 2686 3235 2758 superius
3259 2702 3273 2758 ;
3298 2695 3425 2744 tunc
3446 2686 3548 2742 erit
3566 2686 3661 2742 tibi
3679 2686 3794 2759 glo-

3325 2142 3378 2190 et
3446 2135 3797 2191 conturbatus

2182 2786 2279 2842 'ria
2307 2802 2492 2844 coram
2524 2785 2685 2841 simul
2712 2784 3205 2842 discumbentibus.
3247 2807 3270 2834 ι
3304 2783 3519 2854 Quanto
3564 2799 3791 2858 magnus

2199 2893 2279 2945 es,
2312 2875 2539 2931 humilia
2565 2872 2699 2932 tein
2746 2872 3020 2944 omnibus,
3056 2890 3182 2929 cum
3214 2874 3499 2931 Psalmista
3554 2873 3785 2932 dicens:

2203 2997 2225 3023 α
2279 2972 2604 3028 Humiliatus
2675 2987 2799 3027 sum
2855 2987 3255 3044 usquequaque
3309 2972 3484 3043 (Psal.
3560 2972 3711 3041 cvn).
3761 2992 3783 3023 ι

2199 3061 2437 3119 Veniens
2492 3060 2758 3117 Dominus
2813 3061 2883 3115 ad
2934 3059 3202 3130 judicium
3259 3059 3347 3116 vel
3400 3059 3466 3117 ad
3520 3059 3787 3133 quotidia-

2197 3167 2323 3207 nam
2356 3149 2718 3207 visitationem
2767 3148 3034 3206 Ecclesias
3053 3149 3301 3220 praecipit
3318 3148 3611 3205 ascendere
3631 3165 3784 3221 quem

2197 3248 2377 3323 magis
2424 3246 2694 3302 invenerit
2748 3262 2809 3302 se
2852 3245 3162 3301 humiliare.
3223 3246 3378 3302 Unde
3406 3244 3571 3299 illud:
3603 3267 3624 3295 ι
3660 3244 3785 3315 Qui-

2199 3352 2414 3410 cunque
2444 3336 2814 3391 humiliaverit
2864 3351 2924 3391 se
2966 3336 3103 3390 sicut
3144 3334 3421 3407 parvulus,
3479 3335 3567 3390 hic
3621 3336 3787 3404 major

2201 3435 2283 3483 est
2337 3428 2394 3481 in
2452 3441 2623 3498 regno
2657 3426 2926 3482 cmlorum
2986 3424 3206 3493 (Matth.
3268 3426 3449 3494 xvm).
3494 3447 3516 3473 ι
3571 3424 3785 3479 Pulchre

2199 3525 2401 3581 dicitur
2433 3542 2448 3579 :
2495 3546 2518 3575 ι
2545 3524 2696 3580 Tunc
2727 3522 2831 3579 erit
2862 3523 2955 3577 tibi
2986 3520 3188 3595 gloria,
3225 3545 3247 3570 π
3281 3538 3350 3577 ne
3380 3538 3522 3577 nunc
3550 3522 3618 3576 ad
3668 3521 3783 3592 ple-

2201 3631 2328 3671 num
2360 3613 2495 3669 velis
2527 3611 2774 3685 recipere
2807 3612 2949 3684 quod
3009 3610 3105 3665 tibi
3145 3618 3387 3667 servatur
3414 3611 3468 3665 in
3498 3608 3623 3666 ﬁne.
3656 3611 3785 3666 Hinc

2204 3704 2460 3759 Salomon
2491 3702 2563 3757 ait
2598 3718 2612 3755 :
2675 3725 2697 3750 α
2744 3699 3043 3758 Haereditas
3096 3700 3165 3755 ad
3206 3716 3367 3773 quam
3397 3698 3680 3755 festinatur
3734 3700 3783 3754 in

2204 3801 2474 3875 principio
2530 3800 2586 3856 in
2614 3799 2913 3856 novissimo
2942 3798 3325 3854 benedictione
3352 3797 3559 3854 carebit
3605 3798 3780 3865 (Prov.

2204 3892 2327 3961 xx).
2374 3914 2395 3939 η
2429 3890 2493 3944 In
2539 3889 2642 3945 hac
2689 3888 2854 3945 etiam
2899 3888 3038 3967 vita.
3067 3886 3287 3943 humilis
3343 3886 3668 3941 sublimatur
3733 3887 3783 3941 in

2203 3980 2453 4036 Ecclesia
2523 3977 2595 4035 ad
2648 3976 2863 4048 majora
2921 3976 3068 4033 dona
3107 3976 3284 4032 sancti
3336 3974 3565 4048 Spiritus
3615 3976 3781 4048 impe-

2202 4079 2421 4137 tranda.

2282 4193 2303 4219 α
2352 4167 2494 4238 Quia
2525 4167 2706 4222 omnis
2736 4163 2828 4239 qui
2858 4180 2918 4220 se
2949 4162 3151 4220 exaltat
3177 4161 3572 4229 humiliahitur,
3619 4169 3670 4219 et
3698 4162 3781 4235 qui

2202 4276 2263 4316 se
2321 4252 2570 4314 humiliat
2599 4253 2949 4311 exaltabitur.
2991 4276 3012 4301 η
3046 4252 3149 4323 Qui
3181 4268 3240 4308 se
3296 4251 3508 4310 incaute
3528 4253 3596 4308 de
3622 4252 3779 4309 meri-

2204 4359 2270 4413 tis
2298 4355 2519 4422 allevat,
2550 4352 2922 4409 humiliahitur
2951 4367 2986 4407 a
3042 4350 3296 4419 Domino,
3321 4358 3375 4405 et
3401 4350 3448 4405 si
3473 4366 3581 4406 non
3610 4366 3780 4406 coram

2200 4446 2517 4503 hominibus
2544 4463 2558 4513 ;
2586 4450 2639 4499 et
2668 4442 2758 4515 qui
2780 4440 3008 4514 provide
3038 4456 3098 4497 se
3127 4440 3196 4496 de
3218 4438 3513 4496 benefactis
3530 4439 3778 4509 humiliat,

2203 4536 2528 4593 exaltabitnr
2555 4533 2623 4588 ab
2654 4548 2740 4588 eo.

2557 4632 2633 4688 Dc
2663 4630 2910 4689 avaritia
2940 4632 2999 4685 et
3027 4628 3149 4702 ejus
3179 4628 3443 4685 remedio.

2206 4714 2209 4717 θ
2273 4732 2510 4791 Avaritia
2538 4728 2726 4786 multis
2779 4737 2833 4783 et
2861 4726 3227 4783 ineﬂ‘abilibus
3277 4726 3454 4783 modis
3500 4725 3777 4781 humanum

2204 4841 2379 4898 genus
2416 4831 2657 4878 atterens
2695 4826 2749 4877 ct
2786 4816 3074 4883 infestans,
3136 4826 3188 4872 et
3260 4815 3381 4887 ipsa
3425 4816 3493 4871 de
3540 4815 3776 4886 superbia

2204 4923 2437 4998 quodam
2479 4917 2641 4976 modo
2675 4915 2953 4989 originem
3009 4914 3250 4981 trahens,
3297 4918 3531 4970 mentem
3560 4912 3778 4969 hominis

2204 5012 2388 5078 allicit,
2420 5018 2479 5066 ut
2509 5006 2793 5065 exteriora
2844 5012 2897 5061 et
2948 5002 3179 5061 visibilis
3236 5001 3377 5060 bona
3438 5000 3556 5058 sola
3590 5000 3777 5072 diligat,

2204 5101 2573 5174 concupiscat,
2632 5104 2687 5153 et
2741 5110 2807 5151 ea
2836 5108 3055 5151 summa
3083 5091 3291 5159 credat,
3353 5106 3417 5147 ac
3445 5090 3604 5147 variis
3653 5090 3778 5148 curis

2123 5228 2179 5293 D
2208 5200 2278 5258 ad
2324 5214 2389 5256 ea
2460 5193 2815 5293 acquirenda,
2853 5188 3283 5293 multiplicandis
3339 5187 3779 5293 custodiendaque

2208 5289 2460 5347 animum
2493 5294 2547 5342 et
2569 5283 2796 5341 labores
2849 5278 3156 5352 impendat.
3217 5276 3521 5335 Nonnullos
3546 5276 3686 5333 enim
3718 5275 3778 5330 ita

2205 5376 2481 5437 desiderio
2510 5389 2699 5432 eorum
2731 5369 2855 5429 facit
2883 5368 3272 5436 exardescere,
3300 5375 3358 5423 ut
3404 5381 3468 5423 ea
3497 5365 3655 5424 etiam
3696 5380 3778 5437 per

2206 5478 2387 5537 scelus
2412 5473 2698 5549 acquirere
2730 5469 2819 5527 vel
2847 5467 3150 5534 vindicare,
3179 5481 3291 5523 non
3335 5464 3584 5523 timentes
3631 5463 3773 5528 bella,

2206 5566 2523 5634 homicidia,
2579 5560 2824 5633 rapinas,
2854 5557 3167 5622 violentias,
3214 5554 3449 5627 przedas,
3480 5552 3772 5625 sacrilegia,

2207 5660 2360 5726 furta,
2396 5655 2527 5712 falsa
2558 5648 2888 5713 testimonia,
2920 5646 3183 5719 perjuria,
3212 5643 3461 5711 fraudes,
3494 5641 3771 5708 mendacia,

2204 5756 2352 5820 lites,
2412 5752 2581 5818 rixas,
2614 5745 3009 5820 oppressiones
3057 5756 3277 5799 suorum
3306 5739 3392 5796 vel
3437 5738 3774 5815 quorumlibet

2204 5844 2549 5908 inferiorum,
2564 5834 3006 5901 inhumanitates,
3047 5831 3351 5903 primorum
3374 5829 3709 5902 deceptiones
3732 5834 3775 5885 et

2206 5927 2634 6001 aliahuiusmodi
2651 5924 2720 5983 ad
2742 5923 3026 5982 lacsionem
3050 5918 3291 5995 proximi
3310 5934 3409 5976 seu
3431 5923 3772 5989 contemptum
