3972 6408
190 448 345 501 1165

1182 454 1760 507 υΕΗλυιίΑἹῚλῇῂῒ)
1802 458 1904 507 SS.
1958 456 2251 509 PAl'HL'M.
2282 486 2353 495 ——
2389 458 2516 510 ΜΒ.
2560 462 2628 512 ll.

3404 471 3534 523 1166

189 570 297 624 Dei
365 574 725 643 pertinentia
779 590 1026 629 exercere
1074 592 1182 629 non
1226 576 1627 644 pertimescant.
1693 578 1837 631 Alios
1865 579 1918 637 Α
1949 594 2145 642 rerum,
2180 579 2345 648 ipsius
2375 596 2588 650 quoque
2606 582 2729 637 vitae
2760 590 2953 640 nostra:
3000 585 3318 643 brevitatem
3348 596 3400 644 et
3426 591 3534 645 du-

184 675 355 725 vero,
394 679 558 730 quos
589 663 657 717 ad
710 670 817 717 tam
871 665 1128 718 scelerata
1180 665 1433 719 seducere
1481 682 1586 719 non
1643 674 1832 735 potest,

182 754 388 803 tamen
425 753 617 823 turpis
648 752 783 805 lucri
838 753 1064 822 cupidos
1120 761 1171 807 et
1225 753 1551 807 insatiabiles
1580 752 1832 823 eﬂiciens,

175 862 271 899 res
296 864 441 901 suas
479 850 666 904 usuris
696 858 745 902 et
777 849 1052 904 fenoribus
1109 851 1485 921 multiplicare,
1544 851 1835 906 mercimo-

174 934 292 988 niis
322 952 455 992 non
504 938 685 1008 aequis
712 938 918 1009 jugiter
946 939 1215 1001 insudare
1248 954 1437 993 omnes
1465 955 1637 1007 curas,
1678 940 1834 994 labo-

170 1038 269 1078 res
303 1033 368 1079 et
402 1026 803 1091 intentionem.
823 1028 1103 1096 ipsamque
1133 1027 1298 1083 vitam
1329 1043 1479 1081 suam
1509 1043 1604 1097 spe
1652 1035 1704 1083 et
1730 1043 1832 1098 ap-

178 1122 373 1191 petitu
422 1123 870 1194 multiplicandis
892 1124 968 1177 rei
1000 1124 1285 1179 familiaris
1328 1124 1661 1193 impendere,
1696 1140 1834 1195 qua-

174 1210 225 1263 si
261 1210 513 1281 absque
553 1212 785 1283 proximi
836 1212 1075 1281 laesione,
1100 1220 1151 1266 et
1181 1212 1301 1268 ideo
1332 1212 1494 1267 etiam
1524 1212 1688 1269 veluti
1719 1213 1834 1268 sine

176 1306 442 1368 peccato
484 1300 728 1372 instigat.
762 1301 910 1355 Alios
949 1301 1041 1370 qui
1101 1301 1264 1356 etiam
1316 1301 1370 1354 in
1399 1301 1499 1355 hac
1527 1307 1679 1373 parte
1705 1317 1833 1356 sua-

177 1396 348 1452 denti
414 1399 701 1467 resistunt,
771 1415 879 1454 non
934 1398 1108 1455 adhuc
1170 1399 1438 1467 deserens,
1486 1400 1727 1471 suggerit
1777 1407 1837 1454 ut

177 1485 338 1556 ipsa,
381 1503 526 1557 quae
555 1486 699 1543 dono
730 1487 850 1553 Dei,
875 1488 1188 1543 haereditate
1219 1495 1309 1543 aut
1337 1487 1565 1558 alicujus
1591 1488 1834 1543 liberali-

179 1582 303 1631 tate
378 1577 627 1632 honeste
682 1585 734 1631 et
804 1577 920 1632 sine
987 1584 1208 1648 peccato
1264 1584 1485 1647 accepta
1540 1578 1832 1648 possident,

182 1666 478 1734 quamvis
508 1665 866 1735 multiplicare
921 1681 1019 1737 per
1065 1664 1281 1735 aliquod
1312 1672 1589 1734 peccatum
1618 1666 1704 1721 vel
1731 1681 1833 1721 au-

182 1777 337 1834 gere
361 1779 493 1819 non
524 1770 801 1835 appetant,
859 1769 1037 1818 tamen
1068 1762 1193 1832 plus
1234 1762 1381 1831 justo
1415 1762 1661 1835 diligant,
1692 1770 1745 1818 et
1779 1763 1836 1818 in

184 1852 279 1905 eis
314 1851 584 1908 fruendis
636 1868 789 1923 spem
845 1867 1019 1916 suam,
1052 1858 1106 1907 et
1131 1852 1543 1907 delectationem
1585 1852 1835 1908 consola-

1942 667 2193 748 bietatem
2225 667 2608 737 demonstrant,
2657 672 2785 725 dum
2843 682 3045 729 natura:
3090 678 3317 745 paucula
3346 687 3533 748 postu-

1943 746 2119 813 lantis,
2180 755 2230 801 et
2279 748 2424 804 victu
2487 756 2692 804 tantum
2749 754 3069 822 vestituque,
3104 757 3265 825 juxta
3301 746 3536 826 Aposto-

1941 846 2050 899 lum
2094 845 2149 914 (I
2189 848 2331 902 Tim.
2370 850 2467 916 vi),
2498 857 2760 905 contenta:
2790 852 3217 908 mediocritatem
3264 856 3532 920 intimant.

1942 934 2057 1003 pias
2085 942 2291 989 mentes
2323 936 2480 992 facile
2536 938 2826 1006 adducunt,
2875 957 2943 995 ne
2972 957 3072 1012 pro
3102 943 3189 997 vili
3223 943 3455 1017 incoepta
3485 956 3539 1003 et

1941 1022 2208 1092 superflua
2251 1026 2489 1094 qualibet
2531 1042 2609 1092 re,
2659 1043 2825 1099 grave
2872 1038 3079 1085 certum
3135 1037 3189 1086 et
3222 1032 3533 1092 damnabile

1943 1119 2160 1188 aliquod
2216 1121 2418 1176 crimen
2492 1138 2585 1177 seu
2643 1133 2923 1195 peccatum
2980 1128 3327 1199 incurrentes,
3385 1132 3533 1201 juste

1942 1206 2234 1263 damnandi
2290 1209 2595 1267 divinorum
2656 1220 3073 1287 transgressores
3134 1228 3529 1291 praeceptorum

1941 1295 2090 1351 fiant.
2114 1295 2248 1365 Qum
2276 1300 2438 1353 etiam
2489 1300 2617 1355 dum
2664 1303 2973 1359 stultissima
3004 1320 3121 1361 esse
3147 1306 3444 1377 docuerint,
3476 1319 3534 1366 ut

1940 1384 2290 1440 intentionem
2317 1396 2575 1455 nostram,
2616 1406 2791 1459 curas,
2818 1392 2992 1448 studia
3027 1395 3261 1463 servitia,
3294 1396 3526 1469 labores,

1944 1473 2137 1542 quibus
2174 1475 2337 1529 etiam
2387 1477 2566 1531 minus
2591 1478 2868 1550 impensis,
2897 1490 3150 1538 eternam
3186 1484 3418 1556 gloriam
3447 1488 3531 1543 di-

1942 1562 2207 1632 vitiasque
2266 1566 2516 1635 perennis
2544 1567 2669 1623 vita)
2709 1572 3005 1637 promereri
3040 1572 3415 1642 potuissemus,
3437 1592 3538 1647 pro

1940 1660 2157 1717 caducis
2195 1669 2247 1716 et
2288 1662 2559 1721 fumaticae
2610 1666 2687 1720 rei
2744 1683 2885 1723 vana
2912 1684 3006 1739 spe
3043 1668 3308 1725 incassum
3337 1673 3536 1743 perda-

1941 1763 2063 1803 mus
2094 1766 2107 1803 :
2142 1749 2404 1820 profecto,
2437 1752 2481 1805 si
2519 1753 2753 1823 sapiens,
2785 1756 2962 1810 minus
2990 1772 3089 1826 pro
3126 1758 3210 1812 his
3237 1774 3537 1817 vanescen-

1944 1836 2084 1891 tibus
2111 1838 2270 1910 nugis
2300 1840 2532 1911 amplius
2580 1857 2741 1911 quam
2771 1857 2869 1913 pro
2913 1847 3349 1915 permanantibus
3376 1848 3538 1908 bonis

189 1940 547 2012 tionemque
573 1948 779 2011 ponant
810 1953 824 2009 ;
854 1940 940 1995 vel
970 1940 1024 1994 in
1061 1955 1248 1996 eorum
1278 1940 1635 2010 qualicunque
1664 1941 1832 1996 amis-
1860 1932 1918 1993 B
1944 1941 2189 2006 satagere
2245 1943 2298 1990 et
2351 1938 2553 1993 servire
2603 1938 2959 2008 studebimus,
3017 1944 3255 1999 maxime
3275 1960 3397 2000 cum
3422 1947 3537 2017 ipse

188 2037 370 2094 sione
440 2055 537 2093 seu
593 2036 947 2093 diminutione
1005 2038 1124 2109 plus
1179 2052 1335 2107 aequo
1365 2037 1633 2092 tristentur
1653 2043 1705 2092 et
1732 2037 1836 2093 do-

190 2126 411 2195 leant;
449 2127 538 2183 vel
568 2127 623 2181 in
653 2142 840 2182 eorum
871 2126 1219 2195 repositione,
1253 2132 1345 2180 aut
1364 2126 1417 2180 in
1447 2134 1717 2198 posterum
1743 2141 1836 2182 re-

194 2216 545 2271 servatione
603 2216 765 2269 nimis
827 2222 1043 2271 tenaces
1083 2214 1225 2270 cauti
1285 2215 1541 2284 parcique
1592 2215 1837 2278 custodes

197 2312 610 2385 indigentibus
648 2327 712 2367 ea
768 2310 1028 2383 proximis
1065 2311 1249 2383 largiri
1305 2326 1403 2380 pro
1452 2309 1702 2368 facultate
1742 2328 1840 2367 sua

199 2408 498 2469 renuant;
541 2401 627 2455 vel
658 2402 810 2470 quasi
867 2400 966 2456 sub
1012 2400 1192 2471 specie
1231 2400 1550 2471 frugalitatis
1578 2408 1628 2455 et
1656 2401 1836 2470 parci-

196 2491 449 2556 monise,
506 2490 744 2562 fugaque
801 2489 1092 2553 efi’usionis,
1146 2488 1340 2559 opibus
1386 2489 1523 2545 adeo
1568 2490 1638 2545 ad
1683 2505 1836 2544 usum

213 2588 605 2644 necessarium
638 2595 747 2643 tam
777 2588 858 2641 sui
914 2602 1073 2657 quam
1126 2588 1495 2658 proximorum
1548 2588 1835 2650 concessis,

215 2678 395 2747 quasi
455 2678 623 2750 sacris
682 2685 739 2734 et
787 2692 897 2733 non
953 2676 1236 2748 tangendis
1282 2683 1538 2746 parcant;
1585 2678 1669 2731 vel
1695 2684 1836 2732 certe

207 2766 474 2824 futuram
528 2766 771 2835 inopiam
827 2773 1012 2822 contra
1075 2773 1403 2837 praeceptum
1454 2765 1675 2820 Domini
1717 2766 1837 2834 plus

208 2884 396 2939 quam
428 2880 651 2919 necesse
679 2870 760 2918 est
789 2862 1156 2926 formidantes.
1190 2870 1244 2918 et
1279 2862 1348 2918 de
1393 2863 1643 2931 crastino,
1672 2862 1730 2916 id
1757 2871 1838 2918 est

216 2960 420 3015 futuro
474 2963 719 3025 tempore
801 2952 1028 3008 sollicite
1099 2958 1154 3007 et
1213 2950 1477 3022 superﬂue
1540 2952 1836 3023 cogitantes

214 3047 463 3120 (Matth.
494 3044 595 3113 vi),
652 3040 1101 3112 promissionibus
1151 3040 1269 3110 ejus
1315 3039 1510 3112 quibus
1536 3040 1834 3097 necessaria

214 3144 505 3218 pollicitus
558 3148 640 3195 est
693 3137 954 3196 increduli
1000 3138 1089 3193 vel
1142 3136 1450 3193 difﬁdentes
1502 3145 1821 3209 appareant.

210 3235 386 3303 Ipsos
441 3242 656 3301 quoque
712 3226 802 3296 qui
865 3226 1151 3281 consilium
1199 3224 1417 3280 Domini
1476 3226 1627 3295 quasi
1662 3226 1832 3283 secuti

1944 2022 2207 2078 Dominus
2234 2024 2378 2081 dicat
2409 2044 2420 2080 :
2460 2048 2483 2076 κ
2511 2027 2633 2085 Non
2662 2028 2882 2099 potestis
2934 2029 3049 2085 Deo
3078 2031 3277 2087 servire
3305 2041 3358 2089 et
3380 2049 3541 2091 nam-

1944 2125 2124 2167 monai
2151 2112 2308 2182 (Luc.
2340 2113 2476 2184 xvi),
2504 2136 2527 2162 »ι
2562 2121 2617 2170 et
2642 2130 2766 2171 cum
2785 2116 3061 2187 Scriptura
3111 2119 3303 2176 iterum
3349 2123 3493 2179 dicat
3523 2144 3536 2180 :

1953 2230 1976 2256 α
2008 2208 2111 2278 Qui
2140 2218 2287 2265 amat
2315 2212 2586 2283 pecunias,
2633 2214 2833 2270 fructus
2866 2231 2976 2270 non
3004 2217 3183 2288 capiet
3211 2235 3279 2273 ex
3308 2220 3388 2275 eis
3415 2222 3541 2291 (Ec-

1945 2298 2050 2353 cle.
2081 2297 2158 2369 v).
2193 2322 2216 2347 »
2250 2301 2319 2354 Et
2346 2302 2534 2355 iterum
2570 2319 2582 2356 :
2623 2324 2645 2350 α
2685 2304 2861 2358 Avaro
2890 2304 3023 2358 nihil
3052 2314 3133 2360 est
3151 2307 3539 2376 scelestius,ni-

1946 2385 2132 2457 hilque
2161 2387 2394 2457 iniquius
2424 2406 2584 2458 quam
2616 2406 2797 2446 amare
2846 2393 3128 2463 pecuniam
3162 2396 3365 2462 (Eccli.
3395 2400 3475 2469 x),
3512 2422 3534 2449 ιι

1947 2476 2272 2545 etquoniam
2310 2500 2332 2527 α
2364 2479 2512 2534 avari
2550 2486 2603 2534 et
2648 2495 2871 2552 rapaces
2897 2498 3126 2553 regnum
3157 2484 3254 2539 Dei
3282 2501 3391 2540 non
3420 2503 3542 2557 pos-

1947 2572 2197 2628 sidebunt
2226 2577 2275 2641 (ι
2305 2578 2432 2632 Cor.
2480 2578 2599 2646 vi);
2637 2600 2659 2625 ι»
2694 2586 2748 2633 et
2779 2597 2790 2634 :
2824 2600 2847 2627 ε
2881 2579 2975 2635 Vas
3002 2580 3160 2636 vobis
3186 2580 3541 2653 divitibusqui

1945 2662 2153 2717 habetis
2181 2666 2601 2721 consolationem
2635 2674 2865 2724 vestram
2914 2670 3068 2735 (Luc.
3098 2670 3177 2740 γι)
3210 2672 3222 2723 1
3259 2693 3279 2718 η
3310 2672 3381 2726 Et
3411 2689 3535 2728 cum

1945 2750 2072 2823 ipsis
2091 2752 2477 2810 inculcantibus
2505 2753 2672 2811 fixum
2697 2756 2858 2812 corde
2893 2764 3135 2814 tenemus
3164 2759 3308 2831 quod
3338 2762 3535 2831 quasli-

1940 2850 2034 2908 bet
2058 2850 2205 2908 bona
2233 2853 2390 2910 nobis
2416 2870 2449 2910 a
2467 2854 2580 2911 Deo
2600 2871 2699 2924 pro
2720 2873 2879 2912 usura
2893 2857 2947 2914 in
2968 2859 3219 2930 praesenti
3240 2877 3548 2918 accommo-

1942 2940 2089 3008 data,
2120 2957 2230 2998 non
2278 2949 2338 2999 ut
2372 2958 2535 3000 avare
2579 2945 2937 3003 recondamus
2989 2948 3318 3019 accepimus,
3349 2951 3443 3007 sed
3471 2959 3536 3006 ut

1940 3029 2253 3089 necessariis
2322 3031 2508 3088 usibus
2570 3034 2766 3090 nostris
2826 3035 3098 3107 superflua
3164 3037 3534 3111 indigentibus

1939 3128 2202 3199 proximis
2272 3128 2502 3187 ﬁdeliter
2554 3130 2954 3189 distribuamus.
3012 3134 3222 3205 ipsique
3294 3136 3528 3203 Domino

1939 3214 2066 3272 inde
2114 3219 2321 3275 servire
2348 3226 2676 3291 satagamus,
2734 3220 3012 3289 nimirum,
3059 3223 3197 3279 sicut
3221 3223 3531 3296 ipsejussit,

217 3281 621 3388 cii—@3211;
669 3281 968 3386 pdssident,
1018 3313 1397 3370 abrenuntiare
1435 3281 1684 3370 videntur
1715 3281 1830 3370 im;
1856 3281 1910 3345 α
1936 3306 2305 3363 necessitatem
2363 3308 2737 3377 proximorum
2790 3317 3028 3367 nostram
3091 3281 3416 3382 reputantes.
3473 3320 3535 3368 ut

218 3411 408 3485 pellit,
449 3414 511 3464 ut
561 3413 654 3462 aut
696 3412 905 3477 partem
951 3403 1053 3460 sibi
1082 3402 1397 3475 imperfecte
1434 3403 1830 3461 abrenuntiates

216 3508 519 3573 retineant,
557 3510 650 3558 aut
676 3516 742 3557 ea
779 3516 901 3571 quia
926 3516 1144 3571 prorsus
1196 3500 1509 3556 dimiserant
1535 3499 1712 3557 denuo
1738 3517 1830 3557 ve-

220 3613 367 3654 sana
412 3592 683 3664 apostasia
727 3590 1127 3661 concupiscant,
1169 3597 1261 3645 aut
1313 3597 1457 3645 certe
1485 3589 1640 3659 plura
1668 3605 1825 3659 quam

214 3687 316 3743 vel
347 3685 496 3757 prius
542 3680 843 3737 habuerant
871 3677 1137 3734 affectent.
1186 3678 1334 3734 Alios
1354 3678 1423 3733 ad
1460 3679 1562 3735 hoc
1590 3677 1825 3747 adducit,

212 3793 282 3841 ut
313 3782 414 3838 sub
442 3780 664 3836 obtentu
723 3775 896 3831 relicti
950 3775 1131 3832 seculi
1184 3775 1270 3830 vel
1319 3775 1499 3847 specie
1526 3775 1822 3847 religionis,

214 3873 315 3932 vel
370 3868 655 3927 occasione
710 3865 1055 3922 ecclesiastici
1110 3863 1332 3931 ordinis,
1384 3865 1474 3921 vel
1535 3866 1824 3920 multorum

217 3966 625 4046 procurationis
692 3965 779 4021 vel
843 3963 1306 4033 eleemosynarum
1362 3962 1682 4035 largitionis,
1739 3962 1825 4019 vel

215 4060 452 4128 alicujus
500 4054 713 4111 mdificii
779 4052 848 4108 ad
903 4052 1055 4122 pium
1108 4052 1309 4106 cultum
1351 4051 1686 4121 pertinentis,
1720 4050 1820 4121 ipsi

212 4148 425 4207 divitiis
450 4142 766 4215 locupletari
797 4148 1072 4212 appetant.

288 4246 538 4325 Denique
568 4248 832 4322 cupiditas
867 4254 1028 4317 atque
1054 4244 1308 4318 superbia
1334 4246 1390 4301 in
1420 4253 1623 4301 tantum
1654 4263 1818 4300 unum

215 4353 345 4404 sunt
398 4342 627 4405 malum,
685 4346 745 4393 ut
798 4353 897 4392 nec
953 4337 1216 4407 superbus
1243 4336 1355 4390 sine
1383 4334 1690 4405 cupiditate,
1720 4350 1821 4390 nec

217 4436 339 4491 sine
367 4428 623 4503 superbia
671 4426 843 4497 possit
870 4424 1099 4480 inveniri
1138 4422 1388 4495 cupidus.
1442 4423 1499 4478 Si
1538 4422 1682 4477 enim
1712 4423 1818 4478 ali-

219 4530 368 4605 quod
407 4534 686 4600 peccatum
726 4531 1037 4597 perpetrare
1101 4536 1210 4577 non
1268 4536 1507 4591 possum,
1551 4520 1654 4575 nisi
1681 4536 1819 4577 mese

1935 3391 2118 3450 fideles
2183 3395 2577 3466 dispensatores
2640 3414 2709 3453 cx
2764 3399 3068 3454 communis
3115 3400 3335 3457 Domini
3369 3401 3527 3458 donis

1934 3490 2030 3559 eis,
2059 3500 2119 3547 ut
2145 3509 2445 3564 possumus,
2487 3510 2648 3565 opem
2706 3494 2946 3563 ferimus,
3006 3496 3191 3567 eisque
3235 3499 3413 3570 potius
3432 3515 3530 3555 sua

1935 3604 2002 3643 ex
2058 3588 2243 3646 debito
2294 3590 2571 3647 reddimus
2607 3608 2769 3661 quam
2796 3598 2978 3648 nostra
3030 3594 3337 3665 tribuimus,
3395 3597 3524 3666 quia

1932 3676 1977 3731 si
2025 3677 2130 3736 hoc
2186 3679 2403 3750 quidem
2451 3695 2559 3736 non
2618 3680 2921 3749 fecerimus,
2974 3698 3086 3739 non
3111 3691 3169 3739 ut
3195 3684 3532 3755 propriarum

1931 3791 2111 3831 rerum
2156 3778 2299 3833 cauti
2351 3785 2774 3848 conservatores,
2822 3777 2920 3834 sed
2937 3787 2996 3835 ut
3027 3780 3322 3837 alienarum
3352 3783 3521 3855 iniqui

1933 3863 2266 3921 fraudatores
2314 3874 2366 3923 et
2418 3867 2642 3923 violenti
2696 3872 2941 3938 raptores
2998 3884 3065 3926 ex
3102 3869 3286 3927 divino
3317 3870 3525 3939 judicio

1924 3952 2086 4022 justas
2116 3954 2304 4011 ultioni
2333 3954 2755 4025 subjacebimus.
2801 3958 2939 4027 Ipsm
2968 3973 3182 4028 quoque
3212 3959 3535 4030 persuadent

1930 4050 2315 4121 perniciosiora
2374 4060 2429 4107 et
2455 4070 2488 4108 a
2514 4053 2768 4109 remediis
2815 4054 3196 4127 longinquiora
3224 4073 3338 4113 esse
3380 4058 3527 4127 vitia,

1929 4155 2050 4209 quae
2076 4141 2177 4197 sub
2214 4142 2397 4212 specie
2450 4143 2705 4198 virtutum
2754 4151 3056 4216 emergunt,
3088 4161 3249 4215 quam
3288 4146 3382 4202 illa
3406 4163 3528 4217 quae

1926 4244 1997 4283 ex
2025 4236 2210 4300 aperto
2239 4238 2438 4286 exeunt
2493 4248 2592 4302 pro
2639 4231 2839 4287 carnali
2864 4232 3161 4304 voluptate.
3191 4234 3259 4291 Hi
3294 4250 3527 4307 namque

1925 4325 2073 4383 velut
2126 4327 2309 4395 palam
2366 4327 2602 4397 expositi
2652 4344 2717 4385 ac
2772 4328 3046 4385 manifesti
3100 4330 3411 4405 languores,
3472 4342 3525 4390 et

1925 4422 2221 4487 arguuntur
2237 4416 2485 4472 cominus
2513 4423 2566 4472 et
2583 4424 2859 4473 sanantur.

1995 4520 2133 4576 Illud
2180 4536 2416 4593 namque
2463 4522 2621 4578 valde
2675 4522 3023 4579 ridiculosum
3082 4533 3163 4582 est
3207 4528 3351 4598 quod
3391 4546 3524 4587 non-

220 4613 567 4678 delectationi
623 4612 951 4670 consentiam
999 4610 1168 4681 (quod
1221 4609 1526 4680 cupiditatis
1565 4616 1649 4703 est
1682 4625 1814 4681 pro-
1842 4609 2058 4703 Drnulli
2104 4618 2228 4703 post
2280 4611 2431 4703 illum
2479 4611 2669 4703 prima
2725 4611 3209 4703 abrenuntiationis
3252 4617 3519 4688 ardorem,

224 4706 450 4783 prium),
481 4711 536 4760 et
585 4703 683 4758 Dei
739 4706 1008 4773 precepts
1032 4704 1377 4754 contemnam
1416 4697 1584 4767 (quod
1612 4706 1694 4754 est
1716 4715 1812 4753 su-

217 4805 428 4880 perbise
458 4800 706 4870 malum),
766 4795 1038 4868 quomodo
1093 4811 1201 4851 non
1242 4812 1308 4849 ex
1353 4796 1660 4865 cupiditate,
1694 4812 1813 4867 qua:

219 4912 303 4961 est
338 4900 498 4956 radix
554 4897 821 4952 malorum
879 4893 1119 4950 omnium
1167 4893 1217 4963 (I
1244 4894 1381 4948 Tim.
1414 4894 1509 4963 vi),
1541 4902 1593 4947 et
1620 4910 1687 4948 ex
1716 4910 1810 4951 su-

223 4991 415 5067 perbia
445 5002 564 5058 quae
594 4985 801 5040 initium
833 4982 1008 5039 omnis
1055 4982 1259 5053 peccati
1287 4981 1480 5036 dicitur
1506 4983 1701 5049 (Eccli.
1730 4985 1807 5052 κ),

213 5077 463 5153 procedit
518 5090 681 5130 omne
731 5076 1033 5142 peccatum.
1092 5069 1149 5125 Si
1197 5070 1340 5123 enim
1370 5070 1635 5141 cupiditas
1660 5085 1814 5127 amor

216 5186 297 5235 est
349 5172 638 5245 cujuslibet
690 5168 769 5225 rei
824 5167 1025 5224 illicitae
1068 5167 1155 5225 vel
1208 5181 1361 5222 amor
1409 5167 1643 5223 habendi
1692 5169 1811 5240 plus

217 5282 382 5340 quam
441 5267 669 5336 oportet,
737 5258 945 5313 nullum
1003 5263 1282 5327 peccatum
1338 5255 1453 5311 sine
1520 5256 1809 5327 cupiditate

216 5360 588 5422 committitur.
621 5354 764 5426 Quid
794 5369 922 5409 Vero
962 5353 1173 5409 avarius
1211 5359 1289 5407 est
1317 5352 1409 5408 illo
1440 5354 1522 5409 cui
1552 5369 1660 5409 non
1688 5356 1806 5410 suf-

216 5452 327 5509 ﬁcit
355 5451 521 5513 Deus,
554 5453 608 5502 et
639 5446 728 5515 qui
757 5443 903 5499 bono
932 5441 1180 5497 universo
1202 5442 1320 5513 plus
1350 5444 1577 5514 appetit.

281 5558 552 5614 Adversus
622 5554 762 5606 hanc
823 5549 986 5621 igitur
1032 5546 1246 5613 furiam,
1301 5547 1384 5602 his
1439 5558 1492 5603 et
1544 5548 1809 5604 similibus

211 5646 459 5707 versutiis
497 5647 777 5702 armatam,
839 5633 1087 5703 charitas,
1137 5634 1525 5711 misericordia,
1566 5638 1803 5709 largitas,

208 5734 536 5807 benignitas,
606 5732 941 5794 contemptus
1022 5723 1347 5787 divitiarum,
1409 5733 1461 5780 et
1509 5725 1807 5783 voluntaria

206 5835 498 5910 paupertas
529 5831 764 5880 mentem
795 5818 1028 5910 hominis
1055 5816 1347 5910 defendere
1374 5827 1645 5890 parantes,
1676 5821 1804 5910 dum

210 5904 505 5983 vanitatem
571 5919 626 5968 et
687 5905 1116 5967 incertitudinem
1173 5904 1417 5965 omnium
1455 5908 1805 5982 praesentium

1925 4712 2031 4768 quo
2054 4713 2141 4753 res
2170 4698 2464 4755 familiares
2481 4700 2569 4759 vel
2589 4715 2720 4770 opes
2746 4700 3009 4770 plurimas
3034 4717 3099 4757 ac
3125 4703 3387 4761 malitiam
3414 4723 3520 4765 ste-

1917 4793 2023 4848 culi
2086 4794 2433 4865 reliquerunt,
2496 4802 2642 4852 tanto
2689 4796 2865 4852 studio
2916 4796 2970 4850 in
3027 4797 3108 4852 his
3158 4814 3278 4869 quae
3308 4804 3520 4873 penitus

1920 4900 2194 4960 nequeunt
2221 4893 2275 4947 in
2322 4908 2419 4948 suo
2466 4892 2655 4949 ordine
2701 4910 2812 4950 non
2839 4893 3047 4961 haberi,
3080 4898 3328 4965 quamvis
3354 4917 3519 4972 parva

1918 4980 2157 5051 vilisque
2187 4982 2310 5051 sint,
2333 4998 2455 5037 esse
2481 4981 2780 5050 devinctos,
2839 4989 2899 5037 ut
2961 4984 3151 5039 horum
3181 5000 3309 5043 cura
3343 4990 3517 5060 pristi-

1915 5093 2106 5134 narum
2156 5078 2399 5135 omnium
2456 5078 2770 5135 facultatum
2826 5088 3040 5155 superet
3083 5086 3505 5154 possessionem.

1916 5174 2124 5246 Quibus
2152 5175 2393 5247 profecto
2425 5192 2614 5249 parum
2645 5176 2882 5250 proderit
2934 5178 3171 5250 majores
3206 5197 3337 5251 opes
3378 5201 3516 5241 con-

1917 5273 2190 5347 tempisse,
2249 5274 2375 5345 quia
2425 5272 2648 5331 aﬂ'ectus
2694 5291 2880 5332 eorum
2936 5275 3007 5332 ob
3065 5293 3199 5348 quos
3244 5278 3351 5337 illa;
3379 5298 3515 5339 con-

1916 5362 2219 5418 temnendae
2241 5369 2384 5433 sunt,
2419 5362 2475 5419 in
2503 5379 2590 5419 res
2618 5378 2815 5433 parvas
2850 5371 3011 5433 atque
3062 5367 3290 5439 exiguas
3316 5377 3517 5427 trans-

1918 5452 2166 5507 tulerunt.
2224 5450 2364 5506 Nam
2420 5453 2607 5509 vitium
2655 5452 2961 5525 cupiditatis
3017 5461 3071 5510 et
3097 5456 3335 5513 avaritia
3371 5463 3518 5529 quod

1917 5562 2048 5619 erga
2120 5548 2328 5618 species
2416 5549 2677 5618 pretiosas
2749 5564 3002 5605 exercere
3090 5567 3200 5608 non
3272 5567 3513 5627 possunt,

1912 5636 2056 5691 circa
2119 5637 2336 5693 viliores
2398 5638 2651 5693 materias
2711 5638 3003 5694 retinentes
3044 5655 3155 5696 non
3201 5639 3513 5716 abscidisse,

1910 5732 2006 5786 sed
2037 5742 2396 5790 commutasse
2441 5752 2500 5792 se
2528 5736 2757 5807 probant
2793 5736 3075 5806 pristinam
3097 5741 3513 5811 possessionem.

1910 5829 2051 5884 Nam
2102 5831 2269 5887 nimia
2314 5832 2550 5889 devincti
2588 5834 2890 5908 diligentia,
2953 5852 3086 5910 erga
3143 5853 3323 5895 curam
3352 5856 3517 5914 spor-

1882 5915 2072 5989 ‘tellae,
2122 5920 2333 5992 sagelli,
2390 5922 2609 5995 codicis,
2640 5923 2971 5998 aliarumque
3014 5924 3270 5988 similium
3306 5943 3513 6008 rerum,
