3972 6402
516 404 655 462 1167

1659 394 2010 456 WEBNERI
2046 393 2337 457 ΑΒΒΛΤΙΞ
2375 399 2440 459 S.
2486 401 2707 460 BLASII

3688 410 3838 469 1168

515 524 768 598 quamvis
801 521 1201 591 vilissimorum,
1232 521 1425 580 eadem
1481 530 1663 580 tamen
1719 539 1829 596 qua
1862 531 2027 582 antea
2053 522 2117 581 li-
2142 527 2202 589 Α
2232 524 2360 582 tiam
2390 527 2617 601 adeptus
2646 529 2824 602 fuerit,
2854 538 3079 589 caeteros
3105 548 3214 589 non
3258 540 3578 591 contemnat.
3630 536 3835 593 Multos

517 615 705 671 bidine
758 612 1084 669 detinentur.
1160 610 1295 681 Qum
1352 611 1517 668 etiam
1575 619 1725 669 tanta
1778 614 2124 669 aemulatione

516 703 821 760 custodiunt
875 709 1038 772 atque
1093 699 1411 770 defendunt,
1466 709 1525 757 ut
1570 716 1672 774 pro
1710 701 1842 773 ipsis
1870 702 2127 759 adversus

518 803 736 859 fratrem
766 799 1101 857 commoveri
1129 816 1209 866 se,
1241 805 1295 854 et
1335 799 1505 871 (quod
1542 807 1622 855 est
1668 800 1934 872 turpius!)
1961 801 2125 856 etiam

517 891 728 964 litigare
765 904 875 944 non
903 888 1133 958 pudeat.
1171 888 1234 942 In
1282 888 1387 944 hoc
1415 903 1632 960 quoque
1674 889 1757 945 sui
1782 889 1960 945 cordis
1987 906 2126 946 ava-

515 980 695 1037 ritiam
720 978 1029 1050 designant,
1063 992 1186 1033 cum
1245 977 1335 1033 vel
1363 992 1429 1034 ea
1473 978 1669 1050 quibus
1696 978 1771 1034 uti
1798 994 2018 1035 necesse
2046 987 2127 1034 est

516 1075 839 1149 propensius
893 1074 1111 1130 student
1152 1073 1359 1131 habere
1406 1090 1570 1145 quam
1600 1074 1802 1146 caeteri,
1841 1075 1930 1131 vel
1958 1091 2126 1132 exce-

517 1166 704 1222 dentes
731 1163 1033 1236 diligentiae
1065 1162 1289 1219 modum
1322 1163 1649 1236 peculiarius
1676 1180 1745 1221 ea
1772 1165 2130 1236 attentiusque

516 1254 825 1312 custodiunt
868 1260 923 1309 et
965 1252 1037 1309 ab
1081 1252 1311 1309 aliorum
1343 1253 1762 1310 contrectatione
1808 1254 2124 1325 defendunt,

518 1360 639 1416 quin
694 1340 960 1400 universis
1014 1341 1271 1397 fratribus
1323 1341 1589 1398 deberent
1622 1358 1741 1400 esse
1791 1343 2121 1415 communia,

519 1441 672 1514 quasi
726 1455 857 1497 vero
908 1438 1214 1497 differentia
1268 1439 1643 1497 tantummodo
1695 1441 2035 1498 m’etallomm
2073 1448 2127 1497 et

518 1548 629 1588 non
659 1531 780 1601 ipsa
812 1530 992 1603 passio
1022 1529 1331 1601 cupiditatis
1380 1527 1644 1586 habeatur
1668 1530 1724 1585 in
1751 1546 1915 1599 noxa,
1946 1538 2002 1586 et
2024 1546 2127 1601 pro

516 1621 681 1677 rebus
708 1618 927 1690 quidem
958 1618 1174 1691 magnis
1201 1618 1359 1674 irasci
1388 1634 1497 1673 non
1518 1618 1694 1688 liceat,
1720 1636 1817 1691 pro
1847 1620 2127 1676 vilioribus

518 1733 650 1776 vero
674 1719 779 1774 hoc
822 1716 1001 1788 ipsum
1032 1716 1226 1772 fecisse
1252 1715 1368 1771 sine
1396 1717 1557 1788 culpa
1589 1717 1676 1772 sit.
1708 1724 1762 1773 et
1789 1731 1896 1774 non
1925 1716 2124 1774 idcirco

518 1806 868 1879 pretiosiores
896 1804 1259 1877 abjecerimus
1283 1806 1537 1861 materias
1567 1822 1674 1877 quo
1703 1806 1913 1862 facilius
1947 1806 2123 1865 disce-

520 1920 705 1962 remus
730 1902 925 1960 viliora
962 1910 1330 1960 contemnere.
1383 1902 1527 1972 Quid
1572 1904 1716 1959 enim
1744 1902 1923 1961 differt
1947 1912 2125 1961 utrum

521 1994 642 2065 quis
671 1991 1102 2066 pertubationem
1142 1991 1452 2063 cupiditatis
1478 2007 1610 2065 erga
1636 2008 1770 2065 opes
1801 1994 2011 2066 amplas
2038 2001 2125 2051 at-

518 2099 623 2154 que
651 2080 989 2155 magniﬁcas,
1041 2092 1137 2136 seu
1191 2095 1324 2154 erga
1351 2080 1571 2137 viliores
1621 2089 1871 2138 exerceat
1895 2082 2122 2153 species,

520 2180 620 2235 nisi
696 2177 842 2250 quod
914 2177 972 2232 in
1042 2193 1109 2233 eo
1154 2176 1630 2249 reprehensibilior
1668 2177 1995 2250 judicandus
2047 2187 2127 2235 est

519 2268 665 2340 quod
694 2268 823 2322 dum
853 2265 1099 2322 maxima
1126 2266 1335 2336 sprevit
1374 2265 1499 2321 imis
1529 2266 1803 2339 obligetur
1830 2281 1844 2337 ;
1894 2267 2124 2340 ideoque

534 2356 922 2430 perfectionem
969 2356 1149 2412 cordis
1195 2352 1592 2412 abrenuntiatio
1632 2356 1734 2411 ista
1759 2372 1871 2413 non
1897 2358 2124 2422 obtinet.

519 2456 648 2528 quia
674 2471 799 2513 cum
825 2468 1050 2510 censum
1078 2452 1278 2510 habeat
1304 2452 1579 2526 pauperis,
1603 2469 1714 2510 non
1751 2454 1952 2525 abjccit
1976 2454 2123 2513 divi-

523 2546 590 2602 tis
614 2545 969 2604 voluntatem.

806 2653 886 2708 Dc
916 2649 1128 2709 duobus
1157 2650 1455 2722 generibus
1484 2649 1857 2709 humilitatis.

592 2760 711 2818 Duo
736 2765 861 2816 sunt
887 2773 1091 2831 genere
1119 2757 1457 2815 humilitatis.
1480 2758 1719 2814 Primum
1742 2758 1811 2815 ad
1830 2774 2122 2829 se,secun-

472 2866 477 2871 '
521 2849 650 2906 dum
683 2848 752 2904 ad
806 2847 960 2903 alios.
1017 2846 1304 2902 Hnmilitas
1361 2846 1430 2903 ad
1457 2863 1514 2902 se
1563 2855 1643 2902 est
1669 2864 1775 2918 qua
1803 2848 2027 2920 quisque
2054 2846 2124 2905 de

522 2938 813 3009 semetipso
863 2949 1032 3007 parva
1078 2935 1383 3006 existimat;
1443 2936 1718 2992 humilitas
1764 2937 1832 2992 ad
1859 2937 1995 2993 alios
2020 2945 2119 3006 est,

522 3044 629 3099 qua
674 3025 820 3083 bona
873 3026 1089 3081 illorum
1164 3026 1333 3081 homo
1409 3026 1525 3080 sine
1583 3026 1792 3083 invidia
1854 3034 1911 3082 et
1952 3027 2122 3083 livore

520 3122 885 3182 commendat.
964 3123 1067 3178 Per
1154 3122 1386 3194 primam
1461 3122 1817 3179 humilitatem
1891 3138 2121 3195 praeesse

518 3230 629 3271 non
673 3212 860 3284 cupit;
919 3228 1019 3284 per
1055 3210 1350 3267 secundam
1378 3212 1601 3268 subesse
1637 3228 1745 3269 non
1790 3213 2112 3269 contemnit.
2150 3252 2203 3318 Ο

527 3302 817 3363 Humilitas
848 3301 978 3357 facit
1000 3310 1058 3356 ut
1084 3316 1182 3356 sua
1209 3301 1420 3357 occulta
1446 3302 1613 3357 homo
1641 3317 1750 3357 non
1778 3301 2075 3358 abscondat
2105 3318 2120 3374 ;

518 3401 692 3473 pietas
721 3399 850 3455 facit
876 3406 937 3454 ut
989 3397 1166 3453 aliena
1220 3398 1433 3453 occulta
1482 3396 1732 3468 judicare
1784 3413 1892 3455 non
1921 3415 2126 3471 praesu-

520 3498 653 3546 mat.
705 3487 994 3544 Humilitas
1041 3486 1171 3543 facit
1211 3495 1271 3542 ut
1323 3488 1468 3543 mala
1495 3504 1594 3544 sua
1624 3489 1787 3544 homo
1817 3503 1925 3545 non
1952 3504 2123 3545 excu-

517 3588 636 3650 set;
668 3578 842 3651 pietas
868 3577 997 3633 facit
1048 3584 1107 3631 ut
1134 3575 1279 3632 mala
1327 3576 1507 3632 aliena
1537 3592 1645 3633 non
1675 3586 1956 3651 aggravet.
1989 3579 2124 3634 Item

524 3677 800 3733 humilitas
830 3676 958 3731 facit
1012 3683 1071 3730 ut
1113 3690 1236 3745 quze
1288 3675 1344 3729 in
1373 3691 1431 3730 se
1461 3675 1627 3730 latent
1653 3676 1949 3733 secundum
1975 3678 2124 3733 veri-

522 3775 687 3824 tatem
710 3765 957 3837 judicet;
990 3765 1163 3837 pietas
1184 3763 1316 3820 facit
1343 3771 1402 3819 ut
1422 3779 1543 3835 qua
1569 3764 1627 3819 in
1654 3765 1774 3821 aliis
1802 3781 1913 3822 non
1943 3774 2127 3839 patent

518 3857 587 3913 ad
620 3856 903 3913 meliorem
936 3861 1149 3927 partem
1199 3852 1438 3909 inclinet.
1496 3854 1637 3910 Hinc
1673 3863 1754 3910 est
1781 3854 1927 3927 quod
1955 3856 2125 3911 sancti

520 3956 622 4013 viri
651 3955 973 4027 semetipsos
1030 3960 1141 4007 tam
1199 3951 1434 4008 districta
1462 3950 1781 4021 dijudicant,
1825 3961 1878 4010 et
1906 3963 2127 4012 cunctos

519 4046 621 4103 sibi
681 4044 875 4101 merito
935 4040 1347 4114 anteponendos
1401 4048 1608 4113 putant.
1668 4043 1866 4101 Vident
1898 4044 2044 4101 enim
2074 4050 2131 4099 et

520 4151 643 4206 quae
701 4132 990 4189 manifesta
1043 4138 1169 4186 sunt
1221 4145 1319 4185 sua
1369 4136 1425 4185 et
1449 4145 1571 4200 qua:
1600 4130 1847 4203 occulta;
1897 4133 2125 4191 aliorum

526 4232 708 4280 autem
761 4221 1051 4277 manifesta
1108 4227 1341 4276 tantum.
1407 4220 1543 4274 Cum
1600 4219 1781 4292 itaque
1825 4222 1897 4278 de
1939 4223 2129 4280 alienis

526 4319 754 4378 occultis
777 4319 1022 4390 judicare
1052 4333 1160 4373 non
1204 4326 1555 4389 pmsufnant,
1586 4318 1689 4374 nisi
1717 4327 1975 4390 quantum
2003 4322 2128 4393 pie-

527 4417 693 4467 tatem
749 4415 1005 4464 monente
1068 4406 1214 4463 bona
1266 4423 1383 4462 esse
1420 4406 1752 4476 existimant,
1798 4409 1957 4480 plura
2005 4419 2131 4467 sunt

525 4516 646 4571 qua:
676 4498 733 4554 in
759 4514 817 4553 se
846 4495 993 4552 mala
1046 4495 1232 4551 vident
1274 4494 1368 4551 ubi
1416 4504 1470 4552 et
1524 4496 1811 4554 manifesta
1839 4506 1891 4554 et
1917 4500 2128 4556 occulta

2232 616 2337 672 hoc
2364 616 2583 690 decipit,
2614 619 2760 691 quod
2781 629 2909 678 ante
2962 629 3175 692 tempus
3213 622 3479 695 sapientes
3505 623 3677 680 videri
3724 641 3830 682 vo-

2232 704 2367 760 lunt.
2398 706 2538 763 Hinc
2563 724 2799 780 namque
2843 710 2901 765 in
2929 711 3218 782 quemdam
3271 712 3516 768 elationis
3554 721 3831 769 tumorem

2233 812 2611 876 prorumpunt,
2638 814 2697 861 ut
2719 807 2839 878 jam
2865 814 2918 864 et
2954 808 3206 864 simulare
3244 810 3499 881 incipiant
3525 812 3672 881 quod
3720 827 3833 867 non

2232 898 2375 961 sunt,
2440 901 2495 949 et
2557 894 2703 965 quod
2766 904 2890 953 sunt
2952 897 3285 967 erubescere,
3327 915 3496 970 eoque
3533 899 3755 973 longius
3801 917 3835 955 a

2236 980 2505 1051 sapientia
2532 984 2806 1056 recedunt,
2843 1002 2953 1057 quo
2981 1002 3092 1042 non
3131 1003 3249 1043 esse
3274 988 3561 1059 sapientes,
3590 990 3689 1044 sed
3722 1007 3835 1061 pu-

2237 1079 2336 1135 tari
2400 1081 2642 1152 cupiunt.
2684 1083 3001 1153 Cujusmodi
3054 1085 3207 1140 multi
3263 1087 3517 1142 hactenus
3553 1094 3709 1142 erant
3737 1086 3831 1157 qui

2233 1184 2358 1223 cum
2401 1170 2593 1240 primis
2637 1171 2917 1229 elementis
2962 1173 3138 1230 adhuc
3191 1174 3509 1248 indigerent,
3567 1191 3677 1232 non
3726 1176 3832 1230 nisi

2234 1259 2461 1314 summis
2498 1259 2754 1318 interesse
2817 1261 3186 1335 dignarentur,
3243 1271 3295 1319 et
3346 1279 3416 1319 ex
3458 1265 3559 1320 hoc
3612 1265 3831 1320 solum-

2233 1356 2398 1413 modo
2427 1374 2486 1413 se
2516 1375 2748 1432 magnos
2793 1358 2907 1417 ﬁeri
2933 1368 3200 1433 putarent,
3232 1361 3276 1417 si
3306 1378 3623 1435 magnorum
3653 1372 3709 1419 et
3735 1380 3831 1419 sa-

2234 1445 2478 1517 pientum
2536 1448 2624 1505 vel
2668 1448 2865 1522 scripta
2921 1450 3162 1523 legerent
3214 1451 3301 1509 vel
3355 1451 3520 1507 verba
3558 1452 3828 1508 audirent.

2233 1534 2365 1605 Nos,
2398 1535 2666 1608 inquiunt,
2697 1538 2933 1594 vidimus
2976 1539 3099 1597 illos
3133 1557 3147 1606 ;
3179 1556 3279 1596 nos
3317 1540 3387 1595 ab
3417 1540 3520 1595 illis
3547 1541 3781 1615 legimus
3809 1560 3825 1607 ;

2234 1648 2379 1703 saepe
2406 1634 2565 1690 nobis
2619 1635 2698 1691 illi
2745 1636 2893 1707 loqui
2948 1636 3212 1705 solebant,
3263 1638 3337 1693 illi
3383 1640 3595 1707 summi,
3629 1639 3707 1694 illi
3739 1639 3829 1694 fa-

2233 1722 2372 1777 mosi
2401 1733 2777 1796 cognoverunt
2803 1741 2922 1781 nos.
2972 1726 3081 1783 Sed
3110 1727 3313 1782 utinam
3342 1743 3430 1782 me
3459 1743 3616 1783 nemo
3645 1744 3828 1800 agno-

2236 1827 2371 1890 scat,
2403 1828 2457 1876 et
2486 1838 2591 1895 ego
2623 1831 2814 1880 cuncta
2842 1824 3087 1879 noverim
3123 1827 3135 1879 !
3167 1824 3442 1881 Platonem
3471 1825 3685 1895 vidisse,
3716 1842 3828 1882 non

2236 1909 2566 1967 intellexisse
2621 1912 2953 1985 gloriamini.
3013 1914 3152 1969 Puto
3207 1913 3486 1987 indignum
3535 1922 3615 1969 est
3667 1915 3829 1970 vobis

2235 1998 2491 2069 deinceps
2518 2008 2576 2056 ut
2603 2017 2692 2057 me
2747 2000 2996 2057 audiatis.
3054 2003 3178 2058 Non
3233 2018 3336 2076 ego
3363 2019 3481 2059 sum
3528 2003 3697 2073 Plato,
3727 2018 3828 2059 nec

2235 2096 2514 2153 Platonem
2544 2097 2729 2154 videre
2758 2098 2950 2155 merui.
3000 2096 3207 2156 Sufficit
3232 2099 3389 2156 vobis
3416 2100 3587 2172 ipsum
3618 2101 3826 2158 fontem

2234 2185 2593 2258 philosophia
2619 2187 2868 2258 putastis.
2928 2187 3037 2245 Sed
3092 2188 3296 2246 utinam
3342 2189 3519 2245 adhuo
3562 2190 3823 2247 sitiretisl

2234 2276 2350 2331 Rex
2378 2283 2502 2346 post
2548 2291 2712 2333 aurea
2767 2276 2964 2347 pocula
2991 2277 3058 2333 de
3103 2294 3229 2334 vase
3259 2278 3397 2333 bibit
3439 2286 3629 2336 testeo.
3681 2278 3825 2348 Quid

2233 2363 2547 2421 erubescitis
2576 2366 2604 2419 ?
2634 2366 2912 2423 Platonem
2944 2366 3185 2437 audistis,
3229 2365 3459 2424 audiatis
3484 2376 3538 2424 et
3561 2368 3823 2441 Chrysip-

2232 2471 2383 2526 pum.
2414 2455 2476 2509 In
2505 2453 2793 2527 proverbio
2822 2454 3096 2512 dicitur...

2343 2561 2498 2630 Quod
2537 2578 2651 2619 non
2680 2563 2854 2630 nosti,
2877 2561 3143 2635 fortassis
3172 2564 3327 2621 novit
3354 2564 3584 2621 asellus.

2230 2670 2407 2727 Nemo
2464 2676 2544 2725 est
2577 2669 2666 2726 cui
2701 2669 2839 2726 scire
2875 2669 3061 2726 omnia
3113 2670 3298 2726 datam
3333 2671 3419 2740 sit,
3457 2686 3631 2744 neque
3665 2671 3820 2743 quis-

2232 2775 2395 2832 quam
2443 2774 2625 2814 rursus
2677 2758 2765 2816 eui
2827 2757 3032 2829 aliquid
3079 2759 3311 2830 speciale
3360 2776 3394 2815 a
3445 2768 3631 2818 natura
3655 2778 3816 2818 acce—

2234 2851 2377 2922 pisse
2442 2864 2552 2905 non
2607 2847 2918 2920 contigerit.
2967 2847 3205 2903 Prudens
3267 2847 3435 2921 igitur
3482 2850 3647 2905 lector
3689 2865 3815 2906 om-

2232 2964 2329 3004 nes
2383 2946 2613 3002 libenter
2665 2945 2833 3012 audit,
2881 2946 3067 3002 omnia
3120 2944 3269 3018 legit,
3322 2961 3431 3002 non
3482 2948 3813 3019 scripturam,

2232 3051 2342 3092 non
2387 3049 2697 3108 personam,
2755 3050 2865 3090 non
2928 3034 3228 3091 doctrinam
3296 3035 3609 3107 cujusquam
3661 3052 3815 3109 sper-

2230 3126 2329 3181 nit.
2389 3123 2765 3182 Indifferenter
2820 3122 2891 3180 ab
2946 3124 3200 3180 omnibus
3226 3124 3369 3195 quod
3396 3124 3497 3179 sibi
3536 3124 3687 3182 desse
3729 3125 3815 3180 vi-

2232 3216 2323 3271 det
2351 3215 2562 3286 quierit,
2594 3229 2694 3270 nec
2749 3219 3008 3283 quantum
3037 3212 3187 3282 sciat,
3246 3213 3340 3270 sed
3388 3222 3644 3285 quantum
3669 3214 3817 3287 igno-

2231 3312 2313 3361 ret
2340 3302 2661 3361 considerat.
2695 3302 2834 3358 Hinc
2887 3301 3019 3357 illud
3065 3302 3397 3361 Platonicum
3442 3303 3632 3360 aiunt:
3678 3304 3815 3360 Malo

2234 3404 2411 3461 aliena
2447 3400 2753 3459 verecunde
2807 3400 3034 3466 discere,
3096 3416 3258 3470 quam
3313 3416 3436 3457 mea
3459 3401 3818 3472 imprudenter

2234 3494 2502 3567 ingerere.
2579 3490 2689 3547 Cur
2723 3489 2870 3545 enim
2942 3489 3151 3546 discere
3204 3488 3493 3555 erubescis,
3533 3497 3585 3545 et
3622 3492 3814 3547 nescire

2233 3599 2344 3639 non
2382 3580 2761 3639 verecundaris
2789 3580 2818 3633 ‘?
2875 3577 3054 3634 Pudor
3107 3577 3207 3634 iste
3244 3586 3324 3634 est
3377 3579 3554 3649 major
3578 3580 3686 3635 illo.
3718 3583 3816 3635 Aut

2235 3680 2365 3753 quid
2393 3695 2608 3735 summa
2634 3676 2853 3734 affectas
2876 3693 2997 3733 cum
3050 3686 3107 3733 tu
3147 3677 3334 3747 jaceas
3361 3678 3418 3732 in
3443 3677 3555 3735 imo
3574 3678 3603 3731 ?
3630 3677 3813 3735 Consi-

2234 3770 2367 3827 dera
2390 3769 2594 3842 potius,
2620 3767 2750 3838 quid
2782 3766 2924 3822 vires
2956 3774 3060 3823 tum
3107 3766 3247 3823 ferre
3276 3765 3507 3825 valeant.
3535 3766 3811 3836 Aptissima

2234 3858 2451 3926 incedit,
2485 3857 2577 3929 qui
2608 3856 2811 3912 incedit
2854 3855 3116 3913 ordinate.
3148 3854 3382 3925 Quidam
3410 3855 3538 3911 dum
3566 3872 3808 3929 magnum

2235 3961 2433 4017 saltum
2480 3959 2661 4014 facere
2716 3955 2925 4024 volunt,
2983 3954 3339 4027 prmeipitium
3375 3953 3637 4010 incidunt.
3695 3954 3807 4009 Noli

2235 4066 2368 4122 ergo
2397 4048 2559 4104 nimis
2585 4045 2859 4101 festinare.
2888 4045 3007 4102 Hoc
3034 4043 3200 4101 modo
3226 4044 3384 4100 citius
3410 4042 3479 4098 ad
3506 4043 3806 4116 sapientiam

2235 4138 2529 4212 pertinges.
2588 4135 2674 4191 Ab
2723 4133 2977 4190 omnibus
3031 4132 3261 4189 libenter
3314 4131 3537 4197 discere,
3568 4140 3804 4204 quantum

2238 4237 2293 4284 tu
2322 4227 2517 4294 nescis,
2564 4225 2697 4296 quia
2750 4222 3028 4280 humilitas
3071 4237 3359 4278 commune
3390 4221 3482 4276 tibi
3512 4220 3683 4277 facere
3712 4236 3806 4294 po-

2237 4334 2337 4383 test
2362 4324 2506 4397 quod
2536 4329 2726 4379 natura
2780 4320 3058 4393 proprium
3084 4319 3275 4391 cuique
3329 4318 3475 4374 fecit.
3523 4318 3809 4391 Sapientior

2237 4414 2491 4473 omnibus
2518 4413 2643 4481 eris,
2688 4411 2735 4467 si
2785 4410 2857 4466 ab
2912 4409 3165 4466 omnibus
3191 4408 3397 4464 discere
3425 4407 3674 4464 volueris.
3715 4407 3808 4478 Qui

2236 4505 2307 4561 ab
2331 4503 2586 4561 omnibus
2611 4499 2901 4571 accipiunt,
2934 4497 3187 4555 omnibus
3214 4496 3436 4553 ditiores
3462 4504 3605 4552 sunt.

525 4600 731 4667 vident,
762 4613 927 4669 quam
955 4595 1045 4668 qui
1076 4597 1133 4653 in
1172 4595 1291 4652 aliis
1332 4594 1521 4651 vident
1545 4595 1641 4652 ubi
1685 4597 1973 4656 manifesta
2002 4606 2119 4656 tan-
2153 4615 2208 4678 ι)
2306 4602 2528 4659 Nullam
2599 4599 2833 4669 denique
2888 4596 3168 4653 scientiam
3215 4594 3379 4653 vilem
3453 4602 3647 4663 teneas,
3696 4595 3807 4667 quia

528 4698 641 4746 tum
696 4688 906 4747 vident.
981 4687 1143 4754 Nam,
1192 4692 1249 4742 et
1301 4684 1348 4740 si
1393 4684 1609 4755 quando
1637 4685 1887 4756 quasdam
1916 4688 2127 4745 occulta

525 4779 704 4836 aliena
779 4794 849 4833 ex
916 4774 1219 4832 manifestis
1305 4773 1733 4846 deprehendunt,
1791 4792 1890 4831 sua
1943 4784 2126 4834 tamen

525 4878 762 4935 districte
795 4891 892 4949 per
917 4874 1198 4931 veritatem
1223 4872 1471 4943 judicant
1500 4885 1516 4942 ;
1548 4872 1642 4929 illa
1670 4881 1849 4929 autem
1878 4892 1975 4947 per
2001 4876 2123 4949 pie-

525 4975 691 5024 tatem
749 4964 1017 5036 judicare,
1076 4962 1178 5017 nisi
1232 4959 1542 5019 excusando
1597 4976 1705 5017 non
1760 4974 2115 5034 praesumunt.

523 5056 663 5113 Hinc
688 5071 820 5111 vero
848 5052 908 5108 ﬁt
931 5059 991 5108 ut
1017 5050 1300 5107 inferiores
1351 5066 1412 5106 se
1466 5050 1671 5106 cunctis
1715 5052 2043 5122 existiment,
2074 5062 2128 5110 et

527 5146 631 5203 hoc
656 5144 763 5202 illis
787 5141 987 5201 sentire
1015 5140 1172 5197 dulce
1226 5139 1314 5208 sit,
1347 5138 1491 5209 quod
1530 5155 1627 5196 sua
1654 5141 1801 5198 mala
1822 5158 2124 5217 aggravare

523 5252 576 5301 et
604 5244 835 5302 aliorum
866 5239 1123 5298 alleviare
1150 5238 1380 5310 possint.

590 5354 790 5411 Verum
817 5358 874 5407 et
927 5349 1032 5406 hoc
1085 5345 1382 5404 notandum
1414 5355 1496 5406 est
1518 5349 1734 5420 qualem
1762 5348 2123 5407 humilitatem

518 5441 823 5514 Scripturas
898 5440 1144 5513 legentes
1207 5436 1444 5494 debeant
1516 5439 1736 5497 habere.
1797 5438 2122 5512 Principium

523 5529 702 5602 itaque
729 5530 966 5586 liberans
993 5525 1292 5599 disciplinae
1340 5527 1615 5584 humilitas
1659 5535 1758 5584 est.
1809 5525 1977 5599 Cujus
2002 5546 2125 5587 cum

525 5629 694 5684 multa
718 5627 824 5682 sint
851 5627 1199 5691 documenta,
1240 5627 1360 5682 haec
1413 5632 1597 5681 tamen
1625 5626 1729 5682 tria
1752 5627 2028 5697 praecipue
2056 5627 2126 5684 ad

529 5709 784 5770 lectorem
811 5715 1078 5785 pertinent
1108 5733 1121 5769 :
1154 5714 1415 5785 primum,
1475 5722 1535 5771 ut
1590 5716 1793 5771 nullam
1821 5716 2124 5786 scientiam,

530 5802 734 5859 nullam
788 5803 1105 5875 scripturam
1162 5802 1328 5859 vilem
1386 5810 1609 5875 teneat;
1662 5804 1977 5876 secundum,
2009 5814 2130 5862 uta

535 5888 750 5948 nemine
784 5888 989 5948 discere
1045 5889 1324 5949 erubescat
1355 5904 1371 5965 ;
1423 5891 1657 5965 tertium,
1686 5900 1764 5967 ut,
1794 5908 1918 5950 cum
1946 5893 2126 5952 scien-

2233 4692 2412 4749 omnis
2431 4689 2657 4747 scientia
2682 4688 2829 4744 bona
2856 4694 2953 4744 est.
2972 4685 3210 4754 Nullam,
3231 4684 3276 4741 si
3296 4690 3470 4750 vacat,
3488 4684 3780 4756 scripturam
3795 4726 3809 4751 ,

2234 4781 2317 4839 vel
2350 4780 2540 4837 saltem
2571 4779 2753 4852 legere
2779 4783 3114 4833 contemnas.
3171 4773 3231 4829 Si
3286 4772 3417 4829 nihil
3446 4772 3685 4843 lucraris;
3714 4789 3802 4829 nec

2234 4879 2423 4954 perdis
2460 4877 2687 4949 aliquid,
2752 4874 2991 4930 maxime
3047 4888 3169 4929 cum
3234 4870 3381 4927 nulla
3425 4870 3675 4941 scriptura
3722 4870 3797 4939 sit,

2232 4967 2531 5028 secundum
2562 4982 2742 5021 meam
2769 4962 3205 5030 aestimationem,
3257 4975 3378 5030 qua:
3423 4958 3620 5030 aliquid
3644 4974 3798 5029 expe-

2234 5059 2455 5116 tendum
2486 5073 2595 5114 non
2636 5060 2924 5128 proponat,
2958 5052 3000 5107 si
3032 5049 3369 5107 eonvenienti
3413 5048 3534 5105 loco
3562 5056 3613 5104 et
3636 5048 3798 5104 ordine

2234 5164 2546 5223 tractentur,
2577 5169 2698 5225 qum
2732 5166 2841 5207 non
2889 5147 3094 5220 aliquid
3133 5147 3295 5203 etiam
3351 5145 3582 5219 speciale
3625 5145 3799 5201 habeat

2235 5247 2379 5320 quod
2408 5245 2643 5318 diligens
2699 5239 2853 5298 verbi
2906 5243 3168 5296 scrutator
3210 5234 3338 5293 alibi
3394 5251 3499 5291 non
3529 5234 3794 5301 inventum,

2234 5344 2435 5410 quanto
2490 5332 2665 5390 rarius
2718 5336 2867 5387 tanto
2921 5326 3128 5400 gratius
3181 5328 3385 5396 carpat.
3444 5322 3589 5379 Nihil
3640 5328 3797 5377 tamen

2235 5445 2345 5492 tam
2374 5434 2579 5491 bonum
2610 5436 2687 5488 est
2737 5426 2883 5500 quod
2935 5424 3105 5483 semel
3149 5422 3342 5479 melius
3373 5420 3524 5478 tollit.
3558 5419 3612 5476 Si
3638 5419 3797 5475 omnia

2234 5526 2416 5599 legere
2445 5537 2553 5579 non
2583 5527 2757 5593 potes,
2789 5533 2855 5572 ea
2884 5530 3005 5587 qum
3034 5520 3159 5569 sunt
3184 5511 3398 5567 utiliora
3445 5509 3584 5582 lege,
3615 5509 3794 5564 etiamsi

2235 5624 2420 5682 omnia
2474 5622 2655 5692 legere
2703 5614 2961 5690 potueris,
3003 5627 3111 5669 non
3169 5619 3347 5666 tamen
3404 5607 3545 5663 idem
3577 5605 3794 5662 omnibus

2236 5714 2391 5771 labor
2417 5707 2817 5784 impendendus
2875 5710 2973 5759 est.
3034 5699 3143 5758 Sed
3198 5697 3445 5774 quaedam
3499 5695 3572 5751 ita
3598 5693 3793 5767 legenda

2234 5819 2378 5883 sunt,
2411 5825 2481 5868 ne
2506 5808 2614 5865 sint
2636 5804 2913 5879 incognita
2944 5817 2957 5872 ;
2983 5799 3231 5873 qumdam
3262 5812 3410 5883 vero,
3442 5810 3509 5850 ne
3537 5794 3638 5850 sint
3658 5793 3790 5883 inau-

2236 5881 2370 5973 dita,
2412 5898 2539 5971 quia
2590 5893 2881 5969 aliquando
2935 5889 3107 5965 pluris
3134 5902 3249 5945 esse
3287 5882 3555 5944 credimus
3597 5881 3679 5955 qui
3703 5895 3789 5940 non
