  <div class='ocr_page' id='page_1' title='image "/cluster/home/n/w/nwhite01/storage/ocr_20150623/156-157/uc1.31175010662024/1226.png"; bbox 0 0 3972 6408; ppageno 0'>
   <div class='ocr_carea' id='block_1_1' title="bbox 171 396 317 451">
    <p class='ocr_par' dir='ltr' id='par_1_1' title="bbox 171 396 317 451">
     <span class='ocr_line' id='line_1_1' title="bbox 171 396 317 451; baseline 0 -1"><span class='ocrx_word' id='word_1_1' title='bbox 171 396 317 451; x_wconf 77' lang='grc'><strong>1169</strong></span> 
     </span>
    </p>
   </div>
   <div class='ocr_carea' id='block_1_2' title="bbox 163 510 1892 584">
    <p class='ocr_par' dir='ltr' id='par_1_2' title="bbox 163 510 1892 584">
     <span class='ocr_line' id='line_1_2' title="bbox 163 510 1892 584; baseline 0.001 -16"><span class='ocrx_word' id='word_1_2' title='bbox 163 512 525 581; x_wconf 75' lang='lat' dir='ltr'><strong>audivimus,</strong></span> <span class='ocrx_word' id='word_1_3' title='bbox 583 520 643 571; x_wconf 90' lang='lat' dir='ltr'><strong>et</strong></span> <span class='ocrx_word' id='word_1_4' title='bbox 689 512 897 569; x_wconf 80' lang='lat' dir='ltr'><strong>facilius</strong></span> <span class='ocrx_word' id='word_1_5' title='bbox 925 510 1217 567; x_wconf 61' lang='lat' dir='ltr'><strong>nutriatur</strong></span> <span class='ocrx_word' id='word_1_6' title='bbox 1266 526 1352 567; x_wconf 88' lang='lat' dir='ltr'><strong>res</strong></span> <span class='ocrx_word' id='word_1_7' title='bbox 1406 512 1556 584; x_wconf 87' lang='lat' dir='ltr'><strong>cujus</strong></span> <span class='ocrx_word' id='word_1_8' title='bbox 1606 511 1892 575; x_wconf 75' lang='lat' dir='ltr'><strong>fructusA</strong></span> 
     </span>
    </p>
   </div>
   <div class='ocr_carea' id='block_1_3' title="bbox 163 600 1818 674">
    <p class='ocr_par' dir='ltr' id='par_1_3' title="bbox 163 600 1818 674">
     <span class='ocr_line' id='line_1_3' title="bbox 163 600 1818 674; baseline 0.001 -18"><span class='ocrx_word' id='word_1_9' title='bbox 163 602 534 674; x_wconf 77' lang='lat' dir='ltr'><strong>agnoscitur.</strong></span> <span class='ocrx_word' id='word_1_10' title='bbox 623 602 819 657; x_wconf 86' lang='lat' dir='ltr'><strong>Videre</strong></span> <span class='ocrx_word' id='word_1_11' title='bbox 876 616 1017 656; x_wconf 88' lang='lat' dir='ltr'><strong>nunc</strong></span> <span class='ocrx_word' id='word_1_12' title='bbox 1071 606 1225 669; x_wconf 84' lang='lat' dir='ltr'><strong>potes</strong></span> <span class='ocrx_word' id='word_1_13' title='bbox 1297 616 1459 670; x_wconf 89' lang='lat' dir='ltr'><strong>quam</strong></span> <span class='ocrx_word' id='word_1_14' title='bbox 1518 600 1818 657; x_wconf 89' lang='lat' dir='ltr'><strong>necessaria</strong></span> 
     </span>
    </p>
   </div>
   <div class='ocr_carea' id='block_1_4' title="bbox 165 688 1813 760">
    <p class='ocr_par' dir='ltr' id='par_1_4' title="bbox 165 688 1813 760">
     <span class='ocr_line' id='line_1_4' title="bbox 165 688 1813 760; baseline 0.001 -15"><span class='ocrx_word' id='word_1_15' title='bbox 165 691 266 746; x_wconf 91' lang='lat' dir='ltr'><strong>tibi</strong></span> <span class='ocrx_word' id='word_1_16' title='bbox 298 691 379 746; x_wconf 84' lang='lat' dir='ltr'><strong>sit</strong></span> <span class='ocrx_word' id='word_1_17' title='bbox 411 693 548 747; x_wconf 64' lang='lat' dir='ltr'><strong>haec</strong></span> <span class='ocrx_word' id='word_1_18' title='bbox 580 691 874 758; x_wconf 75' lang='lat' dir='ltr'><strong>humilitas,</strong></span> <span class='ocrx_word' id='word_1_19' title='bbox 907 697 965 744; x_wconf 92' lang='lat' dir='ltr'><strong>ut</strong></span> <span class='ocrx_word' id='word_1_20' title='bbox 982 689 1183 745; x_wconf 90' lang='lat' dir='ltr'><strong>nullam</strong></span> <span class='ocrx_word' id='word_1_21' title='bbox 1199 688 1474 744; x_wconf 74' lang='lat' dir='ltr'><strong>scientiam</strong></span> <span class='ocrx_word' id='word_1_22' title='bbox 1494 689 1813 760; x_wconf 88' lang='lat' dir='ltr'><strong>vilipendes,</strong></span> 
     </span>
    </p>
   </div>
   <div class='ocr_carea' id='block_1_5' title="bbox 162 777 1816 849">
    <p class='ocr_par' dir='ltr' id='par_1_5' title="bbox 162 777 1816 849">
     <span class='ocr_line' id='line_1_5' title="bbox 162 777 1816 849; baseline -0.001 -13"><span class='ocrx_word' id='word_1_23' title='bbox 162 789 218 837; x_wconf 89' lang='lat' dir='ltr'><strong>et</strong></span> <span class='ocrx_word' id='word_1_24' title='bbox 248 780 328 836; x_wconf 86' lang='lat' dir='ltr'><strong>ab</strong></span> <span class='ocrx_word' id='word_1_25' title='bbox 361 781 651 836; x_wconf 89' lang='lat' dir='ltr'><strong>omnibus</strong></span> <span class='ocrx_word' id='word_1_26' title='bbox 678 779 909 835; x_wconf 77' lang='lat' dir='ltr'><strong>libenter</strong></span> <span class='ocrx_word' id='word_1_27' title='bbox 935 778 1135 833; x_wconf 90' lang='lat' dir='ltr'><strong>discas.</strong></span> <span class='ocrx_word' id='word_1_28' title='bbox 1194 777 1452 832; x_wconf 84' lang='lat' dir='ltr'><strong>Similiter</strong></span> <span class='ocrx_word' id='word_1_29' title='bbox 1479 778 1574 834; x_wconf 88' lang='lat' dir='ltr'><strong>tibi</strong></span> <span class='ocrx_word' id='word_1_30' title='bbox 1602 793 1816 849; x_wconf 86' lang='lat' dir='ltr'><strong>quoque</strong></span> 
     </span>
    </p>
   </div>
   <div class='ocr_carea' id='block_1_6' title="bbox 162 867 1817 940">
    <p class='ocr_par' dir='ltr' id='par_1_6' title="bbox 162 867 1817 940">
     <span class='ocr_line' id='line_1_6' title="bbox 162 867 1817 940; baseline -0.001 -15"><span class='ocrx_word' id='word_1_31' title='bbox 162 870 410 940; x_wconf 79' lang='lat' dir='ltr'><strong>expedit</strong></span> <span class='ocrx_word' id='word_1_32' title='bbox 441 877 513 924; x_wconf 90' lang='lat' dir='ltr'><strong>ut</strong></span> <span class='ocrx_word' id='word_1_33' title='bbox 542 885 672 925; x_wconf 91' lang='lat' dir='ltr'><strong>cum</strong></span> <span class='ocrx_word' id='word_1_34' title='bbox 731 876 785 923; x_wconf 91' lang='lat' dir='ltr'><strong>tu</strong></span> <span class='ocrx_word' id='word_1_35' title='bbox 814 867 1016 938; x_wconf 85' lang='lat' dir='ltr'><strong>aliquid</strong></span> <span class='ocrx_word' id='word_1_36' title='bbox 1071 881 1264 938; x_wconf 81' lang='lat' dir='ltr'><strong>sapere</strong></span> <span class='ocrx_word' id='word_1_37' title='bbox 1291 867 1538 938; x_wconf 61' lang='lat' dir='ltr'><strong>coeperis,</strong></span> <span class='ocrx_word' id='word_1_38' title='bbox 1596 876 1817 923; x_wconf 71' lang='lat' dir='ltr'><strong>caeteros</strong></span> 
     </span>
    </p>
   </div>
   <div class='ocr_carea' id='block_1_7' title="bbox 158 955 1815 1023">
    <p class='ocr_par' dir='ltr' id='par_1_7' title="bbox 158 955 1815 1023">
     <span class='ocr_line' id='line_1_7' title="bbox 158 955 1815 1023; baseline -0.001 -9"><span class='ocrx_word' id='word_1_39' title='bbox 158 973 279 1015; x_wconf 92' lang='lat' dir='ltr'><strong>non</strong></span> <span class='ocrx_word' id='word_1_40' title='bbox 324 966 702 1014; x_wconf 81' lang='lat' dir='ltr'><strong>contemnas.</strong></span> <span class='ocrx_word' id='word_1_41' title='bbox 760 957 876 1013; x_wconf 85' lang='lat' dir='ltr'><strong>Hoc</strong></span> <span class='ocrx_word' id='word_1_42' title='bbox 904 963 1082 1012; x_wconf 87' lang='lat' dir='ltr'><strong>autem</strong></span> <span class='ocrx_word' id='word_1_43' title='bbox 1140 955 1364 1010; x_wconf 88' lang='lat' dir='ltr'><strong>tumoris</strong></span> <span class='ocrx_word' id='word_1_44' title='bbox 1420 955 1608 1012; x_wconf 85' lang='lat' dir='ltr'><strong>vitium</strong></span> <span class='ocrx_word' id='word_1_45' title='bbox 1643 975 1658 1023; x_wconf 90' lang='lat'><strong>;</strong></span> <span class='ocrx_word' id='word_1_46' title='bbox 1691 956 1815 1013; x_wconf 89' lang='lat' dir='ltr'><strong>hinc</strong></span> 
     </span>
    </p>
   </div>
   <div class='ocr_carea' id='block_1_8' title="bbox 161 1052 1815 1126">
    <p class='ocr_par' dir='ltr' id='par_1_8' title="bbox 161 1052 1815 1126">
     <span class='ocr_line' id='line_1_8' title="bbox 161 1052 1815 1126; baseline -0.002 -15"><span class='ocrx_word' id='word_1_47' title='bbox 161 1055 534 1126; x_wconf 84' lang='lat' dir='ltr'><strong>quibusdam</strong></span> <span class='ocrx_word' id='word_1_48' title='bbox 569 1053 783 1123; x_wconf 86' lang='lat' dir='ltr'><strong>accidit,</strong></span> <span class='ocrx_word' id='word_1_49' title='bbox 843 1053 987 1125; x_wconf 89' lang='lat' dir='ltr'><strong>quod</strong></span> <span class='ocrx_word' id='word_1_50' title='bbox 1015 1069 1166 1108; x_wconf 90' lang='lat' dir='ltr'><strong>suam</strong></span> <span class='ocrx_word' id='word_1_51' title='bbox 1189 1052 1467 1109; x_wconf 85' lang='lat' dir='ltr'><strong>scientiam</strong></span> <span class='ocrx_word' id='word_1_52' title='bbox 1523 1052 1815 1109; x_wconf 87' lang='lat' dir='ltr'><strong>nimisdili-</strong></span> 
     </span>
    </p>
   </div>
   <div class='ocr_carea' id='block_1_9' title="bbox 159 1141 1814 1219">
    <p class='ocr_par' dir='ltr' id='par_1_9' title="bbox 159 1141 1814 1219">
     <span class='ocr_line' id='line_1_9' title="bbox 159 1141 1814 1219; baseline -0.002 -18"><span class='ocrx_word' id='word_1_53' title='bbox 159 1152 375 1219; x_wconf 87' lang='lat' dir='ltr'><strong>genter</strong></span> <span class='ocrx_word' id='word_1_54' title='bbox 428 1143 743 1216; x_wconf 86' lang='lat' dir='ltr'><strong>inspiciunt</strong></span> <span class='ocrx_word' id='word_1_55' title='bbox 770 1157 783 1211; x_wconf 91' lang='lat'><strong>;</strong></span> <span class='ocrx_word' id='word_1_56' title='bbox 808 1149 861 1197; x_wconf 90' lang='lat' dir='ltr'><strong>et</strong></span> <span class='ocrx_word' id='word_1_57' title='bbox 890 1157 1010 1196; x_wconf 91' lang='lat' dir='ltr'><strong>eum</strong></span> <span class='ocrx_word' id='word_1_58' title='bbox 1032 1141 1134 1196; x_wconf 87' lang='lat' dir='ltr'><strong>sibi</strong></span> <span class='ocrx_word' id='word_1_59' title='bbox 1164 1141 1367 1212; x_wconf 89' lang='lat' dir='ltr'><strong>aliquid</strong></span> <span class='ocrx_word' id='word_1_60' title='bbox 1420 1157 1534 1197; x_wconf 89' lang='lat' dir='ltr'><strong>esse</strong></span> <span class='ocrx_word' id='word_1_61' title='bbox 1563 1141 1662 1197; x_wconf 88' lang='lat' dir='ltr'><strong>visi</strong></span> <span class='ocrx_word' id='word_1_62' title='bbox 1693 1142 1814 1198; x_wconf 82' lang='lat' dir='ltr'><strong>fue-</strong></span> 
     </span>
    </p>
   </div>
   <div class='ocr_carea' id='block_1_10' title="bbox 159 1238 1818 1311">
    <p class='ocr_par' dir='ltr' id='par_1_10' title="bbox 159 1238 1818 1311">
     <span class='ocr_line' id='line_1_10' title="bbox 159 1238 1818 1311; baseline -0.004 -13"><span class='ocrx_word' id='word_1_63' title='bbox 159 1243 299 1307; x_wconf 81' lang='lat' dir='ltr'><strong>rint,</strong></span> <span class='ocrx_word' id='word_1_64' title='bbox 335 1241 499 1298; x_wconf 85' lang='lat' dir='ltr'><strong>alios</strong></span> <span class='ocrx_word' id='word_1_65' title='bbox 534 1255 674 1311; x_wconf 91' lang='lat' dir='ltr'><strong>quos</strong></span> <span class='ocrx_word' id='word_1_66' title='bbox 700 1254 810 1295; x_wconf 90' lang='lat' dir='ltr'><strong>non</strong></span> <span class='ocrx_word' id='word_1_67' title='bbox 837 1245 1126 1306; x_wconf 86' lang='lat' dir='ltr'><strong>noverunt,</strong></span> <span class='ocrx_word' id='word_1_68' title='bbox 1160 1238 1292 1294; x_wconf 84' lang='lat' dir='ltr'><strong>tales</strong></span> <span class='ocrx_word' id='word_1_69' title='bbox 1319 1253 1418 1293; x_wconf 92' lang='lat' dir='ltr'><strong>nec</strong></span> <span class='ocrx_word' id='word_1_70' title='bbox 1438 1254 1553 1293; x_wconf 89' lang='lat' dir='ltr'><strong>esse</strong></span> <span class='ocrx_word' id='word_1_71' title='bbox 1592 1252 1692 1292; x_wconf 89' lang='lat' dir='ltr'><strong>nec</strong></span> <span class='ocrx_word' id='word_1_72' title='bbox 1720 1252 1818 1308; x_wconf 82' lang='lat' dir='ltr'><strong>po-</strong></span> 
     </span>
    </p>
   </div>
   <div class='ocr_carea' id='block_1_11' title="bbox 161 1325 1813 1400">
    <p class='ocr_par' dir='ltr' id='par_1_11' title="bbox 161 1325 1813 1400">
     <span class='ocr_line' id='line_1_11' title="bbox 161 1325 1813 1400; baseline -0.002 -16"><span class='ocrx_word' id='word_1_73' title='bbox 161 1330 344 1386; x_wconf 86' lang='lat' dir='ltr'><strong>tuisse</strong></span> <span class='ocrx_word' id='word_1_74' title='bbox 365 1328 507 1385; x_wconf 80' lang='lat' dir='ltr'><strong>ﬁeri</strong></span> <span class='ocrx_word' id='word_1_75' title='bbox 529 1335 745 1400; x_wconf 88' lang='lat' dir='ltr'><strong>putant.</strong></span> <span class='ocrx_word' id='word_1_76' title='bbox 783 1326 920 1383; x_wconf 79' lang='lat' dir='ltr'><strong>Hinc</strong></span> <span class='ocrx_word' id='word_1_77' title='bbox 966 1326 1128 1382; x_wconf 90' lang='lat' dir='ltr'><strong>etiam</strong></span> <span class='ocrx_word' id='word_1_78' title='bbox 1159 1326 1348 1382; x_wconf 87' lang='lat' dir='ltr'><strong>ebullit</strong></span> <span class='ocrx_word' id='word_1_79' title='bbox 1404 1325 1549 1397; x_wconf 91' lang='lat' dir='ltr'><strong>quod</strong></span> <span class='ocrx_word' id='word_1_80' title='bbox 1578 1326 1813 1399; x_wconf 88' lang='lat' dir='ltr'><strong>nugige-</strong></span> 
     </span>
    </p>
   </div>
   <div class='ocr_carea' id='block_1_12' title="bbox 161 1413 1816 1487">
    <p class='ocr_par' dir='ltr' id='par_1_12' title="bbox 161 1413 1816 1487">
     <span class='ocr_line' id='line_1_12' title="bbox 161 1413 1816 1487; baseline -0.002 -13"><span class='ocrx_word' id='word_1_81' title='bbox 161 1419 277 1474; x_wconf 88' lang='lat' dir='ltr'><strong>ruli</strong></span> <span class='ocrx_word' id='word_1_82' title='bbox 337 1434 511 1474; x_wconf 79' lang='lat' dir='ltr'><strong>nunc</strong></span> <span class='ocrx_word' id='word_1_83' title='bbox 560 1416 781 1487; x_wconf 89' lang='lat' dir='ltr'><strong>quidam</strong></span> <span class='ocrx_word' id='word_1_84' title='bbox 835 1414 1016 1472; x_wconf 84' lang='lat' dir='ltr'><strong>nescio</strong></span> <span class='ocrx_word' id='word_1_85' title='bbox 1073 1413 1215 1470; x_wconf 85' lang='lat' dir='ltr'><strong>unde</strong></span> <span class='ocrx_word' id='word_1_86' title='bbox 1272 1414 1566 1486; x_wconf 73' lang='lat' dir='ltr'><strong>gloriantes</strong></span> <span class='ocrx_word' id='word_1_87' title='bbox 1611 1414 1816 1486; x_wconf 82' lang='lat' dir='ltr'><strong>priores</strong></span> 
     </span>
    </p>
   </div>
   <div class='ocr_carea' id='block_1_13' title="bbox 163 1504 1815 1579">
    <p class='ocr_par' dir='ltr' id='par_1_13' title="bbox 163 1504 1815 1579">
     <span class='ocr_line' id='line_1_13' title="bbox 163 1504 1815 1579; baseline -0.004 -16"><span class='ocrx_word' id='word_1_88' title='bbox 163 1511 375 1578; x_wconf 83' lang='lat' dir='ltr'><strong>patres</strong></span> <span class='ocrx_word' id='word_1_89' title='bbox 394 1504 780 1579; x_wconf 83' lang='lat' dir='ltr'><strong>simplicitatis</strong></span> <span class='ocrx_word' id='word_1_90' title='bbox 805 1509 1057 1576; x_wconf 87' lang='lat' dir='ltr'><strong>arguunt,</strong></span> <span class='ocrx_word' id='word_1_91' title='bbox 1088 1510 1141 1557; x_wconf 90' lang='lat' dir='ltr'><strong>et</strong></span> <span class='ocrx_word' id='word_1_92' title='bbox 1168 1519 1351 1558; x_wconf 90' lang='lat' dir='ltr'><strong>secum</strong></span> <span class='ocrx_word' id='word_1_93' title='bbox 1382 1509 1583 1571; x_wconf 88' lang='lat' dir='ltr'><strong>natam,</strong></span> <span class='ocrx_word' id='word_1_94' title='bbox 1632 1517 1815 1559; x_wconf 85' lang='lat' dir='ltr'><strong>secum</strong></span> 
     </span>
    </p>
   </div>
   <div class='ocr_carea' id='block_1_14' title="bbox 168 1590 1817 1663">
    <p class='ocr_par' dir='ltr' id='par_1_14' title="bbox 168 1590 1817 1663">
     <span class='ocr_line' id='line_1_14' title="bbox 168 1590 1817 1663; baseline -0.005 -11"><span class='ocrx_word' id='word_1_95' title='bbox 168 1596 537 1652; x_wconf 85' lang='lat' dir='ltr'><strong>morituram</strong></span> <span class='ocrx_word' id='word_1_96' title='bbox 565 1591 1141 1663; x_wconf 87' lang='lat' dir='ltr'><strong>ereduntsapientiam.</strong></span> <span class='ocrx_word' id='word_1_97' title='bbox 1166 1592 1226 1646; x_wconf 86' lang='lat' dir='ltr'><strong>In</strong></span> <span class='ocrx_word' id='word_1_98' title='bbox 1242 1592 1440 1647; x_wconf 86' lang='lat' dir='ltr'><strong>divinis</strong></span> <span class='ocrx_word' id='word_1_99' title='bbox 1453 1590 1681 1660; x_wconf 87' lang='lat' dir='ltr'><strong>eloquiis</strong></span> <span class='ocrx_word' id='word_1_100' title='bbox 1689 1591 1817 1645; x_wconf 89' lang='lat' dir='ltr'><strong>sim-</strong></span> 
     </span>
    </p>
   </div>
   <div class='ocr_carea' id='block_1_15' title="bbox 170 1679 1816 1757">
    <p class='ocr_par' dir='ltr' id='par_1_15' title="bbox 170 1679 1816 1757">
     <span class='ocr_line' id='line_1_15' title="bbox 170 1679 1816 1757; baseline -0.005 -16"><span class='ocrx_word' id='word_1_101' title='bbox 170 1685 396 1757; x_wconf 84' lang='lat' dir='ltr'><strong>plicem</strong></span> <span class='ocrx_word' id='word_1_102' title='bbox 430 1682 701 1755; x_wconf 86' lang='lat' dir='ltr'><strong>loquendi</strong></span> <span class='ocrx_word' id='word_1_103' title='bbox 733 1681 953 1737; x_wconf 86' lang='lat' dir='ltr'><strong>modum</strong></span> <span class='ocrx_word' id='word_1_104' title='bbox 983 1696 1098 1734; x_wconf 84' lang='lat' dir='ltr'><strong>esse</strong></span> <span class='ocrx_word' id='word_1_105' title='bbox 1129 1679 1297 1746; x_wconf 87' lang='lat' dir='ltr'><strong>aiunt,</strong></span> <span class='ocrx_word' id='word_1_106' title='bbox 1327 1687 1386 1734; x_wconf 92' lang='lat' dir='ltr'><strong>ut</strong></span> <span class='ocrx_word' id='word_1_107' title='bbox 1413 1679 1468 1735; x_wconf 93' lang='lat' dir='ltr'><strong>in</strong></span> <span class='ocrx_word' id='word_1_108' title='bbox 1520 1680 1604 1735; x_wconf 91' lang='lat' dir='ltr'><strong>eis</strong></span> <span class='ocrx_word' id='word_1_109' title='bbox 1633 1679 1816 1751; x_wconf 83' lang='lat' dir='ltr'><strong>magi-</strong></span> 
     </span>
    </p>
   </div>
   <div class='ocr_carea' id='block_1_16' title="bbox 171 1767 1816 1841">
    <p class='ocr_par' dir='ltr' id='par_1_16' title="bbox 171 1767 1816 1841">
     <span class='ocr_line' id='line_1_16' title="bbox 171 1767 1816 1841; baseline -0.004 -12"><span class='ocrx_word' id='word_1_110' title='bbox 171 1781 330 1830; x_wconf 73' lang='lat' dir='ltr'><strong>stros</strong></span> <span class='ocrx_word' id='word_1_111' title='bbox 349 1772 566 1828; x_wconf 83' lang='lat' dir='ltr'><strong>audire</strong></span> <span class='ocrx_word' id='word_1_112' title='bbox 591 1786 703 1827; x_wconf 90' lang='lat' dir='ltr'><strong>non</strong></span> <span class='ocrx_word' id='word_1_113' title='bbox 730 1774 1142 1841; x_wconf 85' lang='lat' dir='ltr'><strong>oporteatposse</strong></span> <span class='ocrx_word' id='word_1_114' title='bbox 1169 1769 1298 1824; x_wconf 87' lang='lat' dir='ltr'><strong>satis</strong></span> <span class='ocrx_word' id='word_1_115' title='bbox 1317 1784 1584 1839; x_wconf 84' lang='lat' dir='ltr'><strong>quemque</strong></span> <span class='ocrx_word' id='word_1_116' title='bbox 1595 1767 1816 1839; x_wconf 89' lang='lat' dir='ltr'><strong>proprio</strong></span> 
     </span>
    </p>
   </div>
   <div class='ocr_carea' id='block_1_17' title="bbox 169 1864 1895 1941">
    <p class='ocr_par' dir='ltr' id='par_1_17' title="bbox 169 1864 1895 1941">
     <span class='ocr_line' id='line_1_17' title="bbox 169 1864 1895 1941; baseline -0.003 -16"><span class='ocrx_word' id='word_1_117' title='bbox 169 1869 426 1941; x_wconf 84' lang='lat' dir='ltr'><strong>ingenio</strong></span> <span class='ocrx_word' id='word_1_118' title='bbox 461 1868 708 1924; x_wconf 76' lang='lat' dir='ltr'><strong>veritatis</strong></span> <span class='ocrx_word' id='word_1_119' title='bbox 756 1882 951 1923; x_wconf 71' lang='lat' dir='ltr'><strong>arcam</strong></span> <span class='ocrx_word' id='word_1_120' title='bbox 982 1874 1280 1939; x_wconf 88' lang='lat' dir='ltr'><strong>penetrare.</strong></span> <span class='ocrx_word' id='word_1_121' title='bbox 1327 1864 1435 1921; x_wconf 91' lang='lat' dir='ltr'><strong>Cor</strong></span> <span class='ocrx_word' id='word_1_122' title='bbox 1461 1871 1674 1937; x_wconf 88' lang='lat' dir='ltr'><strong>rugant,</strong></span> <span class='ocrx_word' id='word_1_123' title='bbox 1707 1881 1812 1920; x_wconf 86' lang='lat' dir='ltr'><strong>na-</strong></span> <span class='ocrx_word' id='word_1_124' title='bbox 1841 1864 1895 1926; x_wconf 89' lang='lat' dir='ltr'>B</span> 
     </span>
    </p>
   </div>
   <div class='ocr_carea' id='block_1_18' title="bbox 173 1952 1817 2026">
    <p class='ocr_par' dir='ltr' id='par_1_18' title="bbox 173 1952 1817 2026">
     <span class='ocr_line' id='line_1_18' title="bbox 173 1952 1817 2026; baseline -0.004 -12"><span class='ocrx_word' id='word_1_125' title='bbox 173 1974 311 2014; x_wconf 79' lang='lat' dir='ltr'><strong>sum</strong></span> <span class='ocrx_word' id='word_1_126' title='bbox 365 1965 432 2014; x_wconf 87' lang='lat' dir='ltr'><strong>et</strong></span> <span class='ocrx_word' id='word_1_127' title='bbox 493 1956 698 2012; x_wconf 86' lang='lat' dir='ltr'><strong>labium</strong></span> <span class='ocrx_word' id='word_1_128' title='bbox 752 1962 1002 2026; x_wconf 85' lang='lat' dir='ltr'><strong>torquent</strong></span> <span class='ocrx_word' id='word_1_129' title='bbox 1055 1955 1110 2009; x_wconf 92' lang='lat' dir='ltr'><strong>in</strong></span> <span class='ocrx_word' id='word_1_130' title='bbox 1138 1954 1364 2009; x_wconf 86' lang='lat' dir='ltr'><strong>lectores</strong></span> <span class='ocrx_word' id='word_1_131' title='bbox 1389 1952 1702 2019; x_wconf 80' lang='lat' dir='ltr'><strong>divinitatis,</strong></span> <span class='ocrx_word' id='word_1_132' title='bbox 1761 1959 1817 2008; x_wconf 92' lang='lat' dir='ltr'><strong>et</strong></span> 
     </span>
    </p>
   </div>
   <div class='ocr_carea' id='block_1_19' title="bbox 173 2040 1818 2117">
    <p class='ocr_par' dir='ltr' id='par_1_19' title="bbox 173 2040 1818 2117">
     <span class='ocr_line' id='line_1_19' title="bbox 173 2040 1818 2117; baseline -0.005 -14"><span class='ocrx_word' id='word_1_133' title='bbox 173 2063 298 2103; x_wconf 88' lang='lat' dir='ltr'><strong>non</strong></span> <span class='ocrx_word' id='word_1_134' title='bbox 398 2045 720 2117; x_wconf 87' lang='lat' dir='ltr'><strong>intelligunt</strong></span> <span class='ocrx_word' id='word_1_135' title='bbox 772 2044 916 2114; x_wconf 91' lang='lat' dir='ltr'><strong>quod</strong></span> <span class='ocrx_word' id='word_1_136' title='bbox 964 2043 1217 2115; x_wconf 90' lang='lat' dir='ltr'><strong>injuriam</strong></span> <span class='ocrx_word' id='word_1_137' title='bbox 1293 2040 1497 2098; x_wconf 80' lang='lat' dir='ltr'><strong>faciunt</strong></span> <span class='ocrx_word' id='word_1_138' title='bbox 1559 2040 1610 2096; x_wconf 88' lang='lat' dir='ltr'><strong>ei</strong></span> <span class='ocrx_word' id='word_1_139' title='bbox 1663 2040 1818 2111; x_wconf 82' lang='lat' dir='ltr'><strong>cujus</strong></span> 
     </span>
    </p>
   </div>
   <div class='ocr_carea' id='block_1_20' title="bbox 174 2128 1819 2206">
    <p class='ocr_par' dir='ltr' id='par_1_20' title="bbox 174 2128 1819 2206">
     <span class='ocr_line' id='line_1_20' title="bbox 174 2128 1819 2206; baseline -0.007 -12"><span class='ocrx_word' id='word_1_140' title='bbox 174 2137 389 2206; x_wconf 80' lang='lat' dir='ltr'><strong>verba,</strong></span> <span class='ocrx_word' id='word_1_141' title='bbox 489 2136 715 2205; x_wconf 88' lang='lat' dir='ltr'><strong>pulchro</strong></span> <span class='ocrx_word' id='word_1_142' title='bbox 768 2133 987 2203; x_wconf 90' lang='lat' dir='ltr'><strong>quidem</strong></span> <span class='ocrx_word' id='word_1_143' title='bbox 1052 2130 1320 2188; x_wconf 89' lang='lat' dir='ltr'><strong>vocabulo</strong></span> <span class='ocrx_word' id='word_1_144' title='bbox 1374 2129 1662 2201; x_wconf 88' lang='lat' dir='ltr'><strong>simplicia,</strong></span> <span class='ocrx_word' id='word_1_145' title='bbox 1724 2128 1819 2184; x_wconf 89' lang='lat' dir='ltr'><strong>sed</strong></span> 
     </span>
    </p>
   </div>
   <div class='ocr_carea' id='block_1_21' title="bbox 174 2217 1820 2297">
    <p class='ocr_par' dir='ltr' id='par_1_21' title="bbox 174 2217 1820 2297">
     <span class='ocr_line' id='line_1_21' title="bbox 174 2217 1820 2297; baseline -0.005 -16"><span class='ocrx_word' id='word_1_146' title='bbox 174 2241 357 2281; x_wconf 86' lang='lat' dir='ltr'><strong>sensu</strong></span> <span class='ocrx_word' id='word_1_147' title='bbox 392 2240 574 2297; x_wconf 84' lang='lat' dir='ltr'><strong>pravo</strong></span> <span class='ocrx_word' id='word_1_148' title='bbox 594 2221 826 2292; x_wconf 87' lang='lat' dir='ltr'><strong>insipida</strong></span> <span class='ocrx_word' id='word_1_149' title='bbox 856 2220 1165 2293; x_wconf 67' lang='lat' dir='ltr'><strong>praedicant.</strong></span> <span class='ocrx_word' id='word_1_150' title='bbox 1198 2221 1321 2275; x_wconf 91' lang='lat' dir='ltr'><strong>Non</strong></span> <span class='ocrx_word' id='word_1_151' title='bbox 1361 2226 1440 2274; x_wconf 89' lang='lat' dir='ltr'><strong>est</strong></span> <span class='ocrx_word' id='word_1_152' title='bbox 1471 2218 1579 2274; x_wconf 91' lang='lat' dir='ltr'><strong>mei</strong></span> <span class='ocrx_word' id='word_1_153' title='bbox 1609 2217 1820 2274; x_wconf 85' lang='lat' dir='ltr'><strong>consilii</strong></span> 
     </span>
    </p>
   </div>
   <div class='ocr_carea' id='block_1_22' title="bbox 176 2306 1822 2385">
    <p class='ocr_par' dir='ltr' id='par_1_22' title="bbox 176 2306 1822 2385">
     <span class='ocr_line' id='line_1_22' title="bbox 176 2306 1822 2385; baseline -0.005 -14"><span class='ocrx_word' id='word_1_154' title='bbox 176 2313 530 2385; x_wconf 84' lang='lat' dir='ltr'><strong>hujusmodi</strong></span> <span class='ocrx_word' id='word_1_155' title='bbox 598 2310 816 2367; x_wconf 87' lang='lat' dir='ltr'><strong>imitari.</strong></span> <span class='ocrx_word' id='word_1_156' title='bbox 897 2312 1076 2366; x_wconf 85' lang='lat' dir='ltr'><strong>Bonus</strong></span> <span class='ocrx_word' id='word_1_157' title='bbox 1145 2308 1290 2363; x_wconf 89' lang='lat' dir='ltr'><strong>enim</strong></span> <span class='ocrx_word' id='word_1_158' title='bbox 1373 2307 1541 2363; x_wconf 88' lang='lat' dir='ltr'><strong>lector</strong></span> <span class='ocrx_word' id='word_1_159' title='bbox 1604 2306 1822 2363; x_wconf 88' lang='lat' dir='ltr'><strong>humilis</strong></span> 
     </span>
    </p>
   </div>
   <div class='ocr_carea' id='block_1_23' title="bbox 184 2404 1821 2473">
    <p class='ocr_par' dir='ltr' id='par_1_23' title="bbox 184 2404 1821 2473">
     <span class='ocr_line' id='line_1_23' title="bbox 184 2404 1821 2473; baseline -0.006 -5"><span class='ocrx_word' id='word_1_160' title='bbox 184 2412 372 2468; x_wconf 83' lang='lat' dir='ltr'><strong>debet</strong></span> <span class='ocrx_word' id='word_1_161' title='bbox 399 2427 530 2468; x_wconf 86' lang='lat' dir='ltr'><strong>esse</strong></span> <span class='ocrx_word' id='word_1_162' title='bbox 557 2418 612 2465; x_wconf 88' lang='lat' dir='ltr'><strong>et</strong></span> <span class='ocrx_word' id='word_1_163' title='bbox 663 2415 998 2473; x_wconf 85' lang='lat' dir='ltr'><strong>mansuetus,</strong></span> <span class='ocrx_word' id='word_1_164' title='bbox 1032 2405 1224 2462; x_wconf 88' lang='lat' dir='ltr'><strong>acuris</strong></span> <span class='ocrx_word' id='word_1_165' title='bbox 1252 2404 1501 2460; x_wconf 87' lang='lat' dir='ltr'><strong>inanibus</strong></span> <span class='ocrx_word' id='word_1_166' title='bbox 1553 2410 1607 2460; x_wconf 90' lang='lat' dir='ltr'><strong>et</strong></span> <span class='ocrx_word' id='word_1_167' title='bbox 1658 2404 1821 2460; x_wconf 88' lang='lat' dir='ltr'><strong>volu-</strong></span> 
     </span>
    </p>
   </div>
   <div class='ocr_carea' id='block_1_24' title="bbox 186 2491 1822 2573">
    <p class='ocr_par' dir='ltr' id='par_1_24' title="bbox 186 2491 1822 2573">
     <span class='ocr_line' id='line_1_24' title="bbox 186 2491 1822 2573; baseline -0.007 -16"><span class='ocrx_word' id='word_1_168' title='bbox 186 2509 429 2573; x_wconf 84' lang='lat' dir='ltr'><strong>ptatum</strong></span> <span class='ocrx_word' id='word_1_169' title='bbox 486 2498 756 2555; x_wconf 88' lang='lat' dir='ltr'><strong>illecebris</strong></span> <span class='ocrx_word' id='word_1_170' title='bbox 785 2511 1002 2568; x_wconf 82' lang='lat' dir='ltr'><strong>prorsus</strong></span> <span class='ocrx_word' id='word_1_171' title='bbox 1045 2494 1271 2557; x_wconf 89' lang='lat' dir='ltr'><strong>alienus,</strong></span> <span class='ocrx_word' id='word_1_172' title='bbox 1307 2491 1542 2565; x_wconf 75' lang='lat' dir='ltr'><strong>diligens</strong></span> <span class='ocrx_word' id='word_1_173' title='bbox 1568 2500 1623 2548; x_wconf 91' lang='lat' dir='ltr'><strong>et</strong></span> <span class='ocrx_word' id='word_1_174' title='bbox 1649 2491 1822 2547; x_wconf 89' lang='lat' dir='ltr'><strong>sedu-</strong></span> 
     </span>
    </p>
   </div>
   <div class='ocr_carea' id='block_1_25' title="bbox 189 2580 1826 2657">
    <p class='ocr_par' dir='ltr' id='par_1_25' title="bbox 189 2580 1826 2657">
     <span class='ocr_line' id='line_1_25' title="bbox 189 2580 1826 2657; baseline -0.005 -12"><span class='ocrx_word' id='word_1_175' title='bbox 189 2590 305 2657; x_wconf 87' lang='lat' dir='ltr'><strong>lus,</strong></span> <span class='ocrx_word' id='word_1_176' title='bbox 376 2596 446 2643; x_wconf 89' lang='lat' dir='ltr'><strong>ut</strong></span> <span class='ocrx_word' id='word_1_177' title='bbox 492 2588 565 2643; x_wconf 89' lang='lat' dir='ltr'><strong>ab</strong></span> <span class='ocrx_word' id='word_1_178' title='bbox 621 2585 873 2642; x_wconf 89' lang='lat' dir='ltr'><strong>omnibus</strong></span> <span class='ocrx_word' id='word_1_179' title='bbox 918 2582 1087 2638; x_wconf 89' lang='lat' dir='ltr'><strong>discat</strong></span> <span class='ocrx_word' id='word_1_180' title='bbox 1138 2581 1385 2648; x_wconf 84' lang='lat' dir='ltr'><strong>libenter,</strong></span> <span class='ocrx_word' id='word_1_181' title='bbox 1426 2596 1699 2651; x_wconf 88' lang='lat' dir='ltr'><strong>nunquam</strong></span> <span class='ocrx_word' id='word_1_182' title='bbox 1756 2580 1826 2637; x_wconf 90' lang='lat' dir='ltr'><strong>de</strong></span> 
     </span>
    </p>
   </div>
   <div class='ocr_carea' id='block_1_26' title="bbox 191 2668 1827 2748">
    <p class='ocr_par' dir='ltr' id='par_1_26' title="bbox 191 2668 1827 2748">
     <span class='ocr_line' id='line_1_26' title="bbox 191 2668 1827 2748; baseline -0.006 -15"><span class='ocrx_word' id='word_1_183' title='bbox 191 2677 451 2733; x_wconf 84' lang='lat' dir='ltr'><strong>scientia</strong></span> <span class='ocrx_word' id='word_1_184' title='bbox 479 2680 772 2748; x_wconf 60' lang='lat' dir='ltr'><strong>praesumat</strong></span> <span class='ocrx_word' id='word_1_185' title='bbox 816 2689 932 2740; x_wconf 88' lang='lat' dir='ltr'><strong>sua,</strong></span> <span class='ocrx_word' id='word_1_186' title='bbox 966 2670 1203 2742; x_wconf 75' lang='lat' dir='ltr'><strong>perversi</strong></span> <span class='ocrx_word' id='word_1_187' title='bbox 1260 2668 1530 2740; x_wconf 90' lang='lat' dir='ltr'><strong>dogmatis</strong></span> <span class='ocrx_word' id='word_1_188' title='bbox 1583 2677 1827 2725; x_wconf 79' lang='lat' dir='ltr'><strong>auctores</strong></span> 
     </span>
    </p>
   </div>
   <div class='ocr_carea' id='block_1_27' title="bbox 196 2761 1824 2836">
    <p class='ocr_par' dir='ltr' id='par_1_27' title="bbox 196 2761 1824 2836">
     <span class='ocr_line' id='line_1_27' title="bbox 196 2761 1824 2836; baseline -0.007 -13"><span class='ocrx_word' id='word_1_189' title='bbox 196 2767 371 2836; x_wconf 85' lang='lat' dir='ltr'><strong>quasi</strong></span> <span class='ocrx_word' id='word_1_190' title='bbox 395 2780 611 2821; x_wconf 86' lang='lat' dir='ltr'><strong>venena</strong></span> <span class='ocrx_word' id='word_1_191' title='bbox 632 2762 803 2835; x_wconf 78' lang='lat' dir='ltr'><strong>fugiat</strong></span> <span class='ocrx_word' id='word_1_192' title='bbox 826 2776 841 2830; x_wconf 87' lang='lat'><strong>;</strong></span> <span class='ocrx_word' id='word_1_193' title='bbox 868 2761 959 2816; x_wconf 90' lang='lat' dir='ltr'><strong>diu</strong></span> <span class='ocrx_word' id='word_1_194' title='bbox 990 2775 1104 2814; x_wconf 89' lang='lat' dir='ltr'><strong>rem</strong></span> <span class='ocrx_word' id='word_1_195' title='bbox 1134 2765 1478 2832; x_wconf 88' lang='lat' dir='ltr'><strong>pertractare,</strong></span> <span class='ocrx_word' id='word_1_196' title='bbox 1535 2765 1824 2826; x_wconf 84' lang='lat' dir='ltr'><strong>antequam</strong></span> 
     </span>
    </p>
   </div>
   <div class='ocr_carea' id='block_1_28' title="bbox 192 2847 1821 2926">
    <p class='ocr_par' dir='ltr' id='par_1_28' title="bbox 192 2847 1821 2926">
     <span class='ocr_line' id='line_1_28' title="bbox 192 2847 1821 2926; baseline -0.006 -17"><span class='ocrx_word' id='word_1_197' title='bbox 192 2854 446 2926; x_wconf 89' lang='lat' dir='ltr'><strong>judicet,</strong></span> <span class='ocrx_word' id='word_1_198' title='bbox 480 2853 650 2908; x_wconf 91' lang='lat' dir='ltr'><strong>discat</strong></span> <span class='ocrx_word' id='word_1_199' title='bbox 679 2865 693 2919; x_wconf 88' lang='lat'><strong>;</strong></span> <span class='ocrx_word' id='word_1_200' title='bbox 726 2865 836 2905; x_wconf 92' lang='lat' dir='ltr'><strong>non</strong></span> <span class='ocrx_word' id='word_1_201' title='bbox 891 2847 1063 2902; x_wconf 83' lang='lat' dir='ltr'><strong>videri</strong></span> <span class='ocrx_word' id='word_1_202' title='bbox 1114 2847 1302 2901; x_wconf 87' lang='lat' dir='ltr'><strong>doctus</strong></span> <span class='ocrx_word' id='word_1_203' title='bbox 1355 2853 1549 2901; x_wconf 87' lang='lat' dir='ltr'><strong>etesse</strong></span> <span class='ocrx_word' id='word_1_204' title='bbox 1600 2853 1821 2915; x_wconf 73' lang='lat' dir='ltr'><strong>quaerat,</strong></span> 
     </span>
    </p>
   </div>
   <div class='ocr_carea' id='block_1_29' title="bbox 201 2943 1827 3021">
    <p class='ocr_par' dir='ltr' id='par_1_29' title="bbox 201 2943 1827 3021">
     <span class='ocr_line' id='line_1_29' title="bbox 201 2943 1827 3021; baseline -0.006 -14"><span class='ocrx_word' id='word_1_205' title='bbox 201 2952 361 3008; x_wconf 89' lang='lat' dir='ltr'><strong>dicta</strong></span> <span class='ocrx_word' id='word_1_206' title='bbox 396 2950 702 3021; x_wconf 88' lang='lat' dir='ltr'><strong>sapientum</strong></span> <span class='ocrx_word' id='word_1_207' title='bbox 733 2947 1004 3003; x_wconf 84' lang='lat' dir='ltr'><strong>intellecta</strong></span> <span class='ocrx_word' id='word_1_208' title='bbox 1029 2943 1238 3015; x_wconf 80' lang='lat' dir='ltr'><strong>diligat,</strong></span> <span class='ocrx_word' id='word_1_209' title='bbox 1271 2950 1324 2998; x_wconf 92' lang='lat' dir='ltr'><strong>et</strong></span> <span class='ocrx_word' id='word_1_210' title='bbox 1343 2959 1407 2998; x_wconf 91' lang='lat' dir='ltr'><strong>ea</strong></span> <span class='ocrx_word' id='word_1_211' title='bbox 1437 2958 1654 3013; x_wconf 87' lang='lat' dir='ltr'><strong>semper</strong></span> <span class='ocrx_word' id='word_1_212' title='bbox 1700 2958 1827 2998; x_wconf 79' lang='lat' dir='ltr'><strong>ocu-</strong></span> 
     </span>
    </p>
   </div>
   <div class='ocr_carea' id='block_1_30' title="bbox 200 3038 1823 3120">
    <p class='ocr_par' dir='ltr' id='par_1_30' title="bbox 200 3038 1823 3120">
     <span class='ocr_line' id='line_1_30' title="bbox 200 3038 1823 3120; baseline -0.007 -15"><span class='ocrx_word' id='word_1_213' title='bbox 200 3049 274 3105; x_wconf 89' lang='lat' dir='ltr'><strong>lis</strong></span> <span class='ocrx_word' id='word_1_214' title='bbox 298 3048 467 3120; x_wconf 90' lang='lat' dir='ltr'><strong>quasi</strong></span> <span class='ocrx_word' id='word_1_215' title='bbox 495 3046 772 3119; x_wconf 90' lang='lat' dir='ltr'><strong>speculum</strong></span> <span class='ocrx_word' id='word_1_216' title='bbox 820 3043 995 3099; x_wconf 83' lang='lat' dir='ltr'><strong>vultus</strong></span> <span class='ocrx_word' id='word_1_217' title='bbox 1038 3041 1119 3096; x_wconf 89' lang='lat' dir='ltr'><strong>sui</strong></span> <span class='ocrx_word' id='word_1_218' title='bbox 1156 3048 1331 3096; x_wconf 88' lang='lat' dir='ltr'><strong>tenere</strong></span> <span class='ocrx_word' id='word_1_219' title='bbox 1380 3040 1633 3109; x_wconf 87' lang='lat' dir='ltr'><strong>studeat;</strong></span> <span class='ocrx_word' id='word_1_220' title='bbox 1685 3046 1737 3094; x_wconf 92' lang='lat' dir='ltr'><strong>et</strong></span> <span class='ocrx_word' id='word_1_221' title='bbox 1779 3038 1823 3093; x_wconf 89' lang='lat' dir='ltr'><strong>si</strong></span> 
     </span>
    </p>
   </div>
   <div class='ocr_carea' id='block_1_31' title="bbox 202 3128 1824 3209">
    <p class='ocr_par' dir='ltr' id='par_1_31' title="bbox 202 3128 1824 3209">
     <span class='ocr_line' id='line_1_31' title="bbox 202 3128 1824 3209; baseline -0.007 -14"><span class='ocrx_word' id='word_1_222' title='bbox 202 3155 321 3209; x_wconf 88' lang='lat' dir='ltr'><strong>qua</strong></span> <span class='ocrx_word' id='word_1_223' title='bbox 354 3137 499 3194; x_wconf 87' lang='lat' dir='ltr'><strong>forte</strong></span> <span class='ocrx_word' id='word_1_224' title='bbox 537 3133 847 3190; x_wconf 87' lang='lat' dir='ltr'><strong>obscuriora</strong></span> <span class='ocrx_word' id='word_1_225' title='bbox 895 3131 1221 3186; x_wconf 89' lang='lat' dir='ltr'><strong>intellectum</strong></span> <span class='ocrx_word' id='word_1_226' title='bbox 1268 3128 1385 3200; x_wconf 89' lang='lat' dir='ltr'><strong>ejus</strong></span> <span class='ocrx_word' id='word_1_227' title='bbox 1428 3145 1536 3185; x_wconf 91' lang='lat' dir='ltr'><strong>non</strong></span> <span class='ocrx_word' id='word_1_228' title='bbox 1584 3128 1824 3184; x_wconf 87' lang='lat' dir='ltr'><strong>admise-</strong></span> 
     </span>
    </p>
   </div>
   <div class='ocr_carea' id='block_1_32' title="bbox 203 3216 1901 3298">
    <p class='ocr_par' dir='ltr' id='par_1_32' title="bbox 203 3216 1901 3298">
     <span class='ocr_line' id='line_1_32' title="bbox 203 3216 1901 3298; baseline -0.008 -15"><span class='ocrx_word' id='word_1_229' title='bbox 203 3227 341 3298; x_wconf 85' lang='lat' dir='ltr'><strong>rint,</strong></span> <span class='ocrx_word' id='word_1_230' title='bbox 372 3242 489 3281; x_wconf 90' lang='lat' dir='ltr'><strong>non</strong></span> <span class='ocrx_word' id='word_1_231' title='bbox 518 3225 697 3280; x_wconf 83' lang='lat' dir='ltr'><strong>statim</strong></span> <span class='ocrx_word' id='word_1_232' title='bbox 738 3223 793 3277; x_wconf 92' lang='lat' dir='ltr'><strong>in</strong></span> <span class='ocrx_word' id='word_1_233' title='bbox 843 3219 1162 3291; x_wconf 86' lang='lat' dir='ltr'><strong>vituperium</strong></span> <span class='ocrx_word' id='word_1_234' title='bbox 1213 3225 1546 3291; x_wconf 80' lang='lat' dir='ltr'><strong>prorumpat,</strong></span> <span class='ocrx_word' id='word_1_235' title='bbox 1590 3224 1647 3271; x_wconf 91' lang='lat' dir='ltr'><strong>ut</strong></span> <span class='ocrx_word' id='word_1_236' title='bbox 1691 3216 1824 3271; x_wconf 86' lang='lat' dir='ltr'><strong>nihil</strong></span> <span class='ocrx_word' id='word_1_237' title='bbox 1851 3217 1901 3282; x_wconf 75' lang='grc' dir='ltr'>Ο</span> 
     </span>
    </p>
   </div>
   <div class='ocr_carea' id='block_1_33' title="bbox 206 3305 1823 3378">
    <p class='ocr_par' dir='ltr' id='par_1_33' title="bbox 206 3305 1823 3378">
     <span class='ocr_line' id='line_1_33' title="bbox 206 3305 1823 3378; baseline -0.008 -5"><span class='ocrx_word' id='word_1_238' title='bbox 206 3318 397 3373; x_wconf 86' lang='lat' dir='ltr'><strong>boum</strong></span> <span class='ocrx_word' id='word_1_239' title='bbox 457 3330 573 3370; x_wconf 85' lang='lat' dir='ltr'><strong>esse</strong></span> <span class='ocrx_word' id='word_1_240' title='bbox 643 3311 846 3374; x_wconf 87' lang='lat' dir='ltr'><strong>credat,</strong></span> <span class='ocrx_word' id='word_1_241' title='bbox 933 3309 1032 3363; x_wconf 88' lang='lat' dir='ltr'><strong>nisi</strong></span> <span class='ocrx_word' id='word_1_242' title='bbox 1110 3306 1253 3378; x_wconf 88' lang='lat' dir='ltr'><strong>quod</strong></span> <span class='ocrx_word' id='word_1_243' title='bbox 1336 3306 1448 3377; x_wconf 80' lang='lat' dir='ltr'><strong>ipse</strong></span> <span class='ocrx_word' id='word_1_244' title='bbox 1522 3305 1823 3377; x_wconf 82' lang='lat' dir='ltr'><strong>intelligere</strong></span> 
     </span>
    </p>
   </div>
   <div class='ocr_carea' id='block_1_34' title="bbox 207 3394 1653 3479">
    <p class='ocr_par' dir='ltr' id='par_1_34' title="bbox 207 3394 1653 3479">
     <span class='ocr_line' id='line_1_34' title="bbox 207 3394 1653 3479; baseline -0.01 -17"><span class='ocrx_word' id='word_1_245' title='bbox 207 3405 424 3479; x_wconf 88' lang='lat' dir='ltr'><strong>potuit.</strong></span> <span class='ocrx_word' id='word_1_246' title='bbox 454 3404 587 3458; x_wconf 79' lang='lat' dir='ltr'><strong>liceo</strong></span> <span class='ocrx_word' id='word_1_247' title='bbox 615 3409 695 3457; x_wconf 88' lang='lat' dir='ltr'><strong>est</strong></span> <span class='ocrx_word' id='word_1_248' title='bbox 716 3398 988 3456; x_wconf 83' lang='lat' dir='ltr'><strong>humilitas</strong></span> <span class='ocrx_word' id='word_1_249' title='bbox 1007 3396 1305 3466; x_wconf 75' lang='lat' dir='ltr'><strong>disciplima</strong></span> <span class='ocrx_word' id='word_1_250' title='bbox 1333 3394 1653 3467; x_wconf 80' lang='lat' dir='ltr'><strong>legentium.</strong></span> 
     </span>
    </p>
   </div>
   <div class='ocr_carea' id='block_1_35' title="bbox 209 3518 1822 3590">
    <p class='ocr_par' dir='ltr' id='par_1_35' title="bbox 209 3518 1822 3590">
     <span class='ocr_line' id='line_1_35' title="bbox 209 3518 1822 3590; baseline -0.007 -6"><span class='ocrx_word' id='word_1_251' title='bbox 209 3529 294 3585; x_wconf 79' lang='lat' dir='ltr'><strong>De</strong></span> <span class='ocrx_word' id='word_1_252' title='bbox 339 3525 834 3585; x_wconf 75' lang='lat' dir='ltr'><strong>commendatione</strong></span> <span class='ocrx_word' id='word_1_253' title='bbox 874 3523 1243 3590; x_wconf 72' lang='lat' dir='ltr'><strong>humilitatis,</strong></span> <span class='ocrx_word' id='word_1_254' title='bbox 1292 3524 1350 3578; x_wconf 77' lang='lat' dir='ltr'><strong>et</strong></span> <span class='ocrx_word' id='word_1_255' title='bbox 1393 3519 1713 3575; x_wconf 77' lang='lat' dir='ltr'><strong>inuectione</strong></span> <span class='ocrx_word' id='word_1_256' title='bbox 1758 3518 1822 3573; x_wconf 79' lang='lat' dir='ltr'><strong>in</strong></span> 
     </span>
    </p>
   </div>
   <div class='ocr_carea' id='block_1_36' title="bbox 846 3612 1192 3685">
    <p class='ocr_par' dir='ltr' id='par_1_36' title="bbox 846 3612 1192 3685">
     <span class='ocr_line' id='line_1_36' title="bbox 846 3612 1192 3685; baseline -0.006 -16"><span class='ocrx_word' id='word_1_257' title='bbox 846 3612 1164 3685; x_wconf 73' lang='lat' dir='ltr'><strong>superbiam</strong></span> <span class='ocrx_word' id='word_1_258' title='bbox 1177 3652 1192 3667; x_wconf 92' lang='lat'><strong>.</strong></span> 
     </span>
    </p>
   </div>
   <div class='ocr_carea' id='block_1_37' title="bbox 295 3730 1825 3815">
    <p class='ocr_par' dir='ltr' id='par_1_37' title="bbox 295 3730 1825 3815">
     <span class='ocr_line' id='line_1_37' title="bbox 295 3730 1825 3815; baseline -0.012 -12"><span class='ocrx_word' id='word_1_259' title='bbox 295 3746 347 3803; x_wconf 93' lang='grc' dir='ltr'>Ο</span> <span class='ocrx_word' id='word_1_260' title='bbox 370 3744 629 3815; x_wconf 74' lang='lat' dir='ltr'><strong>praeclara</strong></span> <span class='ocrx_word' id='word_1_261' title='bbox 656 3739 931 3796; x_wconf 84' lang='lat' dir='ltr'><strong>humilitas</strong></span> <span class='ocrx_word' id='word_1_262' title='bbox 958 3754 1061 3809; x_wconf 86' lang='lat' dir='ltr'><strong>qua</strong></span> <span class='ocrx_word' id='word_1_263' title='bbox 1083 3737 1421 3810; x_wconf 80' lang='lat' dir='ltr'><strong>amplexatur</strong></span> <span class='ocrx_word' id='word_1_264' title='bbox 1440 3730 1825 3805; x_wconf 86' lang='lat' dir='ltr'><strong>omnipotentis</strong></span> 
     </span>
    </p>
   </div>
   <div class='ocr_carea' id='block_1_38' title="bbox 215 3823 1820 3905">
    <p class='ocr_par' dir='ltr' id='par_1_38' title="bbox 215 3823 1820 3905">
     <span class='ocr_line' id='line_1_38' title="bbox 215 3823 1820 3905; baseline -0.011 -13"><span class='ocrx_word' id='word_1_265' title='bbox 215 3836 486 3905; x_wconf 85' lang='lat' dir='ltr'><strong>majestas</strong></span> <span class='ocrx_word' id='word_1_266' title='bbox 516 3834 529 3887; x_wconf 87' lang='lat' dir='ltr'><strong>l</strong></span> <span class='ocrx_word' id='word_1_267' title='bbox 567 3831 614 3886; x_wconf 92' lang='grc' dir='ltr'>Ο</span> <span class='ocrx_word' id='word_1_268' title='bbox 641 3831 801 3886; x_wconf 89' lang='lat' dir='ltr'><strong>beata</strong></span> <span class='ocrx_word' id='word_1_269' title='bbox 841 3828 1129 3893; x_wconf 88' lang='lat' dir='ltr'><strong>humilitas,</strong></span> <span class='ocrx_word' id='word_1_270' title='bbox 1162 3842 1324 3896; x_wconf 91' lang='lat' dir='ltr'><strong>quam</strong></span> <span class='ocrx_word' id='word_1_271' title='bbox 1345 3823 1581 3890; x_wconf 86' lang='lat' dir='ltr'><strong>visitare,</strong></span> <span class='ocrx_word' id='word_1_272' title='bbox 1611 3835 1820 3886; x_wconf 88' lang='lat' dir='ltr'><strong>sanare,</strong></span> 
     </span>
    </p>
   </div>
   <div class='ocr_carea' id='block_1_39' title="bbox 216 3908 1822 3997">
    <p class='ocr_par' dir='ltr' id='par_1_39' title="bbox 216 3908 1822 3997">
     <span class='ocr_line' id='line_1_39' title="bbox 216 3908 1822 3997; baseline -0.011 -17"><span class='ocrx_word' id='word_1_273' title='bbox 216 3921 535 3997; x_wconf 87' lang='lat' dir='ltr'><strong>gloriﬁcare</strong></span> <span class='ocrx_word' id='word_1_274' title='bbox 564 3935 672 3975; x_wconf 91' lang='lat' dir='ltr'><strong>non</strong></span> <span class='ocrx_word' id='word_1_275' title='bbox 701 3916 1023 3989; x_wconf 80' lang='lat' dir='ltr'><strong>dedignatur</strong></span> <span class='ocrx_word' id='word_1_276' title='bbox 1049 3914 1282 3987; x_wconf 88' lang='lat' dir='ltr'><strong>propitia</strong></span> <span class='ocrx_word' id='word_1_277' title='bbox 1311 3911 1565 3967; x_wconf 85' lang='lat' dir='ltr'><strong>divinitas</strong></span> <span class='ocrx_word' id='word_1_278' title='bbox 1589 3908 1669 3965; x_wconf 83' lang='grc' dir='ltr'><strong>ιο</strong></span> <span class='ocrx_word' id='word_1_279' title='bbox 1691 3924 1822 3980; x_wconf 88' lang='lat' dir='ltr'><strong>pru-</strong></span> 
     </span>
    </p>
   </div>
   <div class='ocr_carea' id='block_1_40' title="bbox 216 3997 1823 4078">
    <p class='ocr_par' dir='ltr' id='par_1_40' title="bbox 216 3997 1823 4078">
     <span class='ocr_line' id='line_1_40' title="bbox 216 3997 1823 4078; baseline -0.011 -12"><span class='ocrx_word' id='word_1_280' title='bbox 216 4012 365 4068; x_wconf 90' lang='lat' dir='ltr'><strong>dens</strong></span> <span class='ocrx_word' id='word_1_281' title='bbox 391 4008 681 4075; x_wconf 88' lang='lat' dir='ltr'><strong>humilitas,</strong></span> <span class='ocrx_word' id='word_1_282' title='bbox 704 4022 824 4077; x_wconf 67' lang='lat' dir='ltr'><strong>quze</strong></span> <span class='ocrx_word' id='word_1_283' title='bbox 843 4004 1116 4078; x_wconf 87' lang='lat' dir='ltr'><strong>propriam</strong></span> <span class='ocrx_word' id='word_1_284' title='bbox 1136 4001 1436 4059; x_wconf 86' lang='lat' dir='ltr'><strong>contemnis</strong></span> <span class='ocrx_word' id='word_1_285' title='bbox 1451 3997 1823 4055; x_wconf 80' lang='lat' dir='ltr'><strong>excellentiam</strong></span> 
     </span>
    </p>
   </div>
   <div class='ocr_carea' id='block_1_41' title="bbox 219 4084 1822 4163">
    <p class='ocr_par' dir='ltr' id='par_1_41' title="bbox 219 4084 1822 4163">
     <span class='ocr_line' id='line_1_41' title="bbox 219 4084 1822 4163; baseline -0.012 -6"><span class='ocrx_word' id='word_1_286' title='bbox 219 4109 276 4158; x_wconf 90' lang='lat' dir='ltr'><strong>et</strong></span> <span class='ocrx_word' id='word_1_287' title='bbox 313 4097 611 4156; x_wconf 90' lang='lat' dir='ltr'><strong>Dominum</strong></span> <span class='ocrx_word' id='word_1_288' title='bbox 651 4095 824 4151; x_wconf 90' lang='lat' dir='ltr'><strong>solum</strong></span> <span class='ocrx_word' id='word_1_289' title='bbox 880 4091 1197 4163; x_wconf 83' lang='lat' dir='ltr'><strong>magniﬁcas</strong></span> <span class='ocrx_word' id='word_1_290' title='bbox 1225 4089 1424 4145; x_wconf 73' lang='lat' dir='ltr'><strong>animae</strong></span> <span class='ocrx_word' id='word_1_291' title='bbox 1449 4086 1658 4157; x_wconf 89' lang='lat' dir='ltr'><strong>judicio</strong></span> <span class='ocrx_word' id='word_1_292' title='bbox 1685 4092 1739 4140; x_wconf 91' lang='lat' dir='ltr'><strong>et</strong></span> <span class='ocrx_word' id='word_1_293' title='bbox 1767 4084 1822 4138; x_wconf 90' lang='lat' dir='ltr'><strong>in</strong></span> 
     </span>
    </p>
   </div>
   <div class='ocr_carea' id='block_1_42' title="bbox 216 4183 1821 4271">
    <p class='ocr_par' dir='ltr' id='par_1_42' title="bbox 216 4183 1821 4271">
     <span class='ocr_line' id='line_1_42' title="bbox 216 4183 1821 4271; baseline -0.012 -16"><span class='ocrx_word' id='word_1_294' title='bbox 216 4200 347 4271; x_wconf 87' lang='lat' dir='ltr'><strong>ejus</strong></span> <span class='ocrx_word' id='word_1_295' title='bbox 374 4194 589 4252; x_wconf 87' lang='lat' dir='ltr'><strong>salutari</strong></span> <span class='ocrx_word' id='word_1_296' title='bbox 620 4192 854 4248; x_wconf 81' lang='lat' dir='ltr'><strong>exsultas</strong></span> <span class='ocrx_word' id='word_1_297' title='bbox 908 4190 1123 4261; x_wconf 88' lang='lat' dir='ltr'><strong>spiritus</strong></span> <span class='ocrx_word' id='word_1_298' title='bbox 1167 4187 1389 4261; x_wconf 86' lang='lat' dir='ltr'><strong>gaudio.</strong></span> <span class='ocrx_word' id='word_1_299' title='bbox 1424 4186 1566 4240; x_wconf 90' lang='lat' dir='ltr'><strong>Dum</strong></span> <span class='ocrx_word' id='word_1_300' title='bbox 1595 4183 1821 4254; x_wconf 88' lang='lat' dir='ltr'><strong>teipsam</strong></span> 
     </span>
    </p>
   </div>
   <div class='ocr_carea' id='block_1_43' title="bbox 219 4272 1824 4360">
    <p class='ocr_par' dir='ltr' id='par_1_43' title="bbox 219 4272 1824 4360">
     <span class='ocr_line' id='line_1_43' title="bbox 219 4272 1824 4360; baseline -0.012 -17"><span class='ocrx_word' id='word_1_301' title='bbox 219 4287 480 4360; x_wconf 86' lang='lat' dir='ltr'><strong>despicis,</strong></span> <span class='ocrx_word' id='word_1_302' title='bbox 540 4285 684 4338; x_wconf 89' lang='lat' dir='ltr'><strong>Deus</strong></span> <span class='ocrx_word' id='word_1_303' title='bbox 713 4289 762 4336; x_wconf 92' lang='lat' dir='ltr'><strong>te</strong></span> <span class='ocrx_word' id='word_1_304' title='bbox 808 4281 863 4335; x_wconf 90' lang='lat' dir='ltr'><strong>in</strong></span> <span class='ocrx_word' id='word_1_305' title='bbox 892 4280 1031 4335; x_wconf 69' lang='lat' dir='ltr'><strong>cmlo</strong></span> <span class='ocrx_word' id='word_1_306' title='bbox 1060 4285 1114 4333; x_wconf 90' lang='lat' dir='ltr'><strong>et</strong></span> <span class='ocrx_word' id='word_1_307' title='bbox 1166 4277 1220 4332; x_wconf 90' lang='lat' dir='ltr'><strong>in</strong></span> <span class='ocrx_word' id='word_1_308' title='bbox 1251 4283 1390 4331; x_wconf 90' lang='lat' dir='ltr'><strong>terra</strong></span> <span class='ocrx_word' id='word_1_309' title='bbox 1418 4273 1652 4346; x_wconf 89' lang='lat' dir='ltr'><strong>respicit.</strong></span> <span class='ocrx_word' id='word_1_310' title='bbox 1683 4272 1824 4326; x_wconf 90' lang='lat' dir='ltr'><strong>Dum</strong></span> 
     </span>
    </p>
   </div>
   <div class='ocr_carea' id='block_1_44' title="bbox 220 4368 1826 4457">
    <p class='ocr_par' dir='ltr' id='par_1_44' title="bbox 220 4368 1826 4457">
     <span class='ocr_line' id='line_1_44' title="bbox 220 4368 1826 4457; baseline -0.012 -16"><span class='ocrx_word' id='word_1_311' title='bbox 220 4394 277 4442; x_wconf 89' lang='lat' dir='ltr'><strong>te</strong></span> <span class='ocrx_word' id='word_1_312' title='bbox 307 4383 586 4457; x_wconf 88' lang='lat' dir='ltr'><strong>pulverem</strong></span> <span class='ocrx_word' id='word_1_313' title='bbox 644 4386 697 4434; x_wconf 90' lang='lat' dir='ltr'><strong>et</strong></span> <span class='ocrx_word' id='word_1_314' title='bbox 724 4377 960 4433; x_wconf 91' lang='lat' dir='ltr'><strong>cinerem</strong></span> <span class='ocrx_word' id='word_1_315' title='bbox 1015 4373 1303 4439; x_wconf 80' lang='lat' dir='ltr'><strong>confiteris,</strong></span> <span class='ocrx_word' id='word_1_316' title='bbox 1359 4386 1525 4443; x_wconf 89' lang='lat' dir='ltr'><strong>super</strong></span> <span class='ocrx_word' id='word_1_317' title='bbox 1579 4368 1826 4423; x_wconf 89' lang='lat' dir='ltr'><strong>inimicos</strong></span> 
     </span>
    </p>
   </div>
   <div class='ocr_carea' id='block_1_45' title="bbox 221 4457 1822 4530">
    <p class='ocr_par' dir='ltr' id='par_1_45' title="bbox 221 4457 1822 4530">
     <span class='ocr_line' id='line_1_45' title="bbox 221 4457 1822 4530; baseline -0.012 -1"><span class='ocrx_word' id='word_1_318' title='bbox 221 4483 350 4530; x_wconf 88' lang='lat' dir='ltr'><strong>tuos</strong></span> <span class='ocrx_word' id='word_1_319' title='bbox 403 4469 659 4526; x_wconf 88' lang='lat' dir='ltr'><strong>divinitus</strong></span> <span class='ocrx_word' id='word_1_320' title='bbox 722 4465 993 4521; x_wconf 84' lang='lat' dir='ltr'><strong>exaltaris.</strong></span> <span class='ocrx_word' id='word_1_321' title='bbox 1050 4463 1130 4518; x_wconf 86' lang='lat' dir='ltr'><strong>Tu</strong></span> <span class='ocrx_word' id='word_1_322' title='bbox 1184 4459 1568 4517; x_wconf 85' lang='lat' dir='ltr'><strong>conscientiam</strong></span> <span class='ocrx_word' id='word_1_323' title='bbox 1624 4457 1822 4512; x_wconf 89' lang='lat' dir='ltr'><strong>bonam</strong></span> 
     </span>
    </p>
   </div>
   <div class='ocr_carea' id='block_1_46' title="bbox 224 4544 1907 4635">
    <p class='ocr_par' dir='ltr' id='par_1_46' title="bbox 224 4544 1907 4635">
     <span class='ocr_line' id='line_1_46' title="bbox 224 4544 1907 4635; baseline -0.012 -17"><span class='ocrx_word' id='word_1_324' title='bbox 224 4561 449 4618; x_wconf 90' lang='lat' dir='ltr'><strong>modoa</strong></span> <span class='ocrx_word' id='word_1_325' title='bbox 477 4554 820 4612; x_wconf 86' lang='lat' dir='ltr'><strong>mordacibus</strong></span> <span class='ocrx_word' id='word_1_326' title='bbox 871 4553 1011 4608; x_wconf 89' lang='lat' dir='ltr'><strong>curis</strong></span> <span class='ocrx_word' id='word_1_327' title='bbox 1039 4551 1172 4607; x_wconf 83' lang='lat' dir='ltr'><strong>facis</strong></span> <span class='ocrx_word' id='word_1_328' title='bbox 1225 4550 1482 4619; x_wconf 85' lang='lat' dir='ltr'><strong>quietam,</strong></span> <span class='ocrx_word' id='word_1_329' title='bbox 1539 4546 1593 4600; x_wconf 91' lang='lat' dir='ltr'><strong>in</strong></span> <span class='ocrx_word' id='word_1_330' title='bbox 1649 4544 1825 4599; x_wconf 89' lang='lat' dir='ltr'><strong>futuro</strong></span> <span class='ocrx_word' id='word_1_331' title='bbox 1854 4574 1907 4635; x_wconf 82' lang='lat' dir='ltr'><strong>D</strong></span> 
     </span>
    </p>
   </div>
   <div class='ocr_carea' id='block_1_47' title="bbox 228 4632 1829 4716">
    <p class='ocr_par' dir='ltr' id='par_1_47' title="bbox 228 4632 1829 4716">
     <span class='ocr_line' id='line_1_47' title="bbox 228 4632 1829 4716; baseline -0.011 -10"><span class='ocrx_word' id='word_1_332' title='bbox 228 4667 264 4706; x_wconf 90' lang='lat' dir='ltr'><strong>a</strong></span> <span class='ocrx_word' id='word_1_333' title='bbox 291 4645 596 4706; x_wconf 90' lang='lat' dir='ltr'><strong>minacibus</strong></span> <span class='ocrx_word' id='word_1_334' title='bbox 623 4643 798 4716; x_wconf 64' lang='lat' dir='ltr'><strong>pinnis</strong></span> <span class='ocrx_word' id='word_1_335' title='bbox 852 4656 1121 4697; x_wconf 87' lang='lat' dir='ltr'><strong>securam.</strong></span> <span class='ocrx_word' id='word_1_336' title='bbox 1179 4637 1391 4693; x_wconf 73' lang='lat' dir='ltr'><strong>Emula</strong></span> <span class='ocrx_word' id='word_1_337' title='bbox 1440 4644 1530 4691; x_wconf 89' lang='lat' dir='ltr'><strong>tua</strong></span> <span class='ocrx_word' id='word_1_338' title='bbox 1577 4632 1829 4704; x_wconf 87' lang='lat' dir='ltr'><strong>superbia</strong></span> 
     </span>
    </p>
   </div>
   <div class='ocr_carea' id='block_1_48' title="bbox 231 4726 1830 4816">
    <p class='ocr_par' dir='ltr' id='par_1_48' title="bbox 231 4726 1830 4816">
     <span class='ocr_line' id='line_1_48' title="bbox 231 4726 1830 4816; baseline -0.013 -13"><span class='ocrx_word' id='word_1_339' title='bbox 231 4764 266 4803; x_wconf 88' lang='lat' dir='ltr'><strong>a</strong></span> <span class='ocrx_word' id='word_1_340' title='bbox 294 4742 545 4816; x_wconf 88' lang='lat' dir='ltr'><strong>superbis</strong></span> <span class='ocrx_word' id='word_1_341' title='bbox 574 4740 851 4796; x_wconf 89' lang='lat' dir='ltr'><strong>diabolum</strong></span> <span class='ocrx_word' id='word_1_342' title='bbox 890 4735 1246 4808; x_wconf 66' lang='lat' dir='ltr'><strong>prmcipitavit</strong></span> <span class='ocrx_word' id='word_1_343' title='bbox 1302 4734 1355 4788; x_wconf 90' lang='lat' dir='ltr'><strong>in</strong></span> <span class='ocrx_word' id='word_1_344' title='bbox 1412 4731 1702 4797; x_wconf 82' lang='lat' dir='ltr'><strong>infernum,</strong></span> <span class='ocrx_word' id='word_1_345' title='bbox 1761 4726 1830 4783; x_wconf 91' lang='lat' dir='ltr'><strong>de</strong></span> 
     </span>
    </p>
   </div>
   <div class='ocr_carea' id='block_1_49' title="bbox 233 4817 1830 4909">
    <p class='ocr_par' dir='ltr' id='par_1_49' title="bbox 233 4817 1830 4909">
     <span class='ocr_line' id='line_1_49' title="bbox 233 4817 1830 4909; baseline -0.013 -18"><span class='ocrx_word' id='word_1_346' title='bbox 233 4833 488 4909; x_wconf 86' lang='lat' dir='ltr'><strong>paradiso</strong></span> <span class='ocrx_word' id='word_1_347' title='bbox 543 4829 712 4885; x_wconf 82' lang='lat' dir='ltr'><strong>Adam</strong></span> <span class='ocrx_word' id='word_1_348' title='bbox 761 4826 964 4899; x_wconf 79' lang='lat' dir='ltr'><strong>expulit</strong></span> <span class='ocrx_word' id='word_1_349' title='bbox 992 4825 1047 4880; x_wconf 93' lang='lat' dir='ltr'><strong>in</strong></span> <span class='ocrx_word' id='word_1_350' title='bbox 1075 4824 1348 4891; x_wconf 79' lang='lat' dir='ltr'><strong>exsilium,</strong></span> <span class='ocrx_word' id='word_1_351' title='bbox 1383 4829 1437 4877; x_wconf 91' lang='lat' dir='ltr'><strong>tu</strong></span> <span class='ocrx_word' id='word_1_352' title='bbox 1464 4822 1724 4875; x_wconf 89' lang='lat' dir='ltr'><strong>latronem</strong></span> <span class='ocrx_word' id='word_1_353' title='bbox 1755 4817 1830 4871; x_wconf 86' lang='lat' dir='ltr'><strong>in-</strong></span> 
     </span>
    </p>
   </div>
   <div class='ocr_carea' id='block_1_50' title="bbox 233 4907 1833 4989">
    <p class='ocr_par' dir='ltr' id='par_1_50' title="bbox 233 4907 1833 4989">
     <span class='ocr_line' id='line_1_50' title="bbox 233 4907 1833 4989; baseline -0.011 -10"><span class='ocrx_word' id='word_1_354' title='bbox 233 4907 521 4980; x_wconf 77' lang='lat' dir='ltr'><strong>troduxisti</strong></span> <span class='ocrx_word' id='word_1_355' title='bbox 569 4919 623 4972; x_wconf 89' lang='lat' dir='ltr'><strong>in</strong></span> <span class='ocrx_word' id='word_1_356' title='bbox 673 4915 1001 4989; x_wconf 84' lang='lat' dir='ltr'><strong>paradisum,</strong></span> <span class='ocrx_word' id='word_1_357' title='bbox 1049 4911 1355 4967; x_wconf 87' lang='lat' dir='ltr'><strong>meretrices</strong></span> <span class='ocrx_word' id='word_1_358' title='bbox 1409 4916 1462 4964; x_wconf 89' lang='lat' dir='ltr'><strong>et</strong></span> <span class='ocrx_word' id='word_1_359' title='bbox 1516 4907 1833 4980; x_wconf 86' lang='lat' dir='ltr'><strong>publicanos</strong></span> 
     </span>
    </p>
   </div>
   <div class='ocr_carea' id='block_1_51' title="bbox 234 4993 1835 5081">
    <p class='ocr_par' dir='ltr' id='par_1_51' title="bbox 234 4993 1835 5081">
     <span class='ocr_line' id='line_1_51' title="bbox 234 4993 1835 5081; baseline -0.012 -13"><span class='ocrx_word' id='word_1_360' title='bbox 234 5013 293 5068; x_wconf 91' lang='lat' dir='ltr'><strong>in</strong></span> <span class='ocrx_word' id='word_1_361' title='bbox 320 5023 551 5081; x_wconf 89' lang='lat' dir='ltr'><strong>regnum</strong></span> <span class='ocrx_word' id='word_1_362' title='bbox 591 5004 877 5062; x_wconf 63' lang='lat' dir='ltr'><strong>caelorum.</strong></span> <span class='ocrx_word' id='word_1_363' title='bbox 915 5002 1013 5058; x_wconf 88' lang='lat' dir='ltr'><strong>Illa</strong></span> <span class='ocrx_word' id='word_1_364' title='bbox 1068 5000 1252 5055; x_wconf 87' lang='lat' dir='ltr'><strong>nititur</strong></span> <span class='ocrx_word' id='word_1_365' title='bbox 1305 5013 1467 5070; x_wconf 90' lang='lat' dir='ltr'><strong>supra</strong></span> <span class='ocrx_word' id='word_1_366' title='bbox 1520 5011 1597 5063; x_wconf 88' lang='lat' dir='ltr'><strong>se,</strong></span> <span class='ocrx_word' id='word_1_367' title='bbox 1650 5003 1704 5050; x_wconf 91' lang='lat' dir='ltr'><strong>et</strong></span> <span class='ocrx_word' id='word_1_368' title='bbox 1728 4993 1835 5049; x_wconf 79' lang='lat' dir='ltr'><strong>ruit</strong></span> 
     </span>
    </p>
   </div>
   <div class='ocr_carea' id='block_1_52' title="bbox 236 5083 1836 5166">
    <p class='ocr_par' dir='ltr' id='par_1_52' title="bbox 236 5083 1836 5166">
     <span class='ocr_line' id='line_1_52' title="bbox 236 5083 1836 5166; baseline -0.013 -10"><span class='ocrx_word' id='word_1_369' title='bbox 236 5101 381 5156; x_wconf 85' lang='lat' dir='ltr'><strong>infra</strong></span> <span class='ocrx_word' id='word_1_370' title='bbox 408 5114 465 5152; x_wconf 90' lang='lat' dir='ltr'><strong>se</strong></span> <span class='ocrx_word' id='word_1_371' title='bbox 498 5111 513 5166; x_wconf 90' lang='lat'>;</span> <span class='ocrx_word' id='word_1_372' title='bbox 540 5103 615 5163; x_wconf 91' lang='lat' dir='ltr'><strong>tu,</strong></span> <span class='ocrx_word' id='word_1_373' title='bbox 643 5101 702 5149; x_wconf 90' lang='lat' dir='ltr'><strong>ut</strong></span> <span class='ocrx_word' id='word_1_374' title='bbox 754 5094 893 5148; x_wconf 88' lang='lat' dir='ltr'><strong>bene</strong></span> <span class='ocrx_word' id='word_1_375' title='bbox 948 5089 1205 5156; x_wconf 87' lang='lat' dir='ltr'><strong>funderis,</strong></span> <span class='ocrx_word' id='word_1_376' title='bbox 1265 5087 1320 5141; x_wconf 91' lang='lat' dir='ltr'><strong>in</strong></span> <span class='ocrx_word' id='word_1_377' title='bbox 1351 5087 1516 5142; x_wconf 91' lang='lat' dir='ltr'><strong>altum</strong></span> <span class='ocrx_word' id='word_1_378' title='bbox 1560 5083 1700 5140; x_wconf 83' lang='lat' dir='ltr'><strong>fodis</strong></span> <span class='ocrx_word' id='word_1_379' title='bbox 1730 5097 1744 5152; x_wconf 88' lang='lat'><strong>;</strong></span> <span class='ocrx_word' id='word_1_380' title='bbox 1776 5090 1836 5137; x_wconf 89' lang='lat' dir='ltr'><strong>ut</strong></span> 
     </span>
    </p>
   </div>
   <div class='ocr_carea' id='block_1_53' title="bbox 236 5183 1829 5267">
    <p class='ocr_par' dir='ltr' id='par_1_53' title="bbox 236 5183 1829 5267">
     <span class='ocr_line' id='line_1_53' title="bbox 236 5183 1829 5267; baseline -0.013 -11"><span class='ocrx_word' id='word_1_381' title='bbox 236 5202 413 5256; x_wconf 90' lang='lat' dir='ltr'><strong>Deum</strong></span> <span class='ocrx_word' id='word_1_382' title='bbox 443 5196 618 5267; x_wconf 91' lang='lat' dir='ltr'><strong>ipsum</strong></span> <span class='ocrx_word' id='word_1_383' title='bbox 648 5193 853 5259; x_wconf 86' lang='lat' dir='ltr'><strong>videas,</strong></span> <span class='ocrx_word' id='word_1_384' title='bbox 878 5191 933 5247; x_wconf 89' lang='lat' dir='ltr'><strong>in</strong></span> <span class='ocrx_word' id='word_1_385' title='bbox 961 5188 1223 5260; x_wconf 90' lang='lat' dir='ltr'><strong>templum</strong></span> <span class='ocrx_word' id='word_1_386' title='bbox 1252 5187 1351 5241; x_wconf 89' lang='lat' dir='ltr'><strong>Dei</strong></span> <span class='ocrx_word' id='word_1_387' title='bbox 1381 5184 1630 5256; x_wconf 81' lang='lat' dir='ltr'><strong>erigaris.</strong></span> <span class='ocrx_word' id='word_1_388' title='bbox 1663 5183 1829 5238; x_wconf 88' lang='lat' dir='ltr'><strong>lllase</strong></span> 
     </span>
    </p>
   </div>
   <div class='ocr_carea' id='block_1_54' title="bbox 235 5279 1835 5355">
    <p class='ocr_par' dir='ltr' id='par_1_54' title="bbox 235 5279 1835 5355">
     <span class='ocr_line' id='line_1_54' title="bbox 235 5279 1835 5355; baseline -0.012 -4"><span class='ocrx_word' id='word_1_389' title='bbox 235 5296 472 5353; x_wconf 87' lang='lat' dir='ltr'><strong>similem</strong></span> <span class='ocrx_word' id='word_1_390' title='bbox 493 5292 624 5347; x_wconf 88' lang='lat' dir='ltr'><strong>facit</strong></span> <span class='ocrx_word' id='word_1_391' title='bbox 648 5290 943 5355; x_wconf 77' lang='lat' dir='ltr'><strong>Altissimo,</strong></span> <span class='ocrx_word' id='word_1_392' title='bbox 993 5289 1103 5341; x_wconf 90' lang='lat' dir='ltr'><strong>imo</strong></span> <span class='ocrx_word' id='word_1_393' title='bbox 1127 5300 1289 5355; x_wconf 87' lang='lat' dir='ltr'><strong>supra</strong></span> <span class='ocrx_word' id='word_1_394' title='bbox 1313 5300 1472 5340; x_wconf 89' lang='lat' dir='ltr'><strong>omne</strong></span> <span class='ocrx_word' id='word_1_395' title='bbox 1505 5279 1649 5352; x_wconf 86' lang='lat' dir='ltr'><strong>quod</strong></span> <span class='ocrx_word' id='word_1_396' title='bbox 1704 5279 1835 5334; x_wconf 90' lang='lat' dir='ltr'><strong>dici-</strong></span> 
     </span>
    </p>
   </div>
   <div class='ocr_carea' id='block_1_55' title="bbox 240 5376 1836 5451">
    <p class='ocr_par' dir='ltr' id='par_1_55' title="bbox 240 5376 1836 5451">
     <span class='ocr_line' id='line_1_55' title="bbox 240 5376 1836 5451; baseline -0.014 0"><span class='ocrx_word' id='word_1_397' title='bbox 240 5405 326 5451; x_wconf 88' lang='lat' dir='ltr'><strong>tur</strong></span> <span class='ocrx_word' id='word_1_398' title='bbox 346 5394 494 5447; x_wconf 88' lang='lat' dir='ltr'><strong>Deus</strong></span> <span class='ocrx_word' id='word_1_399' title='bbox 521 5396 614 5444; x_wconf 91' lang='lat' dir='ltr'><strong>aut</strong></span> <span class='ocrx_word' id='word_1_400' title='bbox 659 5388 852 5444; x_wconf 89' lang='lat' dir='ltr'><strong>colitur</strong></span> <span class='ocrx_word' id='word_1_401' title='bbox 879 5384 1166 5444; x_wconf 82' lang='lat' dir='ltr'><strong>extollitur,</strong></span> <span class='ocrx_word' id='word_1_402' title='bbox 1193 5389 1247 5437; x_wconf 90' lang='lat' dir='ltr'><strong>et</strong></span> <span class='ocrx_word' id='word_1_403' title='bbox 1274 5383 1343 5437; x_wconf 88' lang='lat' dir='ltr'><strong>ab</strong></span> <span class='ocrx_word' id='word_1_404' title='bbox 1372 5380 1519 5436; x_wconf 91' lang='lat' dir='ltr'><strong>omni</strong></span> <span class='ocrx_word' id='word_1_405' title='bbox 1574 5376 1836 5449; x_wconf 83' lang='lat' dir='ltr'><strong>dignitate</strong></span> 
     </span>
    </p>
   </div>
   <div class='ocr_carea' id='block_1_56' title="bbox 240 5470 1839 5553">
    <p class='ocr_par' dir='ltr' id='par_1_56' title="bbox 240 5470 1839 5553">
     <span class='ocr_line' id='line_1_56' title="bbox 240 5470 1839 5553; baseline -0.014 -12"><span class='ocrx_word' id='word_1_406' title='bbox 240 5482 515 5553; x_wconf 88' lang='lat' dir='ltr'><strong>abjicitur,</strong></span> <span class='ocrx_word' id='word_1_407' title='bbox 577 5484 629 5533; x_wconf 90' lang='lat' dir='ltr'><strong>et</strong></span> <span class='ocrx_word' id='word_1_408' title='bbox 680 5476 913 5547; x_wconf 89' lang='lat' dir='ltr'><strong>amplius</strong></span> <span class='ocrx_word' id='word_1_409' title='bbox 940 5488 1049 5528; x_wconf 88' lang='lat' dir='ltr'><strong>non</strong></span> <span class='ocrx_word' id='word_1_410' title='bbox 1078 5470 1179 5525; x_wconf 89' lang='lat' dir='ltr'><strong>erit</strong></span> <span class='ocrx_word' id='word_1_411' title='bbox 1227 5489 1242 5525; x_wconf 86' lang='lat'><strong>:</strong></span> <span class='ocrx_word' id='word_1_412' title='bbox 1284 5479 1339 5525; x_wconf 91' lang='lat' dir='ltr'><strong>tu</strong></span> <span class='ocrx_word' id='word_1_413' title='bbox 1372 5477 1422 5523; x_wconf 88' lang='lat' dir='ltr'><strong>te</strong></span> <span class='ocrx_word' id='word_1_414' title='bbox 1461 5481 1755 5539; x_wconf 89' lang='lat' dir='ltr'><strong>pauperem</strong></span> <span class='ocrx_word' id='word_1_415' title='bbox 1785 5471 1839 5519; x_wconf 89' lang='lat' dir='ltr'><strong>et</strong></span> 
     </span>
    </p>
   </div>
   <div class='ocr_carea' id='block_1_57' title="bbox 241 5561 1840 5641">
    <p class='ocr_par' dir='ltr' id='par_1_57' title="bbox 241 5561 1840 5641">
     <span class='ocr_line' id='line_1_57' title="bbox 241 5561 1840 5641; baseline -0.013 -6"><span class='ocrx_word' id='word_1_416' title='bbox 241 5593 487 5637; x_wconf 87' lang='lat' dir='ltr'><strong>vermem</strong></span> <span class='ocrx_word' id='word_1_417' title='bbox 518 5574 731 5641; x_wconf 86' lang='lat' dir='ltr'><strong>asseris,</strong></span> <span class='ocrx_word' id='word_1_418' title='bbox 756 5580 810 5627; x_wconf 88' lang='lat' dir='ltr'><strong>et</strong></span> <span class='ocrx_word' id='word_1_419' title='bbox 838 5572 907 5626; x_wconf 87' lang='lat' dir='ltr'><strong>de</strong></span> <span class='ocrx_word' id='word_1_420' title='bbox 934 5579 1167 5624; x_wconf 87' lang='lat' dir='ltr'><strong>stercore</strong></span> <span class='ocrx_word' id='word_1_421' title='bbox 1209 5565 1453 5630; x_wconf 87' lang='lat' dir='ltr'><strong>elevaris,</strong></span> <span class='ocrx_word' id='word_1_422' title='bbox 1486 5578 1549 5617; x_wconf 89' lang='lat' dir='ltr'><strong>ac</strong></span> <span class='ocrx_word' id='word_1_423' title='bbox 1571 5579 1692 5617; x_wconf 91' lang='lat' dir='ltr'><strong>cum</strong></span> <span class='ocrx_word' id='word_1_424' title='bbox 1721 5561 1840 5616; x_wconf 77' lang='lat' dir='ltr'><strong>caeli</strong></span> 
     </span>
    </p>
   </div>
   <div class='ocr_carea' id='block_1_58' title="bbox 246 5649 1844 5743">
    <p class='ocr_par' dir='ltr' id='par_1_58' title="bbox 246 5649 1844 5743">
     <span class='ocr_line' id='line_1_58' title="bbox 246 5649 1844 5743; baseline -0.014 -19"><span class='ocrx_word' id='word_1_425' title='bbox 246 5663 585 5743; x_wconf 85' lang='lat' dir='ltr'><strong>principibus</strong></span> <span class='ocrx_word' id='word_1_426' title='bbox 612 5658 912 5719; x_wconf 77' lang='lat' dir='ltr'><strong>collocaris.</strong></span> <span class='ocrx_word' id='word_1_427' title='bbox 950 5657 1047 5713; x_wconf 88' lang='lat' dir='ltr'><strong>llla</strong></span> <span class='ocrx_word' id='word_1_428' title='bbox 1095 5655 1238 5711; x_wconf 86' lang='lat' dir='ltr'><strong>bona</strong></span> <span class='ocrx_word' id='word_1_429' title='bbox 1268 5670 1363 5709; x_wconf 88' lang='lat' dir='ltr'><strong>sua</strong></span> <span class='ocrx_word' id='word_1_430' title='bbox 1419 5649 1601 5706; x_wconf 86' lang='lat' dir='ltr'><strong>laudat</strong></span> <span class='ocrx_word' id='word_1_431' title='bbox 1627 5657 1680 5704; x_wconf 91' lang='lat' dir='ltr'><strong>ct</strong></span> <span class='ocrx_word' id='word_1_432' title='bbox 1723 5663 1844 5719; x_wconf 86' lang='lat' dir='ltr'><strong>per-</strong></span> 
     </span>
    </p>
   </div>
   <div class='ocr_carea' id='block_1_59' title="bbox 1130 384 2601 449">
    <p class='ocr_par' dir='ltr' id='par_1_59' title="bbox 1130 384 2601 449">
     <span class='ocr_line' id='line_1_59' title="bbox 1130 384 2601 449; baseline -0.004 -2"><span class='ocrx_word' id='word_1_433' title='bbox 1130 386 1714 449; x_wconf 76' lang='lat' dir='ltr'><strong>DEFLORATIONES</strong></span> <span class='ocrx_word' id='word_1_434' title='bbox 1753 384 1859 443; x_wconf 89' lang='lat' dir='ltr'><strong>SS.</strong></span> <span class='ocrx_word' id='word_1_435' title='bbox 1907 384 2213 444; x_wconf 72' lang='lat' dir='ltr'><strong>PATRUM.</strong></span> <span class='ocrx_word' id='word_1_436' title='bbox 2245 413 2319 427; x_wconf 91' lang='lat'>—</span> <span class='ocrx_word' id='word_1_437' title='bbox 2353 384 2490 441; x_wconf 85' lang='lat' dir='ltr'><strong>LIB.</strong></span> <span class='ocrx_word' id='word_1_438' title='bbox 2523 384 2601 441; x_wconf 86' lang='lat' dir='ltr'><strong>II.</strong></span> 
     </span>
    </p>
   </div>
   <div class='ocr_carea' id='block_1_60' title="bbox 3376 385 3515 440">
    <p class='ocr_par' dir='ltr' id='par_1_60' title="bbox 3376 385 3515 440">
     <span class='ocr_line' id='line_1_60' title="bbox 3376 385 3515 440; baseline 0 -1"><span class='ocrx_word' id='word_1_439' title='bbox 3376 385 3515 440; x_wconf 79' lang='lat' dir='ltr'><strong>H70</strong></span> 
     </span>
    </p>
   </div>
   <div class='ocr_carea' id='block_1_61' title="bbox 1920 506 3515 584">
    <p class='ocr_par' dir='ltr' id='par_1_61' title="bbox 1920 506 3515 584">
     <span class='ocr_line' id='line_1_61' title="bbox 1920 506 3515 584; baseline -0.004 -15"><span class='ocrx_word' id='word_1_440' title='bbox 1920 520 2047 569; x_wconf 87' lang='lat' dir='ltr'><strong>eunt</strong></span> <span class='ocrx_word' id='word_1_441' title='bbox 2078 527 2094 584; x_wconf 88' lang='lat'><strong>;</strong></span> <span class='ocrx_word' id='word_1_442' title='bbox 2126 520 2181 568; x_wconf 89' lang='lat' dir='ltr'><strong>tu</strong></span> <span class='ocrx_word' id='word_1_443' title='bbox 2208 512 2352 569; x_wconf 83' lang='lat' dir='ltr'><strong>male</strong></span> <span class='ocrx_word' id='word_1_444' title='bbox 2380 518 2471 567; x_wconf 87' lang='lat' dir='ltr'><strong>tua</strong></span> <span class='ocrx_word' id='word_1_445' title='bbox 2517 525 2754 578; x_wconf 85' lang='lat' dir='ltr'><strong>accusas,</strong></span> <span class='ocrx_word' id='word_1_446' title='bbox 2785 518 2842 567; x_wconf 90' lang='lat' dir='ltr'><strong>et</strong></span> <span class='ocrx_word' id='word_1_447' title='bbox 2884 514 3229 567; x_wconf 79' lang='lat' dir='ltr'><strong>evanescunt.</strong></span> <span class='ocrx_word' id='word_1_448' title='bbox 3276 506 3375 565; x_wconf 86' lang='lat' dir='ltr'><strong>Illa</strong></span> <span class='ocrx_word' id='word_1_449' title='bbox 3409 507 3515 563; x_wconf 88' lang='lat' dir='ltr'><strong>sibi</strong></span> 
     </span>
    </p>
   </div>
   <div class='ocr_carea' id='block_1_62' title="bbox 1922 596 3512 671">
    <p class='ocr_par' dir='ltr' id='par_1_62' title="bbox 1922 596 3512 671">
     <span class='ocr_line' id='line_1_62' title="bbox 1922 596 3512 671; baseline -0.005 -12"><span class='ocrx_word' id='word_1_450' title='bbox 1922 601 2036 659; x_wconf 87' lang='lat' dir='ltr'><strong>vult</strong></span> <span class='ocrx_word' id='word_1_451' title='bbox 2062 599 2304 657; x_wconf 80' lang='lat' dir='ltr'><strong>suﬂicere</strong></span> <span class='ocrx_word' id='word_1_452' title='bbox 2332 607 2387 655; x_wconf 89' lang='lat' dir='ltr'><strong>et</strong></span> <span class='ocrx_word' id='word_1_453' title='bbox 2406 599 2591 671; x_wconf 87' lang='lat' dir='ltr'><strong>nequit</strong></span> <span class='ocrx_word' id='word_1_454' title='bbox 2618 598 2846 656; x_wconf 84' lang='lat' dir='ltr'><strong>deﬁcere</strong></span> <span class='ocrx_word' id='word_1_455' title='bbox 2880 614 2894 668; x_wconf 90' lang='lat'><strong>;</strong></span> <span class='ocrx_word' id='word_1_456' title='bbox 2929 607 2982 655; x_wconf 90' lang='lat' dir='ltr'><strong>tu</strong></span> <span class='ocrx_word' id='word_1_457' title='bbox 3010 598 3185 671; x_wconf 86' lang='lat' dir='ltr'><strong>gratia</strong></span> <span class='ocrx_word' id='word_1_458' title='bbox 3211 597 3310 653; x_wconf 92' lang='lat' dir='ltr'><strong>Dei</strong></span> <span class='ocrx_word' id='word_1_459' title='bbox 3364 596 3512 652; x_wconf 85' lang='lat' dir='ltr'><strong>inni-</strong></span> 
     </span>
    </p>
   </div>
   <div class='ocr_carea' id='block_1_63' title="bbox 1923 686 3513 759">
    <p class='ocr_par' dir='ltr' id='par_1_63' title="bbox 1923 686 3513 759">
     <span class='ocr_line' id='line_1_63' title="bbox 1923 686 3513 759; baseline -0.003 -13"><span class='ocrx_word' id='word_1_460' title='bbox 1923 692 2050 746; x_wconf 90' lang='lat' dir='ltr'><strong>teris</strong></span> <span class='ocrx_word' id='word_1_461' title='bbox 2066 691 2199 759; x_wconf 89' lang='lat' dir='ltr'><strong>sola,</strong></span> <span class='ocrx_word' id='word_1_462' title='bbox 2232 698 2285 746; x_wconf 91' lang='lat' dir='ltr'><strong>et</strong></span> <span class='ocrx_word' id='word_1_463' title='bbox 2314 689 2371 744; x_wconf 90' lang='lat' dir='ltr'><strong>in</strong></span> <span class='ocrx_word' id='word_1_464' title='bbox 2398 689 2620 745; x_wconf 90' lang='lat' dir='ltr'><strong>domino</strong></span> <span class='ocrx_word' id='word_1_465' title='bbox 2647 696 2801 759; x_wconf 85' lang='lat' dir='ltr'><strong>potes</strong></span> <span class='ocrx_word' id='word_1_466' title='bbox 2829 688 3036 743; x_wconf 89' lang='lat' dir='ltr'><strong>omnia.</strong></span> <span class='ocrx_word' id='word_1_467' title='bbox 3072 687 3172 742; x_wconf 88' lang='lat' dir='ltr'><strong>Illa</strong></span> <span class='ocrx_word' id='word_1_468' title='bbox 3198 686 3333 742; x_wconf 90' lang='lat' dir='ltr'><strong>sicut</strong></span> <span class='ocrx_word' id='word_1_469' title='bbox 3382 686 3513 742; x_wconf 85' lang='lat' dir='ltr'><strong>dum</strong></span> 
     </span>
    </p>
   </div>
   <div class='ocr_carea' id='block_1_64' title="bbox 1922 783 3517 860">
    <p class='ocr_par' dir='ltr' id='par_1_64' title="bbox 1922 783 3517 860">
     <span class='ocr_line' id='line_1_64' title="bbox 1922 783 3517 860; baseline -0.004 -15"><span class='ocrx_word' id='word_1_470' title='bbox 1922 797 2021 857; x_wconf 90' lang='lat' dir='ltr'><strong>est,</strong></span> <span class='ocrx_word' id='word_1_471' title='bbox 2070 803 2180 844; x_wconf 89' lang='lat' dir='ltr'><strong>non</strong></span> <span class='ocrx_word' id='word_1_472' title='bbox 2231 794 2406 860; x_wconf 68' lang='lat' dir='ltr'><strong>potest</strong></span> <span class='ocrx_word' id='word_1_473' title='bbox 2454 802 2562 842; x_wconf 92' lang='lat' dir='ltr'><strong>non</strong></span> <span class='ocrx_word' id='word_1_474' title='bbox 2610 802 2726 842; x_wconf 89' lang='lat' dir='ltr'><strong>esse</strong></span> <span class='ocrx_word' id='word_1_475' title='bbox 2782 785 2927 856; x_wconf 88' lang='lat' dir='ltr'><strong>quod</strong></span> <span class='ocrx_word' id='word_1_476' title='bbox 2982 792 3080 850; x_wconf 90' lang='lat' dir='ltr'><strong>est,</strong></span> <span class='ocrx_word' id='word_1_477' title='bbox 3130 783 3168 839; x_wconf 91' lang='lat' dir='ltr'><strong>il</strong></span> <span class='ocrx_word' id='word_1_478' title='bbox 3214 791 3294 839; x_wconf 90' lang='lat' dir='ltr'><strong>est</strong></span> <span class='ocrx_word' id='word_1_479' title='bbox 3319 799 3517 856; x_wconf 83' lang='lat' dir='ltr'><strong>super-</strong></span> 
     </span>
    </p>
   </div>
   <div class='ocr_carea' id='block_1_65' title="bbox 1921 872 3517 949">
    <p class='ocr_par' dir='ltr' id='par_1_65' title="bbox 1921 872 3517 949">
     <span class='ocr_line' id='line_1_65' title="bbox 1921 872 3517 949; baseline -0.004 -16"><span class='ocrx_word' id='word_1_480' title='bbox 1921 878 2034 947; x_wconf 89' lang='lat' dir='ltr'><strong>bia,</strong></span> <span class='ocrx_word' id='word_1_481' title='bbox 2064 879 2203 933; x_wconf 90' lang='lat' dir='ltr'><strong>sicut</strong></span> <span class='ocrx_word' id='word_1_482' title='bbox 2228 875 2386 933; x_wconf 88' lang='lat' dir='ltr'><strong>subdi</strong></span> <span class='ocrx_word' id='word_1_483' title='bbox 2415 891 2522 932; x_wconf 91' lang='lat' dir='ltr'><strong>non</strong></span> <span class='ocrx_word' id='word_1_484' title='bbox 2577 883 2755 949; x_wconf 90' lang='lat' dir='ltr'><strong>potest</strong></span> <span class='ocrx_word' id='word_1_485' title='bbox 2781 875 2874 931; x_wconf 94' lang='lat' dir='ltr'><strong>ulli</strong></span> <span class='ocrx_word' id='word_1_486' title='bbox 2927 872 3238 948; x_wconf 71' lang='lat' dir='ltr'><strong>praeposito,</strong></span> <span class='ocrx_word' id='word_1_487' title='bbox 3267 888 3368 929; x_wconf 89' lang='lat' dir='ltr'><strong>nec</strong></span> <span class='ocrx_word' id='word_1_488' title='bbox 3414 872 3517 945; x_wconf 84' lang='lat' dir='ltr'><strong>ipsi</strong></span> 
     </span>
    </p>
   </div>
   <div class='ocr_carea' id='block_1_66' title="bbox 1922 970 3515 1046">
    <p class='ocr_par' dir='ltr' id='par_1_66' title="bbox 1922 970 3515 1046">
     <span class='ocr_line' id='line_1_66' title="bbox 1922 970 3515 1046; baseline -0.004 -14"><span class='ocrx_word' id='word_1_489' title='bbox 1922 976 2036 1032; x_wconf 87' lang='lat' dir='ltr'><strong>Deo</strong></span> <span class='ocrx_word' id='word_1_490' title='bbox 2071 990 2085 1043; x_wconf 84' lang='lat'><strong>;</strong></span> <span class='ocrx_word' id='word_1_491' title='bbox 2119 983 2175 1032; x_wconf 92' lang='lat' dir='ltr'><strong>tu</strong></span> <span class='ocrx_word' id='word_1_492' title='bbox 2205 974 2330 1046; x_wconf 90' lang='lat' dir='ltr'><strong>quia</strong></span> <span class='ocrx_word' id='word_1_493' title='bbox 2359 989 2417 1032; x_wconf 91' lang='lat' dir='ltr'><strong>es</strong></span> <span class='ocrx_word' id='word_1_494' title='bbox 2440 972 2586 1045; x_wconf 89' lang='lat' dir='ltr'><strong>quod</strong></span> <span class='ocrx_word' id='word_1_495' title='bbox 2627 989 2705 1041; x_wconf 87' lang='lat' dir='ltr'><strong>es,</strong></span> <span class='ocrx_word' id='word_1_496' title='bbox 2739 971 2792 1028; x_wconf 91' lang='lat' dir='ltr'><strong>id</strong></span> <span class='ocrx_word' id='word_1_497' title='bbox 2821 978 2901 1028; x_wconf 91' lang='lat' dir='ltr'><strong>est</strong></span> <span class='ocrx_word' id='word_1_498' title='bbox 2918 970 3211 1040; x_wconf 90' lang='lat' dir='ltr'><strong>humilitas,</strong></span> <span class='ocrx_word' id='word_1_499' title='bbox 3263 970 3515 1026; x_wconf 89' lang='lat' dir='ltr'><strong>omnibus</strong></span> 
     </span>
    </p>
   </div>
   <div class='ocr_carea' id='block_1_67' title="bbox 1922 1057 3513 1133">
    <p class='ocr_par' dir='ltr' id='par_1_67' title="bbox 1922 1057 3513 1133">
     <span class='ocr_line' id='line_1_67' title="bbox 1922 1057 3513 1133; baseline -0.004 -12"><span class='ocrx_word' id='word_1_500' title='bbox 1922 1065 2084 1121; x_wconf 87' lang='lat' dir='ltr'><strong>etiam</strong></span> <span class='ocrx_word' id='word_1_501' title='bbox 2138 1062 2337 1119; x_wconf 87' lang='lat' dir='ltr'><strong>inﬁmis</strong></span> <span class='ocrx_word' id='word_1_502' title='bbox 2416 1070 2596 1133; x_wconf 83' lang='lat' dir='ltr'><strong>spreta</strong></span> <span class='ocrx_word' id='word_1_503' title='bbox 2652 1060 3022 1118; x_wconf 81' lang='lat' dir='ltr'><strong>substerneris.</strong></span> <span class='ocrx_word' id='word_1_504' title='bbox 3098 1058 3199 1115; x_wconf 81' lang='lat' dir='ltr'><strong>Illa</strong></span> <span class='ocrx_word' id='word_1_505' title='bbox 3281 1057 3513 1115; x_wconf 87' lang='lat' dir='ltr'><strong>sublime</strong></span> 
     </span>
    </p>
   </div>
   <div class='ocr_carea' id='block_1_68' title="bbox 1923 1156 3523 1231">
    <p class='ocr_par' dir='ltr' id='par_1_68' title="bbox 1923 1156 3523 1231">
     <span class='ocr_line' id='line_1_68' title="bbox 1923 1156 3523 1231; baseline -0.005 -12"><span class='ocrx_word' id='word_1_506' title='bbox 1923 1179 2083 1219; x_wconf 89' lang='lat' dir='ltr'><strong>omne</strong></span> <span class='ocrx_word' id='word_1_507' title='bbox 2113 1161 2261 1219; x_wconf 89' lang='lat' dir='ltr'><strong>videt</strong></span> <span class='ocrx_word' id='word_1_508' title='bbox 2291 1179 2307 1229; x_wconf 87' lang='lat'><strong>;</strong></span> <span class='ocrx_word' id='word_1_509' title='bbox 2339 1168 2395 1217; x_wconf 92' lang='lat' dir='ltr'><strong>tu</strong></span> <span class='ocrx_word' id='word_1_510' title='bbox 2423 1160 2549 1231; x_wconf 88' lang='lat' dir='ltr'><strong>quia</strong></span> <span class='ocrx_word' id='word_1_511' title='bbox 2568 1158 2701 1215; x_wconf 89' lang='lat' dir='ltr'><strong>nihil</strong></span> <span class='ocrx_word' id='word_1_512' title='bbox 2732 1175 2828 1231; x_wconf 86' lang='lat' dir='ltr'><strong>per</strong></span> <span class='ocrx_word' id='word_1_513' title='bbox 2852 1156 3250 1215; x_wconf 83' lang='lat' dir='ltr'><strong>contentionem</strong></span> <span class='ocrx_word' id='word_1_514' title='bbox 3289 1157 3426 1229; x_wconf 85' lang='lat' dir='ltr'><strong>agis,</strong></span> <span class='ocrx_word' id='word_1_515' title='bbox 3458 1163 3523 1212; x_wconf 84' lang='lat' dir='ltr'><strong>ut</strong></span> 
     </span>
    </p>
   </div>
   <div class='ocr_carea' id='block_1_69' title="bbox 1923 1251 3518 1331">
    <p class='ocr_par' dir='ltr' id='par_1_69' title="bbox 1923 1251 3518 1331">
     <span class='ocr_line' id='line_1_69' title="bbox 1923 1251 3518 1331; baseline -0.006 -14"><span class='ocrx_word' id='word_1_516' title='bbox 1923 1260 2042 1317; x_wconf 86' lang='lat' dir='ltr'><strong>aliis</strong></span> <span class='ocrx_word' id='word_1_517' title='bbox 2099 1257 2449 1331; x_wconf 72' lang='lat' dir='ltr'><strong>pmponaris,</strong></span> <span class='ocrx_word' id='word_1_518' title='bbox 2494 1255 2581 1313; x_wconf 85' lang='lat' dir='ltr'><strong>vel</strong></span> <span class='ocrx_word' id='word_1_519' title='bbox 2610 1272 2708 1329; x_wconf 89' lang='lat' dir='ltr'><strong>per</strong></span> <span class='ocrx_word' id='word_1_520' title='bbox 2734 1255 2949 1312; x_wconf 89' lang='lat' dir='ltr'><strong>inanem</strong></span> <span class='ocrx_word' id='word_1_521' title='bbox 3004 1253 3255 1327; x_wconf 83' lang='lat' dir='ltr'><strong>gloriam,</strong></span> <span class='ocrx_word' id='word_1_522' title='bbox 3310 1251 3406 1308; x_wconf 91' lang='lat' dir='ltr'><strong>sed</strong></span> <span class='ocrx_word' id='word_1_523' title='bbox 3462 1253 3518 1308; x_wconf 90' lang='lat' dir='ltr'><strong>in</strong></span> 
     </span>
    </p>
   </div>
   <div class='ocr_carea' id='block_1_70' title="bbox 1922 1341 3516 1405">
    <p class='ocr_par' dir='ltr' id='par_1_70' title="bbox 1922 1341 3516 1405">
     <span class='ocr_line' id='line_1_70' title="bbox 1922 1341 3516 1405; baseline -0.006 0"><span class='ocrx_word' id='word_1_524' title='bbox 1922 1347 2221 1405; x_wconf 88' lang='lat' dir='ltr'><strong>humilitate</strong></span> <span class='ocrx_word' id='word_1_525' title='bbox 2252 1345 2386 1403; x_wconf 86' lang='lat' dir='ltr'><strong>facis</strong></span> <span class='ocrx_word' id='word_1_526' title='bbox 2412 1353 2533 1402; x_wconf 89' lang='lat' dir='ltr'><strong>tuos</strong></span> <span class='ocrx_word' id='word_1_527' title='bbox 2578 1344 2900 1401; x_wconf 87' lang='lat' dir='ltr'><strong>arbitrantes</strong></span> <span class='ocrx_word' id='word_1_528' title='bbox 2930 1358 3057 1398; x_wconf 83' lang='lat' dir='ltr'><strong>vere</strong></span> <span class='ocrx_word' id='word_1_529' title='bbox 3085 1341 3221 1398; x_wconf 90' lang='lat' dir='ltr'><strong>alios</strong></span> <span class='ocrx_word' id='word_1_530' title='bbox 3273 1357 3394 1397; x_wconf 86' lang='lat' dir='ltr'><strong>esse</strong></span> <span class='ocrx_word' id='word_1_531' title='bbox 3417 1358 3516 1395; x_wconf 88' lang='lat' dir='ltr'><strong>su-</strong></span> 
     </span>
    </p>
   </div>
   <div class='ocr_carea' id='block_1_71' title="bbox 1924 1429 3516 1511">
    <p class='ocr_par' dir='ltr' id='par_1_71' title="bbox 1924 1429 3516 1511">
     <span class='ocr_line' id='line_1_71' title="bbox 1924 1429 3516 1511; baseline -0.007 -17"><span class='ocrx_word' id='word_1_532' title='bbox 1924 1436 2161 1511; x_wconf 89' lang='lat' dir='ltr'><strong>periores</strong></span> <span class='ocrx_word' id='word_1_533' title='bbox 2187 1434 2291 1491; x_wconf 90' lang='lat' dir='ltr'><strong>sibi</strong></span> <span class='ocrx_word' id='word_1_534' title='bbox 2320 1434 2568 1500; x_wconf 84' lang='lat' dir='ltr'><strong>invicem,</strong></span> <span class='ocrx_word' id='word_1_535' title='bbox 2604 1433 2730 1505; x_wconf 89' lang='lat' dir='ltr'><strong>quia</strong></span> <span class='ocrx_word' id='word_1_536' title='bbox 2759 1439 2937 1504; x_wconf 87' lang='lat' dir='ltr'><strong>potest</strong></span> <span class='ocrx_word' id='word_1_537' title='bbox 2964 1447 3079 1489; x_wconf 85' lang='lat' dir='ltr'><strong>esse</strong></span> <span class='ocrx_word' id='word_1_538' title='bbox 3108 1431 3163 1486; x_wconf 89' lang='lat' dir='ltr'><strong>in</strong></span> <span class='ocrx_word' id='word_1_539' title='bbox 3191 1430 3296 1486; x_wconf 88' lang='lat' dir='ltr'><strong>alio</strong></span> <span class='ocrx_word' id='word_1_540' title='bbox 3329 1429 3516 1486; x_wconf 87' lang='lat' dir='ltr'><strong>occul-</strong></span> 
     </span>
    </p>
   </div>
   <div class='ocr_carea' id='block_1_72' title="bbox 1923 1526 3518 1605">
    <p class='ocr_par' dir='ltr' id='par_1_72' title="bbox 1923 1526 3518 1605">
     <span class='ocr_line' id='line_1_72' title="bbox 1923 1526 3518 1605; baseline -0.006 -16"><span class='ocrx_word' id='word_1_541' title='bbox 1923 1541 2035 1589; x_wconf 92' lang='lat' dir='ltr'><strong>tum</strong></span> <span class='ocrx_word' id='word_1_542' title='bbox 2066 1548 2173 1605; x_wconf 91' lang='lat' dir='ltr'><strong>quo</strong></span> <span class='ocrx_word' id='word_1_543' title='bbox 2223 1532 2468 1605; x_wconf 88' lang='lat' dir='ltr'><strong>superior</strong></span> <span class='ocrx_word' id='word_1_544' title='bbox 2519 1530 2598 1598; x_wconf 80' lang='lat' dir='ltr'><strong>ﬁt,</strong></span> <span class='ocrx_word' id='word_1_545' title='bbox 2644 1538 2700 1586; x_wconf 89' lang='lat' dir='ltr'><strong>et</strong></span> <span class='ocrx_word' id='word_1_546' title='bbox 2743 1529 2888 1602; x_wconf 88' lang='lat' dir='ltr'><strong>apud</strong></span> <span class='ocrx_word' id='word_1_547' title='bbox 2929 1530 3102 1585; x_wconf 90' lang='lat' dir='ltr'><strong>Deum</strong></span> <span class='ocrx_word' id='word_1_548' title='bbox 3149 1526 3379 1600; x_wconf 84' lang='lat' dir='ltr'><strong>dignior,</strong></span> <span class='ocrx_word' id='word_1_549' title='bbox 3418 1531 3518 1581; x_wconf 86' lang='lat' dir='ltr'><strong>:et</strong></span> 
     </span>
    </p>
   </div>
   <div class='ocr_carea' id='block_1_73' title="bbox 1922 1624 3515 1703">
    <p class='ocr_par' dir='ltr' id='par_1_73' title="bbox 1922 1624 3515 1703">
     <span class='ocr_line' id='line_1_73' title="bbox 1922 1624 3515 1703; baseline -0.006 -15"><span class='ocrx_word' id='word_1_550' title='bbox 1922 1633 2027 1688; x_wconf 90' lang='lat' dir='ltr'><strong>hoc</strong></span> <span class='ocrx_word' id='word_1_551' title='bbox 2055 1631 2176 1687; x_wconf 90' lang='lat' dir='ltr'><strong>ideo</strong></span> <span class='ocrx_word' id='word_1_552' title='bbox 2206 1630 2335 1703; x_wconf 88' lang='lat' dir='ltr'><strong>quia</strong></span> <span class='ocrx_word' id='word_1_553' title='bbox 2362 1645 2472 1686; x_wconf 89' lang='lat' dir='ltr'><strong>non</strong></span> <span class='ocrx_word' id='word_1_554' title='bbox 2501 1645 2621 1700; x_wconf 68' lang='lat' dir='ltr'><strong>qua</strong></span> <span class='ocrx_word' id='word_1_555' title='bbox 2649 1644 2748 1683; x_wconf 88' lang='lat' dir='ltr'><strong>sua</strong></span> <span class='ocrx_word' id='word_1_556' title='bbox 2771 1634 2893 1683; x_wconf 92' lang='lat' dir='ltr'><strong>sunt</strong></span> <span class='ocrx_word' id='word_1_557' title='bbox 2919 1625 3118 1699; x_wconf 87' lang='lat' dir='ltr'><strong>singuli</strong></span> <span class='ocrx_word' id='word_1_558' title='bbox 3155 1624 3515 1691; x_wconf 86' lang='lat' dir='ltr'><strong>considerant,</strong></span> 
     </span>
    </p>
   </div>
   <div class='ocr_carea' id='block_1_74' title="bbox 1922 1713 3520 1790">
    <p class='ocr_par' dir='ltr' id='par_1_74' title="bbox 1922 1713 3520 1790">
     <span class='ocr_line' id='line_1_74' title="bbox 1922 1713 3520 1790; baseline -0.004 -15"><span class='ocrx_word' id='word_1_559' title='bbox 1922 1720 2018 1775; x_wconf 88' lang='lat' dir='ltr'><strong>sed</strong></span> <span class='ocrx_word' id='word_1_560' title='bbox 2050 1735 2115 1777; x_wconf 88' lang='lat' dir='ltr'><strong>ea</strong></span> <span class='ocrx_word' id='word_1_561' title='bbox 2142 1734 2263 1790; x_wconf 69' lang='lat' dir='ltr'><strong>qua:</strong></span> <span class='ocrx_word' id='word_1_562' title='bbox 2291 1718 2518 1775; x_wconf 88' lang='lat' dir='ltr'><strong>aliorum</strong></span> <span class='ocrx_word' id='word_1_563' title='bbox 2565 1717 2730 1773; x_wconf 87' lang='lat' dir='ltr'><strong>bona.</strong></span> <span class='ocrx_word' id='word_1_564' title='bbox 2765 1713 2864 1771; x_wconf 87' lang='lat' dir='ltr'><strong>Illa</strong></span> <span class='ocrx_word' id='word_1_565' title='bbox 2899 1731 3030 1770; x_wconf 91' lang='lat' dir='ltr'><strong>sana</strong></span> <span class='ocrx_word' id='word_1_566' title='bbox 3055 1713 3276 1781; x_wconf 87' lang='lat' dir='ltr'><strong>sauciat,</strong></span> <span class='ocrx_word' id='word_1_567' title='bbox 3307 1713 3520 1785; x_wconf 84' lang='lat' dir='ltr'><strong>integra</strong></span> 
     </span>
    </p>
   </div>
   <div class='ocr_carea' id='block_1_75' title="bbox 1922 1800 3520 1880">
    <p class='ocr_par' dir='ltr' id='par_1_75' title="bbox 1922 1800 3520 1880">
     <span class='ocr_line' id='line_1_75' title="bbox 1922 1800 3520 1880; baseline -0.006 -14"><span class='ocrx_word' id='word_1_568' title='bbox 1922 1808 2249 1880; x_wconf 84' lang='lat' dir='ltr'><strong>corrumpit;</strong></span> <span class='ocrx_word' id='word_1_569' title='bbox 2276 1814 2330 1863; x_wconf 90' lang='lat' dir='ltr'><strong>tu</strong></span> <span class='ocrx_word' id='word_1_570' title='bbox 2356 1806 2537 1863; x_wconf 87' lang='lat' dir='ltr'><strong>saucia</strong></span> <span class='ocrx_word' id='word_1_571' title='bbox 2581 1820 2759 1872; x_wconf 87' lang='lat' dir='ltr'><strong>sanas,</strong></span> <span class='ocrx_word' id='word_1_572' title='bbox 2812 1808 3063 1873; x_wconf 88' lang='lat' dir='ltr'><strong>corrupta</strong></span> <span class='ocrx_word' id='word_1_573' title='bbox 3118 1801 3380 1875; x_wconf 85' lang='lat' dir='ltr'><strong>integras.</strong></span> <span class='ocrx_word' id='word_1_574' title='bbox 3419 1800 3520 1856; x_wconf 83' lang='lat' dir='ltr'><strong>Illa</strong></span> 
     </span>
    </p>
   </div>
   <div class='ocr_carea' id='block_1_76' title="bbox 1923 1888 3518 1964">
    <p class='ocr_par' dir='ltr' id='par_1_76' title="bbox 1923 1888 3518 1964">
     <span class='ocr_line' id='line_1_76' title="bbox 1923 1888 3518 1964; baseline -0.007 -11"><span class='ocrx_word' id='word_1_575' title='bbox 1923 1896 2234 1954; x_wconf 87' lang='lat' dir='ltr'><strong>communia</strong></span> <span class='ocrx_word' id='word_1_576' title='bbox 2288 1903 2343 1951; x_wconf 92' lang='lat' dir='ltr'><strong>et</strong></span> <span class='ocrx_word' id='word_1_577' title='bbox 2393 1892 2605 1961; x_wconf 85' lang='lat' dir='ltr'><strong>usitata,</strong></span> <span class='ocrx_word' id='word_1_578' title='bbox 2675 1893 2803 1948; x_wconf 90' lang='lat' dir='ltr'><strong>licet</strong></span> <span class='ocrx_word' id='word_1_579' title='bbox 2853 1892 2961 1947; x_wconf 90' lang='lat' dir='ltr'><strong>sint</strong></span> <span class='ocrx_word' id='word_1_580' title='bbox 3010 1889 3283 1964; x_wconf 89' lang='lat' dir='ltr'><strong>grandia;</strong></span> <span class='ocrx_word' id='word_1_581' title='bbox 3314 1888 3518 1944; x_wconf 85' lang='lat' dir='ltr'><strong>fastidit</strong></span> 
     </span>
    </p>
   </div>
   <div class='ocr_carea' id='block_1_77' title="bbox 1922 1984 3519 2064">
    <p class='ocr_par' dir='ltr' id='par_1_77' title="bbox 1922 1984 3519 2064">
     <span class='ocr_line' id='line_1_77' title="bbox 1922 1984 3519 2064; baseline -0.006 -13"><span class='ocrx_word' id='word_1_582' title='bbox 1922 2010 2044 2051; x_wconf 88' lang='lat' dir='ltr'><strong>rara</strong></span> <span class='ocrx_word' id='word_1_583' title='bbox 2089 2000 2143 2049; x_wconf 93' lang='lat' dir='ltr'><strong>et</strong></span> <span class='ocrx_word' id='word_1_584' title='bbox 2195 1990 2507 2064; x_wconf 88' lang='lat' dir='ltr'><strong>singularia,</strong></span> <span class='ocrx_word' id='word_1_585' title='bbox 2539 1997 2595 2045; x_wconf 87' lang='lat' dir='ltr'><strong>et</strong></span> <span class='ocrx_word' id='word_1_586' title='bbox 2646 1988 2691 2044; x_wconf 88' lang='lat' dir='ltr'><strong>si</strong></span> <span class='ocrx_word' id='word_1_587' title='bbox 2737 1987 2867 2044; x_wconf 89' lang='lat' dir='ltr'><strong>vilia</strong></span> <span class='ocrx_word' id='word_1_588' title='bbox 2922 1986 3174 2055; x_wconf 85' lang='lat' dir='ltr'><strong>extollit;</strong></span> <span class='ocrx_word' id='word_1_589' title='bbox 3207 1993 3267 2041; x_wconf 91' lang='lat' dir='ltr'><strong>tu</strong></span> <span class='ocrx_word' id='word_1_590' title='bbox 3311 1984 3519 2058; x_wconf 87' lang='lat' dir='ltr'><strong>gaudes</strong></span> 
     </span>
    </p>
   </div>
   <div class='ocr_carea' id='block_1_78' title="bbox 1925 2073 3522 2149">
    <p class='ocr_par' dir='ltr' id='par_1_78' title="bbox 1925 2073 3522 2149">
     <span class='ocr_line' id='line_1_78' title="bbox 1925 2073 3522 2149; baseline -0.007 -10"><span class='ocrx_word' id='word_1_591' title='bbox 1925 2082 2177 2139; x_wconf 87' lang='lat' dir='ltr'><strong>omnibus</strong></span> <span class='ocrx_word' id='word_1_592' title='bbox 2230 2080 2390 2136; x_wconf 90' lang='lat' dir='ltr'><strong>bonis</strong></span> <span class='ocrx_word' id='word_1_593' title='bbox 2419 2087 2672 2149; x_wconf 87' lang='lat' dir='ltr'><strong>tauquam</strong></span> <span class='ocrx_word' id='word_1_594' title='bbox 2712 2077 2811 2134; x_wconf 90' lang='lat' dir='ltr'><strong>Dei</strong></span> <span class='ocrx_word' id='word_1_595' title='bbox 2841 2076 3016 2144; x_wconf 87' lang='lat' dir='ltr'><strong>donis,</strong></span> <span class='ocrx_word' id='word_1_596' title='bbox 3049 2084 3228 2130; x_wconf 89' lang='lat' dir='ltr'><strong>etnon</strong></span> <span class='ocrx_word' id='word_1_597' title='bbox 3258 2081 3368 2140; x_wconf 87' lang='lat' dir='ltr'><strong>tua,</strong></span> <span class='ocrx_word' id='word_1_598' title='bbox 3423 2073 3522 2129; x_wconf 84' lang='lat' dir='ltr'><strong>sed</strong></span> 
     </span>
    </p>
   </div>
   <div class='ocr_carea' id='block_1_79' title="bbox 1928 2163 3523 2241">
    <p class='ocr_par' dir='ltr' id='par_1_79' title="bbox 1928 2163 3523 2241">
     <span class='ocr_line' id='line_1_79' title="bbox 1928 2163 3523 2241; baseline -0.008 -14"><span class='ocrx_word' id='word_1_599' title='bbox 1928 2173 2104 2228; x_wconf 90' lang='lat' dir='ltr'><strong>aliena</strong></span> <span class='ocrx_word' id='word_1_600' title='bbox 2132 2169 2327 2241; x_wconf 63' lang='lat' dir='ltr'><strong>quieris</strong></span> <span class='ocrx_word' id='word_1_601' title='bbox 2355 2169 2523 2224; x_wconf 89' lang='lat' dir='ltr'><strong>lucra.</strong></span> <span class='ocrx_word' id='word_1_602' title='bbox 2555 2166 2653 2222; x_wconf 88' lang='lat' dir='ltr'><strong>Illa</strong></span> <span class='ocrx_word' id='word_1_603' title='bbox 2682 2164 2966 2220; x_wconf 90' lang='lat' dir='ltr'><strong>virtutibus</strong></span> <span class='ocrx_word' id='word_1_604' title='bbox 3006 2163 3128 2219; x_wconf 89' lang='lat' dir='ltr'><strong>aliis</strong></span> <span class='ocrx_word' id='word_1_605' title='bbox 3181 2170 3419 2218; x_wconf 87' lang='lat' dir='ltr'><strong>armatur</strong></span> <span class='ocrx_word' id='word_1_606' title='bbox 3471 2167 3523 2215; x_wconf 90' lang='lat' dir='ltr'><strong>et</strong></span> 
     </span>
    </p>
   </div>
   <div class='ocr_carea' id='block_1_80' title="bbox 1928 2248 3525 2325">
    <p class='ocr_par' dir='ltr' id='par_1_80' title="bbox 1928 2248 3525 2325">
     <span class='ocr_line' id='line_1_80' title="bbox 1928 2248 3525 2325; baseline -0.009 -8"><span class='ocrx_word' id='word_1_607' title='bbox 1928 2261 2167 2317; x_wconf 87' lang='lat' dir='ltr'><strong>elevatur</strong></span> <span class='ocrx_word' id='word_1_608' title='bbox 2194 2272 2211 2325; x_wconf 87' lang='lat'><strong>;</strong></span> <span class='ocrx_word' id='word_1_609' title='bbox 2244 2274 2277 2312; x_wconf 90' lang='lat' dir='ltr'><strong>a</strong></span> <span class='ocrx_word' id='word_1_610' title='bbox 2306 2264 2356 2312; x_wconf 90' lang='lat' dir='ltr'><strong>te</strong></span> <span class='ocrx_word' id='word_1_611' title='bbox 2411 2255 2527 2311; x_wconf 88' lang='lat' dir='ltr'><strong>sola</strong></span> <span class='ocrx_word' id='word_1_612' title='bbox 2556 2253 2787 2308; x_wconf 87' lang='lat' dir='ltr'><strong>vincitur</strong></span> <span class='ocrx_word' id='word_1_613' title='bbox 2814 2259 2866 2307; x_wconf 91' lang='lat' dir='ltr'><strong>et</strong></span> <span class='ocrx_word' id='word_1_614' title='bbox 2885 2250 3261 2324; x_wconf 75' lang='lat' dir='ltr'><strong>exstinguitur.</strong></span> <span class='ocrx_word' id='word_1_615' title='bbox 3294 2250 3374 2305; x_wconf 82' lang='lat' dir='ltr'><strong>Tu</strong></span> <span class='ocrx_word' id='word_1_616' title='bbox 3417 2248 3525 2303; x_wconf 84' lang='lat' dir='ltr'><strong>lau-</strong></span> 
     </span>
    </p>
   </div>
   <div class='ocr_carea' id='block_1_81' title="bbox 1929 2345 3525 2423">
    <p class='ocr_par' dir='ltr' id='par_1_81' title="bbox 1929 2345 3525 2423">
     <span class='ocr_line' id='line_1_81' title="bbox 1929 2345 3525 2423; baseline -0.008 -11"><span class='ocrx_word' id='word_1_617' title='bbox 1929 2357 2053 2414; x_wconf 89' lang='lat' dir='ltr'><strong>dem</strong></span> <span class='ocrx_word' id='word_1_618' title='bbox 2108 2355 2369 2422; x_wconf 84' lang='lat' dir='ltr'><strong>divinam,</strong></span> <span class='ocrx_word' id='word_1_619' title='bbox 2402 2353 2496 2409; x_wconf 92' lang='lat' dir='ltr'><strong>illa</strong></span> <span class='ocrx_word' id='word_1_620' title='bbox 2547 2350 2879 2423; x_wconf 89' lang='lat' dir='ltr'><strong>concupiscit</strong></span> <span class='ocrx_word' id='word_1_621' title='bbox 2906 2351 3220 2404; x_wconf 86' lang='lat' dir='ltr'><strong>humanam.</strong></span> <span class='ocrx_word' id='word_1_622' title='bbox 3258 2348 3340 2402; x_wconf 88' lang='lat' dir='ltr'><strong>Tu</strong></span> <span class='ocrx_word' id='word_1_623' title='bbox 3395 2345 3525 2418; x_wconf 81' lang='lat' dir='ltr'><strong>glo-</strong></span> 
     </span>
    </p>
   </div>
   <div class='ocr_carea' id='block_1_82' title="bbox 1928 2436 3526 2509">
    <p class='ocr_par' dir='ltr' id='par_1_82' title="bbox 1928 2436 3526 2509">
     <span class='ocr_line' id='line_1_82' title="bbox 1928 2436 3526 2509; baseline -0.009 -6"><span class='ocrx_word' id='word_1_624' title='bbox 1928 2447 2083 2503; x_wconf 90' lang='lat' dir='ltr'><strong>riaris</strong></span> <span class='ocrx_word' id='word_1_625' title='bbox 2112 2446 2169 2500; x_wconf 90' lang='lat' dir='ltr'><strong>in</strong></span> <span class='ocrx_word' id='word_1_626' title='bbox 2224 2440 2565 2500; x_wconf 65' lang='lat' dir='ltr'><strong>conscientiae</strong></span> <span class='ocrx_word' id='word_1_627' title='bbox 2594 2439 2919 2506; x_wconf 85' lang='lat' dir='ltr'><strong>testimonio,</strong></span> <span class='ocrx_word' id='word_1_628' title='bbox 2960 2438 3052 2493; x_wconf 89' lang='lat' dir='ltr'><strong>illa</strong></span> <span class='ocrx_word' id='word_1_629' title='bbox 3082 2437 3136 2493; x_wconf 91' lang='lat' dir='ltr'><strong>in</strong></span> <span class='ocrx_word' id='word_1_630' title='bbox 3176 2436 3378 2509; x_wconf 68' lang='lat' dir='ltr'><strong>lingua:</strong></span> <span class='ocrx_word' id='word_1_631' title='bbox 3422 2449 3526 2490; x_wconf 81' lang='lat' dir='ltr'><strong>va-</strong></span> 
     </span>
    </p>
   </div>
   <div class='ocr_carea' id='block_1_83' title="bbox 1931 2531 3528 2615">
    <p class='ocr_par' dir='ltr' id='par_1_83' title="bbox 1931 2531 3528 2615">
     <span class='ocr_line' id='line_1_83' title="bbox 1931 2531 3528 2615; baseline -0.009 -14"><span class='ocrx_word' id='word_1_632' title='bbox 1931 2542 2192 2615; x_wconf 91' lang='lat' dir='ltr'><strong>niloquio.</strong></span> <span class='ocrx_word' id='word_1_633' title='bbox 2248 2542 2328 2597; x_wconf 83' lang='lat' dir='ltr'><strong>Tu</strong></span> <span class='ocrx_word' id='word_1_634' title='bbox 2375 2539 2507 2595; x_wconf 89' lang='lat' dir='ltr'><strong>colis</strong></span> <span class='ocrx_word' id='word_1_635' title='bbox 2526 2554 2638 2605; x_wconf 88' lang='lat' dir='ltr'><strong>cor,</strong></span> <span class='ocrx_word' id='word_1_636' title='bbox 2672 2537 2764 2594; x_wconf 88' lang='lat' dir='ltr'><strong>illa</strong></span> <span class='ocrx_word' id='word_1_637' title='bbox 2793 2550 3004 2608; x_wconf 84' lang='lat' dir='ltr'><strong>corpus.</strong></span> <span class='ocrx_word' id='word_1_638' title='bbox 3060 2535 3141 2590; x_wconf 86' lang='lat' dir='ltr'><strong>Tu</strong></span> <span class='ocrx_word' id='word_1_639' title='bbox 3195 2548 3356 2589; x_wconf 89' lang='lat' dir='ltr'><strong>ornas</strong></span> <span class='ocrx_word' id='word_1_640' title='bbox 3410 2531 3528 2588; x_wconf 79' lang='lat' dir='ltr'><strong>ani-</strong></span> 
     </span>
    </p>
   </div>
   <div class='ocr_carea' id='block_1_84' title="bbox 1931 2620 3526 2699">
    <p class='ocr_par' dir='ltr' id='par_1_84' title="bbox 1931 2620 3526 2699">
     <span class='ocr_line' id='line_1_84' title="bbox 1931 2620 3526 2699; baseline -0.01 -10"><span class='ocrx_word' id='word_1_641' title='bbox 1931 2648 2102 2699; x_wconf 89' lang='lat' dir='ltr'><strong>mum,</strong></span> <span class='ocrx_word' id='word_1_642' title='bbox 2139 2631 2231 2687; x_wconf 90' lang='lat' dir='ltr'><strong>illa</strong></span> <span class='ocrx_word' id='word_1_643' title='bbox 2253 2629 2480 2685; x_wconf 87' lang='lat' dir='ltr'><strong>vultum.</strong></span> <span class='ocrx_word' id='word_1_644' title='bbox 2528 2628 2607 2683; x_wconf 89' lang='lat' dir='ltr'><strong>Tu</strong></span> <span class='ocrx_word' id='word_1_645' title='bbox 2634 2626 2818 2697; x_wconf 90' lang='lat' dir='ltr'><strong>places</strong></span> <span class='ocrx_word' id='word_1_646' title='bbox 2844 2625 2978 2692; x_wconf 91' lang='lat' dir='ltr'><strong>Deo,</strong></span> <span class='ocrx_word' id='word_1_647' title='bbox 3011 2623 3100 2678; x_wconf 88' lang='lat' dir='ltr'><strong>illa</strong></span> <span class='ocrx_word' id='word_1_648' title='bbox 3157 2620 3396 2677; x_wconf 85' lang='lat' dir='ltr'><strong>diabolo.</strong></span> <span class='ocrx_word' id='word_1_649' title='bbox 3445 2620 3526 2675; x_wconf 85' lang='lat' dir='ltr'><strong>Tu</strong></span> 
     </span>
    </p>
   </div>
   <div class='ocr_carea' id='block_1_85' title="bbox 1931 2706 3528 2792">
    <p class='ocr_par' dir='ltr' id='par_1_85' title="bbox 1931 2706 3528 2792">
     <span class='ocr_line' id='line_1_85' title="bbox 1931 2706 3528 2792; baseline -0.011 -13"><span class='ocrx_word' id='word_1_650' title='bbox 1931 2719 2302 2792; x_wconf 82' lang='lat' dir='ltr'><strong>interemptrix</strong></span> <span class='ocrx_word' id='word_1_651' title='bbox 2330 2734 2388 2772; x_wconf 89' lang='lat' dir='ltr'><strong>es</strong></span> <span class='ocrx_word' id='word_1_652' title='bbox 2424 2716 2697 2780; x_wconf 86' lang='lat' dir='ltr'><strong>vitiorum,</strong></span> <span class='ocrx_word' id='word_1_653' title='bbox 2738 2714 2829 2770; x_wconf 88' lang='lat' dir='ltr'><strong>illa</strong></span> <span class='ocrx_word' id='word_1_654' title='bbox 2858 2712 3134 2776; x_wconf 86' lang='lat' dir='ltr'><strong>virtutum,</strong></span> <span class='ocrx_word' id='word_1_655' title='bbox 3164 2711 3243 2765; x_wconf 87' lang='lat' dir='ltr'><strong>&#39;l‘u</strong></span> <span class='ocrx_word' id='word_1_656' title='bbox 3294 2706 3528 2763; x_wconf 65' lang='lat' dir='ltr'><strong>aedificas</strong></span> 
     </span>
    </p>
   </div>
   <div class='ocr_carea' id='block_1_86' title="bbox 1931 2795 3523 2876">
    <p class='ocr_par' dir='ltr' id='par_1_86' title="bbox 1931 2795 3523 2876">
     <span class='ocr_line' id='line_1_86' title="bbox 1931 2795 3523 2876; baseline -0.011 -10"><span class='ocrx_word' id='word_1_657' title='bbox 1931 2810 2286 2876; x_wconf 84' lang='lat' dir='ltr'><strong>Hierusalem,</strong></span> <span class='ocrx_word' id='word_1_658' title='bbox 2348 2807 2439 2862; x_wconf 92' lang='lat' dir='ltr'><strong>illa</strong></span> <span class='ocrx_word' id='word_1_659' title='bbox 2493 2802 2866 2875; x_wconf 83' lang='lat' dir='ltr'><strong>Babyloniam.</strong></span> <span class='ocrx_word' id='word_1_660' title='bbox 2918 2801 2999 2857; x_wconf 85' lang='lat' dir='ltr'><strong>Tu</strong></span> <span class='ocrx_word' id='word_1_661' title='bbox 3053 2799 3218 2855; x_wconf 86' lang='lat' dir='ltr'><strong>doces</strong></span> <span class='ocrx_word' id='word_1_662' title='bbox 3263 2795 3523 2861; x_wconf 88' lang='lat' dir='ltr'><strong>animum,</strong></span> 
     </span>
    </p>
   </div>
   <div class='ocr_carea' id='block_1_87' title="bbox 1931 2884 3528 2968">
    <p class='ocr_par' dir='ltr' id='par_1_87' title="bbox 1931 2884 3528 2968">
     <span class='ocr_line' id='line_1_87' title="bbox 1931 2884 3528 2968; baseline -0.009 -15"><span class='ocrx_word' id='word_1_663' title='bbox 1931 2896 2192 2968; x_wconf 89' lang='lat' dir='ltr'><strong>quidquid</strong></span> <span class='ocrx_word' id='word_1_664' title='bbox 2264 2902 2417 2951; x_wconf 84' lang='lat' dir='ltr'><strong>extra</strong></span> <span class='ocrx_word' id='word_1_665' title='bbox 2471 2893 2693 2949; x_wconf 91' lang='lat' dir='ltr'><strong>molitur</strong></span> <span class='ocrx_word' id='word_1_666' title='bbox 2747 2890 2858 2946; x_wconf 92' lang='lat' dir='ltr'><strong>suis</strong></span> <span class='ocrx_word' id='word_1_667' title='bbox 2910 2895 3176 2945; x_wconf 81' lang='lat' dir='ltr'><strong>retrusam</strong></span> <span class='ocrx_word' id='word_1_668' title='bbox 3255 2884 3528 2957; x_wconf 79' lang='lat' dir='ltr'><strong>possidere</strong></span> 
     </span>
    </p>
   </div>
   <div class='ocr_carea' id='block_1_88' title="bbox 1930 2974 3529 3054">
    <p class='ocr_par' dir='ltr' id='par_1_88' title="bbox 1930 2974 3529 3054">
     <span class='ocr_line' id='line_1_88' title="bbox 1930 2974 3529 3054; baseline -0.009 -12"><span class='ocrx_word' id='word_1_669' title='bbox 1930 2985 2211 3050; x_wconf 89' lang='lat' dir='ltr'><strong>thesauris,</strong></span> <span class='ocrx_word' id='word_1_670' title='bbox 2288 2984 2381 3038; x_wconf 90' lang='lat' dir='ltr'><strong>illa</strong></span> <span class='ocrx_word' id='word_1_671' title='bbox 2427 2981 2572 3054; x_wconf 89' lang='lat' dir='ltr'><strong>quod</strong></span> <span class='ocrx_word' id='word_1_672' title='bbox 2626 2978 2944 3036; x_wconf 86' lang='lat' dir='ltr'><strong>stelliferum</strong></span> <span class='ocrx_word' id='word_1_673' title='bbox 3002 2974 3286 3033; x_wconf 87' lang='lat' dir='ltr'><strong>transabiit</strong></span> <span class='ocrx_word' id='word_1_674' title='bbox 3332 2974 3529 3030; x_wconf 69' lang='lat' dir='ltr'><strong>cadum</strong></span> 
     </span>
    </p>
   </div>
   <div class='ocr_carea' id='block_1_89' title="bbox 1931 3064 3524 3141">
    <p class='ocr_par' dir='ltr' id='par_1_89' title="bbox 1931 3064 3524 3141">
     <span class='ocr_line' id='line_1_89' title="bbox 1931 3064 3524 3141; baseline -0.011 -9"><span class='ocrx_word' id='word_1_675' title='bbox 1931 3075 2118 3131; x_wconf 90' lang='lat' dir='ltr'><strong>tellure</strong></span> <span class='ocrx_word' id='word_1_676' title='bbox 2171 3073 2419 3129; x_wconf 80' lang='lat' dir='ltr'><strong>demersa</strong></span> <span class='ocrx_word' id='word_1_677' title='bbox 2465 3070 2598 3141; x_wconf 86' lang='lat' dir='ltr'><strong>petit</strong></span> <span class='ocrx_word' id='word_1_678' title='bbox 2671 3069 2752 3123; x_wconf 80' lang='lat' dir='ltr'><strong>Tu</strong></span> <span class='ocrx_word' id='word_1_679' title='bbox 2807 3083 2866 3122; x_wconf 86' lang='lat' dir='ltr'><strong>es</strong></span> <span class='ocrx_word' id='word_1_680' title='bbox 2911 3065 3056 3131; x_wconf 87' lang='lat' dir='ltr'><strong>fons,</strong></span> <span class='ocrx_word' id='word_1_681' title='bbox 3113 3064 3524 3130; x_wconf 82' lang='lat' dir='ltr'><strong>incrementum,</strong></span> 
     </span>
    </p>
   </div>
   <div class='ocr_carea' id='block_1_90' title="bbox 1931 3150 3526 3229">
    <p class='ocr_par' dir='ltr' id='par_1_90' title="bbox 1931 3150 3526 3229">
     <span class='ocr_line' id='line_1_90' title="bbox 1931 3150 3526 3229; baseline -0.011 -10"><span class='ocrx_word' id='word_1_682' title='bbox 1931 3163 2053 3219; x_wconf 87' lang='lat' dir='ltr'><strong>ﬁnis</strong></span> <span class='ocrx_word' id='word_1_683' title='bbox 2070 3162 2323 3219; x_wconf 86' lang='lat' dir='ltr'><strong>virtutum</strong></span> <span class='ocrx_word' id='word_1_684' title='bbox 2357 3175 2372 3228; x_wconf 89' lang='lat'><strong>;</strong></span> <span class='ocrx_word' id='word_1_685' title='bbox 2404 3159 2496 3213; x_wconf 92' lang='lat' dir='ltr'><strong>illa</strong></span> <span class='ocrx_word' id='word_1_686' title='bbox 2523 3156 2727 3229; x_wconf 90' lang='lat' dir='ltr'><strong>incipit,</strong></span> <span class='ocrx_word' id='word_1_687' title='bbox 2786 3154 3038 3226; x_wconf 80' lang='lat' dir='ltr'><strong>adauget,</strong></span> <span class='ocrx_word' id='word_1_688' title='bbox 3095 3150 3310 3223; x_wconf 82' lang='lat' dir='ltr'><strong>perficit</strong></span> <span class='ocrx_word' id='word_1_689' title='bbox 3365 3163 3526 3204; x_wconf 83' lang='lat' dir='ltr'><strong>omne</strong></span> 
     </span>
    </p>
   </div>
   <div class='ocr_carea' id='block_1_91' title="bbox 1930 3244 3524 3324">
    <p class='ocr_par' dir='ltr' id='par_1_91' title="bbox 1930 3244 3524 3324">
     <span class='ocr_line' id='line_1_91' title="bbox 1930 3244 3524 3324; baseline -0.011 -9"><span class='ocrx_word' id='word_1_690' title='bbox 1930 3259 2159 3314; x_wconf 88' lang='lat' dir='ltr'><strong>malum.</strong></span> <span class='ocrx_word' id='word_1_691' title='bbox 2206 3256 2303 3312; x_wconf 86' lang='lat' dir='ltr'><strong>Illa</strong></span> <span class='ocrx_word' id='word_1_692' title='bbox 2331 3253 2673 3324; x_wconf 86' lang='lat' dir='ltr'><strong>blasphemat</strong></span> <span class='ocrx_word' id='word_1_693' title='bbox 2691 3251 2790 3307; x_wconf 88' lang='lat' dir='ltr'><strong>Dei</strong></span> <span class='ocrx_word' id='word_1_694' title='bbox 2822 3264 3025 3322; x_wconf 82' lang='lat' dir='ltr'><strong>opera;</strong></span> <span class='ocrx_word' id='word_1_695' title='bbox 3058 3246 3210 3319; x_wconf 87' lang='lat' dir='ltr'><strong>quasi</strong></span> <span class='ocrx_word' id='word_1_696' title='bbox 3229 3244 3524 3318; x_wconf 87' lang='lat' dir='ltr'><strong>sapientior</strong></span> 
     </span>
    </p>
   </div>
   <div class='ocr_carea' id='block_1_92' title="bbox 1930 3330 3523 3412">
    <p class='ocr_par' dir='ltr' id='par_1_92' title="bbox 1930 3330 3523 3412">
     <span class='ocr_line' id='line_1_92' title="bbox 1930 3330 3523 3412; baseline -0.012 -8"><span class='ocrx_word' id='word_1_697' title='bbox 1930 3350 2066 3411; x_wconf 88' lang='lat' dir='ltr'><strong>Deo,</strong></span> <span class='ocrx_word' id='word_1_698' title='bbox 2097 3351 2391 3401; x_wconf 89' lang='lat' dir='ltr'><strong>commutat</strong></span> <span class='ocrx_word' id='word_1_699' title='bbox 2429 3359 2493 3398; x_wconf 89' lang='lat' dir='ltr'><strong>ea</strong></span> <span class='ocrx_word' id='word_1_700' title='bbox 2522 3340 2673 3412; x_wconf 89' lang='lat' dir='ltr'><strong>quasi</strong></span> <span class='ocrx_word' id='word_1_701' title='bbox 2725 3338 2953 3394; x_wconf 87' lang='lat' dir='ltr'><strong>meliora</strong></span> <span class='ocrx_word' id='word_1_702' title='bbox 2997 3336 3113 3391; x_wconf 87' lang='lat' dir='ltr'><strong>Deo</strong></span> <span class='ocrx_word' id='word_1_703' title='bbox 3145 3342 3243 3403; x_wconf 89' lang='lat' dir='ltr'><strong>;tu</strong></span> <span class='ocrx_word' id='word_1_704' title='bbox 3272 3330 3400 3405; x_wconf 86' lang='lat' dir='ltr'><strong>quia</strong></span> <span class='ocrx_word' id='word_1_705' title='bbox 3419 3330 3523 3388; x_wconf 84' lang='lat' dir='ltr'><strong>scis</strong></span> 
     </span>
    </p>
   </div>
   <div class='ocr_carea' id='block_1_93' title="bbox 1930 3428 3521 3517">
    <p class='ocr_par' dir='ltr' id='par_1_93' title="bbox 1930 3428 3521 3517">
     <span class='ocr_line' id='line_1_93' title="bbox 1930 3428 3521 3517; baseline -0.013 -16"><span class='ocrx_word' id='word_1_706' title='bbox 1930 3444 2207 3517; x_wconf 62' lang='lat' dir='ltr'><strong>sapientiae</strong></span> <span class='ocrx_word' id='word_1_707' title='bbox 2236 3441 2309 3496; x_wconf 91' lang='lat' dir='ltr'><strong>nil</strong></span> <span class='ocrx_word' id='word_1_708' title='bbox 2339 3438 2463 3494; x_wconf 90' lang='lat' dir='ltr'><strong>inde</strong></span> <span class='ocrx_word' id='word_1_709' title='bbox 2492 3436 2781 3493; x_wconf 89' lang='lat' dir='ltr'><strong>convenire</strong></span> <span class='ocrx_word' id='word_1_710' title='bbox 2804 3433 3029 3505; x_wconf 65' lang='lat' dir='ltr'><strong>justitiae</strong></span> <span class='ocrx_word' id='word_1_711' title='bbox 3055 3431 3174 3498; x_wconf 90' lang='lat' dir='ltr'><strong>Dei,</strong></span> <span class='ocrx_word' id='word_1_712' title='bbox 3197 3428 3273 3483; x_wconf 90' lang='lat' dir='ltr'><strong>nil</strong></span> <span class='ocrx_word' id='word_1_713' title='bbox 3292 3440 3521 3497; x_wconf 86' lang='lat' dir='ltr'><strong>pravum</strong></span> 
     </span>
    </p>
   </div>
   <div class='ocr_carea' id='block_1_94' title="bbox 1931 3514 3524 3598">
    <p class='ocr_par' dir='ltr' id='par_1_94' title="bbox 1931 3514 3524 3598">
     <span class='ocr_line' id='line_1_94' title="bbox 1931 3514 3524 3598; baseline -0.012 -8"><span class='ocrx_word' id='word_1_714' title='bbox 1931 3514 2205 3591; x_wconf 60' lang='lat' dir='ltr'><strong>adhaerere</strong></span> <span class='ocrx_word' id='word_1_715' title='bbox 2252 3524 2677 3598; x_wconf 65' lang='lat' dir='ltr'><strong>omnipotentiw,</strong></span> <span class='ocrx_word' id='word_1_716' title='bbox 2727 3523 2803 3579; x_wconf 91' lang='lat' dir='ltr'><strong>nil</strong></span> <span class='ocrx_word' id='word_1_717' title='bbox 2825 3537 2981 3594; x_wconf 88' lang='lat' dir='ltr'><strong>posse</strong></span> <span class='ocrx_word' id='word_1_718' title='bbox 3035 3514 3524 3575; x_wconf 77' lang='lat' dir='ltr'><strong>resisterezidcirco</strong></span> 
     </span>
    </p>
   </div>
   <div class='ocr_carea' id='block_1_95' title="bbox 1931 3605 3521 3692">
    <p class='ocr_par' dir='ltr' id='par_1_95' title="bbox 1931 3605 3521 3692">
     <span class='ocr_line' id='line_1_95' title="bbox 1931 3605 3521 3692; baseline -0.013 -13"><span class='ocrx_word' id='word_1_719' title='bbox 1931 3639 2092 3680; x_wconf 91' lang='lat' dir='ltr'><strong>omne</strong></span> <span class='ocrx_word' id='word_1_720' title='bbox 2149 3619 2293 3692; x_wconf 89' lang='lat' dir='ltr'><strong>quod</strong></span> <span class='ocrx_word' id='word_1_721' title='bbox 2322 3625 2397 3672; x_wconf 87' lang='lat' dir='ltr'><strong>est</strong></span> <span class='ocrx_word' id='word_1_722' title='bbox 2453 3624 2708 3687; x_wconf 88' lang='lat' dir='ltr'><strong>tanquam</strong></span> <span class='ocrx_word' id='word_1_723' title='bbox 2764 3627 2899 3684; x_wconf 92' lang='lat' dir='ltr'><strong>opus</strong></span> <span class='ocrx_word' id='word_1_724' title='bbox 2926 3608 3026 3665; x_wconf 89' lang='lat' dir='ltr'><strong>Dei</strong></span> <span class='ocrx_word' id='word_1_725' title='bbox 3081 3605 3521 3679; x_wconf 85' lang='lat' dir='ltr'><strong>pulcherrimum,</strong></span> 
     </span>
    </p>
   </div>
   <div class='ocr_carea' id='block_1_96' title="bbox 1932 3701 3526 3791">
    <p class='ocr_par' dir='ltr' id='par_1_96' title="bbox 1932 3701 3526 3791">
     <span class='ocr_line' id='line_1_96' title="bbox 1932 3701 3526 3791; baseline -0.013 -15"><span class='ocrx_word' id='word_1_726' title='bbox 1932 3722 2219 3791; x_wconf 89' lang='lat' dir='ltr'><strong>optimum,</strong></span> <span class='ocrx_word' id='word_1_727' title='bbox 2269 3713 2714 3789; x_wconf 85' lang='lat' dir='ltr'><strong>perfectissimum</strong></span> <span class='ocrx_word' id='word_1_728' title='bbox 2769 3708 3002 3779; x_wconf 88' lang='lat' dir='ltr'><strong>judicas,</strong></span> <span class='ocrx_word' id='word_1_729' title='bbox 3061 3704 3196 3761; x_wconf 87' lang='lat' dir='ltr'><strong>dicis</strong></span> <span class='ocrx_word' id='word_1_730' title='bbox 3257 3725 3279 3753; x_wconf 80' lang='grc' dir='ltr'><strong>ιι</strong></span> <span class='ocrx_word' id='word_1_731' title='bbox 3341 3701 3526 3758; x_wconf 86' lang='lat' dir='ltr'><strong>omnia</strong></span> 
     </span>
    </p>
   </div>
   <div class='ocr_carea' id='block_1_97' title="bbox 1931 3792 3523 3881">
    <p class='ocr_par' dir='ltr' id='par_1_97' title="bbox 1931 3792 3523 3881">
     <span class='ocr_line' id='line_1_97' title="bbox 1931 3792 3523 3881; baseline -0.011 -15"><span class='ocrx_word' id='word_1_732' title='bbox 1931 3824 2099 3881; x_wconf 87' lang='lat' dir='ltr'><strong>opera</strong></span> <span class='ocrx_word' id='word_1_733' title='bbox 2150 3805 2369 3862; x_wconf 89' lang='lat' dir='ltr'><strong>Domini</strong></span> <span class='ocrx_word' id='word_1_734' title='bbox 2422 3816 2625 3873; x_wconf 86' lang='lat' dir='ltr'><strong>magna</strong></span> <span class='ocrx_word' id='word_1_735' title='bbox 2670 3808 2725 3855; x_wconf 90' lang='lat' dir='ltr'><strong>et</strong></span> <span class='ocrx_word' id='word_1_736' title='bbox 2777 3794 3040 3869; x_wconf 80' lang='lat' dir='ltr'><strong>exquisita</strong></span> <span class='ocrx_word' id='word_1_737' title='bbox 3093 3792 3151 3850; x_wconf 90' lang='lat' dir='ltr'><strong>in</strong></span> <span class='ocrx_word' id='word_1_738' title='bbox 3203 3806 3392 3848; x_wconf 89' lang='lat' dir='ltr'><strong>omnes</strong></span> <span class='ocrx_word' id='word_1_739' title='bbox 3417 3804 3523 3849; x_wconf 82' lang='lat' dir='ltr'><strong>vo-</strong></span> 
     </span>
    </p>
   </div>
   <div class='ocr_carea' id='block_1_98' title="bbox 1932 3891 2728 3966">
    <p class='ocr_par' dir='ltr' id='par_1_98' title="bbox 1932 3891 2728 3966">
     <span class='ocr_line' id='line_1_98' title="bbox 1932 3891 2728 3966; baseline -0.015 -11"><span class='ocrx_word' id='word_1_740' title='bbox 1932 3900 2162 3955; x_wconf 84' lang='lat' dir='ltr'><strong>luntates</strong></span> <span class='ocrx_word' id='word_1_741' title='bbox 2188 3896 2305 3966; x_wconf 87' lang='lat' dir='ltr'><strong>ejus</strong></span> <span class='ocrx_word' id='word_1_742' title='bbox 2331 3894 2514 3964; x_wconf 69' lang='lat' dir='ltr'><strong>(Prol.</strong></span> <span class='ocrx_word' id='word_1_743' title='bbox 2552 3891 2670 3960; x_wconf 77' lang='lat' dir='ltr'><strong>cx).</strong></span> <span class='ocrx_word' id='word_1_744' title='bbox 2705 3911 2728 3936; x_wconf 83' lang='lat'><em>»</em></span> 
     </span>
    </p>
   </div>
   <div class='ocr_carea' id='block_1_99' title="bbox 2004 4020 3521 4106">
    <p class='ocr_par' dir='ltr' id='par_1_99' title="bbox 2004 4020 3521 4106">
     <span class='ocr_line' id='line_1_99' title="bbox 2004 4020 3521 4106; baseline -0.011 -15"><span class='ocrx_word' id='word_1_745' title='bbox 2004 4034 2347 4106; x_wconf 84' lang='lat' dir='ltr'><strong>Quapropter</strong></span> <span class='ocrx_word' id='word_1_746' title='bbox 2374 4028 2557 4086; x_wconf 86' lang='lat' dir='ltr'><strong>omnia</strong></span> <span class='ocrx_word' id='word_1_747' title='bbox 2583 4041 2750 4099; x_wconf 86' lang='lat' dir='ltr'><strong>opera</strong></span> <span class='ocrx_word' id='word_1_748' title='bbox 2797 4024 3015 4083; x_wconf 89' lang='lat' dir='ltr'><strong>Domini</strong></span> <span class='ocrx_word' id='word_1_749' title='bbox 3044 4022 3338 4090; x_wconf 88' lang='lat' dir='ltr'><strong>benedicis,</strong></span> <span class='ocrx_word' id='word_1_750' title='bbox 3397 4020 3521 4077; x_wconf 89' lang='lat' dir='ltr'><strong>lau-</strong></span> 
     </span>
    </p>
   </div>
   <div class='ocr_carea' id='block_1_100' title="bbox 1932 4108 3524 4194">
    <p class='ocr_par' dir='ltr' id='par_1_100' title="bbox 1932 4108 3524 4194">
     <span class='ocr_line' id='line_1_100' title="bbox 1932 4108 3524 4194; baseline -0.011 -14"><span class='ocrx_word' id='word_1_751' title='bbox 1932 4124 2030 4180; x_wconf 89' lang='lat' dir='ltr'><strong>das</strong></span> <span class='ocrx_word' id='word_1_752' title='bbox 2056 4131 2110 4180; x_wconf 91' lang='lat' dir='ltr'><strong>et</strong></span> <span class='ocrx_word' id='word_1_753' title='bbox 2163 4119 2553 4194; x_wconf 81' lang='lat' dir='ltr'><strong>euperexaltas.</strong></span> <span class='ocrx_word' id='word_1_754' title='bbox 2586 4117 2650 4172; x_wconf 86' lang='lat' dir='ltr'><strong>Et</strong></span> <span class='ocrx_word' id='word_1_755' title='bbox 2699 4116 2837 4172; x_wconf 86' lang='lat' dir='ltr'><strong>sicut</strong></span> <span class='ocrx_word' id='word_1_756' title='bbox 2891 4113 2998 4170; x_wconf 91' lang='lat' dir='ltr'><strong>duo</strong></span> <span class='ocrx_word' id='word_1_757' title='bbox 3025 4128 3229 4186; x_wconf 84' lang='lat' dir='ltr'><strong>genere</strong></span> <span class='ocrx_word' id='word_1_758' title='bbox 3280 4110 3355 4167; x_wconf 89' lang='lat' dir='ltr'><strong>tui</strong></span> <span class='ocrx_word' id='word_1_759' title='bbox 3409 4108 3524 4165; x_wconf 65' lang='lat' dir='ltr'><strong>ext:</strong></span> 
     </span>
    </p>
   </div>
   <div class='ocr_carea' id='block_1_101' title="bbox 1932 4197 3527 4282">
    <p class='ocr_par' dir='ltr' id='par_1_101' title="bbox 1932 4197 3527 4282">
     <span class='ocr_line' id='line_1_101' title="bbox 1932 4197 3527 4282; baseline -0.01 -14"><span class='ocrx_word' id='word_1_760' title='bbox 1932 4220 2076 4268; x_wconf 87' lang='lat' dir='ltr'><strong>stunt</strong></span> <span class='ocrx_word' id='word_1_761' title='bbox 2104 4210 2301 4282; x_wconf 88' lang='lat' dir='ltr'><strong>quibus</strong></span> <span class='ocrx_word' id='word_1_762' title='bbox 2354 4215 2410 4264; x_wconf 91' lang='lat' dir='ltr'><strong>tu</strong></span> <span class='ocrx_word' id='word_1_763' title='bbox 2438 4204 2770 4279; x_wconf 85' lang='lat' dir='ltr'><strong>agnosceris,</strong></span> <span class='ocrx_word' id='word_1_764' title='bbox 2803 4203 2876 4259; x_wconf 90' lang='lat' dir='ltr'><strong>ita</strong></span> <span class='ocrx_word' id='word_1_765' title='bbox 2922 4209 2977 4258; x_wconf 89' lang='lat' dir='ltr'><strong>et</strong></span> <span class='ocrx_word' id='word_1_766' title='bbox 3002 4201 3110 4258; x_wconf 89' lang='lat' dir='ltr'><strong>duo</strong></span> <span class='ocrx_word' id='word_1_767' title='bbox 3127 4214 3330 4274; x_wconf 80' lang='lat' dir='ltr'><strong>genere</strong></span> <span class='ocrx_word' id='word_1_768' title='bbox 3383 4197 3527 4254; x_wconf 85' lang='lat' dir='ltr'><strong>illius</strong></span> 
     </span>
    </p>
   </div>
   <div class='ocr_carea' id='block_1_102' title="bbox 1932 4288 3524 4371">
    <p class='ocr_par' dir='ltr' id='par_1_102' title="bbox 1932 4288 3524 4371">
     <span class='ocr_line' id='line_1_102' title="bbox 1932 4288 3524 4371; baseline -0.01 -14"><span class='ocrx_word' id='word_1_769' title='bbox 1932 4300 2181 4365; x_wconf 81' lang='lat' dir='ltr'><strong>existant,</strong></span> <span class='ocrx_word' id='word_1_770' title='bbox 2244 4314 2340 4371; x_wconf 89' lang='lat' dir='ltr'><strong>per</strong></span> <span class='ocrx_word' id='word_1_771' title='bbox 2384 4312 2505 4367; x_wconf 65' lang='lat' dir='ltr'><strong>qua:</strong></span> <span class='ocrx_word' id='word_1_772' title='bbox 2560 4300 2615 4350; x_wconf 88' lang='lat' dir='ltr'><strong>et</strong></span> <span class='ocrx_word' id='word_1_773' title='bbox 2669 4293 2788 4365; x_wconf 90' lang='lat' dir='ltr'><strong>ipsa</strong></span> <span class='ocrx_word' id='word_1_774' title='bbox 2842 4291 3167 4364; x_wconf 88' lang='lat' dir='ltr'><strong>agnoscitur.</strong></span> <span class='ocrx_word' id='word_1_775' title='bbox 3198 4289 3317 4347; x_wconf 89' lang='lat' dir='ltr'><strong>Duo</strong></span> <span class='ocrx_word' id='word_1_776' title='bbox 3346 4288 3524 4358; x_wconf 85' lang='lat' dir='ltr'><strong>itaque</strong></span> 
     </span>
    </p>
   </div>
   <div class='ocr_carea' id='block_1_103' title="bbox 1930 4377 3525 4461">
    <p class='ocr_par' dir='ltr' id='par_1_103' title="bbox 1930 4377 3525 4461">
     <span class='ocr_line' id='line_1_103' title="bbox 1930 4377 3525 4461; baseline -0.009 -16"><span class='ocrx_word' id='word_1_777' title='bbox 1930 4397 2057 4445; x_wconf 89' lang='lat' dir='ltr'><strong>sunt</strong></span> <span class='ocrx_word' id='word_1_778' title='bbox 2075 4403 2280 4461; x_wconf 85' lang='lat' dir='ltr'><strong>genere</strong></span> <span class='ocrx_word' id='word_1_779' title='bbox 2341 4383 2634 4442; x_wconf 83' lang='lat' dir='ltr'><strong>elationis:</strong></span> <span class='ocrx_word' id='word_1_780' title='bbox 2668 4382 2815 4438; x_wconf 90' lang='lat' dir='ltr'><strong>aliud</strong></span> <span class='ocrx_word' id='word_1_781' title='bbox 2868 4381 3011 4437; x_wconf 87' lang='lat' dir='ltr'><strong>intus</strong></span> <span class='ocrx_word' id='word_1_782' title='bbox 3062 4395 3164 4451; x_wconf 87' lang='lat' dir='ltr'><strong>per</strong></span> <span class='ocrx_word' id='word_1_783' title='bbox 3214 4377 3525 4449; x_wconf 87' lang='lat' dir='ltr'><strong>superbiam</strong></span> 
     </span>
    </p>
   </div>
   <div class='ocr_carea' id='block_1_104' title="bbox 1933 4463 3529 4544">
    <p class='ocr_par' dir='ltr' id='par_1_104' title="bbox 1933 4463 3529 4544">
     <span class='ocr_line' id='line_1_104' title="bbox 1933 4463 3529 4544; baseline -0.008 -11"><span class='ocrx_word' id='word_1_784' title='bbox 1933 4477 2148 4544; x_wconf 89' lang='lat' dir='ltr'><strong>mentis,</strong></span> <span class='ocrx_word' id='word_1_785' title='bbox 2181 4474 2326 4531; x_wconf 91' lang='lat' dir='ltr'><strong>aliud</strong></span> <span class='ocrx_word' id='word_1_786' title='bbox 2383 4472 2513 4528; x_wconf 89' lang='lat' dir='ltr'><strong>foris</strong></span> <span class='ocrx_word' id='word_1_787' title='bbox 2540 4487 2638 4542; x_wconf 89' lang='lat' dir='ltr'><strong>per</strong></span> <span class='ocrx_word' id='word_1_788' title='bbox 2664 4470 2888 4542; x_wconf 86' lang='lat' dir='ltr'><strong>typhum</strong></span> <span class='ocrx_word' id='word_1_789' title='bbox 2935 4467 3205 4524; x_wconf 89' lang='lat' dir='ltr'><strong>elationis.</strong></span> <span class='ocrx_word' id='word_1_790' title='bbox 3262 4463 3529 4537; x_wconf 84' lang='lat' dir='ltr'><strong>Superbia</strong></span> 
     </span>
    </p>
   </div>
   <div class='ocr_carea' id='block_1_105' title="bbox 1935 4554 3529 4631">
    <p class='ocr_par' dir='ltr' id='par_1_105' title="bbox 1935 4554 3529 4631">
     <span class='ocr_line' id='line_1_105' title="bbox 1935 4554 3529 4631; baseline -0.01 -8"><span class='ocrx_word' id='word_1_791' title='bbox 1935 4567 2080 4623; x_wconf 90' lang='lat' dir='ltr'><strong>enim</strong></span> <span class='ocrx_word' id='word_1_792' title='bbox 2109 4565 2250 4620; x_wconf 90' lang='lat' dir='ltr'><strong>intus</strong></span> <span class='ocrx_word' id='word_1_793' title='bbox 2269 4570 2368 4628; x_wconf 86' lang='lat' dir='ltr'><strong>est,</strong></span> <span class='ocrx_word' id='word_1_794' title='bbox 2393 4560 2653 4631; x_wconf 89' lang='lat' dir='ltr'><strong>jactantia</strong></span> <span class='ocrx_word' id='word_1_795' title='bbox 2694 4557 2845 4614; x_wconf 85' lang='lat' dir='ltr'><strong>foris.</strong></span> <span class='ocrx_word' id='word_1_796' title='bbox 2876 4554 3143 4629; x_wconf 89' lang='lat' dir='ltr'><strong>Superbia</strong></span> <span class='ocrx_word' id='word_1_797' title='bbox 3184 4555 3290 4610; x_wconf 88' lang='lat' dir='ltr'><strong>alia</strong></span> <span class='ocrx_word' id='word_1_798' title='bbox 3316 4560 3395 4608; x_wconf 90' lang='lat' dir='ltr'><strong>est</strong></span> <span class='ocrx_word' id='word_1_799' title='bbox 3421 4567 3529 4624; x_wconf 89' lang='lat' dir='ltr'><strong>qua</strong></span> 
     </span>
    </p>
   </div>
   <div class='ocr_carea' id='block_1_106' title="bbox 1934 4641 3529 4713">
    <p class='ocr_par' dir='ltr' id='par_1_106' title="bbox 1934 4641 3529 4713">
     <span class='ocr_line' id='line_1_106' title="bbox 1934 4641 3529 4713; baseline -0.011 -1"><span class='ocrx_word' id='word_1_800' title='bbox 1934 4658 1991 4712; x_wconf 90' lang='lat' dir='ltr'><strong>in</strong></span> <span class='ocrx_word' id='word_1_801' title='bbox 2018 4654 2101 4710; x_wconf 89' lang='lat' dir='ltr'><strong>sui</strong></span> <span class='ocrx_word' id='word_1_802' title='bbox 2120 4651 2550 4710; x_wconf 90' lang='lat' dir='ltr'><strong>consideratione</strong></span> <span class='ocrx_word' id='word_1_803' title='bbox 2578 4648 2791 4703; x_wconf 89' lang='lat' dir='ltr'><strong>animus</strong></span> <span class='ocrx_word' id='word_1_804' title='bbox 2816 4643 3139 4710; x_wconf 89' lang='lat' dir='ltr'><strong>intumescit,</strong></span> <span class='ocrx_word' id='word_1_805' title='bbox 3170 4642 3278 4698; x_wconf 89' lang='lat' dir='ltr'><strong>alia</strong></span> <span class='ocrx_word' id='word_1_806' title='bbox 3304 4656 3412 4713; x_wconf 88' lang='lat' dir='ltr'><strong>qua</strong></span> <span class='ocrx_word' id='word_1_807' title='bbox 3436 4641 3529 4696; x_wconf 91' lang='lat' dir='ltr'><strong>in-</strong></span> 
     </span>
    </p>
   </div>
   <div class='ocr_carea' id='block_1_107' title="bbox 1936 4729 3529 4814">
    <p class='ocr_par' dir='ltr' id='par_1_107' title="bbox 1936 4729 3529 4814">
     <span class='ocr_line' id='line_1_107' title="bbox 1936 4729 3529 4814; baseline -0.01 -14"><span class='ocrx_word' id='word_1_808' title='bbox 1936 4744 2019 4800; x_wconf 88' lang='lat' dir='ltr'><strong>sui</strong></span> <span class='ocrx_word' id='word_1_809' title='bbox 2049 4740 2455 4814; x_wconf 86' lang='lat' dir='ltr'><strong>comparatione</strong></span> <span class='ocrx_word' id='word_1_810' title='bbox 2479 4743 2703 4795; x_wconf 70' lang='lat' dir='ltr'><strong>caiteros</strong></span> <span class='ocrx_word' id='word_1_811' title='bbox 2732 4733 2980 4805; x_wconf 89' lang='lat' dir='ltr'><strong>despicit.</strong></span> <span class='ocrx_word' id='word_1_812' title='bbox 3029 4730 3288 4789; x_wconf 90' lang='lat' dir='ltr'><strong>Similiter</strong></span> <span class='ocrx_word' id='word_1_813' title='bbox 3306 4729 3529 4800; x_wconf 84' lang='lat' dir='ltr'><strong>jactan-</strong></span> 
     </span>
    </p>
   </div>
   <div class='ocr_carea' id='block_1_108' title="bbox 1939 4820 3529 4896">
    <p class='ocr_par' dir='ltr' id='par_1_108' title="bbox 1939 4820 3529 4896">
     <span class='ocr_line' id='line_1_108' title="bbox 1939 4820 3529 4896; baseline -0.01 -7"><span class='ocrx_word' id='word_1_814' title='bbox 1939 4834 2011 4889; x_wconf 90' lang='lat' dir='ltr'><strong>tia</strong></span> <span class='ocrx_word' id='word_1_815' title='bbox 2066 4832 2197 4887; x_wconf 90' lang='lat' dir='ltr'><strong>foris</strong></span> <span class='ocrx_word' id='word_1_816' title='bbox 2254 4830 2362 4885; x_wconf 90' lang='lat' dir='ltr'><strong>alia</strong></span> <span class='ocrx_word' id='word_1_817' title='bbox 2415 4834 2496 4883; x_wconf 90' lang='lat' dir='ltr'><strong>est</strong></span> <span class='ocrx_word' id='word_1_818' title='bbox 2552 4841 2658 4896; x_wconf 88' lang='lat' dir='ltr'><strong>qua</strong></span> <span class='ocrx_word' id='word_1_819' title='bbox 2709 4824 2766 4879; x_wconf 92' lang='lat' dir='ltr'><strong>in</strong></span> <span class='ocrx_word' id='word_1_820' title='bbox 2821 4821 2904 4878; x_wconf 88' lang='lat' dir='ltr'><strong>sui</strong></span> <span class='ocrx_word' id='word_1_821' title='bbox 2957 4820 3312 4877; x_wconf 87' lang='lat' dir='ltr'><strong>ostentatione</strong></span> <span class='ocrx_word' id='word_1_822' title='bbox 3362 4820 3529 4875; x_wconf 90' lang='lat' dir='ltr'><strong>homo</strong></span> 
     </span>
    </p>
   </div>
   <div class='ocr_carea' id='block_1_109' title="bbox 1936 4915 3532 4993">
    <p class='ocr_par' dir='ltr' id='par_1_109' title="bbox 1936 4915 3532 4993">
     <span class='ocr_line' id='line_1_109' title="bbox 1936 4915 3532 4993; baseline -0.011 -6"><span class='ocrx_word' id='word_1_823' title='bbox 1936 4928 2195 4989; x_wconf 88' lang='lat' dir='ltr'><strong>blandum</strong></span> <span class='ocrx_word' id='word_1_824' title='bbox 2222 4944 2279 4982; x_wconf 91' lang='lat' dir='ltr'><strong>se</strong></span> <span class='ocrx_word' id='word_1_825' title='bbox 2321 4924 2555 4993; x_wconf 88' lang='lat' dir='ltr'><strong>simulat,</strong></span> <span class='ocrx_word' id='word_1_826' title='bbox 2585 4921 2810 4993; x_wconf 86' lang='lat' dir='ltr'><strong>aliaque</strong></span> <span class='ocrx_word' id='word_1_827' title='bbox 2836 4933 2943 4990; x_wconf 89' lang='lat' dir='ltr'><strong>qua</strong></span> <span class='ocrx_word' id='word_1_828' title='bbox 2970 4933 3029 4972; x_wconf 91' lang='lat' dir='ltr'><strong>se</strong></span> <span class='ocrx_word' id='word_1_829' title='bbox 3054 4915 3326 4972; x_wconf 88' lang='lat' dir='ltr'><strong>crudelem</strong></span> <span class='ocrx_word' id='word_1_830' title='bbox 3354 4920 3532 4972; x_wconf 82' lang='lat' dir='ltr'><strong>etme-</strong></span> 
     </span>
    </p>
   </div>
   <div class='ocr_carea' id='block_1_110' title="bbox 1941 5002 3535 5081">
    <p class='ocr_par' dir='ltr' id='par_1_110' title="bbox 1941 5002 3535 5081">
     <span class='ocr_line' id='line_1_110' title="bbox 1941 5002 3535 5081; baseline -0.012 -6"><span class='ocrx_word' id='word_1_831' title='bbox 1941 5017 2195 5076; x_wconf 90' lang='lat' dir='ltr'><strong>tuendum</strong></span> <span class='ocrx_word' id='word_1_832' title='bbox 2215 5016 2564 5071; x_wconf 87' lang='lat' dir='ltr'><strong>demonstrat.</strong></span> <span class='ocrx_word' id='word_1_833' title='bbox 2624 5011 2687 5066; x_wconf 83' lang='lat' dir='ltr'><strong>In</strong></span> <span class='ocrx_word' id='word_1_834' title='bbox 2740 5008 2917 5081; x_wconf 87' lang='lat' dir='ltr'><strong>prima</strong></span> <span class='ocrx_word' id='word_1_835' title='bbox 2960 5005 3175 5076; x_wconf 87' lang='lat' dir='ltr'><strong>placere</strong></span> <span class='ocrx_word' id='word_1_836' title='bbox 3223 5002 3426 5073; x_wconf 87' lang='lat' dir='ltr'><strong>nititur,</strong></span> <span class='ocrx_word' id='word_1_837' title='bbox 3475 5002 3535 5056; x_wconf 91' lang='lat' dir='ltr'><strong>in</strong></span> 
     </span>
    </p>
   </div>
   <div class='ocr_carea' id='block_1_111' title="bbox 1938 5093 3538 5177">
    <p class='ocr_par' dir='ltr' id='par_1_111' title="bbox 1938 5093 3538 5177">
     <span class='ocr_line' id='line_1_111' title="bbox 1938 5093 3538 5177; baseline -0.013 -12"><span class='ocrx_word' id='word_1_838' title='bbox 1938 5106 2177 5165; x_wconf 87' lang='lat' dir='ltr'><strong>secunda</strong></span> <span class='ocrx_word' id='word_1_839' title='bbox 2205 5104 2418 5177; x_wconf 90' lang='lat' dir='ltr'><strong>placere</strong></span> <span class='ocrx_word' id='word_1_840' title='bbox 2446 5100 2794 5173; x_wconf 87' lang='lat' dir='ltr'><strong>dedignatur.</strong></span> <span class='ocrx_word' id='word_1_841' title='bbox 2822 5096 2902 5152; x_wconf 86' lang='lat' dir='ltr'><strong>Ex</strong></span> <span class='ocrx_word' id='word_1_842' title='bbox 2930 5095 3104 5166; x_wconf 91' lang='lat' dir='ltr'><strong>primo</strong></span> <span class='ocrx_word' id='word_1_843' title='bbox 3133 5093 3297 5166; x_wconf 85' lang='lat' dir='ltr'><strong>igitur</strong></span> <span class='ocrx_word' id='word_1_844' title='bbox 3335 5106 3538 5166; x_wconf 87' lang='lat' dir='ltr'><strong>genere</strong></span> 
     </span>
    </p>
   </div>
   <div class='ocr_carea' id='block_1_112' title="bbox 1941 5180 3537 5269">
    <p class='ocr_par' dir='ltr' id='par_1_112' title="bbox 1941 5180 3537 5269">
     <span class='ocr_line' id='line_1_112' title="bbox 1941 5180 3537 5269; baseline -0.012 -16"><span class='ocrx_word' id='word_1_845' title='bbox 1941 5195 2209 5269; x_wconf 69' lang='lat' dir='ltr'><strong>superbiae</strong></span> <span class='ocrx_word' id='word_1_846' title='bbox 2230 5193 2284 5248; x_wconf 91' lang='lat' dir='ltr'><strong>in</strong></span> <span class='ocrx_word' id='word_1_847' title='bbox 2305 5206 2410 5262; x_wconf 90' lang='lat' dir='ltr'><strong>quo</strong></span> <span class='ocrx_word' id='word_1_848' title='bbox 2459 5191 2623 5246; x_wconf 89' lang='lat' dir='ltr'><strong>homo</strong></span> <span class='ocrx_word' id='word_1_849' title='bbox 2651 5187 2754 5243; x_wconf 87' lang='lat' dir='ltr'><strong>sibi</strong></span> <span class='ocrx_word' id='word_1_850' title='bbox 2783 5185 2979 5257; x_wconf 89' lang='lat' dir='ltr'><strong>placet,</strong></span> <span class='ocrx_word' id='word_1_851' title='bbox 3012 5182 3244 5254; x_wconf 90' lang='lat' dir='ltr'><strong>primum</strong></span> <span class='ocrx_word' id='word_1_852' title='bbox 3301 5180 3537 5236; x_wconf 90' lang='lat' dir='ltr'><strong>nascitur</strong></span> 
     </span>
    </p>
   </div>
   <div class='ocr_carea' id='block_1_113' title="bbox 1942 5267 3535 5360">
    <p class='ocr_par' dir='ltr' id='par_1_113' title="bbox 1942 5267 3535 5360">
     <span class='ocr_line' id='line_1_113' title="bbox 1942 5267 3535 5360; baseline -0.014 -17"><span class='ocrx_word' id='word_1_853' title='bbox 1942 5267 2115 5360; x_wconf 77' lang='lat' dir='ltr'><strong>genus</strong></span> <span class='ocrx_word' id='word_1_854' title='bbox 2159 5280 2452 5355; x_wconf 63' lang='lat' dir='ltr'><strong>jactantia,</strong></span> <span class='ocrx_word' id='word_1_855' title='bbox 2507 5278 2563 5332; x_wconf 91' lang='lat' dir='ltr'><strong>in</strong></span> <span class='ocrx_word' id='word_1_856' title='bbox 2618 5292 2727 5349; x_wconf 90' lang='lat' dir='ltr'><strong>quo</strong></span> <span class='ocrx_word' id='word_1_857' title='bbox 2775 5272 2982 5330; x_wconf 66' lang='lat' dir='ltr'><strong>caeteris</strong></span> <span class='ocrx_word' id='word_1_858' title='bbox 3006 5271 3223 5343; x_wconf 90' lang='lat' dir='ltr'><strong>placere</strong></span> <span class='ocrx_word' id='word_1_859' title='bbox 3246 5267 3535 5335; x_wconf 89' lang='lat' dir='ltr'><strong>desiderat,</strong></span> 
     </span>
    </p>
   </div>
   <div class='ocr_carea' id='block_1_114' title="bbox 1944 5364 3541 5447">
    <p class='ocr_par' dir='ltr' id='par_1_114' title="bbox 1944 5364 3541 5447">
     <span class='ocr_line' id='line_1_114' title="bbox 1944 5364 3541 5447; baseline -0.014 -7"><span class='ocrx_word' id='word_1_860' title='bbox 1944 5392 2000 5440; x_wconf 91' lang='lat' dir='ltr'><strong>et</strong></span> <span class='ocrx_word' id='word_1_861' title='bbox 2025 5399 2093 5438; x_wconf 83' lang='lat' dir='ltr'><strong>ex</strong></span> <span class='ocrx_word' id='word_1_862' title='bbox 2150 5377 2384 5436; x_wconf 87' lang='lat' dir='ltr'><strong>secundo</strong></span> <span class='ocrx_word' id='word_1_863' title='bbox 2438 5390 2639 5447; x_wconf 85' lang='lat' dir='ltr'><strong>genere</strong></span> <span class='ocrx_word' id='word_1_864' title='bbox 2681 5370 2951 5445; x_wconf 77' lang='lat' dir='ltr'><strong>superbiae</strong></span> <span class='ocrx_word' id='word_1_865' title='bbox 2980 5369 3037 5423; x_wconf 89' lang='lat' dir='ltr'><strong>in</strong></span> <span class='ocrx_word' id='word_1_866' title='bbox 3064 5382 3170 5438; x_wconf 90' lang='lat' dir='ltr'><strong>quo</strong></span> <span class='ocrx_word' id='word_1_867' title='bbox 3198 5367 3335 5423; x_wconf 87' lang='lat' dir='ltr'><strong>alios</strong></span> <span class='ocrx_word' id='word_1_868' title='bbox 3361 5364 3541 5436; x_wconf 89' lang='lat' dir='ltr'><strong>despi-</strong></span> 
     </span>
    </p>
   </div>
   <div class='ocr_carea' id='block_1_115' title="bbox 1947 5456 3541 5539">
    <p class='ocr_par' dir='ltr' id='par_1_115' title="bbox 1947 5456 3541 5539">
     <span class='ocr_line' id='line_1_115' title="bbox 1947 5456 3541 5539; baseline -0.012 -12"><span class='ocrx_word' id='word_1_869' title='bbox 1947 5472 2021 5528; x_wconf 91' lang='lat' dir='ltr'><strong>cit</strong></span> <span class='ocrx_word' id='word_1_870' title='bbox 2067 5485 2083 5539; x_wconf 85' lang='lat'><strong>;</strong></span> <span class='ocrx_word' id='word_1_871' title='bbox 2131 5466 2425 5525; x_wconf 85' lang='lat' dir='ltr'><strong>secundum</strong></span> <span class='ocrx_word' id='word_1_872' title='bbox 2475 5463 2706 5520; x_wconf 88' lang='lat' dir='ltr'><strong>nascitur</strong></span> <span class='ocrx_word' id='word_1_873' title='bbox 2759 5473 2932 5533; x_wconf 85' lang='lat' dir='ltr'><strong>genus</strong></span> <span class='ocrx_word' id='word_1_874' title='bbox 2978 5456 3272 5527; x_wconf 62' lang='lat' dir='ltr'><strong>jactantia},</strong></span> <span class='ocrx_word' id='word_1_875' title='bbox 3329 5468 3435 5525; x_wconf 88' lang='lat' dir='ltr'><strong>quo</strong></span> <span class='ocrx_word' id='word_1_876' title='bbox 3482 5471 3541 5509; x_wconf 88' lang='lat' dir='ltr'><strong>se</strong></span> 
     </span>
    </p>
   </div>
   <div class='ocr_carea' id='block_1_116' title="bbox 1952 5544 3544 5616">
    <p class='ocr_par' dir='ltr' id='par_1_116' title="bbox 1952 5544 3544 5616">
     <span class='ocr_line' id='line_1_116' title="bbox 1952 5544 3544 5616; baseline -0.011 -1"><span class='ocrx_word' id='word_1_877' title='bbox 1952 5559 2073 5616; x_wconf 88' lang='lat' dir='ltr'><strong>aliis</strong></span> <span class='ocrx_word' id='word_1_878' title='bbox 2128 5573 2237 5613; x_wconf 91' lang='lat' dir='ltr'><strong>non</strong></span> <span class='ocrx_word' id='word_1_879' title='bbox 2294 5553 2583 5612; x_wconf 88' lang='lat' dir='ltr'><strong>amabilem</strong></span> <span class='ocrx_word' id='word_1_880' title='bbox 2667 5549 2764 5607; x_wconf 88' lang='lat' dir='ltr'><strong>sed</strong></span> <span class='ocrx_word' id='word_1_881' title='bbox 2840 5544 3189 5602; x_wconf 89' lang='lat' dir='ltr'><strong>metuendum</strong></span> <span class='ocrx_word' id='word_1_882' title='bbox 3243 5549 3544 5599; x_wconf 86' lang='lat' dir='ltr'><strong>monstrare</strong></span> 
     </span>
    </p>
   </div>
   <div class='ocr_carea' id='block_1_117' title="bbox 1953 5646 2194 5709">
    <p class='ocr_par' dir='ltr' id='par_1_117' title="bbox 1953 5646 2194 5709">
     <span class='ocr_line' id='line_1_117' title="bbox 1953 5646 2194 5709; baseline -0.021 -6"><span class='ocrx_word' id='word_1_883' title='bbox 1953 5646 2194 5709; x_wconf 83' lang='lat' dir='ltr'><strong>laborat.</strong></span> 
     </span>
    </p>
   </div>
  </div>
