3972 6404
456 349 600 405 1171ν

1628 349 1974 408 WERNERI
2011 349 2308 407 ABBATIS
2344 350 2408 406 S.
2455 350 2678 408 BLASII

3630 351 3778 412 1172

1183 506 1813 614 DOMINICA
1891 501 2371 615 DECIMA
2447 506 2972 614 OCTAVA
2997 585 3023 614 .

1662 751 2061 820 Secundum
2131 753 2562 820 Matthmum.

538 943 559 970 «ι
593 921 941 975 Accesserant
994 913 1066 972 ad
1093 917 1270 971 Iesum
1314 911 1638 986 Sadducaei;
1669 923 1722 972 et
1752 916 2056 989 interroga-
2088 917 2146 980 Α
2177 932 2308 990 ergo
2362 916 2538 973 David
2564 917 2620 972 in
2667 917 2806 974 libro
2850 918 3181 976 Psalmorum
3213 925 3368 974 vocat
3409 934 3532 973 eum
3578 917 3776 973 Demi-

459 1010 536 1070 vit
563 1025 686 1064 eum
742 1024 882 1062 unus
915 1023 981 1060 ex
1012 1005 1109 1072 eis,
1159 1013 1371 1061 tentans
1390 1021 1514 1060 eum
1550 1025 1562 1060 :
1595 1004 1868 1078 Magister,
1919 1005 2063 1076 quod

467 1107 546 1156 est
572 1097 888 1153 mandatum
919 1111 1181 1168 magnum
1211 1094 1268 1148 in
1295 1092 1464 1167 lege?
1496 1115 1518 1142 ι»
1547 1101 1649 1149 etc.
1665 1093 1892 1162 (Matth.
1946 1095 2060 1164 22.)

460 1195 701 1252 Primum
732 1189 977 1250 omnium
1009 1207 1119 1246 non
1149 1207 1246 1262 pro
1293 1189 1502 1257 ordine,
1533 1189 1628 1244 sed
1658 1205 1755 1261 pro
1802 1188 2062 1263 dignitate

459 1283 702 1356 intellige
747 1282 974 1348 dictum,
1033 1279 1088 1334 id
1127 1286 1206 1336 est
1253 1279 1554 1336 maximum
1611 1278 1874 1348 omnium,
1949 1279 2063 1334 sive

463 1373 724 1447 primum,
787 1369 914 1442 quia
959 1376 1085 1426 ante
1138 1369 1322 1426 omnia
1375 1369 1637 1424 debemus
1656 1368 1847 1424 intimo
1902 1368 2063 1424 corde

462 1459 662 1535 singuli
694 1459 847 1531 quasi
895 1458 1128 1514 unicum
1153 1457 1371 1528 pietatis
1401 1457 1815 1514 fundamentum
1849 1456 2053 1514 locare.

465 1566 610 1640 Ergo
632 1562 872 1635 primum
903 1561 1146 1618 omnium
1177 1568 1232 1616 et
1257 1560 1556 1616 maximum
1613 1557 1926 1615 mandatum
1985 1567 2066 1614 est

462 1653 702 1728 cognitio
724 1657 886 1723 atque
916 1649 1184 1706 confessio
1213 1647 1412 1706 divinae
1441 1647 1657 1703 unitatis
1682 1663 1803 1704 cum
1835 1663 2064 1703 exsecu-

463 1742 608 1800 tione
661 1741 825 1798 benae
875 1738 1231 1812 operationis.
1269 1739 1417 1794 Bona
1447 1744 1626 1794 autem
1655 1735 1896 1808 operatio
1925 1735 2066 1792 dile-

462 1839 640 1898 ctione
687 1838 786 1894 Dei
849 1847 902 1893 et
957 1834 1192 1908 proximi
1251 1833 1548 1908 perﬁcitur.
1615 1833 1774 1904 Quod
1831 1835 2070 1892 breviter

469 1930 591 1986 aliis
619 1927 802 1984 verbis
829 1925 1176 1982 commendat
1214 1925 1500 1995 Apostolus
1533 1922 1744 1980 dicens:
1765 1946 1788 1973 α
1820 1926 1884 1979 In
1913 1924 2063 1980 Chri-

463 2035 545 2084 sto
577 2027 724 2082 enim
751 2025 878 2081 Iesu
933 2040 1108 2094 neque
1150 2022 1489 2079 circumcisio
1520 2021 1723 2093 aliquid
1750 2023 1912 2090 valet,
1969 2038 2070 2078 nc-

466 2133 568 2189 que
594 2115 945 2188 prmputium,
974 2112 1070 2168 sed
1099 2111 1232 2167 ﬁdes
1253 2129 1374 2184 quae
1404 2129 1502 2184 per
1532 2111 1876 2168 dilectionem
1933 2127 2070 2182 ope-

467 2213 615 2264 ratur
641 2204 798 2276 (Gal.
830 2203 906 2273 ν).
944 2227 966 2252 η

473 2379 478 2384 ,
539 2333 789 2390 Ostendit
819 2347 888 2388 ex
914 2333 1016 2388 hac
1044 2329 1394 2402 responsione
1423 2330 1628 2386 Scriba:
1655 2348 1879 2404 gravem
1928 2347 2072 2403 saepe

468 2425 606 2480 inter
666 2421 886 2477 Scribas
934 2428 986 2476 et
1017 2420 1278 2475 Parisasos
1330 2421 1687 2490 quaestionem
1713 2437 1830 2476 esse
1886 2437 2078 2477 versa-

473 2522 582 2570 tam
613 2511 760 2582 quod
791 2518 931 2566 esset
977 2509 1291 2564 mandatum
1349 2509 1584 2579 primum
1607 2509 1721 2566 sive
1775 2510 2078 2568 maximum

475 2601 677 2658 divinae
714 2599 872 2672 legis,
905 2597 1228 2670 quibusdam
1279 2597 1532 2654 videlicet
1577 2599 1778 2654 hostias
1815 2607 1868 2654 et
1921 2598 2083 2654 sacri-

475 2698 604 2756 ﬁcia
631 2695 998 2763 laudantibus,
1057 2694 1176 2751 aliis
1194 2709 1324 2750 vero
1354 2695 1561 2766 majore
1591 2696 1904 2751 auctoritate
1955 2695 2082 2751 ﬁdei

480 2803 535 2854 et
559 2793 867 2852 dilectionis
901 2807 1070 2864 Opera
1121 2791 1552 2864 praeferentibus,
1581 2808 1647 2849 eo
1677 2793 1821 2864 quod
1867 2793 2085 2865 plurimi

479 2893 696 2958 patrum
728 2890 852 2940 ante
907 2883 1089 2955 legem
1143 2881 1346 2952 absque
1376 2882 1618 2938 omnium
1674 2883 2012 2940 victimarum
2033 2891 2088 2939 et

487 2971 875 3032 sacrificiorum
931 2970 1318 3029 consuetudine
1345 2988 1414 3026 ex
1433 2971 1540 3026 fide
1563 2979 1786 3043 tantum,
1845 2987 1964 3043 quae
1992 2987 2089 3044 per

489 3063 840 3122 dilectionem
892 3067 1166 3132 operatur,
1224 3061 1502 3132 placerent
1574 3061 1712 3130 Deo,
1785 3063 2089 3132 summique

483 3153 631 3226 apud
660 3152 840 3224 ipsum
887 3150 993 3207 loci
1023 3149 1366 3208 haberentur.
1421 3151 1598 3206 Nemo
1619 3158 1799 3206 autem
1850 3167 2089 3222 unquam

483 3243 688 3313 absque
741 3239 849 3295 ﬁde
896 3256 960 3296 ac
985 3239 1279 3296 dilectione
1326 3255 1424 3312 per
1452 3240 1768 3297 holocausta
1806 3241 1982 3296 solum
2039 3250 2092 3296 et

485 3329 752 3388 sacriﬁcia
779 3330 895 3386 Deo
927 3328 1192 3401 placuisse
1220 3329 1514 3384 invenitur.
1578 3329 1642 3384 In
1686 3347 1795 3402 qua
1828 3331 2094 3387 sententia

491 3419 685 3478 Scriba
713 3419 811 3475 iste
842 3419 1005 3475 etiam
1034 3435 1093 3474 se
1121 3417 1288 3474 fuisse
1316 3417 1626 3476 declaravit.

577 3577 599 3603 α
629 3554 718 3611 Ait
750 3553 829 3609 illi
883 3553 1039 3608 Iesus
1071 3569 1084 3606 :
1115 3551 1325 3624 Diliges
1377 3551 1671 3609 Dominum
1727 3552 1902 3608 Deum
1946 3558 2098 3608 tuum

2101 2283 2156 2343 B

2171 1023 2321 1073 num,
2372 1007 2557 1064 dicens
2589 1026 2601 1062 :
2633 1007 2784 1063 Dixit
2827 1008 3090 1064 Dominus
3150 1009 3380 1064 Domino
3418 1023 3540 1062 meo
3575 1027 3586 1062 :
3625 1007 3772 1063 Sede

2171 1117 2204 1156 a
2232 1101 2436 1156 dextris
2489 1101 2644 1166 meis,
2678 1100 2852 1158 donec
2880 1118 3082 1174 ponam
3126 1101 3375 1157 inimicos
3401 1095 3520 1157 iuos
3545 1099 3770 1156 scabel-

2171 1194 2282 1250 lum
2313 1195 2512 1266 pedum
2543 1206 2755 1252 tuorum
2777 1195 2805 1251 ?
2837 1217 2858 1244 υ

2241 1317 2390 1374 Istud
2418 1316 2598 1374 dicere
2653 1315 2871 1374 Domini
2926 1317 3162 1374 Domino
3217 1325 3298 1372 est
3349 1315 3613 1387 aequalem
3660 1307 3770 1369 sibi

2169 1423 2430 1482 generare
2459 1407 2674 1462 Filium.
2705 1407 2942 1463 Domino
2971 1422 3115 1478 meo,
3145 1405 3275 1462 dicit
3294 1405 3482 1476 David,
3533 1419 3644 1461 non
3670 1417 3770 1459 se-

2171 1505 2406 1562 cundum
2435 1503 2580 1574 quod
2627 1504 2697 1559 de
2725 1517 2791 1559 eo
2837 1509 2993 1558 natus
3021 1510 3120 1572 est,
3151 1502 3247 1558 sed
3283 1501 3572 1558 secundum
3620 1499 3770 1572 quod

2173 1595 2242 1650 de
2261 1593 2418 1648 Patre
2473 1607 2690 1662 semper
2743 1591 2867 1647 fuit.
2903 1590 3063 1662 Quod
3117 1598 3295 1647 autem
3325 1606 3357 1647 a
3385 1591 3539 1646 Patre
3585 1588 3770 1660 subji-

2173 1683 2386 1739 ciuntur
2405 1681 2628 1746 inimici,
2663 1681 2777 1737 sive
2810 1683 3052 1737 volentes
3081 1681 3194 1737 sive
3223 1681 3482 1746 nolentes,
3535 1693 3640 1735 non
3673 1680 3768 1732 in-

2174 1771 2483 1827 ﬁrmitatem
2534 1770 2674 1838 Filii,
2705 1769 2800 1825 sed
2849 1771 3105 1825 unitatem
3139 1779 3465 1840 naturaeque
3491 1769 3548 1822 in
3599 1769 3770 1824 altero

2177 1862 2312 1918 alter
2339 1867 2594 1930 operatur
2637 1859 2908 1933 signiﬁcat
2935 1876 2951 1926 ;
2985 1875 3112 1915 nam
3141 1867 3194 1914 ct
3221 1859 3384 1915 Filius
3401 1857 3618 1928 subjicit
3669 1857 3767 1913 ini-

2177 1959 2350 2014 micos
2380 1958 2542 2025 Patri,
2596 1959 2722 2029 quia
2753 1959 2963 2013 Patrem
3019 1956 3276 2012 clariﬁcat
3331 1971 3491 2026 super
3543 1963 3762 2010 terram.

2181 2049 2272 2105 Sic
2309 2047 2660 2120 interrogatio
2695 2047 2821 2102 Iesu
2851 2046 3008 2102 nobis
3061 2045 3271 2116 proﬁcit
3298 2053 3485 2101 contra
3537 2043 3771 2099 Iudaeos.

2179 2137 2354 2194 Judaei
2411 2144 2590 2192 autem
2646 2134 2841 2193 frivola
2897 2136 3069 2191 multa
3114 2134 3426 2207 contingunt
3481 2139 3777 2189 asserentes

2183 2234 2537 2292 centesimum
2595 2249 2798 2289 nonum
2849 2234 3137 2303 psalmum,
3169 2232 3422 2304 scriptum
3475 2230 3529 2286 in
3586 2245 3776 2302 perso-

2187 2339 2258 2378 na
2308 2321 2520 2378 Eliezer
2571 2319 2666 2375 ﬁlii
2720 2321 2998 2376 vernaculi
3047 2320 3296 2388 Abrahae,
3343 2319 3655 2375 revertentis
3710 2317 3779 2372 de

2189 2412 2336 2468 caede
2392 2411 2627 2482 quinque
2681 2426 2872 2483 regum
2907 2430 2920 2466 :
2954 2410 3096 2466 Sede
3123 2410 3190 2465 ad
3245 2409 3525 2464 dexteram
3577 2422 3775 2462 meam.

2189 2510 2296 2567 Sed
2353 2508 2632 2579 sequentia
2689 2507 2882 2578 psalmi
2911 2523 3016 2562 non
3047 2507 3114 2563 ad
3145 2509 3249 2563 hoc
3273 2505 3624 2562 concordant.
3680 2505 3782 2560 Re-

2191 2608 2274 2656 cte
2331 2599 2512 2669 itaque
2569 2597 2878 2670 opponitur,
2931 2614 3039 2653 non
3096 2596 3223 2668 quia
3277 2596 3564 2662 Christum,
3621 2607 3778 2664 quem

2191 2685 2514 2746 conﬁtentur
2531 2702 2648 2743 esse
2696 2694 3000 2754 venturum,
3034 2685 3208 2742 David
3237 2683 3402 2740 filium
3434 2683 3630 2751 dicunt,
3686 2681 3779 2737 sed

2193 2779 2322 2850 quia
2373 2776 2690 2850 simpliciter
2745 2776 3020 2832 hominem
3067 2783 3121 2831 et
3165 2791 3273 2830 non
3303 2773 3401 2830 Dei
3456 2772 3781 2828 Filiumcre-

2192 2867 2349 2924 dunt.

2274 3017 2296 3042 α
2333 2991 2389 3048 Si
2419 3007 2550 3064 ergo
2579 2989 2758 3047 David
2803 3005 2858 3044 1n
2887 2987 3074 3060 spiritu
3100 2993 3256 3044 vocat
3303 3002 3424 3042 eum
3474 2984 3778 3052 Dominum,

2197 3081 2473 3156 quomodo
2519 3079 2660 3135 ﬁlius
2689 3078 2806 3151 ejus
2854 3079 2988 3134 est?
3019 3078 3084 3132 Et
3117 3093 3278 3132 nemo
3333 3083 3539 3146 poterat
3591 3073 3642 3128 ei
3695 3088 3782 3128 re-

2199 3171 2465 3246 spondere
2512 3169 2760 3238 verbum,
2825 3185 2998 3240 neque
3041 3183 3200 3222 ausus
3237 3165 3336 3221 fuit
3393 3163 3670 3236 quisquam
3720 3178 3784 3217 ex

2201 3272 2294 3328 illa
2322 3269 2409 3326 die
2431 3285 2554 3324 eum
2575 3267 2808 3339 amplius
2831 3267 3182 3340 interrogare.
3219 3286 3240 3313 »
3278 3263 3416 3334 Quia
3444 3262 3498 3317 in
3525 3257 3784 3318 sermoni-

2201 3361 2302 3416 bus
2357 3358 2716 3425 confutantur,
2775 3356 3040 3414 ultranon
3068 3354 3418 3426 interrogant,
3467 3350 3562 3407 sed
3614 3355 3786 3421 aperte

2202 3450 2656 3520 comprehensum
2715 3445 2963 3518 potestati
3021 3443 3234 3499 tradunt
3286 3443 3561 3498 Romanae.
3641 3435 3789 3494 Unde

2205 3547 2355 3611 patet
2383 3552 2595 3593 venena
2643 3534 2862 3594 invidiae
2913 3533 3155 3606 superari
3209 3547 3386 3604 posse,
3445 3529 3540 3586 sui
3583 3525 3788 3584 difﬁcile

501 3659 570 3700 ex
601 3651 712 3699 toto
741 3641 904 3699 corde
934 3650 1045 3711 tuo,
1105 3648 1158 3698 et
1185 3641 1241 3696 in
1272 3648 1383 3697 tota
1410 3641 1592 3697 anima
1621 3649 1730 3712 tua,
1788 3649 1842 3698 et
1890 3643 1947 3697 in
1991 3649 2102 3698 tota
2128 3647 2178 3713 Ο
2207 3629 2502 3702 quiescere-

489 3741 673 3790 mente
708 3741 816 3788 tua.
850 3733 966 3788 Hoc
1023 3737 1107 3787 est
1133 3730 1433 3786 maximum
1481 3739 1536 3786 et
1579 3731 1814 3804 primum
1859 3731 2092 3790 manda-

499 3832 636 3880 tum.
669 3821 976 3878 Secundum
1007 3829 1186 3878 autem
1215 3821 1392 3876 simile
1419 3828 1498 3877 est
1525 3821 1683 3878 huic:
1712 3822 1919 3895 Diliges
1964 3838 2097 3894 pro-

497 3913 708 3968 ximum
765 3919 915 3967 tuum
973 3910 1110 3966 sicut
1139 3917 1192 3966 te
1247 3910 1446 3982 ipsum.
1477 3912 1539 3965 In
1567 3911 1651 3966 his
1670 3910 1882 3968 duobus
1934 3927 2098 3968 man-

487 4003 639 4072 datis
666 4008 778 4058 tota
805 4001 894 4057 lex
924 3999 1124 4072 pendet
1157 4005 1211 4060 et
1236 4001 1534 4072 prophetae.
1573 4022 1594 4050 υ

567 4137 761 4190 Totam
807 4133 1240 4206 magnitudinem
1297 4141 1349 4188 et
1403 4131 1741 4190 latitudinem
1796 4135 2103 4192 divinorum

487 4224 853 4295 'el‘equiorum
881 4237 1072 4278 secura
1114 4222 1353 4295 possidet
1379 4223 1631 4292 charitas,
1667 4241 1772 4295 qua
1811 4223 2105 4282 Dominum

503 4321 920 4396 proximumque
965 4321 1278 4394 diligamus.
1336 4321 1508 4378 Docet
1553 4322 1699 4377 enim
1747 4339 1848 4379 nos
1875 4324 2109 4379 caelestis

505 4425 646 4467 unus
690 4410 950 4481 magister
995 4415 1049 4465 et
1100 4409 1278 4466 dicit:
1315 4411 1522 4484 Diliges
1581 4412 1877 4468 Dominum
1926 4412 2106 4468 Deum

511 4507 663 4558 tuum
691 4515 759 4555 ex
781 4505 890 4555 toto
910 4497 1074 4554 corde
1105 4507 1215 4567 tuo,
1250 4520 1274 4548 υ
1304 4508 1406 4556 etc.
1431 4500 1878 4572 (AUGUSTINUS.)
1900 4502 1958 4558 Si
1978 4517 2109 4574 ergo

511 4605 624 4647 non
652 4594 810 4647 vacat
839 4601 1028 4644 omnes
1073 4587 1301 4660 paginas
1351 4597 1562 4646 sanctas
1590 4591 1927 4660 perscrutari,
1982 4607 2119 4647 om—

513 4678 607 4736 nia
661 4678 716 4734 in
754 4677 1034 4734 volumine
1085 4690 1420 4748 sermonum,
1477 4678 1623 4748 quod
1677 4680 1912 4736 volvitur
1955 4681 2112 4736 evol-

511 4783 658 4837 vere,
691 4765 876 4824 omnia
931 4766 1329 4839 Scripturarum
1372 4775 1579 4824 secreta
1632 4775 1932 4840 penetrare,
1991 4776 2112 4825 tene

510 4867 826 4924 charitatem
853 4861 948 4920 ubi
978 4863 1220 4934 pendent
1247 4865 1450 4932 omnia,
1484 4868 1564 4922 Ita
1597 4866 1822 4936 tenebis,
1883 4867 2009 4938 quia
2041 4866 2114 4924 ita
2199 4884 2201 4887 '

510 4954 764 5024 didicisti,
807 4953 1014 5010 tenebis
1071 4954 1236 5010 etiam
1265 4955 1408 5026 qttod
1458 4955 1694 5011 nondum
1751 4955 2002 5012 didicisti.
2051 4956 2111 5014 Si

509 5046 655 5101 enim
695 5043 834 5099 nosti
882 5042 1218 5113 charitatem,
1278 5043 1480 5114 aliquid
1510 5045 1669 5114 nosti,
1701 5047 1844 5100 unde
1873 5054 1927 5101 et
1979 5047 2114 5102 illud

510 5135 712 5206 pendet
745 5132 890 5205 quod
941 5132 1080 5189 forte
1110 5133 1270 5200 nosti,
1329 5139 1383 5187 et
1434 5133 1492 5188 in
1529 5149 1593 5190 eo
1641 5134 1786 5205 quod
1815 5135 2117 5208 Scriptores

510 5247 618 5288 non
665 5229 942 5304 intelligis,
1003 5230 1236 5287 charitas
1275 5239 1439 5303 patet.
1487 5231 1586 5288 Illa
1639 5231 1820 5304 itaque
1875 5241 2019 5289 tenet
2063 5241 2116 5291 ct

515 5321 660 5392 quod
712 5327 864 5391 patet
909 5326 963 5375 et
1021 5319 1165 5390 quod
1221 5319 1350 5376 latet
1387 5321 1443 5376 in
1495 5319 1698 5378 divinis
1741 5323 2106 5380 sermonibus.

511 5409 614 5479 Qui
670 5410 986 5468 chaﬁtatem
1046 5415 1191 5466 tenet
1245 5410 1299 5466 in
1356 5410 1622 5478 moribus,
1673 5412 1780 5467 hoc
1835 5421 1914 5468 est
1971 5412 2116 5484 quod

511 5496 813 5559 breviatum
869 5515 1176 5557 sermonem
1268 5499 1431 5556 faciet
1477 5501 1740 5557 Dominus
1784 5518 1947 5574 super
2003 5505 2114 5558 ter-

513 5599 652 5644 ram.

589 5734 611 5760 -
648 5713 1004 5785 Congregatis
1049 5722 1230 5770 autem
1284 5714 1584 5784 Pliarisaais,
1614 5715 1968 5788 interrogavit
2021 5733 2116 5773 eos

516 5795 684 5868 Jesus,
717 5800 902 5856 dicens
935 5818 949 5855 :
983 5801 1124 5870 Quid
1155 5805 1311 5860 vobis
1341 5803 1552 5859 videtur
1579 5805 1647 5860 de
1675 5806 2117 5874 Christo?Cujus

512 5879 651 5941 ﬁlius
707 5894 787 5942 est
815 5889 843 5941 ‘?
871 5888 1068 5946 Dicunt
1117 5891 1164 5946 ei
1199 5909 1211 5947 :
1245 5891 1439 5950 David.
1508 5892 1595 5948 Ait
1643 5892 1748 5949 illis
1781 5911 1792 5948 :
1826 5892 2114 5970 Quomodo

2771 3751 2852 3808 De
2903 3751 3208 3809 charitate.

2280 3878 2569 3936 Geminam
2599 3874 2756 3933 nobis
2786 3873 3060 3948 Scriptura
3089 3891 3239 3930 sacra
3298 3872 3604 3930 charitatem
3642 3884 3785 3927 com-

2209 3968 2452 4036 mendat,
2498 3967 2597 4022 Dei
2626 3965 2879 4025 videlicet
2931 3973 2983 4022 et
3011 3965 3264 4037 proximi.
3301 3963 3624 4020 Charitatem
3675 3958 3784 4023 Dei,

2209 4075 2271 4124 ut
2320 4067 2398 4123 sic
2454 4067 2631 4136 ipsum
2678 4065 2989 4138 diligamus,
3046 4071 3106 4118 ut
3147 4061 3202 4116 in
3259 4062 3376 4133 ipso
3423 4059 3786 4134 gaudeamus;

2212 4155 2531 4213 charitatem
2565 4153 2820 4226 proximi,
2853 4161 2912 4207 ut
2943 4153 3018 4208 sic
3047 4152 3221 4224 ipsum
3248 4151 3554 4224 diligamus,
3601 4156 3656 4202 ut
3691 4160 3790 4200 non

2214 4247 2270 4302 in
2329 4244 2470 4316 ipso,
2520 4244 2613 4298 sed
2642 4259 2766 4298 cum
2816 4241 2933 4315 ipso
2964 4240 3018 4296 in
3040 4242 3154 4296 Deo
3173 4241 3506 4314 gaudeamus
3537 4256 3550 4292 :
3583 4239 3680 4294 hoc
3720 4240 3792 4290 est

2216 4343 2276 4391 ut
2303 4335 2479 4389 Deum
2509 4331 2801 4406 diligamus
2829 4339 3052 4402 propter
3079 4345 3137 4386 se
3165 4330 3360 4402 ipsum,
3391 4328 3693 4400 proximum
3715 4345 3794 4386 au-

2219 4433 2328 4480 tem
2383 4429 2608 4493 propter
2660 4421 2864 4476 Deum.
2928 4421 3072 4476 Deus
3119 4426 3294 4474 autem
3341 4418 3538 4473 idcirco
3591 4425 3794 4488 propter

2217 4531 2275 4569 se
2298 4512 2476 4585 ipsum
2505 4509 2812 4584 diligendus
2867 4517 2964 4576 est,
2997 4508 3124 4580 quia
3177 4508 3290 4580 ipse
3346 4514 3423 4561 est
3451 4507 3648 4562 bonum
3700 4525 3792 4563 no-

2219 4621 2388 4668 strum
2421 4625 2436 4680 ;
2465 4609 2751 4682 proximus
2805 4616 2983 4664 autem
3025 4606 3146 4662 ideo
3202 4613 3419 4678 propter
3471 4605 3638 4660 Deum
3688 4605 3793 4662 dili-

2221 4701 2451 4775 gendus,
2485 4699 2614 4770 quia
2647 4715 2768 4754 cum
2801 4697 2918 4769 ipso
2948 4695 3004 4750 in
3041 4696 3156 4752 Deo
3186 4703 3264 4752 est
3283 4695 3483 4750 bonum
3539 4703 3783 4750 nostrum.

2221 4791 2380 4848 lllum
2411 4787 2722 4862 diligamus,
2756 4793 2814 4842 ut
2841 4785 2909 4842 ad
2941 4786 3118 4857 ipsum
3134 4785 3432 4850 veniamus,
3462 4791 3515 4839 et
3541 4783 3790 4841 inChristo

2221 4879 2576 4954 gaudeamus,
2608 4877 2769 4932 istum
2809 4875 3118 4948 diligamus,
3146 4882 3204 4930 ut
3223 4890 3342 4929 eum
3373 4873 3488 4945 ipso
3517 4889 3787 4938 curramus,

2223 4979 2274 5027 et
2302 4985 2424 5026 cum
2455 4968 2572 5040 ipso
2603 4965 3004 5040 perveniamus.
3045 4963 3200 5019 Illum
3242 4971 3298 5018 ut
3321 4963 3596 5036 gaudium,
3629 4962 3784 5029 istum,

2221 5068 2281 5116 ut
2353 5055 2538 5132 gaudii
2611 5055 2838 5112 socium.
2915 5054 3071 5109 Illum
3127 5059 3185 5107 ut
3239 5051 3502 5122 requiem,
3559 5051 3708 5106 istum
3739 5059 3789 5107 ut

2224 5147 2428 5219 requiei
2457 5153 2780 5201 consortem.
2814 5141 2956 5212 Quid
2986 5150 3063 5197 est
3092 5142 3263 5196 Deum
3305 5140 3530 5212 diligere
3557 5140 3585 5194 ‘2
3615 5139 3788 5194 habere

2225 5238 2386 5294 velle.
2452 5233 2594 5306 Quid
2653 5241 2734 5289 est
2787 5233 2961 5288 Deum
2991 5229 3218 5304 diligere
3275 5238 3492 5302 propter
3517 5245 3573 5284 se
3593 5231 3788 5301 ipsum?

2225 5327 2348 5384 ideo
2377 5325 2624 5398 diligere,
2669 5331 2729 5378 ut
2783 5319 2985 5378 habeas
3023 5319 3220 5391 ipsum.
3245 5319 3384 5387 Quid
3417 5326 3495 5374 est
3511 5318 3786 5389 proximum

2226 5416 2454 5489 diligere
2505 5420 2728 5485 prepter
2771 5411 2943 5467 Deum
2971 5411 3002 5464 ἢ
3032 5409 3154 5465 ideo
3201 5408 3429 5480 diligere
3480 5407 3602 5478 quia
3656 5406 3790 5462 habet

2225 5515 2426 5571 Deum.
2488 5511 2638 5568 Sicut
2689 5509 2966 5582 diligimus
2994 5507 3268 5563 hominem
3300 5513 3517 5577 propter
3535 5503 3785 5574 justitiam,

2227 5604 2280 5660 id
2309 5612 2388 5658 est
2415 5601 2542 5674 quia
2569 5599 2733 5655 habet
2755 5597 3042 5669 justitiam,
3076 5605 3128 5650 et
3156 5596 3290 5650 sicut
3316 5594 3590 5666 diligimus
3637 5593 3788 5649 homi-

2224 5719 2348 5758 nem
2387 5707 2610 5771 pmpter
2659 5695 3002 5768 sapientiam,
3047 5693 3100 5748 id
3155 5701 3232 5748 est
3263 5691 3382 5762 quia
3405 5692 3564 5747 habet
3617 5692 3789 5764 sapien-

2225 5800 2375 5868 tiam,
2407 5797 2484 5852 sic
2513 5795 2792 5866 diligimus
2850 5793 3128 5849 hominem
3158 5797 3378 5861 propter
3409 5791 3599 5856 Deum,
3631 5788 3681 5842 id
3725 5796 3787 5842 est

2228 5896 2354 5966 quia
2381 5893 2547 5952 habet
2590 5892 2787 5962 Deum,
2815 5889 2900 5950 vel
2927 5889 2972 5945 si
3004 5888 3139 5944 forte
3169 5885 3405 5942 nondum
3437 5884 3615 5957 habet,
3641 5891 3784 5942 tamen
