3972 6392
196 366 351 422 Ηῒ3

1214 367 1799 426 DEFLOBATIONES
1838 369 1934 426 SS.
1977 371 2274 432 PATBUM.
2305 402 2375 415 —
2412 375 2540 430 LIB.
2564 376 2632 431 II.

3432 378 3568 434 ηπ

186 491 327 563 quia
360 491 713 548 habiturus
736 499 821 549 est
841 507 963 547 eum
983 492 1126 549 velut
1144 492 1343 549 habeat
1362 509 1508 548 eum.
1552 494 1641 550 Sic
1687 494 1869 568 itaque
1901 496 1956 558 A
1984 498 2130 553 Deus
2158 498 2425 571 diligitur,
2456 498 2512 554 in
2537 507 2765 572 utroque
2791 515 2958 557 unum
2987 500 3259 574 impletur,
3290 516 3395 560 nec
3433 517 3571 575 opus

180 587 445 653 propter
480 582 694 637 Deum
726 581 1015 637 hominem
1035 581 1336 655 diligimus,
1360 598 1520 654 quem
1542 582 1727 655 utique
1739 599 1866 654 pro-

181 686 321 748 pter
336 680 554 735 Deum
573 696 697 735 non
721 678 1156 751 diligeremus,si
1172 680 1343 735 Deum
1365 696 1473 736 non
1490 679 1869 753 diligeremus,

179 767 724 840 quemadmodum
746 784 874 823 cum
898 768 1171 822 hominem
1193 778 1418 839 prepter
1441 770 1753 839 sapientiam
1782 770 1868 823 di-

180 857 335 928 ligo,
361 857 517 912 ideo
546 857 757 928 diligo,
780 856 906 927 quia
929 857 1105 927 ipsum
1134 857 1453 927 sapientiam
1481 858 1648 930 diligo
1674 876 1685 913 :
1713 876 1870 930 quem

179 950 469 1024 profecto
512 971 644 1009 non
676 954 987 1025 diligerem.
1026 953 1072 1007 si
1094 955 1421 1024 sapientiam
1448 954 1620 1026 ipsam
1652 963 1873 1025 propter

181 1057 375 1112 quam
401 1044 625 1113 ipsum
648 1042 823 1114 diligo
850 1057 960 1096 non
985 1043 1295 1114 diligerem.
1320 1044 1400 1097 Ita
1421 1055 1543 1097 eum
1564 1043 1873 1113 proximum

186 1139 457 1203 prOpter
492 1132 694 1186 Deum
727 1131 920 1201 diligo,
945 1130 1070 1185 ideo
1094 1132 1267 1204 diligo
1292 1132 1416 1204 quia
1462 1132 1629 1187 Deum
1662 1131 1870 1213 diligo:

187 1245 381 1301 quem
417 1230 644 1302 utique
671 1244 779 1284 non
809 1228 1126 1301 diligerem,
1159 1230 1203 1283 si
1238 1230 1409 1283 Deum
1442 1236 1667 1300 propter
1715 1247 1873 1301 quem

193 1317 411 1388 ipsum
447 1317 651 1390 diligo
681 1334 789 1373 non
821 1316 1135 1389 diligerem.
1176 1317 1263 1372 Sic
1294 1318 1464 1389 igitur
1498 1335 1510 1372 :
1541 1318 1585 1371 si
1616 1318 1759 1373 bene
1789 1318 1875 1373 di-

198 1405 355 1477 ligo,
400 1414 467 1461 et
507 1406 725 1461 bonum
752 1405 952 1477 diligo.
993 1407 1111 1460 Non
1146 1407 1289 1460 enim
1342 1407 1477 1460 bene
1523 1406 1712 1477 diligo,
1770 1406 1873 1464 nisi

201 1518 350 1559 cum
391 1504 632 1558 bonum
665 1503 834 1575 diligo
866 1520 879 1555 :
916 1511 967 1557 et
1000 1519 1122 1559 cum
1157 1503 1356 1557 bonum
1381 1503 1521 1571 quod
1545 1503 1735 1572 diligo,
1770 1519 1877 1557 non

204 1592 287 1647 ob
322 1592 513 1646 aliud
555 1608 712 1662 quam
746 1600 968 1662 propter
1012 1591 1308 1645 bonitatem
1362 1592 1439 1645 sic
1486 1591 1677 1662 diligo.
1724 1589 1875 1659 Quo-

205 1680 406 1735 modo
444 1682 481 1733 ?
521 1682 775 1735 Amicum
807 1680 861 1733 in
900 1680 1036 1743 Deo,
1084 1679 1363 1733 inimicum
1413 1689 1636 1749 prOpter
1668 1680 1868 1733 Deum.

208 1774 385 1846 Quid
425 1788 533 1831 est
565 1777 803 1832 amicum
855 1776 1091 1849 diligere
1139 1777 1192 1829 in
1243 1777 1362 1830 Deo
1392 1776 1419 1828 ‘.’
1469 1775 1591 1829 ideo
1638 1774 1869 1845 diligere

1981 585 2158 643 fuerat
2186 594 2517 660 praeceptum
2547 589 2820 662 geminari
2851 590 2921 646 de
2950 605 3115 662 opere
3142 607 3252 648 uno
3279 609 3291 648 :
3342 589 3570 649 Sufﬁce-

1980 684 2065 731 ret
2094 677 2141 732 si
2168 677 2400 733 dixisset
2433 696 2448 732 :
2480 678 2659 750 Dilige
2704 678 2998 735 Dominum
3044 681 3220 737 Deum
3265 688 3455 747 tuum;
3512 681 3570 735 iu

1981 765 2084 819 hoc
2117 765 2259 820 enim
2293 773 2462 820 totum
2483 774 2585 821 est.
2620 766 2723 835 Qui
2754 767 2898 823 enim
2929 769 3220 824 Dominum
3268 784 3397 826 vere
3438 767 3569 824 dili-

1984 854 2081 924 git,
2115 854 2313 924 ubique
2340 854 2541 924 diligit.
2583 856 2639 910 Si
2669 872 2799 912 vere
2844 856 3109 928 diligitur,
3151 857 3399 930 diligitur
3444 857 3569 913 ubi-

1984 959 2195 1014 cunque
2226 944 2514 999 invenitur.
2548 945 2607 998 ln
2637 961 2696 999 sc
2727 945 2846 1016 ipso
2875 954 2927 1001 et
2956 945 3009 1000 in
3040 945 3314 1017 proximo,
3346 946 3497 1003 intus
3518 954 3572 1002 et

1984 1041 2136 1109 foris,
2171 1058 2385 1097 sursum
2417 1047 2471 1097 et
2500 1043 2780 1108 deorsum,
2823 1041 2991 1116 longe
3021 1049 3073 1098 et
3120 1060 3308 1115 prope.
3359 1044 3417 1099 Si
3464 1044 3572 1101 mel

1983 1130 2144 1185 dulce
2173 1138 2274 1200 est,
2307 1131 2486 1187 dulcis
2514 1138 2600 1187 est
2630 1138 2686 1188 et
2707 1131 2879 1187 favus.
2907 1132 2962 1187 Si
2988 1132 3098 1188 mel
3139 1133 3344 1203 diligis,
3388 1132 3573 1205 diligis

1986 1227 2038 1275 et
2068 1220 2246 1274 favum
2276 1220 2678 1291 receptaculum
2709 1220 2907 1277 mellis.
2942 1220 3049 1275 Sed
3079 1236 3202 1277 cum
3229 1221 3338 1277 mel
3393 1222 3575 1295 diligi-

1985 1314 2088 1373 tur,
2114 1308 2236 1363 ideo
2263 1308 2529 1381 diligitur,
2557 1309 2684 1381 quia
2714 1308 2947 1365 dulcedo
2966 1310 3146 1380 ipsum
3163 1317 3264 1366 est.
3288 1310 3422 1366 Cum
3442 1325 3577 1367 vero

1986 1397 2135 1451 favus
2165 1396 2424 1465 diligitur,
2458 1397 2584 1452 ideo
2612 1398 2852 1467 diligitur
2896 1399 3034 1469 quia
3077 1398 3309 1455 dulcedo
3354 1399 3406 1454 in
3454 1399 3575 1469 ipso

1986 1498 2089 1548 est.
2124 1495 2227 1548 Mel
2260 1503 2482 1564 prepter
2511 1511 2572 1549 se
2593 1495 2768 1565 ipsum
2783 1495 3046 1567 diligitur,
3072 1496 3230 1551 favus
3244 1502 3426 1552 autem
3448 1510 3577 1567 pro-

1986 1591 2106 1652 pter
2133 1582 2239 1637 mel
2268 1583 2530 1654 diligitur.
2566 1584 2632 1637 Et
2672 1584 2719 1637 si
2767 1583 2907 1639 forte
2954 1584 3158 1640 videris
3218 1585 3400 1641 favum
3458 1584 3574 1641 'non

1988 1672 2275 1726 habentem
2306 1673 2433 1737 mel,
2468 1673 2623 1727 vides
2657 1672 3024 1743 receptacula.
3059 1673 3149 1729 ubi
3178 1674 3286 1728 mel
3313 1689 3436 1730 esse
3472 1674 3575 1731 de-

1988 1761 2199 1823 buerat,
2229 1768 2281 1815 et
2306 1759 2460 1815 doles
2487 1777 2610 1815 esse
2640 1775 2836 1822 vacua,
2865 1769 2920 1815 at
2950 1777 3059 1816 non
3080 1761 3296 1832 placent
3325 1760 3429 1816 tibi
3446 1762 3578 1834 quia

212 1866 373 1937 quia.
415 1867 611 1920 Deum
645 1866 823 1920 habet.
852 1865 975 1919 Non
1007 1868 1062 1919 in
1093 1865 1294 1918 divitiis
1334 1862 1470 1928 suis,
1502 1879 1613 1917 non
1659 1862 1712 1916 in
1752 1863 1868 1917 for-
1900 1903 1903 1909 .

2006 1848 2134 1903 trida
2162 1856 2312 1913 sunt,
2344 1857 2399 1903 et
2426 1848 2582 1918 cupis
2611 1849 2720 1904 mel
2748 1849 2861 1906 illic
2888 1865 3032 1913 esse,
3066 1850 3214 1921 quod
3245 1850 3431 1921 diligis
3466 1867 3480 1905 :
3522 1858 3579 1907 et

216 1954 509 2009 titudine
542 1970 659 2009 sua.
683 1953 863 2009 nonin
896 1953 1302 2023 pulchritudine
1325 1967 1443 2019 sua,
1482 1951 1576 2006 sed
1618 1950 1669 2005 in
1715 1950 1881 2020 justi-

219 2051 310 2106 tia
349 2067 505 2121 sua,
527 2051 581 2105 in
606 2052 895 2106 sanctitate
922 2065 1039 2115 sua,
1077 2048 1129 2102 in
1155 2047 1397 2104 bonitate
1433 2065 1548 2103 sua.
1589 2047 1686 2102 Illa
1718 2048 1882 2115 enim,

225 2139 351 2195 etsi
378 2156 420 2195 a
446 2141 580 2195 Deo
605 2145 751 2203 sunt,
775 2146 937 2193 extra
968 2138 1148 2192 Deum
1178 2137 1331 2210 diligi
1363 2144 1610 2208 possunt,
1655 2143 1711 2191 et
1741 2152 1886 2206 saepe

229 2244 385 2285 cum
419 2229 761 2302 diliguntur,
794 2234 1042 2282 avertunt
1071 2233 1124 2282 et
1154 2234 1469 2297 pervertunt
1495 2233 1731 2280 mentem
1755 2224 1889 2279 dili-

240 2334 517 2400 gentem
554 2341 636 2391 se,
671 2332 730 2379 ut
758 2325 932 2380 Deum
966 2333 1077 2379 no’n
1107 2323 1358 2395 diligant.
1391 2324 1634 2395 Ideoque
1666 2338 1762 2393 pro
1803 2322 1888 2376 his

238 2424 341 2471 est
384 2413 737 2480 laudandus,
770 2413 891 2485 quia
923 2427 1047 2469 cum
1078 2412 1275 2467 dantur
1303 2412 1372 2466 ab
1419 2412 1538 2483 ipso
1568 2411 1787 2478 dantur,
1837 2416 1891 2465 et

247 2504 428 2560 dona
470 2520 590 2574 eius
621 2511 765 2567 sunt,
801 2503 898 2557 sed
930 2501 983 2556 in
1016 2503 1098 2555 his
1128 2517 1239 2557 non
1270 2511 1352 2556 est
1381 2500 1645 2555 amandus
1703 2498 1891 2571 proxi-

248 2617 428 2667 mus,
471 2599 599 2672 quia
641 2598 813 2653 virtus
846 2598 966 2667 ejus
1006 2613 1112 2653 non
1143 2606 1290 2663 sunt,
1341 2613 1520 2668 neque
1567 2597 1769 2652 bonum
1808 2595 1891 2650 fa-

249 2689 436 2745 ciunt
467 2687 569 2743 ista
601 2687 901 2753 hominem,
936 2686 1095 2742 etiam
1128 2685 1172 2740 si
1209 2686 1585 2753 abundaverit,
1633 2699 1739 2742 nec
1784 2699 1893 2740 non

258 2786 316 2843 si
352 2785 611 2842 defuerit
639 2784 861 2840 malum.

339 2920 586 2977 Bonitas
616 2926 794 2974 autem
827 2917 1031 2972 bonum
1067 2915 1195 2974 facit
1220 2925 1273 2973 et
1296 2916 1515 2987 justitia
1563 2916 1788 2985 justum,
1840 2925 1894 2970 et

257 3010 501 3067 veritas
532 3023 746 3070 verum,
779 3014 833 3063 et
880 3007 998 3062 haec
1055 3021 1182 3062 cum
1236 3007 1455 3071 adsunt,
1514 3005 1670 3059 adest
1720 3005 1888 3069 Deus,

262 3100 415 3171 quia
447 3099 597 3152 Deus
627 3097 838 3152 bonitas
866 3103 969 3162 est,
1005 3103 1058 3151 et
1104 3094 1317 3164 justitia
1364 3102 1419 3150 et
1466 3094 1698 3150 veritas.
1762 3092 1892 3148 Ideo

1991 1937 2036 1991 si
2068 1937 2291 2000 venerit,
2326 1937 2503 2007 magis
2529 1936 2740 2007 diligis.
2780 1939 2861 1993 Ita
2908 1937 3124 2009 diligito
3172 1938 3350 1994 Deum
3409 1945 3576 2005 tuum,

1994 2034 2116 2105 quia
2143 2033 2378 2091 dulcedo
2407 2042 2510 2099 est,
2543 2034 2662 2105 ipse
2693 2042 2748 2089 et
2777 2034 2999 2093 bonitas
3030 2042 3085 2091 et
3114 2035 3333 2101 veritas.
3386 2035 3579 2092 Proxi-

1994 2138 2143 2179 mum
2172 2131 2353 2179 autem
2400 2131 2549 2178 tuum
2603 2123 2799 2195 dilige,
2857 2122 2985 2194 quia
3040 2124 3442 2194 receptaculum
3499 2132 3584 2180 est

1995 2211 2300 2267 dulcedinis
2327 2218 2382 2267 et
2411 2211 2678 2277 veritatis,
2712 2220 2767 2267 et
2794 2211 2841 2266 si
2890 2213 2948 2266 in
2994 2227 3062 2269 eo
3106 2212 3384 2268 inveneris
3434 2212 3584 2284 quod

1994 2301 2198 2355 habere
2225 2300 2407 2365 debet,
2440 2300 2795 2356 dulcedinem
2826 2304 2881 2356 et
2913 2300 3232 2367 bonitatem,
3275 2308 3333 2357 et
3373 2301 3581 2358 verita-

1997 2397 2126 2456 tem,
2145 2388 2313 2461 dilige
2337 2388 2392 2443 in
2415 2388 2537 2459 ipso
2557 2388 2704 2455 illas,
2725 2396 2782 2443 et
2802 2387 2973 2461 dilige
2994 2389 3170 2459 ipsum
3190 2396 3410 2461 prepter
3424 2388 3579 2445 illas.

2000 2478 2056 2533 Si
2086 2486 2267 2533 autem
2298 2493 2533 2533 vacuum
2578 2477 2857 2533 inveneris
2901 2476 3061 2534 bonis
3106 2476 3241 2547 suis,
3292 2477 3417 2534 dole
3462 2477 3588 2549 quia

2001 2574 2413 2644 receptaculum
2444 2574 2608 2630 inane
2636 2573 2813 2640 vides,
2844 2582 2899 2630 et
2951 2582 3081 2645 opta
3135 2581 3195 2630 ut
3244 2574 3466 2632 veniant
3518 2573 3589 2631 ad

2001 2680 2149 2731 eum,
2180 2672 2236 2718 et
2264 2664 2463 2718 intrent
2491 2663 2548 2718 in
2576 2678 2698 2719 eum
2729 2663 2871 2719 bona
2916 2679 3034 2731 sua,
3084 2671 3142 2719 ut
3178 2663 3270 2718 ﬁat
3313 2661 3433 2735 ipse
3486 2663 3591 2719 bo—

1999 2768 2127 2819 nus,
2157 2751 2366 2808 habens
2395 2753 2543 2808 bona
2569 2768 2687 2820 sua,
2717 2751 2839 2810 sine
2867 2751 3064 2824 quibus
3092 2752 3271 2809 bonus
3316 2768 3440 2809 esse
3483 2765 3593 2809 non

2000 2848 2203 2913 potest.

2685 3006 2917 3049 DIVISIO.

2073 3115 2255 3188 Dilige
2286 3116 2481 3182 Deum,
2513 3114 2643 3187 quia
2670 3115 2888 3171 bonitas
2916 3122 3038 3183 est;
3069 3115 3238 3190 dilige
3267 3117 3596 3187 proximum,

264 3197 333 3252 in
381 3195 652 3259 bonitate,
684 3202 737 3249 et
769 3192 1001 3263 justitia,
1047 3200 1106 3247 et.
1161 3192 1386 3247 veritate
1440 3190 1751 3261 diligendus
1807 3198 1891 3244 est
1918 3200 1970 3264 ο
2007 3205 2132 3276 quia
2168 3221 2233 3260 ex
2273 3202 2511 3259 υοηίιειε
2550 3204 2726 3259 bonus
2765 3211 2869 3273 est,
2907 3204 2994 3261 vel
3033 3203 3081 3258 εί
3118 3204 3293 3260 bonus
3338 3220 3449 3260 ηοη
3493 3212 3595 3272 est,

271 3286 486 3350 homo,
520 3291 574 3340 et
601 3283 821 3354 quando
850 3282 903 3336 in
928 3282 1046 3336 istis
1077 3281 1337 3351 diligitur,
1368 3280 1422 3334 in
1476 3280 1593 3334 Deo
1633 3277 1896 3349 diligitur,

277 3375 430 3446 quia
462 3373 610 3427 Deus
642 3371 858 3427 bonitas
887 3379 985 3436 est,
1018 3377 1072 3425 et
1098 3369 1302 3438 iustitia
1330 3376 1383 3424 et
1413 3369 1637 3423 veritas.
1670 3367 1728 3422 Si
1757 3382 1896 3438 ergo

282 3470 445 3525 bene
474 3468 778 3539 diligimus,
812 3476 863 3521 et
896 3467 1099 3521 bonum
1144 3465 1446 3537 diligimus,
1496 3463 1623 3518 boni
1676 3479 1890 3517 sumus.

283 3560 423 3614 Non
455 3556 610 3612 enim
643 3555 817 3611 bonos
849 3554 992 3622 facit,
1031 3554 1135 3609 nisi
1165 3553 1389 3609 dilectio
1422 3553 1562 3607 bona
1593 3559 1646 3606 et
1681 3551 1900 3606 dilectio

285 3646 454 3703 boni.
491 3645 546 3702 Si
584 3653 765 3701 autem
815 3644 941 3699 boni
983 3659 1192 3709 sumus,
1242 3642 1425 3698 nullos
1473 3641 1682 3697 amicos
1728 3640 1899 3695 habe-

290 3760 427 3799 mus
450 3743 556 3797 nisi
580 3743 751 3796 bonos
774 3759 791 3808 ;
814 3748 867 3795 et
895 3740 1076 3796 nullos
1114 3739 1382 3803 inimicos,
1408 3739 1514 3793 nisi
1544 3738 1733 3805 malos,
1775 3736 1904 3808 quia

292 3834 347 3888 si
378 3831 510 3888 boni
540 3847 747 3897 sumus,
781 3830 912 3885 nihil
943 3828 1054 3883 nisi
1086 3829 1291 3883 bonum
1323 3828 1624 3899 diligimus,
1671 3835 1727 3881 et
1770 3825 1903 3880 nihil

290 3929 504 3993 praeter
545 3918 749 3974 malum
806 3918 1059 3973 odimus.
1126 3917 1185 3971 Si
1237 3925 1417 3971 autem
1466 3916 1675 3971 amicos
1726 3914 1903 3968 bonos

294 4019 588 4086 habemus,
617 4025 671 4071 et
697 4015 951 4070 inimicos
980 4015 1177 4079 malos,
1212 4014 1417 4069 amicos
1449 4012 1670 4084 quidem
1698 4011 1753 4066 in
1797 4011 1901 4066 bo-

296 4110 473 4165 nitate
495 4121 596 4161 sua
626 4105 856 4175 diligere
885 4103 1174 4173 debemus,
1225 4102 1279 4157 id
1333 4110 1416 4157 est
1472 4101 1527 4155 in
1584 4102 1720 4166 Deo,
1777 4100 1905 4171 quia

294 4195 433 4252 boni
465 4201 591 4249 sunt
622 4211 635 4256 ;
668 4192 920 4248 inimicos
950 4200 1151 4257 autem,
1185 4189 1311 4264 quia
1358 4189 1415 4244 in
1474 4189 1717 4245 bonitate
1772 4187 1902 4242 dili-

299 4310 442 4366 gere
473 4308 582 4347 nou
611 4305 926 4363 possumus,
958 4288 1086 4361 quia
1134 4287 1263 4343 boni
1307 4301 1416 4343 nou
1465 4295 1591 4341 sunt
1622 4301 1636 4340 :
1694 4293 1903 4340 tantum

302 4390 602 4456 propterea
631 4379 866 4450 diligere
896 4378 1182 4442 debemus,
1213 4385 1270 4431 ut
1301 4374 1601 4431 bonitatem
1648 4374 1902 4439 habeant,

305 4480 363 4528 et
400 4468 529 4525 boni
569 4468 702 4523 sint.
755 4468 820 4521 Et
857 4466 912 4520 in
960 4465 1043 4520 his
1082 4464 1339 4520 omnibus
1374 4479 1486 4520 non
1525 4463 1632 4518 nisi
1680 4460 1904 4518 bonitas

2006 3301 2064 3349 ut
2101 3293 2170 3348 sit
2209 3293 2302 3365 qui
2339 3292 2514 3347 bonus
2553 3308 2676 3347 esse
2703 3300 2903 3363 potest.
2945 3291 3056 3356 Qui
3105 3292 3277 3348 enim'
3309 3292 3425 3362 jam
3473 3307 3598 3348 esse

2006 3406 2117 3447 non
2154 3397 2384 3461 possunt
2423 3389 2569 3455 boni,
2611 3387 2876 3461 diligendi
2928 3403 3038 3445 non
3095 3397 3246 3455 sunt,
3302 3389 3431 3461 quia
3492 3403 3598 3445 nec

2009 3478 2243 3552 proximi
2267 3485 2416 3544 sunt,
2442 3478 2541 3533 sed
2563 3477 2728 3533 alieni
2753 3483 2809 3532 et
2840 3477 3037 3533 remoti
3071 3485 3126 3533 et
3159 3477 3423 3534 extranei.
3456 3499 3480 3527 σ
3512 3477 3595 3533 Ne

2007 3570 2128 3633 des,
2162 3567 2353 3639 inquit,
2383 3566 2578 3622 alienis
2608 3567 2873 3622 honorem
2921 3574 3092 3633 tuum,
3151 3576 3205 3622 et
3256 3582 3429 3623 annos
3473 3574 3598 3623 tuos

2008 3656 2239 3722 crudeli,
2269 3672 2338 3710 ne
2369 3654 2503 3711 forte
2530 3655 2859 3726 impleantur
2885 3655 3127 3712 extranei
3170 3654 3377 3712 viribus
3412 3655 3600 3731 tuisget

2009 3746 2230 3802 labores
2257 3744 2333 3800 tui
2363 3744 2470 3799 sint
2498 3745 2551 3798 in
2583 3745 2747 3799 domo
2775 3742 2953 3799 aliena
2984 3745 3169 3812 (Prov.
3202 3743 3280 3814 ν).
3307 3764 3329 3796 ι
3353 3744 3440 3801 lati
3463 3759 3599 3814 ergo

2012 3842 2138 3890 sunt
2164 3833 2325 3890 alieni
2354 3841 2403 3888 et
2437 3832 2679 3887 extranei
2708 3831 2871 3888 nimis
2898 3832 3110 3899 remoti,
3159 3841 3213 3889 et
3260 3832 3426 3905 longe
3468 3832 3596 3888 facti

2011 3924 2213 3995 quibus
2241 3921 2472 3992 amplius
2500 3936 2616 3977 non
2645 3928 2793 3992 patet
2820 3920 3028 3975 reditus
3073 3920 3146 3976 ad
3199 3921 3428 3990 bonum,
3479 3907 3598 3977 da:-

2011 4035 2203 4075 mones
2234 4019 2441 4075 scilicet
2484 4026 2537 4074 et
2583 4018 2713 4073 mali
2768 4017 3025 4073 homines
3078 4031 3203 4073 cum
3259 4016 3600 4073 demonibus

2009 4108 2270 4163 damnati.
2303 4107 2408 4176 Qui
2436 4107 2642 4165 idcirco
2662 4121 2696 4161 ι
2724 4106 2885 4162 nobis
2913 4105 3152 4176 amplius
3179 4104 3445 4174 diligendi
3486 4120 3595 4161 non

2012 4203 2157 4265 sunt,
2187 4196 2313 4269 quia
2341 4197 2409 4251 ab
2436 4195 2527 4251 illo
2558 4196 2707 4251 bono
2735 4201 2962 4265 propter
2990 4194 3139 4265 quod
3178 4194 3426 4266 diligitur
3473 4208 3597 4250 om-

2012 4286 2098 4340 nis
2118 4286 2215 4357 qui
2242 4286 2380 4341 bene
2409 4284 2678 4355 diligitur,
2712 4282 3214 4353 irrecuperabiliter
3238 4291 3590 4341 corruerunt.

2010 4375 2290 4443 Nusquam
2322 4373 2485 4428 nobis
2514 4372 2644 4428 dicit
2671 4371 2949 4442 Scriptura
2977 4380 3036 4427 ut
3072 4371 3355 4429 daemones
3400 4371 3601 4444 diliga—

2012 4478 2156 4524 mus.
2187 4478 2366 4533 neque
2393 4461 2518 4517 illos
2546 4460 2793 4516 homines
2823 4461 2911 4533 qui
2934 4460 3051 4529 jam
3097 4477 3222 4517 cum
3264 4461 3601 4518 daemonibus

310 4566 581 4637 diligitur,
616 4564 833 4637 quando
862 4563 997 4618 nihil
1026 4561 1290 4633 diligitur,
1320 4560 1425 4615 nisi
1480 4567 1703 4632 propter
1749 4558 1903 4614 boui-
1931 4558 1984 4619 D
2014 4550 2255 4607 damnati
2282 4557 2437 4607 sunt.
2470 4549 2573 4637 Illi
2591 4549 2738 4604 enim
2767 4549 3001 4619 proximi
3028 4565 3140 4606 non
3168 4558 3317 4617 sunt,
3361 4549 3472 4637 sed,
3506 4565 3600 4605 re-

311 4666 500 4712 tatem.
534 4654 709 4710 Simili
740 4652 903 4707 modo
932 4668 1055 4706 cum
1085 4651 1233 4705 Deus
1261 4650 1525 4722 diligitur,
1575 4657 1804 4720 propter
1842 4663 1905 4703 se

312 4745 579 4815 diligitur,
612 4743 741 4814 quia
768 4741 837 4797 ab
866 4741 972 4795 alio
1002 4756 1110 4795 non
1141 4746 1242 4807 est,
1276 4754 1453 4811 neque
1482 4738 1628 4792 aliud
1670 4737 1739 4791 ab
1786 4736 1905 4806 ipso

312 4840 459 4914 quod
493 4838 741 4911 diligitur
770 4836 824 4892 in
852 4837 995 4907 ipso.
1036 4839 1167 4891 Cum
1216 4851 1342 4893 vero
1389 4834 1673 4906 proximus
1718 4832 1904 4903 diligi-

314 4940 423 4993 tur,
456 4943 566 4982 non
596 4934 819 4999 propter
849 4941 907 4980 se
946 4924 1211 4993 diligitur,
1271 4924 1369 4978 sed
1426 4932 1649 4994 propter
1706 4922 1901 4988 Deum,

314 5019 457 5075 alter
489 5024 545 5070 ut
573 5015 780 5071 amicus
811 5014 904 5086 qui
935 5015 1106 5068 Deum
1138 5012 1322 5080 habet,
1352 5012 1492 5067 alter
1540 5019 1596 5066 ut
1652 5009 1906 5066 inimicus

316 5123 372 5170 ut
402 5115 576 5169 Deum
605 5111 833 5167 habeat.
872 5112 937 5165 Et
964 5110 1021 5165 in
1051 5109 1138 5164 his
1167 5108 1422 5164 omnibus
1453 5124 1564 5162 non
1609 5108 1712 5163 nisi
1763 5108 1909 5163 Deus

319 5202 584 5274 diligitur,
610 5200 734 5273 quia
763 5199 910 5254 aliud
951 5214 1060 5253 non
1091 5206 1177 5253 est
1216 5214 1380 5267 quam
1428 5196 1606 5263 Deus,
1656 5197 1802 5268 quod
1853 5195 1911 5249 in

319 5291 417 5346 illo
439 5290 705 5361 diligitur,
730 5289 855 5359 quia
885 5295 987 5353 est,
1019 5287 1075 5341 in
1105 5286 1209 5342 isto
1240 5285 1485 5359 diligitur
1521 5292 1581 5339 ut
1626 5286 1713 5339 sit.
1768 5285 1912 5357 Ergo

323 5404 455 5444 cum
490 5388 640 5442 Deus
694 5385 966 5457 diligitur,
1024 5392 1077 5439 et
1132 5399 1255 5439 cum
1309 5382 1591 5455 proximus
1644 5380 1911 5454 diligitur,

330 5479 477 5534 Deus
506 5475 777 5548 diligitur.
808 5473 995 5544 Quare
1027 5488 1163 5543 ergo
1193 5471 1322 5526 dicit
1351 5471 1633 5541 Scriptura
1664 5488 1677 5524 ε
1715 5493 1738 5518 α
1772 5470 1838 5526 Ut
1867 5478 1919 5525 et

333 5567 508 5621 Deum
539 5564 758 5635 diligas,
792 5572 843 5615 et
870 5560 1182 5633 proximum
1213 5560 1434 5629 (Matth.
1483 5559 1637 5627 χιιι).
1674 5580 1697 5605 »
1757 5557 1814 5613 Si
1865 5558 1922 5612 in

334 5666 451 5718 Deo
481 5661 657 5715 Deum
688 5658 891 5730 diligis,
942 5666 994 5713 et
1025 5656 1270 5727 proximo
1326 5656 1501 5710 Deum
1556 5654 1759 5726 diligis,
1819 5669 1923 5710 nec

333 5749 482 5806 aliud
513 5749 565 5802 in
597 5747 847 5819 proximo
879 5761 1041 5817 quam
1078 5744 1226 5817 quod
1258 5744 1310 5796 in
1341 5744 1458 5797 Deo
1504 5741 1704 5811 diligis,
1754 5759 1922 5811 quare

334 5854 465 5904 sunt
491 5844 600 5901 duo
628 5852 903 5915 praecepta
939 5840 1222 5899 eharitatis
1246 5840 1275 5892 7
1328 5840 1388 5896 Si
1429 5837 1571 5896 enim
1628 5838 1922 5910 utrobique

2010 4638 2145 4694 moti
2176 4645 2230 4693 et
2258 4637 2424 4693 alieni
2456 4636 2582 4694 facti
2608 4652 2642 4692 a
2683 4637 2863 4691 nobis.
2911 4637 3029 4691 Nos
3081 4645 3263 4692 autem
3320 4636 3601 4707 proximos

2013 4727 2243 4799 diligere
2272 4726 2558 4792 debemus,
2588 4740 2698 4780 non
2725 4724 2954 4792 alienos,
2983 4724 3038 4778 id
3068 4732 3150 4779 est
3178 4724 3449 4790 homines,
3492 4739 3602 4780 non

2017 4816 2316 4881 daemones,
2357 4822 2408 4869 et
2445 4813 2570 4869 illos
2606 4812 2880 4878 homines,
2920 4811 3012 4883 qui
3049 4811 3138 4867 vel
3173 4827 3274 4882 per
3310 4811 3604 4868 bonitatem

2019 4919 2130 4959 non
2160 4910 2530 4971 recesserunt,
2561 4901 2644 4957 vel
2674 4918 2775 4973 per
2811 4900 3021 4956 arbitrii
3065 4900 3374 4958 libertatem
3421 4901 3602 4957 redire

2023 5007 2274 5071 possunt.
2314 5001 2436 5055 Non
2472 4999 2623 5057 enim
2655 5000 2877 5055 omnino
2915 4996 3084 5072 longe
3139 5007 3266 5054 sunt
3321 4999 3432 5072 qui,
3500 4999 3605 5056 etsi

2024 5088 2279 5154 abierint,
2311 5089 2487 5145 adhuc
2516 5088 2696 5144 redire
2750 5096 3006 5160 possunt.
3051 5088 3145 5143 lsti
3199 5096 3323 5147 sunt
3373 5087 3606 5160 proximi

2022 5197 2160 5255 quos
2189 5181 2421 5253 diligere
2451 5180 2735 5251 debemus,
2763 5181 2853 5238 vel
2885 5181 2942 5236 iu
2970 5183 3106 5248 Deo,
3152 5180 3200 5235 si
3240 5189 3605 5248 recesserunt,

2022 5271 2110 5329 vel
2139 5278 2363 5341 propter
2392 5271 2587 5336 Deum,
2620 5269 2665 5324 si
2695 5270 2875 5327 redire
2905 5277 3151 5341 possunt.
3185 5269 3340 5337 Quos
3388 5271 3609 5343 quando

2026 5358 2324 5432 diligimus,
2358 5358 2443 5414 vel
2472 5358 2529 5412 in
2558 5358 2641 5413 eis
2668 5359 2847 5415 Deum
2877 5358 3160 5430 diligimus
3206 5358 3254 5413 si
3294 5358 3425 5414 boni
3462 5367 3605 5426 sunt,

2026 5448 2113 5504 vel
2145 5447 2227 5502 eis
2259 5447 2459 5503 bonum
2488 5443 2764 5519 diligimus
2800 5455 2853 5503 et
2883 5457 3157 5519 optamus,
3183 5462 3307 5503 cum
3337 5448 3480 5520 quod
3500 5464 3611 5505 non

2029 5543 2155 5592 sunt
2185 5536 2312 5591 boni
2340 5552 2463 5591 esse
2489 5543 2744 5607 possunt.

2106 5667 2337 5736 Propter
2364 5668 2467 5723 hoc
2497 5682 2633 5740 ergo
2663 5666 2769 5722 duo
2806 5672 2931 5720 sunt
2985 5674 3265 5738 praecepta
3317 5667 3615 5737 charitatis,

2034 5753 2135 5809 Dei
2164 5754 2418 5810 videlicet
2447 5766 2498 5810 et
2530 5755 2955 5827 proximiutper
2970 5754 3289 5810 charitatem
3312 5756 3410 5812 Dei
3445 5758 3621 5829 ipsum

2034 5843 2242 5900 bonum
2273 5843 2495 5916 diligas,
2525 5860 2625 5917 per
2649 5843 2967 5903 charitatcm
2989 5843 3220 5915 proximi
3239 5844 3446 5902 bonum
3474 5843 3625 5919 quod
