3972 6408
407 374 548 431 H75

1545 361 1893 421 WERNERI
1941 360 2229 419 ABBATIS
2268 361 2326 418 S.
2361 362 2586 420 BLASlI

3577 358 3713 416 11⁸76

398 497 586 572 diligis
614 496 870 572 proximo
896 511 1004 554 non
1033 494 1299 552 invideas.
1358 492 1593 548 Poteras
1634 489 1841 561 aliquid
1876 487 2007 545 dili-
2035 484 2092 547 Α
2120 483 2249 542 liter
2284 485 2583 544 valentem.
2629 485 2817 543 Tertio
2848 485 3097 559 spiritum
3128 483 3358 541 dicimus
3393 498 3493 555 per
3542 488 3710 540 totum

401 604 538 662 gere
565 596 621 645 et
648 588 898 661 proximo
926 600 1037 642 non
1064 582 1300 657 diligere
1331 600 1345 646 ;
1377 588 1596 652 poteras
1625 578 1834 651 aliquid
1866 577 2010 635 velle

402 677 627 744 habere,
660 683 715 734 et
747 685 927 732 tamen
958 673 1105 731 nolle
1135 679 1196 728 ut
1236 669 1393 727 illiud
1440 668 1666 725 haberet
1721 667 2010 740 proximus

2118 598 2320 655 corpus
2357 583 2621 640 emissum
2660 590 2822 657 atque
2860 591 3165 655 receptum,
3224 598 3324 655 per
3379 597 3541 654 quem
3602 581 3709 637 vita

2117 671 2430 729 mortalium
2459 671 2805 740 continetur;
2836 689 2940 731 nec
2959 672 3253 744 aliquando
3277 670 3445 729 otium
3463 670 3704 745 capiens,

401 775 532 823 tuus
566 782 579 823 :
611 765 668 822 in
696 765 821 822 Deo
849 772 1033 821 tamen
1063 774 1175 819 non
1202 768 1447 833 poteras.
1493 758 1619 813 Non
1661 756 1809 812 enim
1850 765 2013 828 pote-
2112 761 2239 835 jugi
2261 761 2565 819 mobilitate
2596 771 2911 836 reparatur.

402 870 494 912 ras
510 855 685 911 Deum
706 853 957 925 diligere,
984 850 1093 907 nisi
1113 848 1378 923 diligeres
1399 855 1453 903 et
1475 845 1780 919 proximum
1832 851 2010 901 tuum.

402 953 528 1028 quia
549 968 673 1009 cum
695 950 899 1007 invidia
920 957 975 1006 et
993 948 1120 1006 odio
1143 949 1294 1004 Deus
1313 945 1471 1019 diligi
1491 961 1598 1001 non
1620 950 2010 1016 potest,tamen

405 1042 528 1116 quia
557 1041 614 1097 in
640 1040 762 1096 aliis
792 1040 961 1096 rebus
989 1037 1098 1095 hoc
1142 1036 1329 1092 facere
1384 1042 1627 1106 poteras,
1684 1040 1749 1087 ut
1803 1032 2011 1105 aliquid

403 1130 579 1189 velles
609 1138 663 1187 et
692 1129 952 1201 proximo
980 1135 1077 1182 tuo
1105 1142 1217 1181 non
1245 1122 1440 1188 velles,
1473 1122 1790 1179 distinctum
1820 1129 1904 1177 est
1952 1129 2014 1177 ut

403 1228 708 1291 utrumque
734 1217 833 1273 tibi
878 1216 1189 1273 faciendum
1239 1230 1362 1269 esse
1407 1211 1707 1284 intelligas,
1761 1210 2011 1283 quamvis

403 1309 639 1365 alterum
670 1306 791 1363 sine
821 1305 999 1362 altero
1027 1304 1209 1360 facere
1237 1317 1347 1358 non
1377 1302 1583 1373 possis.
1622 1299 1888 1370 Quamvis
1929 1299 2011 1355 si-

400 1405 509 1462 mul
542 1406 670 1472 sint,
704 1413 889 1459 tamen
920 1402 1029 1458 duo
1065 1408 1191 1456 sunt
1220 1399 1441 1456 dilectio
1474 1400 1575 1455 Dei
1631 1406 1684 1454 et
1739 1397 2001 1470 proximi.

399 1495 594 1567 Neque
642 1492 769 1548 ideo
825 1492 1128 1548 debuerunt
1193 1488 1248 1544 in
1300 1489 1670 1560 praeceptione
1724 1485 2011 1554 confundi,

402 1582 660 1658 quamvis
689 1596 800 1639 non
830 1581 1041 1654 possint
1062 1579 1118 1634 in
1147 1578 1363 1635 actione
1384 1578 1649 1649 separari.
1681 1577 1804 1633 Duo
1847 1576 2014 1649 igitur

401 1680 683 1747 praecepta
714 1678 841 1727 sunt
866 1668 1181 1727 charitatis:
1217 1683 1384 1723 unum
1405 1666 1552 1737 quod
1573 1668 1751 1722 Deum
1782 1666 2014 1737 diligere

402 1760 755 1836 pmcipimur
784 1778 799 1825 ;
830 1759 1064 1815 alterum
1094 1772 1206 1830 quo
1253 1757 1562 1829 proximum
1610 1770 1800 1811 amare
1841 1754 2011 1824 jube-

402 1867 555 1908 mur.
593 1850 701 1907 Sed
733 1848 871 1906 dicis
906 1864 919 1904 :
949 1847 1128 1917 Quare
1157 1846 1258 1902 tria
1281 1846 1409 1902 data
1439 1861 1548 1902 non
1578 1852 1707 1900 sunt
1735 1853 2010 1916 praecepta
2036 1848 2091 1909 Β

408 1939 696 1999 cbaritatis
723 1946 782 1995 ut
810 1937 1065 1994 similiter
1091 1935 1289 2010 diligat
1314 1936 1482 1992 homo
1523 1949 1587 1990 se
1630 1934 1830 2006 ipsum,
1877 1933 2015 1990 sicut

411 2038 652 2113 diligere
675 2037 895 2108 jubetur
924 2036 1106 2092 Deum
1145 2043 1197 2091 et
1225 2031 1698 2106 proximnmwSed
1719 2031 2018 2089 considera

412 2129 544 2202 quia
572 2127 911 2199 superﬂuum
941 2125 1083 2182 foret
1102 2128 1163 2180 ut
1182 2123 1314 2179 illud
1332 2122 1451 2179 fieri
1469 2122 1755 2192 juberetur
1772 2121 1843 2177 ad
1872 2120 2018 2194 quod

411 2216 721 2276 faciendum
753 2215 835 2273 sic
862 2215 1029 2271 homo
1057 2229 1267 2285 pronus
1320 2212 1499 2268 fuerat
1544 2227 1610 2267 ex
1654 2227 1735 2279 se,
1786 2217 1844 2265 ut
1883 2209 2020 2266 illud

423 2314 516 2362 aut
534 2320 643 2362 non
666 2311 873 2377 posset,
890 2310 983 2359 aut
1002 2318 1114 2359 non
1131 2301 1297 2358 vellet
1315 2301 1614 2366 dimittere,
1637 2300 1853 2356 etiamsi
1883 2315 2021 2371 pro-

414 2395 716 2452 hiberetur.
753 2393 878 2449 Non
911 2392 1077 2465 igitur
1104 2389 1538 2463 prmcipiendum
1570 2397 1686 2445 erat
1727 2388 1933 2445 homini
1962 2399 2023 2445 ut

418 2500 484 2542 se
510 2483 788 2555 diligeret,
820 2481 919 2537 sed
951 2480 1251 2536 timendum
1272 2479 1357 2535 vel
1379 2477 1686 2535 cavendum
1712 2478 1886 2549 magis
1902 2484 2022 2533 erat

418 2588 487 2630 ne
514 2572 677 2628 nimia
704 2570 993 2643 diligeret.
1040 2569 1161 2626 Hoc
1216 2567 1487 2641 siquidem
1542 2575 1751 2623 natura;
1798 2566 2023 2623 insitum

422 2678 562 2737 erat,
589 2677 648 2725 ut
674 2684 737 2725 se
766 2667 925 2724 odire
953 2682 1063 2723 non
1097 2673 1287 2737 posset
1315 2664 1620 2721 secundum
1651 2680 1814 2735 quam
1861 2679 2023 2720 nemo

418 2774 642 2816 carnem
671 2771 828 2813 suam
857 2755 988 2812 odio
1016 2755 1207 2811 habuit
1234 2755 1389 2825 cujus
1416 2752 1767 2810 commodum
1798 2753 1889 2826 qui
1918 2768 2023 2809 na.

418 2857 556 2904 turae
586 2847 785 2902 insitus
814 2853 899 2901 est
926 2844 1201 2917 appetitus
1257 2842 1706 2914 inseparabiliter
1739 2842 1936 2913 diligit,
1968 2850 2023 2899 et

424 2935 573 3010 quod
602 2935 899 2992 adversum
929 2940 1011 2989 est
1040 2932 1141 3003 illi,
1174 2947 1395 3004 semper
1420 2931 1724 2987 detestatur
1751 2939 1805 2987 et
1852 2931 2017 3005 fugit.

422 3097 500 3154 De
527 3095 747 3152 anima.
786 3094 969 3163 Quare
1005 3092 1086 3148 sic
1117 3091 1363 3148 dicatur.
1396 3092 1473 3147 De
1493 3091 1875 3164 appellatione
1903 3092 2029 3149 ani-

2192 885 2493 943 Sciendum
2524 894 2608 944 est
2637 886 2804 960 igitur
2832 886 3072 943 animum
3101 895 3154 944 et
3204 896 3441 943 mentem
3490 886 3707 958 proprie

2118 983 2353 1039 animam
2392 1001 2503 1041 non
2560 985 2764 1043 vocari.
2806 986 2938 1043 Haec
2985 986 3371 1042 Cassiodorus.
3436 983 3709 1042 Caeterum

2117 1072 2365 1129 Isidorus
2396 1075 2474 1130 sic
2501 1074 2573 1130 ait
2608 1092 2622 1129 :
2657 1098 2678 1124 α
2714 1076 2833 1131 Una
2863 1084 2946 1131 est
2988 1075 3173 1132 anima
3212 1091 3335 1148 quae
3387 1075 3515 1130 dum
3572 1090 3713 1132 con-

2117 1163 2438 1234 templatur,
2481 1163 2700 1235 Spiritus
2731 1173 2834 1233 est,
2866 1165 2996 1219 dum
3041 1165 3220 1232 sentit,
3280 1181 3518 1230 sensus;
3575 1165 3711 1221 dum

2121 1261 2283 1331 sapit,
2316 1260 2567 1327 animus;
2600 1261 2731 1318 dum
2762 1262 3034 1335 intelligit,
3059 1279 3248 1329 mens;
3281 1263 3409 1318 dum
3430 1262 3711 1331 discernii,

2120 1350 2262 1405 ratio
2293 1368 2308 1415 ;
2342 1351 2470 1405 dum
2500 1351 2791 1419 consentit,
2838 1351 3090 1408 voluntas
3122 1370 3137 1417 ;
3194 1352 3321 1407 dum
3381 1352 3715 1420 recordatur,

2120 1439 2391 1494 memoria
2425 1459 2438 1505 ;
2472 1440 2602 1495 dum
2632 1442 2879 1497 membra
2906 1450 3145 1514 vegetat,
3181 1442 3365 1497 anima
3396 1450 3502 1498 est.
3545 1466 3566 1491 ιι
3601 1443 3718 1498 Πο-

2122 1537 2285 1591 minis
2315 1552 2449 1611 ergo
2478 1539 2678 1606 anima,
2713 1548 2771 1594 ut
2790 1539 3065 1596 veracium
3114 1540 3398 1597 doctorum
3446 1539 3723 1596 consentit

2121 1627 2440 1698 auctoritas,
2470 1636 2611 1684 esta
2646 1630 2759 1684 Dco
2811 1637 2997 1686 creata
3050 1630 3339 1701 spiritualis
3395 1630 3723 1702 propriaque

2122 1715 2420 1771 substantia
2450 1717 2534 1773 sui
2562 1718 2815 1791 corporis
2843 1718 3165 1775 vivificatrix
3195 1717 3469 1775 rationalis
3497 1718 3724 1790 quidem

2121 1821 2176 1869 et
2202 1812 2545 1884 immortalis,
2576 1816 2676 1872 sed
2705 1816 2763 1871 in
2792 1816 2998 1873 bonum
3029 1817 3337 1890 malumque
3383 1817 3723 1873 convertibi-

2124 1902 2218 1959 lis.
2257 1902 2416 1960 Edita
2446 1912 2530 1961 est
2557 1905 2717 1976 quasi
2742 1906 3041 1977 parturiale
3069 1922 3254 1974 ovum,
3285 1906 3377 1962 ubi
3405 1906 3513 1962 vita
3532 1905 3726 1963 futurae

2125 1990 2244 2047 avis
2273 2007 2579 2063 pennarum
2601 2001 2762 2068 grata
2794 1994 3030 2052 varietas
3060 1996 3384 2054 continetur.
3440 1997 3664 2069 insuper
3688 2010 3728 2052 a

2126 2089 2245 2146 Deo
2273 2087 2394 2146 ﬁeri
2423 2090 2510 2148 vel
2533 2091 2709 2149 factas
2733 2092 2945 2149 animas
2974 2092 3332 2165 prudentium
3382 2093 3563 2150 nullus
3616 2110 3724 2150 ne-

2128 2178 2249 2246 scit,
2283 2180 2505 2252 quando
2532 2181 2753 2237 Creator
2779 2190 2862 2238 est
2903 2190 2998 2239 aut
3056 2190 3311 2240 creatura
3360 2198 3520 2239 omne
3574 2183 3725 2255 quod

2128 2267 2343 2323 existit.
2381 2268 2629 2325 Creatrix
2657 2270 2829 2345 igitur
2854 2270 3007 2326 nulla
3056 2279 3310 2328 creatura
3363 2280 3540 2343 potest
3597 2288 3725 2329 esse

2129 2366 2455 2435 substantia,
2492 2366 2749 2439 quoniam
2780 2375 2834 2423 ut
2861 2367 2982 2439 ipsa
3011 2368 3273 2425 subsistat
3324 2368 3535 2438 indiget
3585 2369 3726 2435 Deo,

2130 2463 2185 2510 et
2207 2456 2338 2511 dare
2369 2471 2478 2511 non
2499 2463 2682 2526 potest
2699 2455 3312 2524 alterisubsistentiam,
3338 2474 3500 2531 quam
3523 2465 3729 2514 tantum

2130 2544 2337 2600 habere
2366 2542 2592 2616 accepit.
2619 2546 2884 2617 Superest
2913 2554 2968 2601 ut
2994 2561 3117 2602 eam
3155 2547 3437 2603 verissime
3468 2564 3499 2602 a
3522 2546 3727 2603 divini-

2131 2650 2241 2698 tate
2270 2641 2546 2698 conditam
2576 2657 2700 2698 esse
2731 2640 2997 2698 fateamur
3024 2659 3143 2716 qua:
3174 2642 3289 2699 sola
3318 2650 3500 2714 potest
3541 2659 3727 2700 creare

2132 2730 2383 2786 mortalia
2413 2738 2466 2785 et
2494 2730 2846 2787 immortalia.
2880 2730 3180 2788 Evidenter
3221 2732 3364 2789 enim
3421 2732 3618 2804 legitur
3670 2733 3726 2789 in

2134 2818 2424 2875 Salomone
2449 2837 2463 2874 :
2489 2840 2511 2866 ι
2534 2820 2601 2874 Ει
2622 2828 2924 2875 revertetur
2939 2820 3118 2891 pulvis
3135 2819 3189 2875 in
3208 2829 3408 2876 terram
3429 2821 3567 2877 sicut
3586 2829 3724 2889 erat,

2134 2921 2191 2973 et
2228 2916 2454 2988 spiritus
2519 2925 2823 2973 revertetur
2887 2917 2957 2973 ad
3024 2933 3152 2974 eum
3216 2918 3308 2989 qui
3374 2918 3520 2975 dedit
3584 2918 3736 2974 illum

2135 3007 2334 3077 (Ecnli.
2356 3006 2473 3075 xu).
2513 3026 2537 3056 ι
2570 3007 2642 3062 Et
2666 3005 2798 3061 alibi
2833 3021 2846 3060 :
2887 3029 2909 3054 ι
2946 3005 3179 3063 Omnem
3205 3007 3388 3063 flatum
3416 3023 3523 3081 ego
3554 3007 3677 3064 feci.
3706 3032 3728 3056 ι

2137 3095 2275 3150 illud
2303 3102 2486 3151 autem
2524 3095 2671 3168 quod
2702 3095 2940 3151 diximus
2984 3096 3069 3151 sui
3107 3096 3353 3168 corporis
3400 3096 3731 3164 viviﬁcatrix,

494 3177 605 3233 mi.
643 3176 721 3231 De
751 3174 961 3231 mentis
988 3173 1395 3245 appellatione,
1418 3174 1476 3228 et
1502 3172 1569 3229 de
1588 3172 1827 3245 spiritus
1842 3173 2022 3246 appel-

2137 3192 2264 3249 ideo
2293 3193 2491 3251 dicitur
2518 3194 2645 3267 quia
2679 3209 2812 3251 mox
2838 3201 2897 3249 ut
2927 3193 3049 3249 data
3093 3193 3258 3250 fuerit
3302 3193 3559 3250 ineﬂ‘abili
3604 3211 3735 3252 cou-

501 3260 743 3317 latione.

480 3382 703 3440 Anima:
716 3395 1047 3440 concessum
1061 3386 1146 3437 est
1165 3394 1198 3436 a
1209 3379 1327 3437 Deo
1342 3378 1667 3454 ingenitium
1684 3380 1820 3451 (sic)
1840 3396 2028 3436 rerum

432 3481 650 3531 secreta
673 3478 963 3543 penetrare
991 3484 1058 3527 ac
1086 3476 1368 3541 penetrata
1405 3468 1715 3526 viventibus
1759 3485 1863 3541 per
1901 3484 2027 3526 eam

429 3576 710 3620 reserare.
743 3560 901 3617 Unde
929 3559 1183 3631 ineptum
1229 3558 1448 3615 ducitur
1497 3558 1650 3614 illam
1705 3574 1808 3631 per
1862 3574 2026 3631 quam

430 3661 593 3734 plura
619 3657 1034 3731 cognoscimus,
1068 3656 1227 3729 quasi
1253 3672 1284 3711 a
1311 3656 1475 3712 nobis
1494 3655 1735 3713 alienam
1755 3657 2028 3730 nosigno-

430 3765 572 3808 rare.
604 3750 664 3804 ln
693 3746 884 3821 primis
912 3761 1048 3819 ergo
1075 3745 1402 3811 insinuetur,
1446 3746 1604 3816 cujus
1658 3745 1839 3801 anima
1893 3761 2026 3818 pro-

425 3839 554 3914 prie
583 3837 801 3897 dicatur
827 3851 884 3892 et
908 3850 1080 3908 quare
1108 3834 1192 3893 sic
1218 3833 1541 3907 appelletur.
1589 3835 1812 3906 Proprie
1854 3835 2028 3906 igitur

426 3928 666 3985 hominis
691 3925 879 3982 anima
905 3932 961 3981 et
1001 3938 1113 3979 non
1164 3923 1441 3995 pecudum
1489 3922 1707 3991 dicitur,
1765 3924 2026 3996 quoniam

424 4018 535 4077 vita
559 4015 835 4089 pecudum
877 4012 934 4070 in
978 4012 1247 4084 sanguine
1275 4019 1491 4068 tantum
1518 4012 1814 4069 constituta
1842 4013 2026 4070 nosci-

423 4115 533 4165 tur.
566 4106 697 4163 Hac
722 4118 878 4171 vero,
921 4100 1050 4173 quia
1092 4102 1417 4159 immortalis
1471 4109 1577 4169 est,
1634 4102 1819 4158 anima
1873 4111 2025 4160 recte

427 4204 584 4279 quasi
619 4218 847 4260 anwma
873 4188 1137 4277 [ivstitia],
1168 4200 1223 4256 id
1254 4208 1337 4257 est
1361 4215 1396 4256 a
1426 4200 1697 4274 sanguine
1734 4199 1902 4273 longe
1947 4201 2025 4257 di-

426 4300 603 4352 screta
632 4298 875 4356 vocatur,
894 4305 1019 4347 cum
1039 4296 1168 4362 post
1185 4297 1418 4346 mortem
1437 4289 1691 4361 c0rporis
1724 4289 2028 4360 perfectam

427 4383 554 4453 ejus
580 4387 797 4438 constet
826 4394 950 4435 esse
978 4378 1363 4435 substantiam.
1397 4377 1630 4448 Quidam
1660 4378 1899 4434 animam
1943 4380 2029 4436 di-

430 4479 559 4529 cunt
586 4467 939 4542 appellatam,
971 4483 1039 4524 eo
1069 4467 1215 4542 quod
1242 4468 1445 4524 enimet
1470 4476 1635 4540 atque
1662 4466 1905 4525 viviﬁcet
1943 4469 2030 4525 sui

2136 3282 2365 3347 ditione,
2399 3282 2580 3356 diligit
2610 3297 2896 3340 carcerem
2928 3298 3108 3349 suum,
3128 3292 3274 3339 amat
3324 3292 3551 3356 propter
3587 3284 3735 3357 quod

2135 3370 2311 3427 libera
2348 3387 2474 3428 esse
2501 3387 2614 3427 non
2641 3379 2844 3444 potest,
2880 3371 3169 3428 doloribus
3216 3373 3340 3443 ejus
3386 3374 3737 3430 vehementer

2135 3466 2398 3535 afﬁcitur,
2431 3466 2687 3525 formidat
2714 3467 2992 3524 interitum
3022 3484 3145 3541 qum
3189 3485 3299 3525 non
3343 3474 3521 3541 potest
3551 3471 3686 3528 mori
3717 3489 3732 3538 ;

2135 3566 2191 3614 et
2218 3556 2301 3615 sic
2324 3564 2411 3613 est
2439 3559 2509 3615 ad
2539 3557 2791 3629 corporis
2820 3557 2906 3613 sui
2936 3574 3098 3615 casus
3138 3559 3377 3630 trepida,
3423 3567 3482 3615 ut
3533 3560 3729 3632 ipsam,

2136 3662 2260 3719 qum
2289 3661 2402 3702 non
2445 3654 2627 3718 potest
2654 3644 2893 3703 deﬁcere
2921 3664 3022 3719 per
3051 3655 3320 3717 naturam,
3353 3648 3533 3721 magis
3569 3650 3733 3705 susti-

2133 3759 2268 3801 nere
2305 3744 2498 3801 credas
2534 3752 2800 3801 extrema.
2841 3745 2912 3800 Et
2948 3745 3075 3803 licet
3126 3746 3295 3801 rebus
3360 3746 3736 3819 corporalibus

2133 3834 2447 3890 nultatenus
2483 3835 2605 3905 ipsa
2644 3842 2893 3891 vescatur
2930 3834 3215 3891 subductis
3273 3843 3481 3891 tantum
3514 3835 3734 3892 italibus

2135 3923 2463 3996 gravissimo
2497 3938 2734 3979 maerore
2765 3921 3072 3990 conﬁcitur,
3099 3924 3425 3981 desiderans
3471 3941 3580 3980 non
3633 3925 3737 3981 sibi

2132 4022 2461 4078 naturaliter
2489 4022 2809 4090 accomoda,
2842 4023 2939 4079 sed
2990 4022 3273 4093 adjunctis
3315 4023 3541 4080 artubus
3601 4040 3739 4096 pro-

2132 4110 2331 4168 futura.
2363 4112 2483 4169 Vita
2511 4128 2647 4184 ergo
2685 4113 2939 4184 corporis
2968 4121 3235 4184 susceptae
3261 4114 3460 4170 animae
3480 4129 3730 4185 praesen-

2133 4201 2209 4257 tia
2237 4209 2338 4271 est,
2373 4217 2520 4257 mors
2549 4210 2739 4258 autem
2773 4202 2891 4271 ejus
2940 4202 3204 4274 probatur
3257 4203 3579 4260 abscessus.
3643 4204 3734 4261 Sic

2133 4298 2281 4356 diem
2306 4299 2534 4357 dicimus
2562 4300 2832 4357 iustrante
2849 4301 2989 4367 sole,
3017 4301 3253 4372 quicum
3276 4301 3596 4359 discesserit
3625 4317 3736 4358 nox

2135 4396 2382 4446 vocatur.
2409 4388 2551 4445 Vivit
2579 4388 2762 4462 itaque
2789 4405 2992 4463 corpus
3021 4390 3221 4447 anima:
3249 4391 3525 4463 praesidio,
3566 4397 3624 4447 et
3673 4407 3740 4446 ex

2135 4477 2254 4550 ipsa
2283 4477 2556 4551 probatur
2582 4477 2862 4550 accipere,
2916 4479 3063 4535 unde
3118 4495 3178 4535 se
3230 4479 3528 4551 praevaleat
3584 4495 3736 4536 com-

427 4558 678 4633 corporis
734 4556 1114 4615 substantiam.
1172 4557 1401 4613 Animus
1457 4564 1642 4614 autem
1698 4557 2022 4629 appellatur,

2140 4591 2385 4633 movere.
2422 4577 2525 4633 Per
2561 4583 2733 4633 totum
2764 4592 2894 4634 vero
2932 4592 3131 4648 corpus
3158 4578 3303 4649 quod
3347 4578 3570 4645 animat,
3632 4593 3740 4634 non

430 4650 556 4725 quia
594 4646 947 4706 velocissima
984 4646 1247 4722 c0gitatio
1302 4647 1426 4718 ejus
1488 4646 1559 4704 ad
1623 4646 2028 4705 similitudinem

427 4747 578 4807 venti
614 4753 766 4804 motu
804 4744 971 4803 celeri
1008 4752 1355 4819 pervagatur,
1396 4745 1489 4818 qui
1545 4744 1606 4801 ﬁt
1661 4761 1728 4802 ex
1786 4747 2030 4820 appetitu

427 4836 627 4893 animae
650 4842 927 4893 commoto
953 4849 1055 4906 pro
1084 4834 1350 4891 desiderii
1378 4835 1498 4904 ejus
1543 4834 1823 4907 qualitate.
1875 4836 2031 4893 Mens

427 4933 629 4993 dicitur
655 4948 690 4990 a
711 4949 875 4991 mene
919 4923 1124 5007 ιμήνηι,
1156 4931 1212 4987 id
1233 4940 1314 4989 est
1333 4948 1365 4987 a
1384 4931 1534 4999 luna,
1559 4932 1689 5005 quia
1708 4931 1835 4990 licet
1854 4936 2031 4989 mute-

426 5040 515 5089 tur
541 5031 917 5090 vicissitudine
947 5034 1121 5099 varia,
1150 5046 1215 5087 se
1244 5038 1427 5087 tamen
1456 5030 1690 5087 restituit
1721 5030 1777 5086 in
1807 5030 1863 5087 id
1882 5031 2033 5105 quod

427 5120 530 5179 fuit
566 5120 801 5195 quadam
841 5119 1084 5177 novitate
1124 5120 1387 5192 perfecta.
1435 5118 1671 5190 Spiritus
1719 5119 1878 5177 etiam
1926 5121 2029 5177 tri-

426 5210 557 5283 plici
578 5210 743 5268 modo
774 5209 988 5268 dicitur.
1018 5207 1341 5282 Appellatur
1371 5208 1518 5265 enim
1547 5209 1877 5267 veraciteret
1897 5225 2031 5283 pro-

425 5308 544 5383 prie
573 5308 772 5366 nullius
801 5307 1077 5381 indigens,
1109 5308 1228 5380 ipse
1258 5322 1388 5364 vero
1442 5323 1474 5363 a
1531 5307 1802 5364 creaturis
1850 5308 2032 5365 omni-

353 5412 359 5421 ‘
425 5398 528 5455 bus
566 5398 798 5473 indiget,
840 5395 1113 5468 inspirans
1172 5397 1320 5469 quod
1382 5397 1517 5464 vult,
1586 5404 1634 5452 et
1701 5396 2031 5469 dispensans

424 5487 611 5543 omnia
637 5494 804 5559 prout
832 5486 967 5553 vult,
998 5486 1258 5543 universa
1285 5485 1586 5558 complens,
1616 5493 1762 5542 totus
1796 5487 1851 5541 in
1897 5494 2027 5572 toto.

423 5578 721 5636 immobilis
750 5581 894 5648 loco,
925 5588 980 5636 et
1011 5581 1286 5638 voluntate
1314 5589 1550 5637 aeternus
1579 5589 1882 5652 cunctaque
1910 5598 2031 5656 quas

425 5681 640 5723 summa
676 5678 802 5724 sunt
831 5669 1185 5742 singulariter
1235 5679 1452 5743 potens.
1495 5671 1769 5728 Vocamus
1810 5680 1866 5728 et
1911 5672 2030 5745 spi—

422 5754 592 5811 ritum
628 5756 989 5814 substantiam
1056 5765 1274 5816 tenuem
1338 5759 1608 5833 nobisque
1674 5759 2025 5830 invisibilem,

422 5858 736 5911 creaturam
762 5853 1144 5925 immortalem,
1178 5862 1439 5930 quantum
1467 5856 1545 5914 illi
1575 5856 1756 5915 datum
1787 5866 1890 5927 est,
1916 5858 2028 5916 uti-

2138 4665 2298 4723 locali
2326 4664 2638 4732 diﬂ‘usione,
2673 4665 2773 4721 sed
2811 4666 3045 4738 quadam
3077 4666 3232 4722 vitali
3262 4666 3560 4723 intentione
3607 4683 3740 4737 por-

2138 4754 2355 4827 rigitur.
2387 4755 2525 4810 Nam
2556 4771 2657 4827 per
2682 4770 2875 4811 omnes
2907 4755 3028 4825 ejus
3055 4756 3354 4828 particulas
3411 4764 3522 4813 tota
3578 4754 3743 4811 simul

2138 4852 2315 4923 adest,
2347 4868 2450 4910 nec
2479 4853 2658 4909 minor
2685 4853 2742 4909 in
2770 4854 3094 4920 minoribus,
3156 4869 3260 4911 nec
3325 4854 3382 4909 in
3437 4853 3736 4924 majoribus

2137 4943 2335 5012 major,
2368 4942 2467 4999 sed
2488 4942 2687 4999 alicubi
2714 4942 3004 5010 intensius,
3062 4942 3265 4999 alicubi
3322 4942 3627 5009 remissius,
3683 4951 3736 4999 et

2138 5031 2196 5087 in
2224 5031 2477 5087 omnibus
2506 5038 2637 5099 tota,
2672 5030 2806 5088 etin
2849 5031 3083 5104 singulis
3138 5038 3252 5088 tota
3308 5040 3417 5088 est.
3485 5029 3744 5101 Quamvis

2139 5129 2285 5185 enim
2314 5128 2369 5184 in
2401 5144 2637 5201 corpore
2666 5145 2776 5186 non
2808 5137 2920 5186 toto
2951 5132 3133 5196 sentit,
3170 5138 3353 5186 tamen
3383 5137 3493 5186 tota
3546 5129 3732 5186 sentit.

2137 5219 2280 5274 Nam
2308 5233 2433 5276 cum
2463 5219 2668 5290 exiguo
2692 5228 2896 5292 puncto
2921 5218 2976 5274 in
3008 5234 3177 5276 carne
3207 5219 3330 5275 viva
3374 5218 3579 5292 aliquid
3620 5227 3740 5274 tan-

2139 5308 2307 5381 gitur,
2339 5316 2393 5365 et
2422 5306 2469 5363 si
2497 5308 2652 5365 locus
2676 5308 2768 5364 ille
2798 5308 2963 5364 totius
2993 5307 3250 5380 corporis
3279 5325 3390 5365 non
3415 5308 3504 5375 sit,
3536 5307 3634 5364 sed
3654 5307 3740 5364 vix

2138 5404 2193 5461 in
2224 5421 2460 5477 corpore
2487 5404 2758 5474 videatur,
2789 5407 3029 5461 animum
3060 5414 3242 5462 tamen
3273 5413 3441 5462 totam
3460 5421 3565 5461 non
3590 5405 3734 5460 latet.

2137 5495 2332 5567 Neque
2351 5495 2417 5550 id
2448 5494 2593 5565 quod
2624 5494 2858 5551 sentitur
2882 5509 2980 5565 per
3013 5494 3261 5566 corporis
3290 5502 3483 5551 cuncta
3525 5493 3737 5549 discur-

2139 5584 2229 5651 rit,
2256 5585 2352 5641 sed
2384 5583 2462 5639 ibi
2492 5586 2728 5641 sentitur
2750 5591 2959 5639 tantum
2990 5583 3083 5639 ubi
3115 5583 3201 5639 ﬁt.
3265 5585 3422 5642 Unde
3479 5598 3616 5655 ergo
3663 5583 3732 5640 ad

2139 5689 2311 5741 totum
2343 5698 2476 5739 mox
2506 5683 2752 5754 pervenit
2783 5700 2798 5738 :
2831 5681 2979 5755 quod
3016 5682 3072 5738 in
3102 5690 3213 5739 toto
3240 5698 3352 5739 non
3372 5681 3450 5750 ﬁt,
3484 5681 3587 5736 nisi
3618 5680 3737 5753 quia

2136 5772 2213 5830 ibi
2243 5777 2357 5829 tota
2386 5779 2471 5830 est
2498 5771 2590 5828 ubi
2609 5770 2692 5830 tit.
2732 5771 2955 5829 Etcum
2984 5779 3095 5830 tota
3143 5772 3220 5829 ibi
3264 5773 3353 5840 sit,
3401 5786 3511 5833 non
3558 5778 3738 5827 tamen

2136 5867 2337 5919 caetera
2364 5859 2588 5920 deserit.
2620 5859 2828 5919 Vivunt
2857 5860 3004 5919 enim
3033 5875 3102 5920 ex
3127 5860 3224 5921 illa
3252 5875 3320 5921 ea
3347 5867 3618 5936 praesente
3643 5858 3734 5916 ubi
